3894 6220
326 308 390 364 19
1520 305 1923 362 SlGEBERTUS
1961 307 2457 367 GEMBLACENSIS
3575 322 3648 376 20

312 434 772 502 duxit;atmorte
834 440 1168 506 prmventus,
1214 433 1357 489 hanc
1381 432 1608 488 alteram
1637 434 1919 490 recensio-
1945 435 2078 507 Ain
2111 434 2341 491 historia
2390 436 2684 493 scribenda
2735 439 2957 510 plurimi
3009 440 3146 495 illud
3197 448 3532 513 spectarent,
3586 455 3646 502 ut

312 542 440 582 nem
495 543 605 584 non
659 527 777 599 ipse
826 526 1018 593 edidit,
1078 525 1175 582 sed
1224 525 1515 581 Anselmus
1562 542 1708 582 anno
1738 527 1920 582 statim

2024 527 2335 583 universam
2358 530 2551 585 mundi
2608 531 2895 588 historiam
2924 548 3034 588 uno
3076 533 3354 589 volumine
3384 537 3636 607 comple-

314 620 476 685 1112,
504 619 855 676 additabrevi
883 619 951 674 de
981 619 1086 674 hac
1105 635 1250 674 anno
1267 619 1445 690 deque
1467 619 1740 693 Sigeberti
1765 619 1923 675 obitu
2025 628 2308 678 cterentur
2350 641 2362 676 :
2395 624 2541 678 idem
2585 624 2907 699 Sigebertus
2956 643 3181 699 quoque
3223 630 3453 703 exsequi
3489 632 3648 688 nisus

313 712 532 780 notitia,
558 712 742 767 emisit
769 711 934 780 (49*).
968 713 1270 786 Aggressus
1327 711 1460 765 illud
1492 711 1816 785 Sigebertus
1841 718 1926 767 est
2026 710 2338 777 estita,.ut,
2371 712 2464 783 qui
2497 712 2792 768 Eusebium
2846 722 3011 787 atque
3045 715 3433 789 Hieronymum
3464 718 3648 774 admi-

315 812 507 867 senex,
538 800 818 856 scribendi
852 817 955 855 usu
1004 800 1178 856 multo
1209 810 1264 855 et
1315 800 1464 856 vario
1512 801 1819 873 studiisque
1870 802 1926 855 in

317 897 628 962 temporum
658 895 1069 960 computatione
1099 890 1381 945 collocatis
1399 890 1621 963 egregie
1653 906 1930 961 praepara-

318 987 428 1047 tus,
458 993 659 1051 magno
689 978 914 1049 insuper
964 994 1064 1048 pro
1120 985 1366 1050 tempore
1398 979 1493 1035 illo
1526 979 1787 1055 librorum
1836 996 1934 1034 su-

320 1072 582 1146 pellectili
611 1071 836 1141 adjutus
861 1071 999 1143 (50).
1032 1072 1110 1126 Ad
1170 1073 1288 1128 haec
1316 1073 1419 1144 ipsi
1457 1082 1573 1129 erat
1599 1075 1764 1150 longa
1804 1075 1932 1130 vitae

321 1161 684 1233 experientia,
745 1176 928 1216 rerum
989 1162 1350 1216 humanarum
1408 1164 1650 1237 cognitio
1703 1164 1929 1219 claustri

323 1255 660 1328 priejudiciis
690 1270 800 1310 non
832 1265 1233 1325 prmoccupala,
1267 1257 1484 1312 animus
1522 1259 1634 1312 veri
1664 1260 1934 1316 amantis-

323 1342 514 1410 simus,
545 1343 667 1398 sine
691 1343 771 1397 ira
791 1342 1046 1398 etstudio
1078 1358 1163 1397 res
1188 1350 1353 1417 atque
1379 1345 1631 1401 homines
1653 1348 1928 1417 judicans:

322 1444 438 1490 erat
464 1442 597 1490 aetas
626 1435 858 1491 excitata
900 1434 1305 1507 quaestionibus
1361 1438 1721 1510 gravissimis,
1754 1442 1933 1513 qualis

323 1527 620 1598 scriptores
645 1528 990 1600 lectoresque
1019 1544 1209 1598 parare
1241 1529 1419 1597 solet;
1450 1539 1566 1587 erat
1586 1531 1643 1585 in
1675 1532 1793 1602 ipsa
1819 1541 1933 1588 tur-

325 1622 555 1678 bulenta
584 1629 743 1678 aetate
772 1639 1026 1678 securum
1056 1625 1378 1679 monasterii
1399 1625 1595 1692 otium,
1623 1627 1717 1681 ubi
1750 1637 1935 1698 posset

326 1711 536 1766 sentire
568 1727 692 1782 quae
723 1712 910 1770 vellet.
940 1711 1185 1767 scribere
1217 1729 1339 1784 quae
1370 1714 1616 1781 sentiret,
1637 1716 1712 1770 nil
1743 1716 1849 1770 sibi
1878 1716 1940 1770 ti-

2031 805 2271 872 rabatur,
2302 805 2547 877 reliquos
2578 822 2689 863 non
2720 824 2877 879 aeque
2909 809 3199 880 probabat,
3234 810 3454 866 illorum
3505 827 3648 884 Opus

2032 896 2101 950 ad
2127 912 2185 951 se
2216 913 2391 968 usque
2433 897 2627 953 eadem
2679 916 2789 970 qua
2819 900 2900 954 illi
2946 901 3160 956 ratione
3206 902 3533 958 deduceret.
3569 906 3647 959 lta

2037 987 2348 1044 Chronicon
2379 1006 2539 1044 suum
2573 990 2647 1046 nil
2680 1007 2803 1047 esse
2831 993 3007 1048 voluit
3052 993 3157 1048 nisi
3191 994 3338 1065 quod
3370 995 3534 1069 vulgo
3568 996 3652 1050 di-

2035 1080 2211 1135 cimus
2235 1089 2591 1152 conspectum
2648 1083 2892 1140 historiae
2935 1084 3264 1140 universalis
3317 1087 3650 1156 synchroni-

2034 1169 2254 1225 sticum.
2295 1170 2503 1226 Primas
2549 1171 2627 1225 ibi
2675 1180 2857 1243 partes
2886 1180 3196 1245 temporum
3249 1176 3651 1246 computationi

2037 1261 2260 1327 tribuit;
2317 1262 2442 1319 ideo
2488 1280 2757 1335 paparum
2799 1266 2977 1320 series
3031 1274 3196 1337 atque
3248 1266 3650 1338 imperatorum

2034 1371 2339 1427 regumque
2360 1356 2746 1412 successiones
2780 1357 3008 1433 integrae
3038 1359 3315 1433 leguntur,
3349 1376 3530 1414 rerum
3560 1375 3655 1435 ge-

2033 1449 2235 1498 starum
2278 1444 2589 1500 narratione
2638 1447 2884 1502 secundo
2941 1455 3149 1502 tantum
3204 1448 3327 1504 loco
3358 1449 3566 1505 addita.
3593 1450 3650 1503 In

2035 1532 2121 1587 his
2150 1532 2425 1605 eligendis
2455 1532 2509 1586 id
2541 1533 2645 1587 sibi
2678 1536 2967 1605 proposuit
3019 1544 3078 1590 ut
3109 1537 3325 1607 imperii
3357 1536 3499 1593 facta
3528 1555 3652 1613 gra-

2035 1621 2208 1688 viora,
2241 1622 2498 1677 Ecclesize
2533 1622 2783 1693 pericula
2814 1630 2982 1695 atque
3006 1624 3370 1693 incrementa,
3394 1626 3653 1697 virosque

2039 1712 2326 1767 sanctitate
2367 1721 2422 1768 et
2448 1712 2697 1768 doctrina
2751 1712 3046 1783 pollentes,
3102 1714 3362 1770 continuo
3412 1716 3653 1786 quodam

328 1762 533 1766 --------
573 1762 687 1782 γη
737 1762 910 1770 -----,-
940 1762 1182 1767 --------
1222 1762 1336 1784 γη
1372 1762 1712 1781 -----.---,.-.-
1743 1762 1849 1770 -.-η
1881 1762 1914 1770 ..
2041 1762 2324 1767 -----------
2372 1762 2420 1768 --
2453 1762 2696 1768 --------.-
2752 1762 3046 1783 τμη---η
3107 1762 3359 1770 nm---"
3414 1762 3653 1786 Ἱππ---

328 1815 504 1866 mens,
525 1800 746 1872 quando
774 1800 1094 1856 Leodiensis
1122 1808 1177 1856 et
1209 1802 1449 1857 Ecclesia
1476 1811 1530 1859 et
1560 1805 1795 1876 populus
1824 1822 1939 1861 om-
1970 1762 2017 1831 Β
2044 1800 2136 1857 ﬁlo
2159 1803 2482 1871 deduceret,
2510 1802 2723 1874 reliqua
2753 1803 2911 1874 quasi
2951 1820 3050 1875 per
3090 1805 3436 1861 occasionem
3458 1823 3654 1877 asper-

330 1888 419 1945 nis
442 1888 587 1943 idem
612 1888 945 1945 sentiebant.
974 1890 1052 1944 lta
1079 1889 1402 1963 Sigebertus
1440 1908 1561 1947 cum
1593 1910 1704 1964 prze
1727 1894 1940 1949 caeteris

286 1974 289 1975 ν
331 1981 488 2055 quasi
521 1988 743 2038 vocatus
788 1982 1071 2038 videretur
1123 1983 1192 2037 ad
1248 1984 1535 2039 historiam
1568 1986 1939 2056 scribendam,

331 2086 547 2127 summe
573 2070 874 2128 dolendum
917 2080 1000 2127 est
1028 2088 1153 2127 eum
1192 2072 1267 2127 nil
1301 2073 1407 2128 nisi
1439 2075 1678 2130 Annales
1709 2091 1941 2147 compo-

318 2162 513 2218 suisse
533 2162 667 2218 satis
687 2163 927 2232 jejuuos.
963 2163 1090 2219 Duae
1146 2163 1384 2219 maxime
1434 2182 1522 2220 res
1551 2165 1607 2220 in
1641 2167 1782 2223 hanc
1803 2168 1943 2223 viam

334 2270 461 2310 eum
485 2254 820 2311 induxerunt
865 2272 880 2310 :
939 2256 1309 2329 chronologize
1339 2257 1580 2313 studium
1630 2275 1801 2330 super
1829 2277 1944 2317 cae-

338 2356 454 2406 tera
485 2349 590 2422 ipsi
614 2350 947 2416 adamatum,
1006 2356 1172 2422 atque
1218 2352 1530 2421 exemplum
1564 2352 1812 2421 Mariani,
1848 2356 1949 2410 Bc-

342 2441 448 2512 daz,
474 2440 717 2498 Eusebii.
768 2440 898 2496 Cum
942 2442 1089 2497 enim
1121 2456 1218 2513 per
1242 2448 1410 2498 totam
1442 2444 1682 2499 mediam
1733 2451 1948 2501 aetatem

2040 1900 2213 1966 geret.
2240 1893 2300 1946 In
2324 1892 2612 1947 narrandis
2642 1899 2825 1947 autem
2875 1892 3072 1964 aequali
3126 1909 3226 1964 per
3280 1902 3456 1949 totum
3487 1894 3658 1950 Chro-

2043 1985 2206 2041 nicon
2240 1984 2491 2040 brevitati
2513 1984 2717 2050 studet,
2758 1991 2923 2056 atque
2974 1985 3103 2041 ideo
3132 2002 3220 2040 res
3250 1986 3335 2041 sui
3386 1987 3663 2058 temporis

2045 2078 2237 2133 eadem
2259 2078 2551 2147 ieiunitate
2579 2078 2848 2145 tractavit,
2870 2093 2978 2149 qua
3010 2078 3186 2149 prima
3214 2080 3415 2135 saecula
3455 2111 3515 2120 —
3552 2096 3670 2135 non

2047 2167 2196 2222 enim
2221 2182 2441 2221 narrare
2463 2166 2655 2233 voluit,
2701 2166 2800 2221 sed
2841 2166 3141 2234 adnotare;
3166 2199 3237 2207 —
3268 2176 3324 2223 et
3363 2185 3434 2223 ne
3477 2185 3673 2240 aequa-

2048 2259 2171 2314 litas
2201 2259 2293 2313 illa
2319 2267 2651 2330 conspectus
2681 2259 3105 2330 synchronistici
3153 2260 3487 2328 turbaretur,
3528 2262 3574 2316 si
3599 2262 3674 2316 de

2050 2367 2153 2408 suo
2201 2352 2372 2406 multa
2422 2351 2577 2406 daret
2622 2366 2690 2406 eo
2734 2352 2900 2407 modo
2959 2367 3068 2423 quo
3128 2353 3467 2420 Lambertus,
3517 2353 3680 2410 Heri-

2052 2458 2310 2507 mannus,
2361 2440 2456 2495 alii
2506 2440 2795 2512 :praetulit
2843 2449 3017 2497 totum
3076 2458 3246 2514 prope
3295 2459 3436 2514 opus
3461 2461 3527 2498 ex
3550 2444 3679 2500 aliis

1897 2555 2107 2613 NOTz’E.

375 2655 472 2711 uid
511 2655 888 2733 secundae._—
916 2653 1139 2711 Eusebii
1162 2671 1405 2733 quoque,
1435 2657 1755 2733 Hieronymi
1786 2666 1949 2731 atque
1978 2664 2027 2733 C
2051 2657 2292 2733 nondum
2326 2671 2506 2733 sermo
2536 2655 2728 2711 fuisset
2759 2655 2854 2725 (Cf.
2916 2658 3082 2712 verba
3115 2659 3405 2733 Heinijicus
3443 2659 3675 2733 quintus

384 2727 593 2799 rosperi
617 2726 886 2801 Chronica
940 2736 1131 2783 nostro
1177 2726 1474 2801 praefigunt
1503 2726 1727 2801 codices
1749 2726 1951 2801 secun-

340 2799 424 2871 daa
458 2798 801 2871 recensionis
848 2815 1045 2871 omnes
1076 2817 1090 2863 ;
1124 2800 1274 2871 unde
1302 2798 1465 2871 facile
1484 2800 1608 2871 quis
1637 2800 1953 2867 crediderit,

339 2870 690 2943 Sigebertum
724 2870 901 2943 ipsum
932 2870 1125 2943 eadem
1158 2869 1315 2925 alteri
1340 2870 1465 2943 huic
1481 2869 1792 2943 recensioni
1823 2889 1960 2943 pra:-

340 2940 621 3065 posuisse,
679 2956 802 2996 cum
873 2940 929 2995 in
997 2940 1181 3011 priore
1248 2942 1494 2996 nondum
1554 2942 1722 2997 fuisse
1782 2940 1956 2998 codex

388 3011 705 3065 irdunensis
761 3011 1035 3065 ostendat.
1097 3013 1161 3065 At
1210 3018 1322 3065 tum
1358 3013 1622 3065 tihroniea
1653 3014 1747 3065 illa
1788 3014 1843 3065 in
1865 3030 1956 3065 eo-

388 3011 705 3067 irdunensis
761 3011 1035 3068 ostendat.
1097 3013 1161 3066 At
1210 3018 1322 3066 tum
1358 3013 1622 3068 Chronica
1653 3014 1747 3069 illa
1788 3014 1843 3068 in
1865 3030 1960 3070 co-

343 3083 467 3139 dice
487 3082 865 3141 Gemblacensi
921 3089 1135 3137 exstare
1164 3083 1251 3137 vel
1281 3084 1475 3139 saltem
1522 3085 1764 3139 Anselmi
1823 3093 1958 3140 tem-

342 3170 480 3227 pore
500 3154 779 3227 exstitisse
824 3153 1113 3227 deberent,
1158 3153 1216 3227 id
1249 3154 1398 3225 quod
1449 3155 1605 3227 1³12ἶ
1640 3157 1695 3227 4,
1734 3157 1960 3212 credere

343 3225 551 3299 vetant.
585 3225 936 3299 Sigebertum
969 3225 1245 3299 Chronico
1291 3241 1389 3299 suo
1450 3225 1745 3299 Eusebium
1796 3236 1961 3299 atque

350 3295 740 3368 Hieronymum
771 3295 1098 3368 continuare
1160 3295 1423 3368 voluisse,
1455 3297 1560 3353 hoc
1584 3306 1793 3353 certum
1824 3295 1906 3354 est
1944 3316 1959 3357 :

344 3376 400 3423 at
429 3367 566 3423 inde
590 3383 702 3423 non
732 3367 1020 3439 sequitur,_
1046 3382 1170 3422 eum
1232 3367 1286 3439 id
1336 3367 1476 3438 ipsis
1507 3374 1613 3423 tam
1649 3377 1797 3424 arcte
1825 3386 1963 3425 con-

345 3439 620 3505 nexuisse,
652 3445 711 3493 ut
739 3437 911 3510 unum
966 3437 1167 3493 librum
1198 3437 1484 3510 efﬁcerent
1516 3457 1530 3504 ;
1565 3440 1817 3510 praefatio
1841 3442 1956 3510 jam

342 3509 685 3583 obloquitur,
716 3509 1127 3583 ampla,__prout
1145 3579 1158 3583 _
1180 3509 1379 3564 librum
1412 3509 1577 3583 decet
1596 3509 1954 3583 peculiarem,

342 3582 459 3636 suis
489 3579 699 3651 tantum
729 3579 995 3651 auspiciis
1026 3579 1411 3651 prodeuntem,
1437 3582 1506 3635 ad
1537 3579 1833 3637 Eusebium
1865 3599 1961 3637 au-

348 3660 459 3707 tem
490 3666 561 3706 ne
585 3650 756 3723 verbo
783 3650 1007 3723 quidem
1028 3650 1359 3720 respiciens.
1386 3652 1605 3708 Nullum
1628 3670 1758 3709 vero
1785 3662 1958 3709 exstat

348 3722 628 3793 Opinionis
657 3721 816 3777 illius
836 3721 1281 3783 fundamentum.
1306 3731 1507 3794 praeter
1529 3725 1780 3780 codicum
1815 3725 1954 3780 isto-

349 3811 466 3877 rum
499 3809 875 3860 consensum;
916 3794 1015 3877 sed
1062 3794 1130 3849 ad
1176 3794 1325 3875 hunc
1376 3794 1761 3877 explicandum
1803 3796 1961 3877 Sige-

350 3866 508 3940 berto
536 3882 646 3921 non
676 3864 1086 3940 egemuse‘Cum
1118 3865 1266 3921 enim
1328 3864 1637 3940 saepissime
1678 3884 1710 3921 a
1757 3864 1958 3940 scribis

346 3937 497 4009 varia
518 3954 549 3993 e
578 3936 741 3993 variis
760 3936 1047 4009 codicibus
1099 3952 1269 4008 opera
1325 3937 1382 3990 in
1414 3936 1608 4009 ’unum
1644 3939 1959 4009 conscripta

350 4007 1017 4079 videamus:monachus
1073 4007 1292 4079 quoque
1349 4008 1754 4079 Aquicinensis,
1815 4007 1897 4072 BI.

351 4095 461 4151 quo
484 4078 561 4132 illi
585 4094 780 4151 omnes
832 4078 1169 4151 derivantur,
1208 4078 1546 4151 monasterio
1591 4096 1690 4134 suo
1740 4079 1961 4135 univer-

350 4150 466 4205 Sam
496 4150 690 4204 mundi
720 4150 1002 4205 historiam
1036 4166 1146 4205 uno
1177 4150 1454 4204 volumine
1504 4152 1959 4221 comprehensam

351 4236 671 4296 comparare
727 4221 919 4296 voluit,
974 4221 1217 4296 ideoque
1281 4221 1570 4296 Sigebcrto
1627 4222 1965 4296 praescripsit

351 4292 607 4365 eumdem
659 4309 774 4365 quo
814 4292 920 4365 ille
974 4292 1369 4365 ususfuerat'
1414 4293 1668 4365 codicem;
1716 4292 1960 4356 Eusebii,

355 4362 767 4445 lniieronymi‘et
812 4362 1089 4445 Prosperi,
1150 4363 1219 4445 de
1264 4363 1554 4445 quovide
1586 4363 1726 4417 infra
1772 4381 1829 4419 n.
1870 4365 1959 4419 52.

353 4436 521 4512 Quem
553 4434 599 4490 si
623 4435 945 4512 Sigebertus
974 4434 1781 4512 ips_e_adjecisset,Prospcrum
1812 4443 1963 4490 certe

352 4506 631 4563 omisisset
684 4505 875 4562 auctor
928 4522 993 4561 ex
1052 4505 1366 4578 Hieronymi
1416 4506 1525 4561 fine
1582 4505 1732 4561 filum
1811 4523 1966 4561 resu-

355 4593 533 4632 mens.

422 4648 568 4718 (49")
599 4647 802 4721 Omnes
823 4647 971 4703 enim
1003 4647 1245 4721 codices,
1290 4665 1361 4704 ne
1404 4664 1515 4705 uno
1547 4649 1770 4721 quidem
1807 4664 1964 4704 exce-

352 4728 468 4790 pto,
492 4719 669 4793 verba
693 4718 764 4773 de
814 4726 1011 4793 mortc‘
1048 4719 1320 4793 Sigeberti
1354 4718 1579 4793 habent,
1598 4737 1734 4793 qua:
1760 4721 1961 4793 Ansel-f

352 4806 443 4845 mo
474 4789 664 4846 deberi
695 4800 942 4861 apparet.
986 4789 1332 4856 Quae'cumin
1364 4792 1554 4847 codice
1583 4789 1963 4846 Gemblacensi

351 4862 548 4917 eodem
589 4877 812 4932 prorsus
837 4862 1047 4917 calamo
1087 4869 1250 4934 atque
1275 4870 1583 4918 atramento
1624 4870 1844 4918 exarata
1883 4863 1966 4917 le-

350 4940 578 5006 guntur,
609 4948 720 5006 quo
747 4934 960 5004 reliqua
989 4950 1040 4990 a.
1078 4933 1216 4989 1112
1247 4935 1485 4991 narratio
1518 4952 1531 4988 :
1573 4935 1714 4989 hanc
1743 4949 1964 5005 quoque

351 5004 610 5078 Anselmo
637 5004 987 5078 tribuendam
1037 5021 1180 5078 esse,
1206 5021 1327 5078 cum
1381 5023 1482 5078 per
1530 5022 1589 5060 se
1613 5006 1726 5078 jam
1762 5004 1843 5060 ’sit
1868 5021 1964 5059 ve-

352 5075 604 5148 risimile,
653 5084 772 5148 tum
829 5076 1098 5148 Sigeberti
1164 5076 1349 5131 verbis
1381 5075 1581 5148 ‘usque
1637 5077 1711 5148 ad
1757 5091 1963 5148 annum

351 5147 572 5201 “Hum
613 5147 775 5218 plane
813 5146 1019 5203 certum
1059 5147 1119 5202 ﬁt
1174 5148 1286 5203 lmo
1318 5146 1729 5204 Gemblacensis
1756 5146 1965 5218 codicis

351 5218 591 5290 habitus,
614 5217 786 5290 quem
816 5218 955 5274 infra
1014 5218 1402 5282 indicabimus,
1460 5219 1619 5274 facile
1675 5217 1965 5290 adduxerit

350 5289 615 5361 aliquem,
642 5286 730 5344 'ut
786 5290 1025 5346 Anselmi
1067 5291 1432 5347 narrationem
1484 5290 1744 5361 incipere!
1775 5286 1965 5343 credat

344 5359 461 5429 jam
486 5360 672 5426 altius,
706 5361 761 5414 in
794 5361 975 5417 verbis
991 5379 1039 5416 a.
1058 5363 1215 5418 1111.
1242 5362 1497 5428 Quid,vel
1517 5359 1797 5431 quomodo,
1831 5364 1961 5425 etc.,

350 5448 473 5503 quae
501 5439 556 5486 et
578 5433 717 5488 alius
746 5449 942 5488 manus
970 5441 1118 5502 sunt,
1139 5443 1194 5488 et
1219 5449 1342 5487 cum
1377 5430 1819 5503 praecedentibus
1851 5445 1962 5503 non

349 5502 493 5559 bene
523 5504 824 5559 cohaerent.
867 5504 987 5560 lmo
1031 5505 1142 5571 jam
1176 5503 1390 5559 initium
1443 5502 1574 5556 anni
1630 5502 1761 5557 1111
1798 5502 1963 5556 habet

349 5575 621 5647 quaedam,
655 5592 778 5647 qua:
816 5575 1216 5647 dubitationem
1236 5575 1803 5647 de‘auctoremovere
1836 5588 1965 5644 pos-

348 5643 481 5718 sint.
515 5643 787 5718 Scriptum
819 5653 902 5702 est
919 5646 1092 5718 quasi
1131 5646 1201 5700 de
1236 5644 1488 5718 licinrico
1532 5643 1594 5709 V,
1623 5643 1693 5699 de
1754 5643 1963 5718 Grego-

346 5716 430 5776 rio
461 5718 572 5787 νυ,
602 5713 672 5775 de
712 5713 991 5777 discordia
1047 5717 1167 5787 ejus
1209 5731 1332 5774 cum
1383 5713 1739 5791 imperatore,
1797 5713 1961 5789 plane

2056 2730 2218 2799 hujus
2244 2730 2477 2783 nominis
2539 2745 2639 2782 rem
2667 2736 2759 2795 ;et
2789 2745 2907 2798 qua:
2936 2734 3106 2798 capta
3163 2746 3198 2783 a
3254 2731 3509 2796 Gregorio
3537 2728 3684 2783 nono

2057 2801 2221 2870 hujus
2250 2801 2487 2853 nominis
2511 2815 2683 2868 papa,
2711 2803 2809 2869 qui
2850 2800 3247 2870 Hildtbrandus
3286 2806 3507 2856 voratus
3536 2802 3637 2869 est)
3665 2818 3681 2865 ;

2059 2869 2369 2934 Heinricus,
2399 2885 2561 2941 quem
2594 2878 2757 2924 antea
2802 2869 3122 2942 Sigebertus
3157 2888 3392 2942 semper
3424 2871 3542 2926 fere
3570 2871 3683 2926 im-

2060 2951 2364 3024 peratorem
2421 2947 2599 3024 vocat,
2662 2956 2807 3024 nunc
2856 2941 2947 3024 rex
3006 2941 3349 3024 appellatur.“
3386 2942 3515 3024 _S‘e_dﬁ
3571 2943 3683 3024 hoc

2060 3010 2241 3085 ipsum
2267 3011 2618 3085 imperatoris
2645 3010 2973 3085 vocabulum
3006 3010 3181 3069 annos
3216 3013 3519 3069 1108-1110
3552 3020 3679 3083 post

2065 3081 2185 3153 ejus
2205 3081 2617 3137 coronationem
2646 3083 2879 3153 scriptos
2917 3099 3042 3138 esse
3092 3084 3372 3150 ostendit;
3406 3081 3562 3139 unde
3579 3099 3684 3140 co-

2066 3154 2368 3211 ronationis
2421 3168 2643 3224 quoque
2710 3154 3082 3209 narrationem
3115 3154 3363 3224 ejusdem
3417 3172 3541 3211 esse
3570 3171 3679 3209 au-

2062 3227 2250 3290 ctoris,
2282 3225 2397 3280 veri
2423 3224 2718 3279 admodum
2747 3224 2927 3280 simile
2966 3233 3051 3281 est
3077 3243 3093 3292 ;
3123 3227 3376 3292 quamvis
3409 3243 3517 3281 non
3550 3242 3680 3280 cer-

2062 3305 2199 3361 tum,
2231 3313 2353 3352 cum
2386 3294 2656 3366 Sigeberti
2686 3297 2852 3351 verba
2890 3312 3059 3366 usque
3087 3294 3161 3351 ad
3200 3314 3404 3353 annum
3456 3298 3682 3351 1111ιιιιι

2064 3377 2118 3424 et
2149 3369 2217 3423 de
2244 3367 2402 3422 initio
2431 3374 2484 3421 et
2514 3367 2583 3420 de
2617 3366 2724 3440 fine
2751 3368 2879 3440 anni
2913 3368 3144 3440 intelligi
3178 3378 3398 3439 queant.
3440 3369 3549 3423 Hoc
3579 3368 3692 3440 igi-

2060 3448 2146 3496 tur
2166 3440 2219 3494 in
2251 3453 2525 3509 suspenso
2572 3437 2933 3509 relinquimus
2965 3456 2979 3503 ;
3012 3437 3121 3494 sed
3164 3437 3367 3493 annum
3400 3440 3537 3494 1112
3567 3437 3684 3493 Α’ὴ-

2059 3511 2234 3583 selmo
2267 3509 2458 3583 deberi
2501 3508 2797 3583 integrum,
2822 3511 2928 3565 hoc
2961 3509 3093 3583 jure
3116 3511 3676 3583 nostrocontendere

2058 3581 2221 3637 nobis
2240 3580 2510 3633 videmur.
2547 3579 2940 3635 Contradicunt
2967 3581 3189 3651 quidem
3229 3581 3450 3636 codices
3478 3598 3679 3637 secun~

2058 3654 2142 3708 dae
2176 3650 2534 3716 recensionis,
2589 3666 2655 3706 eo
2713 3651 2860 3722 quod
2925 3650 3169 3707 Anselmi
3202 3652 3679 3722 continuationem

2060 3739 2172 3779 non
2195 3722 2482 3785 habentes,
2509 3731 2689 3777 tamen
2723 3719 2917 3777 omnes
2968 3723 3237 3778 exhibent
3284 3719 3673 3780 annuml112.

2059 3795 2123 3867 At
2152 3794 2317 3867 iidem
2346 3800 2581 3867 mortem
2613 3809 2836 3865 quoque
2891 3793 3163 3867 Sigeberti
3226 3793 3430 3867 habent
3461 3808 3676 3853 omnes.

2060 3866 2229 3931 Quam
2261 3864 2306 3918 si
2335 3864 2539 3918 addere
2570 3864 2887 3934 potuerunt,
2932 3864 3000 3919 ab
3029 3865 3158 3928 alio,
3186 3866 3333 3934 quod
3367 3881 3531 3920 nemo
3573 3881 3676 3921 ne-

2058 3936 2232 4010 gabit,
2264 3935 2649 4010 conscriptam,
2706 3935 3059 4010 aequewbenc
3117 3935 3322 4010 addere
3370 3945 3686 4010 potuerunt

1930 4026 1960 4063 a
1985 4043 2036 4069 η
2062 4006 2235 4063 totum
2267 4022 2492 4069 annum,
2545 4006 2600 4060 in
2632 4008 2825 4061 codice
2870 4007 3250 4062 Gemblacensi
3282 4007 3477 4061 eadem
3513 4024 3679 4064 manu

2065 4043 2235 4063 ιυιυ...
2267 4043 2469 4061 ιιι-μυ...
2632 4043 2824 4061 suum.
2871 4043 3250 4062 υυ...υ..ιυυ..ρ.
3283 4043 3477 4061 ww...
3515 4043 3679 4064 ...σιω

1985 4043 2185 4134 Dsine
2252 4078 2362 4150 ullo
2407 4047 2588 4150 spatio
2651 4078 2939 4150 interjccto
3007 4078 3451 4150 praecedentibus
3514 4079 3680 4134 ascri—

2064 4157 2238 4221 ptum.
2269 4147 2422 4213 Quod
2461 4155 2643 4221 autﬁcm
2698 4148 2951 4204 Alnensis
3000 4147 3172 4205 codex
3225 4157 3281 4204 et
3342 4149 3448 4205 133*
3480 4158 3675 4220 posta.

2068 4220 2204 4275 1112
2233 4220 2443 4274 addunt
2468 4236 2480 4272 :
2515 4220 2801 4290 Hucuqu
2838 4221 3149 4288 Sigebcrtus
3175 4221 3493 4277 Chronicam
3523 4237 3675 4277 suam

2059 4292 2345 4363 perdumit,
2379 4290 2566 4363 talium
2589 4291 3084 4363 subscriptionum,
3103 4307 3134 4345 e
3156 4291 3443 4346 codicibus
3469 4299 3680 4348 tantum

2065 4361 2205 4435 quos
2235 4362 2625 4435 describebant
2677 4361 2966 4435 factarum,
3004 4363 3473 4435 ~au‘c_toritasinou
3505 4363 3682 4433 major

2065 4432 2171 4500 est,
2213 4449 2375 4514 quam
2409 4432 2806 4514 continuatoris
2829 4432 3055 4514 Gallici,‘
3076 4432 3167 4514 1⁷2,
3201 4434 3296 4514 qui
3327 4432 3681 4514 Sigebcrtum

2064 4503 2245 4576 usque
2269 4505 2336 4560 ad
2377 4520 2428 4576 ae.
2470 4503 2608 4576 1118
2661 4504 2982 4576 Ebronicon,
3025 4503 3322 4576 deduxisse
3367 4503 3679 4572 contendit,

2066 4573 2305 4648 quamve
2320 4574 2549 4648 Roberti
2571 4573 2639 4628 de
2662 4575 2862 4648 Monte,
2887 4575 2997 4648 qui
3018 4590 3142 4630 eum
3175 4575 3260 4648 Ain
3290 4593 3341 4630 a.
3395 4576 3536 4648 1100
3580 4576 3682 4630 de-

2064 4644 2246 4702 sinere
2277 4644 2431 4711 dicit,
2467 4645 2591 4699 ideo
2649 4646 2838 4717 procul
2868 4644 3061 4711 dubio,
3094 4646 3223 4717 quia
3250 4647 3367 4717 ipse
3409 4647 3680 4704 Robertus

2066 4719 2169 4773 hoc
2196 4732 2341 4771 anno
2371 4732 2492 4771 cum
2526 4731 2694 4788 regno
2727 4716 2963 4788 licinrici
2993 4717 3013 4770 1
3045 4716 3186 4787 opus
3233 4716 3393 4771 suum
3428 4717 3680 4788 incipere

2065 4788 2443 4850 constituerat,
2474 4794 2533 4842 ut
2592 4787 2785 4842 llirsch
2849 4787 2996 4844 bene
3050 4788 3281 4843 monuit.
3335 4789 3467 4843 Nam
3520 4787 3588 4842 ad
3629 4805 3681 4846 a.

2064 4875 2241 4930 usque
2275 4859 2410 4913 1112
2451 4857 2800 4930 δίερὴίετιυιη
2827 4860 2895 4913 ad
2944 4858 3170 4913 verbum
3223 4860 3533 4929 exscripsit.
3579 4860 3684 4915 Eo-

2065 4929 2195 4985 dein
2231 4930 2394 4985 modo
2428 4929 2690 4984 Radulfus
2745 4930 2814 4984 de
2847 4931 3035 4985 Diceto
3084 4930 3330 4997 Robcrti,
3386 4930 3684 4986 Balduinus

2067 5001 2390 5127 l‘t‘igovensis
2419 5001 2815 5057 continuatoris
2867 5001 3273 5075 Afﬂigemensis
3325 5000 3492 5056 ﬁnem
3538 5000 3680 5058 falso

2067 5090 2121 5127 tn
2169 5080 2347 5127 icant-

2067 5073 2347 5130 indicant.,

2133 5144 2244 5214 (50)
2282 5143 2401 5214 Jam
2456 5142 2605 5198 enim
2661 5142 2936 5209 Olbertus,
2998 5142 3351 5198 bibliothecae
3420 5143 3680 5198 Gembla-

2065 5213 2250 5289 eensis
2297 5213 2573 5289 fundator,
2632 5222 2779 5289 teste
2842 5215 3129 5289 Sigeberto
3188 5214 3245 5267 in
3314 5215 3488 5289 Gestis
3548 5215 3675 5270 abb.

2065 5285 2299 5350 Gembl,
2333 5307 2360 5357 ᾳ
2393 5285 2594 5341 divinae
2626 5284 2930 5356 Scriptura?
2973 5285 3284 5357 plusquam
3318 5284 3418 5357 100
3441 5300 3682 5357 conges-

2063 5357 2133 5412 sit
2160 5356 2461 5417 voluminri.
2485 5354 2763 5412 saecularis
2800 5372 2930 5411 vero
2974 5354 3292 5425 disciplinae
3326 5354 3496 5411 libros
3522 5354 3615 5423 50,
3652 5381 3676 5405 ιι

2053 5427 2152 5483 cui
2184 5442 2423 5499 numero
2452 5428 2586 5498 ipsis
2631 5427 2904 5499 Sigeberti
2934 5426 3274 5499 temporibus
3303 5426 3682 5499 haud(paucos

2062 5499 2384 5567 accessisse,
2415 5497 2718 5554 litterarum
2750 5497 2925 5553 forma
2990 5497 3192 5551 docent
3222 5497 3379 5551 multi
3407 5498 3501 5567 qui
3531 5516 3682 5555 nunc

2063 5570 2468 5625 Bruxellensem
2520 5568 2911 5626 bibliothecam
2940 5574 3139 5624 ornant
3172 5567 3391 5626 codices
3424 5567 3684 5627 Gembla-

2063 5656 2281 5698 CCDSCS.
