3894 6220
405 326 475 380 23
1596 329 1995 389 SIGEBERTUS
2036 333 2531 394 GEMBLACENSIS
3656 360 3724 417 24

406 455 474 510 ad
498 470 689 511 verum
735 455 1037 513 videndum
1078 472 1257 531 neque
1300 468 1513 515 cautam
1559 460 1613 516 in
1649 460 1871 517 incertis
1912 463 2015 518 du-
2040 468 2091 537 Α
2117 472 2264 522 certa
2299 475 2448 536 sunt,
2479 468 2599 541 ipse
2630 471 2873 543 indicat;
2910 475 3048 533 falsa
3076 477 3264 535 sciens
3292 496 3574 557 nunquam
3606 502 3730 544 nar-

407 548 753 617 bitationcm,
785 567 966 622 neque
1004 552 1257 607 criticum
1292 554 1348 609 in
1383 555 1655 628 eligendis
1680 563 1734 612 et
1764 555 2014 613 fontibus

406 651 461 700 et
490 644 659 700 rebus
696 662 834 716 quas
879 646 1009 702 inde
1039 654 1285 703 sumeret
1310 648 1578 717 judicium
1610 651 1871 707 defuisse.
1905 655 2017 710 Hoc

405 742 589 791 autem
618 751 788 792 unum
818 736 939 805 ejus
956 745 1120 809 atque
1150 739 1327 795 solum
1358 742 1611 797 meritum
1645 752 1728 799 est
1755 744 1811 798 in
1843 748 1993 802 omni

406 825 513 881 bus
552 824 666 880 fere
696 842 818 897 qua;
868 843 919 882 a.
958 827 1089 885 1024
1149 832 1508 900 praecedunt;
1543 840 1654 889 tota
1693 835 1842 891 enim
1897 839 2016 893 haec

407 930 535 986 pars
583 931 634 969 a.
692 914 989 980 381-1023,
1059 918 1404 989 paucissimis
1456 928 1663 977 tantum
1725 927 2011 996 exceptis,

409 1005 704 1075 compilata
733 1014 839 1071 est,
882 1023 911 1062 e
953 1007 1195 1064 fontibus
1222 1026 1386 1082 supra
1437 1013 1618 1080 dictis,
1661 1016 1822 1071 nobis
1854 1018 2018 1089 igitur

412 1094 621 1149 nullius
652 1111 876 1166 prorsus
898 1096 1167 1152 utilitatis.
1206 1099 1337 1154 Inde
1366 1101 1435 1155 ab
1458 1119 1506 1157 a.
1541 1104 1679 1160 1024
1708 1107 1878 1162 multa
1899 1110 2016 1180 qui-

412 1182 537 1238 dem
569 1184 750 1240 adhuc
804 1200 868 1239 ex
898 1185 1020 1240 aliis
1066 1187 1269 1252 hausit,
1329 1189 1426 1243 sed
1460 1190 1527 1245 iis
1566 1198 1644 1247 tot
1682 1201 1735 1247 et
1776 1202 1921 1252 tanta
1948 1198 2017 1253 de

413 1292 516 1332 suo
560 1277 735 1344 addit,
767 1283 825 1332 ut
849 1278 960 1346 jam
1008 1278 1124 1349 ipse
1162 1281 1334 1350 possit
1364 1298 1461 1353 pro
1494 1283 1643 1341 fonte
1700 1288 1906 1345 haberi.
1942 1290 2021 1344 Ex

415 1370 515 1424 hac
561 1385 673 1424 una
717 1368 901 1441 itaque
948 1370 1192 1426 chronici
1242 1381 1393 1443 parte
1449 1376 1581 1432 satis
1620 1379 1815 1451 exigua
1844 1398 2021 1438 anno-

413 1475 531 1514 rum
561 1458 882 1513 1024-1112
922 1475 1049 1527 jure
1095 1468 1283 1517 nostro
1330 1464 1600 1531 judicium
1641 1466 1783 1524 ferre
1814 1487 2020 1542 possu-

415 1568 538 1607 mus
582 1550 650 1607 dc
671 1551 959 1623 Sigeberto
985 1552 1253 1625 scriptore
1293 1555 1592 1626 historico;
1635 1561 1845 1634 reliqua
1873 1566 2022 1620 enim

416 1656 526 1695 non
557 1646 685 1695 sunt
713 1639 1006 1712 Sigeberti.

486 1729 894 1798 Sigebertiﬁdes
912 1729 1073 1801 (66').
1088 1762 1156 1771 —
1178 1732 1300 1788 Tria
1314 1734 1660 1804 potissimum
1686 1747 1814 1795 sunt
1834 1759 1957 1813 quae
1971 1743 2020 1797 ei

415 1819 779 1888 objiciuntur:
832 1822 979 1893 quod
1009 1823 1390 1881 schismaticus
1429 1827 1631 1896 fuerit;
1673 1833 1820 1902 quod
1852 1833 2021 1890 nimio

418 1912 785 1983 imperatoriae
831 1915 999 1985 partis
1042 1916 1226 1972 studio
1306 1918 1595 1989 abductus,
1649 1922 1784 1979 falsa
1847 1926 2028 1981 sciens

418 2004 741 2071 narraverit,
774 2008 883 2061 imo
901 2006 1138 2073 tinxerit,
1170 2026 1298 2065 vera
1328 2013 1596 2081 tacuerit;
1627 2018 1773 2087 quod
1804 2017 1858 2071 in
1890 2026 2026 2073 tem-

420 2093 651 2165 poribus
682 2102 737 2150 et
786 2095 950 2150 rebus
1000 2097 1309 2153 scribendis
1348 2102 1581 2157 multum
1631 2106 1909 2161 erraverit.
1970 2111 2033 2164 At

419 2186 729 2243 schismatis
777 2189 1001 2260 quidem
1044 2198 1226 2247 notam
1261 2193 1373 2263 jam
1430 2196 1714 2252 catholica:
1777 2201 2031 2257 Ecclesiae

420 2277 740 2349 scriptores,
776 2278 974 2351 Fleury
1004 2280 1136 2352 (67),
1169 2281 1409 2338 Martene
1464 2286 1565 2354 (68)
1600 2294 1654 2341 et
1694 2288 2032 2346 Benedictini

424 2380 678 2431 auctores
701 2374 950 2430 Historiae
982 2376 1282 2434 Litterarize
1312 2379 1446 2450 (69),
1479 2382 1654 2438 deillo
1676 2386 2030 2443 sustulerunt.

426 2465 465 2520 Δ
493 2466 728 2537 partium
761 2476 945 2522 autem
979 2469 1150 2525 nimio
1180 2472 1364 2526 studio
1395 2488 1518 2528 eum
1553 2491 1773 2546 prorsus
1796 2477 2030 2533 liberum

426 2554 618 2620 fuisse,
650 2572 814 2612 nemo
869 2558 1112 2631 negabit,
1176 2560 1269 2631 qui
1319 2560 1489 2618 libros
1538 2564 1658 2633 ejus
1706 2566 1891 2622 animo
1923 2584 2035 2623 non

421 2653 802 2718 praeoccupato
841 2647 1060 2722 legerit.
1124 2651 1281 2706 Facta
1333 2653 1478 2708 enim
1533 2671 1597 2710 ex
1648 2657 1784 2727 ipsis
1824 2666 2033 2715 tantum

413 2735 643 2804 judicat,
679 2752 791 2793 non
814 2755 878 2793 ex
919 2739 1203 2809 personis;
1237 2741 1379 2797 male
1432 2745 1723 2801 commissa
1754 2747 1806 2802 in
1860 2750 2036 2821 impe-

418 2830 597 2879 ratore
624 2840 733 2880 non
781 2826 964 2881 minus
989 2828 1262 2899 vituperat
1313 2831 1426 2903 (70)
1456 2850 1618 2905 quam
1650 2835 1705 2889 in
1760 2853 1920 2907 papa,
1952 2848 2036 2893 at-

419 2933 527 2990 que
558 2918 634 2973 ita
662 2935 787 2976 raro
827 2922 1080 2993 exemplo
1123 2924 1371 2994 partibus
1409 2928 1636 2983 omnino
1689 2932 2031 3001 superiorem

419 3023 480 3063 se
520 3008 715 3064 tenuit.
763 3009 865 3066 Pro
897 3009 1229 3082 imperatore
1276 3015 1499 3086 quidem
1541 3018 1714 3074 sensit
1766 3036 1887 3074 cum
1927 3028 2034 3077 tota

421 3111 520 3152 sua
550 3096 817 3165 dimcesi;
851 3108 904 3154 at
964 3115 1073 3156 non
1128 3100 1414 3158 Heinricus
1460 3112 1545 3160 est
1593 3107 1681 3161 cui
1730 3107 1894 3176 favet,
1925 3126 2033 3167 non
2069 3158 2111 3179 η

2112 558 2253 617 ravit
2282 575 2384 616 nec
2412 559 2567 617 ﬁnxit
2588 563 2715 634 (71).

2187 650 2562 718 Ghronologia.
2601 683 2669 693 —
2696 653 3043 712 Nescientem
3071 668 3255 716 autem
3284 665 3487 721 multos
3515 681 3729 727 errores

2114 739 2461 795 commisisse
2482 740 2536 794 in
2555 741 2722 797 rebus
2742 751 2797 797 et
2819 743 2876 798 in
2902 748 3264 817 temporibus,
3298 751 3351 806 id
3381 755 3608 825 quidem
3633 774 3727 814 ne-

2115 832 2231 907 gari
2263 846 2372 886 non
2396 839 2596 903 potest.
2615 834 2942 906 Temporum
2972 843 3369 911 computationi
3393 847 3728 920 przecipuum

2117 923 2340 995 quidem
2369 924 2610 979 studium
2636 926 2945 997 impendit;
2982 930 3079 985 sed
3111 947 3233 986 cum
3258 940 3336 990 tot
3367 944 3619 995 auctores
3645 958 3731 997 se-

2118 1019 2402 1084 queretur,
2435 1012 2529 1066 ubi
2577 1014 2695 1069 hmo
2723 1023 2816 1070 aut
2874 1016 3249 1075 diversissima
3277 1033 3394 1078 erat
3423 1034 3517 1081 aut
3558 1029 3728 1085 nulla.

2118 1120 2335 1160 errores
2363 1104 2697 1176 multiplices
2726 1114 2779 1162 et
2804 1124 3000 1180 graves
3027 1111 3197 1167 vitare
3226 1130 3334 1170 non
3364 1116 3508 1173 bene
3532 1122 3730 1190 potuit.

2122 1193 2285 1247 Multa
2318 1193 2371 1247 in
2408 1193 2507 1249 hac
2537 1194 2824 1251 arbitraria
2854 1205 3001 1267 sunt,
3034 1200 3127 1255 ubi
3174 1218 3205 1257 e
3236 1202 3482 1262 fontibus
3512 1216 3732 1280 tempus

2122 1303 2455 1361 cognoscere
2503 1305 2613 1344 non
2657 1291 2855 1362 potuit,
2906 1294 2990 1348 vel
3050 1294 3144 1349 ubi
3184 1314 3331 1353 anno
3384 1310 3532 1357 certo
3562 1304 3733 1358 ascri-

2122 1380 2306 1435 benda
2337 1388 2513 1449 erant,
2542 1398 2665 1453 quae
2715 1400 2813 1454 pcr
2860 1401 2919 1440 se
2958 1395 3167 1443 certum
3200 1397 3421 1462 tempus
3473 1411 3584 1450 non
3639 1398 3732 1451 ba-

2122 1469 2276 1537 bent,
2312 1476 2370 1524 ut
2399 1470 2682 1535 miracula,
2725 1472 2847 1527 vita:
2888 1474 3160 1530 clarorum
3215 1478 3478 1550 virorum,
3509 1482 3730 1539 similia.

2125 1561 2438 1633 Smpissime
2469 1562 2631 1617 etiam
2680 1564 2826 1619 aliud
2854 1583 3016 1638 quam
3064 1571 3212 1641 quod
3272 1573 3326 1627 in
3365 1573 3611 1632 fontibus
3643 1578 3732 1631 in-

2123 1657 2381 1712 veniebat
2436 1664 2655 1729 tempus
2697 1661 2924 1717 ascribit
2968 1663 3133 1719 rebus
3187 1666 3318 1722 inde
3365 1671 3571 1740 petitis,
3625 1688 3734 1727 non

2054 1790 2100 1855 B
2128 1756 2275 1801 recte
2305 1762 2528 1817 semper
2556 1764 2658 1803 nec
2696 1749 2763 1804 ad
2816 1750 2870 1804 id
2900 1752 3046 1820 jsatis
3090 1756 3405 1824 attendens,
3460 1761 3609 1830 quod
3640 1776 3735 1815 an-

2127 1853 2257 1891 num
2280 1838 2371 1892 alii
2404 1838 2457 1892 in
2477 1838 2702 1907 Pascha,
2726 1841 2819 1896 alii
2841 1843 2897 1897 in
2928 1844 3102 1899 Natali
3126 1846 3409 1905 Dominico
3441 1850 3717 1923 incipiunt

2127 1925 2315 1982 Ubivis
2343 1936 2521 1983 tamen
2554 1928 2857 2001 inquisivit,
2891 1940 2946 1989 et
2972 1949 3002 1988 e
3041 1935 3207 1990 certis
3237 1947 3503 2008 quantum
3535 1941 3737 1996 habere

2134 2023 2346 2086 poterat
2384 2017 2756 2075 fundamentis
2794 2024 3151 2093 computavit,
3206 2042 3310 2082 nec
3349 2028 3516 2084 dubia
3546 2032 3736 2086 occul-

2136 2110 2250 2160 tare
2280 2107 2487 2163 studet.
2525 2109 2713 2179 Itaque
2754 2109 2809 2163 in
2850 2111 2937 2165 his
2977 2112 3231 2169 voluntas
3288 2116 3411 2185 ejus
3450 2117 3742 2185 laudanda,

2135 2196 2432 2250 auctoritas
2461 2196 2572 2251 fere
2605 2197 2770 2253 nulla.
2809 2199 2919 2255 Hoc
2970 2202 3208 2259 maxime
3239 2205 3307 2259 de
3354 2224 3621 2278 paparum
3653 2226 3742 2265 ca-

2139 2286 2322 2361 ta10go
2349 2288 2668 2354 dicendum,
2727 2291 2782 2345 in
2813 2307 3044 2363 quorum
3076 2296 3221 2351 serie
3260 2300 3653 2356 constituenda
3682 2302 3743 2355 ad

2139 2390 2188 2428 a.
2221 2375 2327 2429 873
2377 2392 2550 2447 usque
2580 2378 2740 2432 Gesta
2777 2380 3102 2450 pontificum
3153 2385 3424 2457 sequitur,
3479 2390 3533 2444 in
3594 2391 3749 2445 annis

2135 2467 2318 2516 tamen
2373 2479 2519 2534 saepe
2568 2464 2636 2519 ab
2686 2467 2769 2529 eis
2798 2469 3108 2526 recedens:
3150 2472 3277 2528 inde
3325 2474 3521 2533 abillo
3569 2488 3748 2534 autem

2136 2569 2280 2610 anno
2348 2554 2646 2610 Marianum
2687 2565 2740 2612 et
2788 2560 3067 2635 catalogos
3102 2564 3424 2634 pontiﬁcum
3475 2570 3747 2624 adhibuit.

2138 2642 2261 2711 Qui,
2319 2660 2441 2699 cum
2492 2647 2725 2701 multum
2785 2647 2929 2704 inter
2973 2667 3030 2706 se
3081 2646 3391 2723 differrent,
3431 2657 3753 2731 Sigebertus

2137 2752 2233 2793 eos
2259 2738 2556 2794 conciliare
2603 2740 2758 2795 nisus
2803 2750 2907 2797 est.
2950 2745 3015 2798 At
3052 2761 3179 2801 mox
3229 2746 3366 2803 vidit
3409 2758 3463 2805 et
3510 2751 3752 2823 ingenue

2136 2830 2584 2900 conﬁtetur(72),
2626 2850 2685 2887 se
2716 2850 2827 2890 non
2859 2836 3117 2893 sutticere
3150 2839 3275 2895 huic
3323 2841 3520 2911 labori,
3550 2854 3607 2899 et
3638 2860 3755 2900 curn

2136 2919 2192 2973 in
2225 2919 2345 2990 ipso
2380 2923 2719 2978 numerando
2760 2940 2819 2979 se
2853 2925 3085 2980 nimium
3116 2928 3185 2982 ab
3216 2928 3325 2984 illis
3357 2933 3629 2990 recedere
3657 2935 3753 2989 de-

2137 3009 2542 3079 prehendisset,
2583 3028 2614 3066 a
2654 3014 3014 3087 nonagesimo
3056 3017 3220 3074 tertio
3248 3019 3431 3075 statim
3461 3022 3531 3076 ad
3562 3040 3757 3078 nume-

2137 3113 2256 3153 rum
2293 3099 2656 3155 centesimum
2686 3101 2879 3157 transit
2908 3104 3046 3175 (72')
3071 3121 3087 3172 ;
3117 3121 3218 3160 nec
3258 3115 3449 3178 postea
3482 3111 3619 3166 satis
3649 3110 3750 3166 sibi

420 3204 576 3260 papa;
606 3161 845 3260 persona
873 3191 963 3247 cui
996 3192 1271 3259 irascitur,
1304 3196 1402 3250 sed
1444 3196 1689 3253 divinum
1718 3199 1809 3267 jus
1841 3217 2028 3277 regum
2064 3161 2113 3225 Ε
2136 3193 2279 3249 cavit
2305 3193 2373 3248 ab
2409 3194 2710 3251 erroribus.
2747 3196 2964 3271 Reliqui
3008 3200 3230 3256 codices
3260 3201 3354 3256 alii
3395 3203 3462 3258 ad
3515 3204 3753 3261 litteram

420 3279 833 3349 labefactatum,
882 3283 981 3338 sed
1026 3285 1364 3341 rebelliones
1410 3296 1466 3343 et
1517 3290 1754 3359 perjuria
1798 3295 2027 3361 sancita,

418 3368 518 3423 sed
548 3369 842 3425 concordia
895 3372 1050 3446 regni
1079 3382 1134 3428 et
1164 3373 1420 3431 Ecclesia:
1476 3378 1711 3444 turbata,
1774 3380 1867 3436 tilii
1901 3399 2031 3459 erga

420 3470 631 3534 patrem
686 3462 865 3533 pictas
909 3472 1188 3536 corrupta,
1230 3465 1368 3523 fides
1411 3469 1695 3526 hominum
1738 3489 2023 3533 concussa.

420 3554 548 3618 Quae
579 3569 703 3609 cum
736 3555 1116 3625 reprehendit,
1146 3566 1354 3613 tantum
1386 3559 1543 3617 abest
1568 3569 1627 3617 ut
1658 3564 1893 3635 partium
1915 3576 2029 3623 stu-

422 3642 515 3698 dio
555 3641 817 3698 seductus
845 3644 934 3706 sit,
978 3646 1100 3701 utsi
1135 3647 1317 3703 minus
1346 3665 1412 3705 ea
1451 3651 1738 3724 tetigisset,
1781 3662 1909 3713 tunc
1937 3659 2033 3715 de-

423 3751 570 3790 mum
604 3735 840 3807 partium
872 3735 1037 3793 nimis
1078 3740 1359 3797 studiosus
1393 3749 1539 3799 recte
1571 3743 1710 3801 foret
1741 3748 2032 3809 dicendus.

423 3827 579 3895 Quod
610 3830 783 3885 multa
814 3846 923 3886 non
958 3840 1139 3887 narrat
1182 3832 1436 3892 licinrico
1469 3838 1654 3894 minus
1692 3840 2031 3912 favorabilia,

422 3918 528 3975 hoc
556 3918 779 3992 quidem
821 3920 1043 3975 nomine
1075 3923 1407 3993 reprehendi
1448 3927 1662 3999 nequit,
1713 3931 1870 4000 cujus
1900 3949 2035 3990 con-

420 4012 603 4068 silium
637 4022 755 4070 erat
800 4031 1013 4071 summa
1044 4026 1254 4073 tantum
1284 4036 1466 4076 rerum
1506 4022 1747 4081 breviter
1775 4029 2035 4098 perstrin-

2133 3288 2252 3344 htec
2298 3299 2708 3360 expresserunt,
2755 3290 2848 3346 alii
2893 3309 2994 3364 pro
3050 3310 3148 3349 sua
3205 3296 3443 3369 quisque
3491 3301 3758 3371 Opinione

2133 3388 2489 3436 correxerunt
2512 3399 2527 3448 ;
2559 3383 2707 3438 unde
2735 3392 2984 3454 apparet,
3013 3386 3078 3440 ad
3100 3387 3301 3464 seriem
3329 3405 3624 3463 annosque
3656 3409 3752 3464 pa-

2130 3487 2322 3542 parum
2354 3471 2555 3526 rectius
2592 3474 3009 3547 cognoscendos
3059 3462 3331 3551 Sigeberti
3363 3462 3762 3554 codicumqiuel

2131 3561 2252 3629 ejus
2279 3567 2600 3617 cunctorum
2650 3564 3033 3620 auctoritatem
3063 3572 3227 3639 atque
3262 3568 3554 3625 utilitatem
3610 3588 3761 3645 pror-

2136 3667 2229 3706 sus
2254 3667 2378 3707 esse
2419 3652 2647 3708 nullam.
2684 3654 2832 3709 idem
2883 3656 2950 3710 de
2980 3663 3094 3712 tota
3136 3656 3259 3726 ejus
3286 3658 3653 3735 chronologia
3678 3662 3760 3718 di-

2135 3744 2394 3811 cendum,
2422 3760 2536 3800 non
2566 3745 2743 3801 solum
2793 3756 2921 3803 ante
2952 3764 3001 3803 a.
3037 3750 3198 3818 1024,
3253 3752 3349 3807 sed
3383 3760 3509 3823 post
3561 3756 3728 3810 etiam

2207 3837 2400 3891 Dictio.
2441 3866 2507 3875 —
2536 3835 2714 3891 Dictio
2747 3835 2801 3891 in
2829 3836 2949 3893 Vita
2978 3838 3265 3895 Deoderici
3297 3850 3351 3896 et
3373 3842 3603 3915 reliquis
3622 3844 3759 3900 Vitis

2130 3926 2453 3997 juveniliter
2478 3928 2775 3996 exsultans,
2810 3937 3002 3985 ornata
3042 3930 3290 3987 ﬂosculis
3340 3933 3452 3990 imo
3507 3937 3758 3993 versibus

2136 4027 2420 4090 poetarum
2470 4020 2675 4075 Horatii
2726 4022 2962 4077 maxime
2991 4023 3220 4080 vocibus
3273 4025 3575 4082 rarioribus
3629 4030 3755 4100 (73),

328 5380 341 5387 ‘
418 5370 681 5444 blgcencis
703 5373 919 5444 duplici
943 5376 1141 5444 asserto
1169 5370 1530 5444 sentiendum)
1558 5374 1625 5428 ad
1658 5370 1747 5429 an.
1799 5376 1937 5432 1674
1976 5385 2031 5433 et

423 4120 576 4178 gere.
635 4105 693 4159 ln
725 4105 952 4161 adversa
981 4108 1128 4162 enim
1160 4117 1314 4181 parte
1351 4128 1576 4182 prorsus
1607 4114 1752 4170 idem
1787 4118 1932 4173 fecit.
1970 4121 2024 4175 At

2136 4110 2339 4165 Graecis
2377 4126 2621 4183 quoque,
2654 4113 2961 4179 antithetis,
2994 4116 3526 4187 comparationibus,
3582 4128 3758 4176 meta-

425 4194 517 4265 qui
550 4193 837 4265 increpant
886 4197 1033 4268 quod
1077 4198 1315 4256 Heinrici
1366 4203 1549 4277 aliqua
1581 4208 1829 4274 tacuerit,
1864 4209 2029 4266 iidem
2134 4205 2325 4276 phoris
2356 4206 2579 4270 referta,
2614 4223 2782 4263 sacrae
2823 4209 3115 4280 Scriptura:
3147 4217 3201 4266 et
3238 4213 3457 4270 Patrum
3513 4216 3753 4274 lectione

423 4285 633 4341 crimen
683 4288 733 4342 ei
780 4286 986 4345 faciunt
1042 4289 1194 4361 inde,
1227 4296 1373 4367 quod
1429 4313 1697 4368 paparum
1738 4302 2034 4359 malefacta
2138 4305 2647 4369 turgens;numero
2676 4300 2881 4376 gaudet
2901 4303 3128 4373 poetico
3151 4311 3205 4360 et
3235 4308 3532 4364 sententiis
3553 4308 3751 4383 :equali

422 4375 645 4433 silentio
684 4392 794 4433 non
853 4380 1049 4435 texerit
1078 4384 1284 4451 omnia,
1343 4401 1468 4440 cum
1502 4394 1682 4443 tamen
1736 4390 1905 4445 multa
1937 4408 2031 4447 re-
2135 4404 2272 4444 sono
2320 4389 2407 4446 bis
2454 4397 2605 4446 terve
2658 4375 2713 4446 in
2761 4391 2871 4447 ﬁne
2923 4394 3029 4448 sibi
3066 4398 3571 4467 respondentibus;
3606 4399 3751 4473 quod

422 4475 676 4524 verenter
704 4469 1003 4540 omitteret,
1036 4490 1159 4546 quae
1180 4474 1244 4529 in
1278 4475 1522 4531 fontibus
1565 4477 1681 4532 suis
1710 4479 1943 4556 legebat.
1976 4484 2031 4538 Si
2056 4525 2110 4565 Π
2136 4481 2413 4537 scribendi
2444 4498 2621 4555 genus
2642 4485 2847 4539 saeculo
2890 4501 2942 4538 χι
2974 4492 3141 4557 atque
3173 4487 3340 4558 priori
3373 4508 3447 4545 xu
3475 4469 3749 4565 parti-pe-

937 4525 1002 4540 ,κ’
1042 4525 1154 4546 -.ν-τ-
1189 4525 1244 4529 ---
1278 4525 1519 4531 --η--.αττ
1566 4525 1680 4532 ν...-
1710 4525 1943 4556 ..ιυνυκισ
1977 4525 2031 4538 υ.
2137 4525 2413 4537 υν-ιυνιουιι
2444 4525 2620 4555 bvuuv
2642 4525 2846 4539 uwvulv
2891 4525 2942 4538 nl
2974 4525 3141 4557 ιδιιαιυυ
3174 4525 3225 4558 Ill
3242 4525 3340 4544 IUII
3373 4525 3444 4545 All
3475 4525 3561 4561 μιιι
3578 4525 3615 4547 ιι
3655 4525 3749 4565 μῦ-

422 4561 644 4631 quando
702 4563 865 4633 paulo
906 4565 1086 4620 acrius
1124 4566 1178 4621 in
1227 4567 1547 4644 Gregorium
1607 4577 1771 4643 atque
1801 4525 2110 4630 Pascha-D
2135 4569 2340 4625 culiare
2379 4569 2482 4625 fuit
2510 4579 2565 4626 et
2590 4588 2753 4643 quam
2796 4573 3030 4628 maxime
3060 4574 3341 4633 usitatum.
3387 4580 3473 4639 In,
3502 4580 3755 4651 epistolis

421 4648 527 4703 lem
555 4649 817 4722 loquitur,
852 4653 956 4709 hoc
987 4656 1183 4711 saltem
1214 4656 1362 4713 bona
1418 4656 1529 4714 fide
1559 4657 1709 4725 fecit,
1752 4677 1861 4717 non
1893 4680 2031 4720 eon-
2135 4658 2280 4714 idem
2322 4659 2552 4732 aqualis
2594 4660 2715 4716 soni
2747 4662 3025 4717 studium:
3076 4664 3247 4721 dictio
3309 4667 3494 4724 minus
3534 4648 3751 4734 florida,

421 4738 570 4793 scius
595 4741 833 4807 erroris;
886 4759 1069 4816 neque
1101 4745 1156 4799 in
1188 4746 1297 4800 illis
1347 4745 1538 4800 falsum
1567 4762 1707 4814 esse,
1741 4764 2035 4821 possumus
2137 4754 2412 4809 inusitatis
2441 4754 2672 4810 vocibus
2693 4770 2908 4824 carens,
2942 4764 2996 4813 at
3025 4757 3297 4832 dignitate
3327 4762 3568 4836 gravior,
3620 4780 3753 4820 sen-

421 4831 675 4901 probare.
726 4832 913 4890 Ubivis
944 4837 1126 4906 potius
1176 4837 1291 4891 veri
1329 4842 1600 4891 amantem
1640 4838 1925 4907 videmus;
1962 4842 2035 4897 ita
2136 4844 2323 4900 tentiis
2352 4844 2605 4912 vividior,
2646 4846 2967 4919 eloquentia
3006 4831 3244 4921 quadam
3278 4852 3463 4908 nativa
3490 4854 3751 4920 animata,

421 4943 545 4982 cum
576 4927 761 4985 minus
775 4937 921 4986 recte
953 4947 984 4985 a
1015 4931 1317 4986 Dcoderico
1338 4938 1491 5003 gesta
1522 4933 1578 4988 in
1609 4933 1717 4990 vita
1739 4936 1857 5007 ejus
1883 4953 2032 4994 non-
2137 4952 2248 4993 non
2282 4936 2404 4992 sine
2444 4936 2658 4993 facetiis
2689 4945 2743 4993 et
2782 4940 3038 4996 oratoriis
3054 4942 3367 5010 virtutibus,
3394 4945 3623 5003 omnino
3654 4962 3754 5002 nu-

422 5017 554 5072 dum
584 5019 874 5093 tetigisset,
908 5019 963 5074 in
992 5018 1262 5076 Chronico
1307 5036 1372 5076 ea
1402 5021 1697 5093 supplevit.
1732 5024 1786 5079 Si
1812 5043 1919 5098 qua
1949 5027 2037 5082 in-
2136 5036 2245 5084 tem
2279 5027 2501 5099 optimis
2539 5029 2660 5098 ejus
2698 5030 2874 5085 aetatis
2922 5033 3358 5090 annumeranda.
3390 5035 3450 5088 in
3483 5034 3752 5092 Chronico

1977 5135 2189 5191 NOT/E.

489 5227 633 5300 (66*)
659 5228 791 5285 Vide
816 5227 1395 5315 infra'obsergtiopes
1414 5246 1550 5315 quas
1570 5232 2030 5315 exHa‘rtz‘lie’imio
2133 5238 2977 5315 intelligendum,_quam_grufv§s
3014 5246 3063 5315 et
3084 5243 3306 5315 factiosus
3318 5243 3487 5310 fuerit
3517 5246 3631 5315 ipse
3647 5248 3749 5301 im-

417 5298 788 5396 ςςοηοςᾷωξη
817 5307 919 5396 ,1.1..
941 5300 1032 5365 lll,
1053 5317 1113 5396 pl
1129 5298 1314 5396 234,ιὲ
1328 5298 1475 5396 Quid
1503 5303 1568 5396 (ξε
1590 5305 2028 5396 SligcbeILt‘qu'cm:
2126 5298 2671 5396 ρίιζέιςῶεβιιωοηῖὸὶξε
2724 5298 2815 5365 Lf:
2836 5312 3127 5396 imiimi),
3156 5314 3279 5369 161.
3459 5385 3470 5395 .

2202 5380 2309 5454 (71)
2353 5380 2525 5437 Locus
2555 5381 2704 5454 enim
2737 5383 2864 5454 anni
2903 5383 3027 5448 773,
3057 5400 3166 5454 quo
3190 5385 3427 5440 maxime
3459 5385 3748 5444 infestatur

2128 5452 2457 5532 a.Grets_ero,
2491 5468 2620 5532 non.
2647 5452 2959 5532 ipsiusl‘enst,
2991 5452 3091 5509 sed
3135 5456 3554 5532 interpolatoris
3573 5458 3745 5532 Aqui-

2126 5521 2401 5597 cinensis;
2426 5521 2939 5597 epistolama.1085
2959 5526 3171 5597 recepit
3187 5521 3415 5595 tantum,
3438 5544 3546 5585 non
3562 5521 3739 5586 finxit.

415 5439 571 5517 1083’);
587 5439 997 5517 subjunginrus,
1020 5442 1168 5517 Eutr.
1202 5439 1568 5500 Paraetoniis.

633 5514 847 5597 Eleury,
877 5515 1026 5597 Hist;
1046 5515 1227 5597 cedes.
1263 5517 1295 5570 Ι.
1323 5531 1430 5597 Διχν
1470 5532 1526 5582 n,
1546 5517 1633 5571 40.

2135 5521 2323 5597 cineas

489 5585 603 5659 ((38)
641 5584 978 5659 Amphcoll:
1010 5585 1052 5659 l,
1083 5586 1209 5642 588.
1242 5593 1425 5659 notat
1508 5656 1545 5659 Α

2197 5584 2402 5659 (72m;
2440 5584 2563 5648 9'95.

632 5656 903 5734 ζῷα-ρ’ξῇ
940 5656 1079 5734 ᾀεᾼῑςι
1109 5660 1334 5734 France,
1365 5657 1450 5722 IX,
1483 5656 1607 5714 537.

2196 5656 2338 5734 (τῳ)
2379 5665 2438 5718 Α.
2471 5664 2595 5719 824.

488 5724 606 5818 (7le
633 5724 1109 5818 C‘fz‘P1073ftt84';
1144 5731 1229 5785 Iu’s
1258 5735 1529 5818 autem:
1549 5746 1724 5818 ἀρφ-ε
1756 5732 1911 5818 Νξᾷὸ.
1947 5734 2023 5818 De
2195 5724 2297 5803 (73,
2322 5724 2408 5818 'lit
2444 5737 2656 5791 scabere
2681 5734 2719 5792 i.
2753 5754 2805 5808 q.
2840 5752 3010 5810 scopo
3032 5739 3301 5796 mundare
3330 5758 3345 5809 ;
3376 5743 3589 5798 minare
3611 5744 3651 5800 i.
3680 5761 3735 5818 q.

416 5794 515 5856 vir.
552 5796 630 5857 ill.
660 5797 794 5857 105:
828 5800 986 5873 cujus
1006 5802 1172 5858 solius
1192 5803 1353 5859 verba
1375 5794 1658 5875 sufﬁciunt
1677 5804 1925 5860 omnibus
1949 5806 2023 5860 ad
2120 5794 2321 5869 "tener,
2354 5806 2576 5864 ducere.
