3894 6220
436 289 506 343 39
1611 284 2016 341 SIGEBERTUS
2053 282 2568 346 GEMBLACENSIS,
3683 288 3745 344 40

426 426 729 495 conjunxit,
771 430 827 479 ut
858 424 1034 479 codici
1068 423 1179 478 111*
1208 422 1911 493 accuratissimedescripto
1952 422 2044 477 ad-
2069 424 2118 493 Α
2147 425 2422 481 offuscatze
2472 427 2620 487 sunt,
2679 427 2739 475 ut
2813 418 3011 474 melius
3076 417 3348 492 legantur.
3406 420 3485 476 -F.
3552 422 3745 478 δι’δι-

423 520 619 587 jiceret
648 519 875 575 Roberti
900 527 1103 573 textum
1142 519 1292 572 illum
1316 517 1623 573 breviorem
1651 535 1701 574 a.
1728 519 2043 574 11554169

426 613 481 661 et
510 606 785 679 integrum
817 623 866 661 a.
901 607 1237 673 1169-1186,
1270 608 1548 678 adspersis
1578 609 1668 663 hic
1700 608 1814 664 illic
1854 610 2042 679 paucis

429 701 646 755 de-suo
705 701 1042 756 monasterio
1102 702 1342 769 notulis;
1374 703 1460 758 cui
1521 704 1574 757 in
1624 704 1819 760 eodem
1850 703 2042 759 codice

427 793 732 846 monachus
770 792 1226 847 Gemmeticensis
1277 793 1750 850 continuationem
1783 812 1833 849 a.
1876 796 2041 849 1187-

425 880 568 934 1210
597 879 898 948 subjunxit.
932 881 1084 936 Hunc
1134 881 1332 937 librum
1367 891 1558 938 nactus
1581 884 1882 938 Guilelmus
1915 883 2041 938 Par-

426 985 619 1035 vus,a.
650 970 809 1036 1513,
836 970 965 1024 inde
990 972 1295 1027 editionem
1331 973 1635 1043 principem
1666 972 1781 1026 ﬁeri
1807 973 2034 1028 curavit.

428 1059 527 1125 lta,
550 1075 672 1113 cum
718 1058 891 1113 codex
945 1059 1359 1131 Ursicampinus
1421 1063 1830 1134 conglutinatus
1886 1064 1957 1117 sit
2008 1079 2037 1116 e

431 1154 580 1201 textu
634 1148 1028 1213 Bellovacensi,
1098 1150 1513 1205 continuatione
1577 1151 1927 1206 Laudunensi
1986 1161 2039 1207 ct

431 1238 833 1306 Gemblacensi,
856 1240 993 1294 miro
1049 1242 1286 1311 quodam
1318 1240 1427 1297 fato
1466 1241 1666 1297 factum
1699 1251 1801 1310 est,
1844 1252 1900 1299 ut
1931 1245 2045 1299 edi-

432 1332 508 1388 tio
539 1331 798 1403 princeps
828 1341 993 1403 atque
1023 1339 1203 1387 textus
1244 1334 1530 1405 hucusque
1575 1343 1829 1407 receptus
1887 1338 2042 1408 quasi

428 1430 587 1475 cento
618 1418 774 1474 ﬁeret
813 1436 875 1474 ex
905 1421 1163 1476 omnibus
1203 1421 1430 1477 familiis
1460 1432 1727 1479 consutus
1757 1426 1924 1495 (137).

500 1510 804 1565 Codices.—
837 1507 1065 1563 Codices
1104 1509 1376 1583 Sigeberti
1405 1519 1569 1584 atque
1595 1514 2038 1571 continuatorum

2144 520 2215 589 (a.
2249 514 2557 571 1085-1111
2605 510 2934 582 protorebat)
2959 525 3056 565 seu
3099 509 3395 580 septimum
3438 514 3747 582 quaternio-

2144 623 2270 662 nem
2294 603 2514 675 scripsit
2538 601 2693 656 tertia
2721 615 2937 667 manus,
2970 599 3165 654 eadem
3210 616 3332 671 quin
3373 615 3402 654 a
3458 600 3745 656 1136-1137

2144 690 2532 765 pulcherrima.
2589 687 2796 743 Desinit
2840 687 2895 741 in
2944 687 3125 741 media
3180 687 3400 758 pagina,
3445 687 3605 756 cujus
3630 689 3747 742 reli-

2145 798 2255 854 qua
2287 797 2411 852 pars
2432 786 2585 835 vacat
2631 809 2688 818 -
2724 778 2779 833 Ρ.
2811 778 2881 832 55
2926 777 3105 833 solum
3133 777 3398 831 inscrtum
3430 777 3745 848 conscripsit

2110 920 2115 923 _
2143 877 2359 943 quarta,
2393 869 2556 940 longe
2585 866 2821 934 diversa,
2848 865 3136 937 subcrispa
3165 884 3183 932 ;
3217 864 3428 922 indices
3460 881 3741 942 regnorum

2142 964 2304 1018 nullae
2359 962 2690 1032 compendia
2772 961 3057 1032 scripturae
3150 966 3314 1032 atque
3361 960 3744 1033 orthographia

2140 1059 2266 1125 alia,
2314 1065 2371 1113 ut
2400 1060 2923 1125 karta,karissimus,
2975 1058 3226 1113 domin-us
3274 1073 3442 1128 papa,
3470 1059 3742 1119 Henricus,

2143 1164 2416 1203 menaeus.
2475 1148 2686 1203 Ultimae
2729 1147 2975 1201 dimidia:
3034 1147 3250 1220 paginae
3308 1163 3530 1216 manus,
3591 1162 3743 1219 quam

2144 1241 2420 1296 credimus
2448 1240 2710 1306 Anselmi,
2738 1240 3070 1311 praecedenti
3099 1240 3235 1294 satis
3279 1240 3504 1312 quidem
3535 1239 3745 1305 similis,

2145 1348 2249 1388 nec
2279 1341 2463 1387 tamen
2494 1331 2710 1399 eadem,
2743 1338 3048 1386 atramento
3101 1330 3264 1402 paulo
3294 1330 3746 1405 nigrioreinscri-

2146 1422 2253 1491 psit
2280 1436 2392 1476 uno
2425 1430 2614 1476 tenore
2646 1437 2849 1475 annum
2886 1420 3019 1476 1112
3050 1427 3104 1475 et
3156 1428 3388 1475 mortem
3437 1417 3746 1494 Sigeberti;

2142 1513 2249 1567 alia
2279 1512 2442 1583 paulo
2473 1519 2596 1584 post
2622 1515 2720 1582 qui
2745 1544 2801 1551 —
2828 1513 3050 1582 reliquit
3071 1511 3452 1567 addidit.Tum
3472 1511 3626 1567 nullo
3639 1526 3749 1581 spa-

429 1597 704 1652 exstitisse
729 1597 935 1651 scimus
962 1598 1053 1665 63,
1086 1615 1115 1653 c
1139 1599 1345 1671 quibus
1370 1602 1481 1669 jam
1514 1603 1789 1674 deperditi
1842 1605 1923 1670 19,
1949 1622 2043 1660 su-
2146 1604 2219 1659 tio
2260 1604 2475 1671 relicto,
2508 1603 2764 1677 paginam
2818 1603 3026 1658 claudit
3069 1620 3250 1659 annus
3298 1603 3459 1670 1113,
3516 1602 3748 1658 Anselmi

684 1689 771 1744 44.
807 1689 884 1799 Ex.
904 1689 993 1799 his
1022 1707 1053 1744 a
1077 1705 1272 1792 novem
1315 1701 1441 1748 ante
1474 1710 1575 1799 αρε
1607 1695 1913 1751 editoribus
1942 1697 2038 1751 ad-
2067 1732 2114 1799 Β
2144 1715 2308 1755 manu
2339 1699 2435 1754 sed
2467 1699 2574 1798 alio
2621 1708 2865 1799 temponr‘e
2890 1699 3171 1798 scriptus:
3203 1730 3269 1739 —-
3299 1700 3373 1798 1³.⁸
3402 1700 3587 1799 5672⁸
3600 1706 3747 1799 octa-

434 1779 592 1834 hibiti
620 1779 841 1835 fuerunt
868 1781 953 1845 12,
994 1797 1096 1836 nos
1140 1782 1223 1836 usi
1251 1799 1442 1839 sumus
1470 1785 1555 1841 33.
1593 1787 1732 1842 Sunt
1759 1787 1927 1862 igitur
1955 1805 2041 1844 co-
2067 1779 2114 1799 ¹’
2145 1806 2267 1844 vum
2297 1788 2715 1860 quaternionem
2758 1785 3025 1855 efﬁciunt,
3082 1787 3239 1857 cujus
3294 1788 3532 1859 primum
3563 1788 3744 1843 folium

430 1873 571 1926 dices
597 1873 827 1939 familia:
852 1873 1266 1930 Gemblacensis.
2137 1876 2249 1946 jam
2269 1887 2398 1933 ante
2443 1894 2491 1931 a.
2554 1877 2693 1932 1-11ὅ
2740 1877 2982 1932 excisum
3035 1884 3117 1932 est
3161 1894 3175 1945 ;
3222 1877 3297 1931 nil
3325 1884 3511 1932 tamen
3546 1876 3744 1933 deﬁcit.

505 1968 559 2036 1)
591 1966 770 2022 Codex
801 1969 931 2024 olim
982 1972 1039 2027 S.
1076 1974 1224 2027 Petri
1254 1971 1667 2041 Gcmblacensis,
1718 1975 1821 2031 hoc
1847 1991 2037 2032 everso

2144 1967 2325 2022 Annos
2363 1968 2493 2021 1111
2522 1966 2672 2022 1135.
2710 1966 2997 2021 Anselmus
3027 1966 3146 2037 ipse
3199 1966 3423 2038 scripsit
3451 1973 3747 2022 atramento

434 2056 489 2111 in
521 2071 718 2113 manus
738 2059 1006 2129 cauponis
1031 2059 1264 2127 delatus,
1296 2061 1423 2116 inde
1444 2072 1667 2133 ereptus
1692 2079 1791 2134 per
1818 2064 1877 2118 D.
1910 2065 2043 2119 Bau-
2143 2063 2198 2112 ei
2242 2055 2429 2111 habitu
2489 2055 2955 2127 quamplurimum
3022 2062 3231 2111 mutato
3261 2073 3276 2121 ;
3327 2067 3383 2110 ει
3422 2056 3648 2127 quidem
3698 2071 3745 2109 a-

432 2145 522 2211 de,
555 2163 586 2200 a
640 2161 751 2217 quo
808 2146 1209 2221 benignissime
1263 2151 1724 2206 communicatum
1794 2168 1845 2208 ει,
1902 2153 2042 2209 1840
2144 2146 2281 2199 1113
2314 2154 2364 2198 ct
2396 2145 2528 2200 1115
2581 2143 2806 2199 fortasse
2853 2160 2965 2199 uno
3011 2144 3220 2199 calamo
3281 2144 3749 2209 ;deindea1115

434 2234 550 2305 ipse
582 2235 811 2300 contuli,
833 2251 979 2289 nunc
1021 2235 1153 2290 bibl.
1209 2238 1570 2312 Burgundica:
1592 2239 2037 2295 Bruxellensisn.

434 2322 623 2390 18239,
657 2323 804 2377 unde
868 2324 1265 2399 benignissime
1298 2326 1460 2381 nobis
1519 2328 1895 2383 transmissum
1927 2329 2041 2383 edi-

432 2410 567 2465 tioni
598 2410 865 2466 faciendae
898 2413 1094 2467 iterum
1122 2414 1349 2470 adhibui
1384 2416 1629 2487 :optime
1682 2425 2040 2474 conservatus

430 2503 661 2559 membr.
687 2503 783 2559 fol.
840 2504 976 2559 min.
1018 2504 1273 2561 foliorum
1333 2508 1418 2563 62.
1476 2510 1877 2574 Quaterniones
1927 2526 2034 2567 non

428 2591 626 2664 signati
658 2609 672 2655 ;
709 2591 870 2646 linea:
890 2609 1038 2647 nunc
1068 2594 1206 2664 stylo
1240 2612 1386 2652 nunc
1439 2598 1664 2668 plumbo
1694 2600 1871 2655 ductaa
1906 2617 1919 2667 ;
1950 2601 2038 2655 lit-

429 2688 560 2736 tera:
606 2697 655 2737 s.
708 2698 782 2736 xn
840 2681 1106 2751 ineuntis,
1154 2700 1382 2741 summa:
1435 2688 1822 2759 simplicitatis,
1852 2692 2045 2748 littera:

434 2772 810 2858 pictaepraater
865 2774 1083 2829 titulum
1109 2775 1278 2832 minio
1319 2779 1584 2850 scriptum
1610 2776 1799 2837 nulla);
1829 2784 2045 2859 Regno-

432 2876 552 2914 rum
578 2854 792 2917 indices
847 2863 903 2916 in
930 2880 1146 2919 summa
1195 2867 1388 2937 quavis
1430 2869 1652 2942 pagina,
1694 2873 1821 2927 anni
1848 2854 2043 2929 Ch'risti

434 2949 489 3003 in
511 2952 756 3026 margine
785 2969 882 3023 per
908 2953 1181 3009 decennia
1229 2963 1441 3012 tantum
1497 2968 1768 3018 notantur.
1805 2963 2044 3039 Singulae

435 3043 729 3099 sententiae
761 3046 939 3116 spatio
999 3048 1194 3104 latiore
1224 3057 1279 3104 et
1300 3050 1483 3106 littera
1511 3054 1814 3121 majuscula
1840 3056 2045 3113 distin-

432 3140 691 3205 guuntur.
731 3136 1107 3208 lnterpunctio
1140 3140 1560 3216 planeegregia,
1584 3161 1706 3217 quae
1725 3146 1906 3203 ubivis
1935 3147 2046 3205 fere

434 3229 724 3285 retinenda
754 3230 874 3287 fuit.
910 3231 1112 3288 Calami
1144 3251 1361 3292 errores
1422 3254 1520 3308 per
1569 3246 1740 3295 totum
1797 3243 2043 3299 codicem

431 3321 868 3391 quatuordecim.
914 3323 1062 3379 Folia
1116 3326 1246 3380 1-42
1292 3328 1541 3399 quinque
1593 3331 2047 3401 quaternionibus

427 3416 620 3483 juncta
647 3427 884 3488 quatuor
921 3419 1154 3475 diversis
1196 3422 1543 3492 temporibus
1596 3426 1835 3482 exaravit
1886 3428 2046 3501 Sige-

433 3507 619 3563 bertus
672 3508 790 3579 ipse
841 3527 1005 3565 manu
1060 3514 1424 3587 autographa,
1472 3516 1686 3582 eadem,
1750 3535 1859 3590 qua
1885 3519 2046 3575 Gesta

433 3597 693 3652 abbatum
722 3598 1199 3656 Gemblacensium
1260 3603 1315 3657 in
1372 3604 1561 3659 codice
1607 3606 1878 3677 Lipsiensi
1911 3610 2048 3664 scri-

434 3686 564 3756 psit,
596 3686 826 3758 pulchra
878 3699 932 3744 et
977 3689 1133 3745 ﬁrma
1179 3692 1430 3764 adeoque
1488 3704 1761 3763 accurata,
1813 3704 1871 3752 ut
1920 3708 2043 3755 octo

431 3785 643 3835 tantum
662 3796 860 3852 pennae
902 3783 1088 3854 lapsus
1106 3786 1444 3842 commiserit
1473 3788 1779 3846 levissimos
1810 3805 1825 3860 ;
1859 3791 1897 3846 f.
1933 3793 2039 3848 1-2.

433 3875 648 3946 (Incipit
674 3908 746 3917 —
803 3880 1075 3949 Priamus)
1125 3897 1234 3937 uno
1283 3882 1515 3951 calamo,
1547 3883 1610 3939 51
1654 3902 1756 3957 per
1784 3886 2041 3960 paginam

430 3964 593 4021 lineis
622 3966 699 4032 ;f.
732 3967 843 4032 3-6,
884 3969 1021 4038 (Alii
1059 4000 1124 4010 —
1156 3986 1203 4025 a.
1253 3972 1383 4040 422)
1442 3982 1748 4031 atramento
1792 3975 1917 4034 alio.
1954 3976 2045 4032 lit-

430 4055 564 4109 teris
590 4056 897 4111 minoribus
943 4058 1043 4112 sed
1074 4075 1198 4130 qua:
1247 4062 1450 4116 sensim
1480 4063 1718 4134 priorem
1758 4066 2040 4140 magnituo

431 4143 616 4199 dinem
644 4145 935 4216 recipiunt,
969 4146 1133 4202 lineis
1154 4148 1356 4205 abhinc
1383 4167 1481 4220 per
1501 4159 1671 4208 totum
1696 4153 1787 4221 42,
1813 4154 2044 4210 interius

433 4239 673 4309 praefixis
707 4258 721 4306 ;
756 4240 779 4295 f
825 4242 859 4294 6
891 4239 1056 4297 ﬁnem
1109 4245 1183 4311 (a.
1216 4243 1465 4311 423-425)
1498 4246 1692 4303 litteris
1723 4248 1910 4305 subito
1940 4250 2045 4305 mi-

431 4332 661 4389 noribus
689 4351 703 4400 ;
730 4331 766 4387 f.
817 4334 951 4388 7-42
1002 4336 1069 4404 (a.
1103 4336 1356 4407 426-972)
1406 4346 1711 4398 atramento
1732 4343 1860 4409 alio,
1893 4344 2040 4416 quod

428 4424 631 4480 abhinc
674 4442 783 4481 non
840 4434 1097 4483 mutatur.
1157 4429 1352 4485 Postea
1407 4432 1639 4489 diversis
1696 4394 2115 4508 temporibusD

430 4525 621 4573 auctor
642 4517 763 4590 ipse
797 4518 886 4574 hic
916 4519 1029 4575 illic
1051 4520 1208 4592 plura
1237 4524 1494 4591 correxit,
1527 4525 1752 4595 delevit,
1790 4528 1990 4599 adjecit
2021 4548 2034 4595 ;

429 4615 631 4680 posta.
669 4610 775 4666 972
809 4611 1018 4667 nullum
1068 4612 1187 4681 ejus
1244 4616 1534 4690 vestigium
1582 4626 1827 4692 apparet.
1881 4651 1952 4662 --
1984 4622 2038 4678 F.

427 4700 594 4755 43-50
632 4701 702 4772 (a.
747 4702 1032 4777 973-1084)
1073 4722 1171 4762 seu
1217 4714 1427 4764 sextum
1483 4713 1900 4784 quaternionem
1921 4730 2043 4769 exa—

431 4790 567 4846 ravit
589 4793 834 4849 secunda
866 4812 1061 4851 manus
1087 4813 1131 4852 s.
1174 4816 1246 4853 xii
1294 4800 1349 4854 in
1380 4840 1394 4867 ,
1414 4801 1693 4859 simillima
1724 4804 2041 4878 Sigeberto,

427 4879 601 4935 sedin
628 4880 824 4936 litteris
854 4885 1171 4953 majusculis
1196 4889 1476 4956 ornatior;
1509 4892 1901 4967 orthographia
1933 4893 2038 4948 ali-

427 4968 752 5038 quantulum
784 4969 1047 5027 differens
1080 4991 1166 5042 ;a,
1224 4977 1373 5048 quod
1404 4977 1724 5051 Sigebertus
1753 4996 1974 5053 semper
2005 4985 2039 5037 ά

426 5056 670 5128 scripsit,
704 5068 933 5114 accentu
966 5070 1115 5116 caret
1144 5063 1211 5117 ab
1243 5065 1343 5120 hac
1393 5072 1446 5121 et
1477 5067 1840 5138 sequentibus
1867 5069 2039 5124 mani-

425 5146 531 5201 bus
560 5148 859 5214 omnibus;
916 5166 1115 5220 penna:
1161 5153 1346 5224 lapsus
1388 5163 1535 5223 tres;
1574 5157 1733 5213 lineae
1763 5176 1863 5230 per
1880 5161 2036 5231 pagi-

424 5252 548 5290 nam
567 5237 628 5291 M
668 5239 1036 5303 ;membrana
1073 5240 1322 5309 spissior,
1371 5245 1579 5303 laevior.
1631 5247 1762 5302 Tres
1821 5249 2036 5322 paginae

423 5340 546 5379 cum
577 5343 627 5383 a.
662 5326 905 5382 973-979
936 5337 991 5383 et
1017 5327 1176 5385 1077.
1209 5329 1608 5390 Ilitdebrandus
1634 5352 1732 5405 per
1760 5351 1938 5393 omnes
1970 5368 2037 5378 —

422 5433 472 5472 a.
505 5418 641 5474 1088
669 5418 765 5474 ﬁn.
791 5419 903 5490 jam
964 5429 1089 5476 ante
1124 5438 1294 5477 unum
1345 5424 1525 5481 duove
1576 5427 1774 5483 suacula
1802 5429 2037 5486 tinctura

2141 2237 2549 2292 etadditionem
2575 2236 2643 2291 ad
2667 2254 2716 2291 a.
2768 2237 2922 2292 1113.
2960 2245 3075 2291 tum
3126 2236 3434 2293 1116-1117
3468 2235 3643 2291 tribus
3674 2234 3749 2290 vi-

2142 2328 2298 2384 cibus
2317 2346 2400 2399 λθ.
2434 2328 2723 2383 1119-1121
2788 2328 3008 2398 scripsit
3048 2328 3240 2383 iterum
3297 2343 3494 2382 manus
3548 2326 3747 2390 tertia;

2139 2420 2236 2474 sed
2259 2420 2547 2475 Anselmus
2568 2436 2689 2474 eam
2710 2421 2964 2483 correxit,
3008 2429 3063 2475 et
3094 2420 3213 2491 ipsc
3263 2419 3483 2490 scripsit
3510 2435 3560 2473 a.
3584 2418 3746 2482 H22;

2141 2518 2253 2563 tum
2285 2525 2335 2564 a.
2382 2510 2521 2563 1123
2552 2511 2874 2581 etquzedam
2920 2509 3048 2564 anni
3087 2511 3224 2564 1117
3266 2526 3279 2564 :
3319 2517 3431 2566 tum
3463 2526 3515 2564 a.
3547 2510 3681 2563 1124
3701 2515 3751 2563 et

2150 2604 2286 2659 1125
2315 2604 2490 2659 tribus
2545 2604 2774 2668 vicibus,
2837 2603 2977 2659 1126
3032 2603 3266 2671 duabus,
3313 2604 3451 2659 1127
3521 2604 3749 2669 duabus,

2149 2698 2286 2753 1128
2327 2714 2442 2765 sex,
2489 2697 2627 2753 1129
2680 2697 2914 2752 duabus:
2962 2698 3021 2751 1n
3076 2713 3126 2751 a.
3187 2697 3328 2752 1130
3377 2712 3501 2752 cum
3549 2696 3750 2752 calamo

2148 2792 2389 2845 animum
2442 2790 2668 2845 mutavit
2719 2807 2732 2844 :
2792 2790 3113 2862 Gregorium
3166 2786 3339 2845 modo
3388 2789 3747 2861 vimperatum

2151 2880 2358 2947 laudat,
2417 2879 2731 2934 Lotharium
2802 2879 3081 2933 laudatum
3138 2878 3413 2949 vituperat
3464 2895 3479 2943 ;
3541 2876 3751 2933 a.“32

2147 2972 2349 3027 iterum
2393 2988 2515 3044 quae
2582 2972 2756 3042 primo
2814 2971 3108 3041 scripserat
3175 2979 3366 3025 contra
3419 2969 3751 3034 Lotharium,

2147 3065 2311 3135 paulo
2343 3072 2466 3135 post
2489 3063 2814 3119 immutavit.
2848 3062 3042 3118 Manus
3091 3069 3273 3117 tamen
3307 3062 3361 3116 in
3393 3062 3480 3116 his
3538 3077 3752 3132 prorsus

2148 3158 2364 3224 eadem,
2399 3156 2662 3223 Anselmi,
2690 3172 2866 3228 usque
2897 3156 2963 3210 ad
2987 3173 3035 3211 a.
3071 3156 3210 3211 1145
3241 3154 3427 3210 ﬁnem.
3467 3186 3524 3196 —
3555 3155 3752 3210 A.H36

2151 3254 2346 3307 iterum
2374 3269 2568 3308 manus
2633 3253 2792 3308 tertia
2849 3252 3090 3323 scripsit,
3140 3251 3307 3306 ﬁnem
3357 3250 3681 3306 aliuserasit
3706 3257 3754 3304 et

2147 3342 2475 3398 aliumfecit.
2512 3374 2581 3383 —
2627 3344 2683 3397 A.
2737 3343 2872 3398 1137
2914 3367 2925 3389 ο
2971 3342 3216 3398 Prudens
3263 3362 3288 3393 »
3341 3341 3754 3397 succeditsexta

2149 3433 2277 3503 (1η.)
2305 3432 2693 3503 pulcherrima,
2754 3448 2848 3487 sex
2901 3431 3117 3486 vicibus
3186 3430 3455 3485 calamum
3513 3444 3752 3485 sumens.

2147 3521 2292 3579 -Ᾱ“.
2321 3525 2461 3581 1145
2494 3546 2523 3575 α
2563 3527 2740 3581 Remis
2768 3545 2790 3575 η
2828 3523 3065 3595 septima
3107 3522 3360 3594 sequitur
3406 3537 3520 3577 uno
3573 3530 3756 3577 tenore

2148 3637 2323 3693 usque
2348 3620 2415 3675 ad
2447 3622 2762 3688 transactis,
2816 3619 2912 3674 ubi
2949 3620 3005 3674 in
3037 3617 3145 3673 ﬁne
3178 3617 3393 3693 paginae
3421 3617 3650 3685 desinit,
3683 3616 3761 3672 ul-

2148 3717 2277 3771 tima
2329 3714 2709 3787 quaternionis
2755 3721 2808 3769 et
2856 3714 3064 3769 codicis
3104 3713 3307 3788 pagina
3358 3729 3531 3768 vacua
3550 3712 3754 3769 relicta.

2148 3837 2210 3846 -—
2245 3806 2513 3860 Praeterea
2556 3804 2871 3860 additiones
2919 3810 2973 3858 et
3030 3802 3407 3859 correctiones
3435 3819 3541 3873 per
3589 3810 3754 3858 totum

2148 3898 2394 3953 codicem
2421 3897 2606 3952 multae
2629 3895 2999 3967 reperiuntur,
3041 3912 3177 3967 quas
3203 3895 3275 3950 ita
3321 3894 3754 3967 distinguimus:

2149 3986 2470 4059 Sigebertus
2521 3994 2807 4058 postquam
2859 3996 2998 4055 Opus
3042 3984 3282 4055 scripsit,
3364 3984 3525 4055 plura
3589 3985 3644 4039 in
3697 3997 3758 4037 eo

2148 4078 2495 4149 postmodum
2537 4077 2773 4133 correxit
2823 4077 2970 4131 curis
3012 4078 3296 4146 secundis,
3337 4082 3647 4131 atramento
3679 4074 3758 4129 ni-

2147 4184 2244 4241 gro
2277 4167 2421 4233 ;alia
2478 4174 2667 4238 postea
2708 4181 2951 4239 quoque,
3003 4167 3151 4222 curis
3195 4166 3391 4233 tertiis,
3443 4172 3753 4222 atramento

2146 4256 2427 4323 subfusca,
2448 4271 2611 4310 manu
2638 4254 2828 4310 nitida.
2890 4254 3013 4310 llaec
3051 4255 3238 4310 omnia
3266 4255 3527 4326 leguntur
3558 4255 3615 4309 in
3646 4270 3755 4310 om-

2146 4349 2311 4404 nibus
2331 4348 2616 4404 codicibus
2648 4366 2662 4414 ;
2694 4348 2834 4402 facta
2874 4347 3045 4422 igitur
3102 4356 3234 4402 sunt
3266 4347 3588 4419 priusquam
3621 4362 3754 4418 opus

2148 4456 2325 4512 primo
2356 4440 2632 4496 ederetur.
2681 4471 2747 4480 —
2778 4439 2980 4494 Praeter
3009 4441 3129 4495 haec
3162 4440 3283 4494 aliae
3318 4455 3535 4507 manus,
3568 4441 3594 4493 1
3634 4449 3681 4515 β.
3704 4464 3748 4510 γ.

2141 4538 2184 4586 δ.
2213 4554 2278 4599 ε.,
2323 4538 2483 4587 aetate
2532 4522 2822 4604 Sigeberto
2864 4547 3091 4602 prorsus
3131 4531 3401 4604 aequales;
3436 4532 3632 4588 habitu
3679 4543 3753 4589 ta-

2143 4635 2289 4682 men,
2325 4619 2690 4689 compendiis,
2725 4626 3031 4675 atramento
3087 4620 3366 4691 paululum
3420 4628 3475 4675 ct
3509 4622 3579 4676 ab
3607 4638 3675 4678 eo
3704 4628 3753 4676 et

2143 4711 2285 4767 inter
2300 4726 2357 4765 se
2377 4710 2630 4774 diversae,
2655 4709 2810 4781 plura
2841 4711 3197 4779 addiderunt,
3225 4712 3421 4783 partim
3456 4712 3511 4767 in
3544 4731 3748 4783 rasura,

2143 4802 2340 4875 partim
2382 4801 2437 4856 in
2489 4802 2757 4876 margine,
2810 4803 2908 4857 sed
2964 4813 3161 4875 posta.
3194 4804 3298 4860 972
3343 4821 3453 4877 quo
3483 4806 3751 4883 Sigeberti

2143 4907 2339 4946 manus
2366 4890 2593 4955 desinit,
2613 4905 2724 4944 non
2749 4890 2862 4958 jam
2893 4900 3209 4961 occurrunt,
3236 4896 3484 4966 exceptis
3514 4914 3565 4952 a.
3595 4898 3748 4963 1003,

2141 4978 2638 5044 1012,1076.11ξε‹;
2665 4994 2812 5034 unus
2866 4981 2925 5035 Α.
2973 4982 3176 5036 omittit
3211 4983 3417 5051 omnia,
3467 4993 3525 5039 et
3571 4985 3630 5038 in
3678 4999 3754 5037 ra-

2138 5066 2279 5122 soris
2299 5066 2407 5120 illis
2434 5065 2758 5138 plerumque
2791 5067 2962 5123 habet
2991 5085 3055 5123 ea
3081 5086 3204 5141 quae
3234 5070 3555 5144 Sigebertus
3576 5072 3752 5142 primo

2139 5158 2214 5213 ibi
2252 5159 2590 5230 scripserat;
2642 5159 2789 5230 apud
2847 5160 3227 5217 Ekkehardum
3269 5179 3491 5235 quoque
3533 5171 3589 5219 et
3605 5162 3751 5218 Wal-

2139 5260 2370 5308 tramum
2397 5266 2588 5306 eorum
2630 5252 2705 5306 nil
2760 5252 3055 5324 reperitur,
3104 5255 3301 5326 reliqui
3339 5262 3519 5310 autem
3554 5263 3754 5327 praeter

2137 5345 2198 5399 A.
2229 5343 2451 5399 codices
2482 5344 2580 5397 has
2613 5344 2638 5398 1
2671 5353 2724 5412 β.
2760 5369 2806 5415 γ.
2844 5352 2887 5403 δ.
2924 5367 2965 5403 ε.
3006 5345 3322 5402 additiones
3365 5354 3421 5403 et
3460 5349 3753 5404 correctio-

2139 5447 2239 5487 nes
2262 5430 2446 5486 ubivis
2479 5430 2685 5486 habent
2705 5447 2900 5489 omnes
2934 5450 2947 5487 :
2983 5433 3131 5489 unde
3179 5444 3409 5507 apparet
3454 5435 3633 5492 factas
3662 5453 3751 5492 eas

1982 5561 2194 5617 NOTAE.

489 5645 638 5734 (137)
677 5647 753 5729 lin
792 5645 1031 5734 familias
1070 5648 1324 5734 codicum
1365 5656 1531 5721 atque
1570 5654 2079 5727 contintiationum,
2122 5674 2353 5731 quarum
2385 5658 2846 5731 interpolationes
2881 5659 3042 5734 signo

424 5715 557 5772 Vide
590 5715 847 5793 paginam
878 5719 1304 5790 praecedentem.

3362 5663 3748 5721 indicavimus.

3079 5696 3338 5709 ..ξ-
