3894 6220
141 284 202 338 ιδ
995 339 1008 353 ,
1580 299 2083 365 PROLEGOMENA.

155 408 470 477 Gregorius,
512 412 839 480 Anselmus,
880 417 1189 483 Sigebertus
1237 423 1589 491 monachique
1625 425 1781 480 Gem-

156 497 418 553 btu-censes
445 498 516 554 de
547 503 740 568 reg-nis
766 505 816 554 et
871 506 1198 573 temporibus
1228 508 1617 566 ordinaverunt
1649 528 1778 568 suas

156 595 378 663 quisque
407 596 693 650 historias.
731 598 838 652 Sed
874 615 991 653 cum
1022 603 1261 656 omnium
1284 605 1651 673 predictorum
1693 608 1778 662 hi-

150 689 349 740 storias
376 689 604 742 minime
631 689 973 756 haberemus,
1016 694 1233 749 tandem
1262 702 1541 752 exortante
1571 715 1661 753 seu
1687 703 1779 770 pie
1878 703 2116 772 perdito,
2144 709 2317 765 codex
2333 711 2444 782 jam
2469 689 2817 776 desinit-cum
2847 689 3229 797 quaternione.

152 781 489 831 ammonente
513 782 676 847 patre
713 781 798 843 P.,
826 782 926 834 Dei
960 786 1145 848 gratia
1173 784 1336 854 hujus
1365 787 1594 842 ecclesiae
1623 789 1776 844 Mar-

149 867 460 923 chianensis
479 870 786 924 venerando
808 874 1075 940 ministro,
1099 879 1440 932 exortatione
1468 881 1629 934 etiam
1641 896 1774 950 quo-

147 963 390 1018 rundam
445 965 688 1031 fratrum
722 1009 756 1020 ..
799 982 892 1034 ego
919 969 1098 1035 frater
1133 973 1176 1026 R
1204 975 1441 1028 omnium
1495 978 1771 1041 minimus,

147 1054 450 1108 secundum
484 1056 698 1110 abbatis
715 1059 1000 1126 imperium
1029 1063 1370 1129 quorundam
1387 1066 1770 1134 predietorum,

145 1145 401 1200 videlicet
457 1147 698 1201 Eusebii.
739 1149 1051 1216 Hieronimi,
1113 1154 1367 1222 Prosperi
1422 1161 1471 1210 et
1509 1158 1776 1224 Sigeberti

148 1238 550 1294 Gembtacensis
574 1240 832 1295 historias
860 1243 1217 1298 transcribere
1234 1249 1446 1302 curavi.
1471 1248 1620 1304 Unde
1643 1253 1776 1321 quia

1246 1353 1411 1408 usque
1437 1341 1510 1395 ad
1531 1344 1773 1410 primum

142 1437 357 1476 annum
403 1424 718 1478 nativitatis
766 1426 990 1480 Abrahe
1031 1430 1253 1483 minime
1300 1434 1544 1500 repperi:
1579 1432 1677 1488 hac
1707 1434 1774 1489 de

146 1331 205 1382 in
255 1329 533 1398 predictis
579 1332 823 1387 historiis
853 1338 1190 1390 cronicas....

140 1525 312 1564 causa
343 1525 508 1578 ego...
551 1513 628 1566 ad
678 1513 928 1582 predicta
977 1520 1217 1586 tempora
1270 1520 1457 1575 stilum
1483 1524 1766 1578 retorsi...

144 1604 316 1672 Expl.
337 1605 502 1673 pref.
539 1605 626 1660 Ab
646 1606 849 1674 optimo
876 1623 1064 1662 rerum
1092 1614 1352 1679 creatore,
1381 1621 1488 1669 etc.
1511 1613 1771 1684 Sequitur

145 1711 288 1766 Opus
316 1696 496 1767 ipsius
537 1695 627 1763 B.,
660 1698 809 1768 quod
862 1697 939 1753 nil
965 1707 1048 1755 est
1097 1701 1203 1756 nisi
1253 1703 1428 1758 series
1475 1720 1742 1762 annorum

3418 349 3488 406 46

1800 431 1858 499 Α
1884 438 2245 532 ῐῐξοη.ῐο“υιιο“;
2276 452 2335 532 θ’..
2372 441 2502 532 1201
2543 454 2736 512 postea
2764 449 2997 510 addidit.
3043 458 3344 532 Sequentia
3364 484 3485 525 om-

1882 517 1974 572 nia
2001 518 2130 575 inde
2170 522 2238 576 ab
2265 525 2374 579 alia
2402 547 2431 578 ι
2461 531 2606 586 Obiit
2634 553 2659 583 ι
2699 551 2892 594 manus
2929 558 2974 598 s.
3011 561 3107 601 xm
3134 517 3485 614 mne-tenore

1880 610 2131 682 ascripsit
2170 629 2233 670 ex
2272 619 2576 678 Annalibus
2613 625 3050 701 Aquicinctinis;
3111 643 3210 696 sed
3241 645 3349 702 fine
3387 610 3484 706 agi

3261 767 3328 778 —
3353 739 3486 796 Tex-

1876 798 1988 849 tum
2029 798 2254 856 exhibet
2284 802 2560 875 Sigeberti
2599 815 2928 889 secundum,
2986 805 3237 882 accurate
3276 830 3487 889 descri-

1876 892 2052 956 ptum;
2086 892 2315 950 aliarum
2349 914 2606 958 manuum
2638 907 2867 982 vestigia
2913 912 3093 983 nulla;
3126 935 3330 978 rasurae
3361 925 3484 984 dua:

1874 979 2108 1083 a.’m773.,
2163 985 2332 1051 1105;
2392 993 2574 1048 omisit
2613 979 2861 1068 quaedam
2903 1021 2954 1060 a.
3015 979 3139 1077 95⁷1,
3200 1015 3324 1083 958,

1875 1070 2031 1172 meo,
2071 1074 2230 1172 1113,
2290 1083 2446 1172 1119,
2488 1087 2642 1153 1123,
2694 1091 2849 1162 1127,
2892 1096 3053 1165 1128,
3110 1070 3480 1172 1130,1101:

1876 1159 2034 1258 1132,
2088 1164 2247 1234 1136,
2289 1169 2358 1224 de
2409 1171 2791 1234 Gemblacensi
2835 1159 3076 1258 aliisque
3131 1159 3483 1257 monasteriis

1875 1247 2162 1348 pleraque,
2213 1271 2242 1309 a
2288 1258 2491 1328 quibus
2521 1266 2785 1323 nonnulla
2840 1270 2955 1338 jam
2984 1247 3046 1330 in
3076 1247 3478 1348 ejus—

1874 1335 2380 1443 dei‘u‘iss‘eno‘portct.
2425 1349 2807 1412 Additamenta
2843 1335 3014 1418 liabet
3036 1382 3086 1421 a.
3105 1335 3477 1443 6076,1079;

1872 1423 2241 1527 1051010114,
2298 1434 2456 1527 1084,
2521 1439 2849 1511 1086-1096,
2907 1449 3069 1520 1100,
3119 1423 3281 1527 1105}:
3317 1423 3474 1521 11ὀεῖ

1871 1517 2028 1585 1111,
2060 1520 2218 1587 1130,
2251 1539 2318 1579 ex
2347 1526 2404 1580 B.
2435 1531 2650 1600 omnia;
2678 1539 2901 1608 propria
2932 1517 3099 1600 nulla.
3132 1517 3338 1609 Alienas
3371 1517 3480 1612 at;

1871 1621 2120 1711 nus-per
2143 1621 2312 1668 totum
2357 1617 2604 1675 codicem
2636 1638 2804 1680 unum
2838 1637 3047 1688 tantum
3096 1640 3385 1711 vestigium
3419 1647 3476 1700 in

1869 1711 1918 1749 a.
1947 1697 2070 1754 773.
2099 1701 2219 1771 lpse
2249 1706 2475 1761 contuli.

141 1748 958 1856 appesirtisﬁbrevibiisnetitiis
988 1804 1052 1843 ex
1090 1805 1244 1845 sacra
1271 1791 1564 1863 scriptura,
1597 1748 1764 1864 Beda:
1787 1749 1844 1818 B
1942 1748 2314 1864 [BN-{Codex
2344 1799 2402 1855 S.
2460 1799 2710 1860 Winnoci
2753 1810 3038 1880 Bergensis
3066 1817 3178 1886 jam
3215 1821 3474 1894 deperdi~

140 1879 304 1934 Petro
337 1878 679 1945 Comestore,
710 1880 1000 1938 Vincentio
1021 1883 1232 1954 petitis.
1264 1885 1390 1940 Haec
1417 1887 1609 1942 decem
1635 1887 1765 1944 folia

138 1967 321 2024 codici
345 1969 462 2039 jam
493 1969 647 2040 prius
685 1986 715 2022 a
754 1985 814 2024 se
855 1972 1168 2042 conscripto
1196 1975 1519 2045 praeposuit,
1550 1977 1765 2032 eidem-

137 2080 249 2135 que
310 2079 464 2120 nunc
506 2065 564 2119 in
593 2066 866 2140 margine,
912 2083 1062 2123 nunc
1099 2068 1245 2123 inter
1288 2070 1483 2138 lineas,
1515 2087 1661 2128 nunc
1703 2073 1758 2128 in

131 2156 383 2212 scedulis
401 2156 606 2212 assutis
625 2157 1006 2214 additamenta
1038 2161 1242 2230 adjecit
1267 2162 1358 2230 36,
1383 2171 1612 2235 excepta
1639 2181 1759 2222 om-

131 2245 223 2300 nia
255 2262 324 2301 ex
351 2246 477 2301 Vita
510 2246 564 2301 S.
617 2246 848 2301 Amandi
879 2265 928 2303 a.
962 2248 1089 2314 371',
1121 2249 1247 2317 609,
1305 2250 1430 2319 610,
1455 2253 1581 2319 6‘26,
1629 2254 1757 2323 633,

130 2340 257 2408 648,
291 2341 423 2408 649,
455 2340 582 2408 661,
610 2341 752 2408 677;
794 2341 1074 2398 Rictrudis
1128 2343 1254 2413 614,
1310 2345 1438 2416 645,
1469 2347 1596 2418 659,
1627 2349 1751 2416 687,

129 2432 225 2488 701
255 2451 271 2499 ;
311 2431 539 2487 V'edasti
568 2433 704 2499 687;
760 2434 934 2489 Amati
967 2435 1094 2500 666,
1125 2436 1252 2504 685,
1285 2438 1418 2504 690;
1471 2440 1752 2497 Gertrudis

129 2525 271 2591 655;
326 2526 638 2581 Annalibus
686 2525 1194 2583 Marchianensibus
1243 2529 1368 2597 633,
1405 2532 1544 2598 653;
1590 2533 1752 2590 Elno-

131 2614 406 2670 nensibus
458 2616 583 2680 614,
632 2615 758 2681 691,
797 2615 922 2681 598,
955 2617 1084 2688 782,
1129 2617 1255 2684 828,
1283 2619 1408 2674 855.
1441 2621 1566 2687 862,
1619 2623 1745 2690 871,

133 2705 261 2773 907,
299 2707 457 2772 1041,
487 2705 830 2774 1050-1089;
863 2715 920 2764 et
947 2709 1016 2764 de
1047 2713 1383 2767 monasterio
1433 2711 1490 2767 S.
1518 2715 1748 2770 Amandi

136 2796 262 2859 828,
291 2797 420 2863 974,
446 2797 602 2853 1118.
629 2796 1112 2856 Continuationem
1136 2801 1249 2870 jam
1276 2802 1481 2856 claudit
1509 2819 1560 2858 a.
1590 2805 1744 2871 1167,

138 2905 166 2933 ε
207 2888 522 2951 revertitur,
569 2908 589 2935 ι
636 2887 723 2940 cui
773 2897 884 2942 tres
941 2889 1164 2944 notitias
1194 2890 1444 2961 ascripsit
1475 2908 1538 2946 ex
1572 2893 1752 2947 conti-

137 2975 405 3032 nuatione
458 2977 814 3048 Aquicinensi
869 2987 924 3034 et
975 2981 1278 3036 Annalibus
1325 2981 1747 3039 Elnonensibus.

133 3068 384 3138 Subjecit
407 3068 601 3125 Jacobi
654 3069 722 3125 de
747 3071 982 3128 Vitriaco
1023 3073 1310 3129 Historiam
1365 3074 1750 3148 Hierosolymi-

128 3169 310 3216 tanam
341 3177 521 3233 usque
553 3163 607 3216 in
638 3163 884 3219 medium
915 3181 961 3220 c.
1004 3165 1094 3234 90,
1129 3173 1293 3239 atque
1327 3168 1634 3225 Chronicon
1687 3187 1736 3224 a.

129 3252 286 3318 1187,
318 3252 481 3318 1280,
512 3271 542 3303 α
572 3254 794 3308 cisio-nis
825 3257 1494 3326 receperat—obligatum
1525 3262 1740 3315 iuvenca

126 3349 274 3412 runt,
311 3367 334 3395 ι
367 3344 516 3416 quod
545 3343 602 3399 in
634 3345 704 3400 [)1
748 3361 968 3420 quoque
1000 3347 1070 3404 ab
1101 3347 1210 3405 alio
1239 3356 1485 3406 assutum
1514 3351 1734 3425 legitur.

129 3435 250 3505 lpse
281 3435 512 3491 contuli.

198 3526 254 3596 (Β
281 3528 339 3595 5)
369 3525 549 3583 Codex
580 3529 640 3584 S.
679 3529 986 3585 Saluatoris
1022 3530 1428 3600 Aquicineusis,
1453 3532 1564 3601 jam
1606 3533 1745 3589 Dua-

129 3617 333 3684 censis,
366 3633 422 3671 n.
456 3616 578 3682 756,
613 3616 782 3683 mbr.,
834 3624 1011 3688 quart.
1047 3634 1216 3686 max.,
1269 3620 1540 3674 columnis
1564 3622 1743 3693 primo

128 3708 388 3783 singulis,
408 3707 476 3762 ab
509 3725 559 3763 a.
599 3708 706 3765 902
735 3707 901 3776 binis,
924 3709 1296 3780 pulcherrime
1325 3720 1580 3768 exaratus
1609 3730 1742 3785 qua-

130 3806 252 3853 tuor
280 3796 541 3853 manibus
566 3815 614 3852 s.
647 3815 721 3853 χιι
761 3800 1036 3867 exeuntis,
1069 3816 1100 3854 e
1131 3802 1330 3872 quibus
1359 3803 1537 3874 prima
1572 3805 1744 3860 Euse-

132 3891 302 3957 bium,
343 3889 758 3962 Hieronymum,
817 3891 1168 3963 Prosperum,
1230 3894 1574 3966 Sigebertum
1609 3898 1743 3953 scri-

130 3982 234 4053 psit
261 3996 376 4036 uno
406 3990 599 4037 tenore
625 3991 788 4055 atque
827 3990 1153 4050 atramento,
1188 3983 1363 4041 forma
1392 3988 1569 4043 codici
1601 3990 1622 4042 1
1667 3989 1741 4044 si-

129 4073 357 4127 milima.
407 4073 682 4140 Secunda,
715 4074 770 4128 in
814 4075 996 4130 media
1035 4075 1182 4131 linea
1231 4093 1488 4152 pergens,
1517 4096 1628 4135 uno
1660 4087 1743 4136 te-

129 4183 260 4223 nore
291 4168 497 4238 adjecit
532 4169 848 4224 Anselmum
889 4176 1053 4243 atque
1085 4171 1512 4229 Gemblacenses
1563 4191 1742 4248 usque

133 4256 196 4309 ad
223 4273 274 4311 a.
309 4257 474 4323 1148,
511 4277 536 4308 α
563 4263 805 4314 mortuus
834 4265 928 4325 est,
965 4281 987 4310 ι
1016 4260 1109 4315 ubi
1140 4277 1263 4317 cum
1300 4271 1495 4335 quarto
1523 4273 1746 4336 quater-

1866 1885 1973 1946 tus,
2002 1898 2168 1954 quem
2205 1889 2482 1948 exstitisse
2513 1895 2832 1964 conjectura
2874 1885 3084 1962 tantum
3125 1885 3352 1983 scimus,
3376 1918 3474 1973 de-

1865 1970 2100 2072 scriptus
2133 1974 2234 2031 fuit
2259 1993 2324 2033 ex
2383 1980 2504 2052 ipso
2557 1984 2654 2052 B5,
2710 2003 2834 2044 cum
2880 1995 3132 2054 ultimum
3185 1970 3352 2072 hujus

1862 2059 1993 2163 lium
2021 2064 2200 2123 adhuc
2253 2070 2490 2128 adesset.
2528 2077 2585 2131 In
2615 2077 2906 2152 Sigeberto
2937 2088 3114 2158 qualis
3143 2059 3325 2163 fuerit,
3371 2059 3473 2155 ne-

1859 2154 2095 2258 scimus,
2147 2163 2620 2225 continuationem
2662 2173 2794 2228 satis
2846 2154 2988 2234 bene
3046 2154 3364 2258 descripsit,
3417 2202 3474 2248 at

1860 2240 2009 2299 brevi
2041 2246 2160 2315 ejus
2189 2254 2482 2322 appendici
2513 2272 2564 2312 a.
2599 2259 2928 2334 1201-1237,
2963 2269 3198 2339 plurima

1857 2339 1987 2408 suit,
2019 2348 2078 2396 ut
2107 2343 2358 2402 videmus
2387 2365 2452 2404 ex
2493 2353 2616 2421 ejus
2644 2362 2963 2432 apographo
2994 2365 3158 2435 85",

1850 2702 1969 2758 sine
2007 2705 2120 2761 ullo
2151 2708 2310 2764 titulo
2358 2714 2584 2770 exhibet
2618 2702 3087 2782 coutinuationem
3124 2702 3465 2802 Aquicinen;

1848 2805 1963 2846 sem
2008 2809 2064 2850 a.
2120 2797 2424 2857 1149-1201
2485 2819 2608 2858 cum
2679 2812 2985 2878 appendice
3050 2832 3101 2870 a.
3166 2797 3462 2880 1201-1237

1855 2886 2041 2942 multis
2089 2888 2612 2962 interpolationibus
2663 2900 2914 2970 adaucta,
2947 2922 3085 2977 quas
3136 2916 3462 2973 amonacbo

1857 2975 2116 3052 Bergensi
2145 2981 2314 3040 factas
2343 2992 2400 3041 et
2437 2985 2494 3041 in
2540 2989 2685 3044 Bb"
2715 3008 2781 3047 ex
2809 2994 2904 3051 illo
2933 2975 3056 3054 cum
3089 3002 3226 3058 mira
3255 3014 3464 3079 tempo-

1852 3082 1972 3121 rum
2003 3070 2328 3128 confusione
2359 3075 2665 3149 descriptas
2694 3097 2816 3138 esse
2863 3098 3111 3158 apparet.
3147 3092 3281 3150 Huic
3327 3070 3463 3154 con-

1849 3158 2139 3218 tinuationi
2169 3165 2348 3221 scriba
2380 3169 2790 3230 Blandiniensis
2819 3180 3123 3240 arctissime
3152 3186 3459 3257 subjunxit,

1840 3256 1995 3324 quasi
2052 3273 2223 3316 unum
2277 3271 2424 3320 esset
2468 3281 2632 3338 Opus,
2690 3270 2930 3330 Annales
2963 3293 3014 3333 a.
3065 3279 3381 3341 1205-1288
3429 3256 3460 3343 a

1839 3349 2255 3413 continuatione
2287 3357 2549 3434 Bergensi
2596 3379 2759 3438 quam
2792 3370 3034 3427 maxime
3059 3373 3294 3434 alienos.
3331 3381 3458 3453 Ipse

1845 3441 2137 3514 descripsi.

1916 3534 2131 3629 85'".)
2186 3539 2366 3598 Codex
2421 3546 2674 3617 Batuzii,
2727 3551 2840 3620 jam
2899 3555 3082 3629 regius
3132 3558 3460 3620 Parisiensis

1844 3622 2014 3691 5M0,
2055 3627 2250 3694 chart.,
2295 3631 2415 3700 fol,
2441 3651 2486 3690 s.
2515 3634 2626 3691 XVI
2685 3655 2809 3707 ex.;
2870 3622 3222 3706 nil'continet
3271 3652 3375 3709 nisi
3405 3670 3455 3710 ε.

1849 3711 2159 3810 1119-1288
2185 3720 2488 3792 exscriptos
2516 3744 2540 3773 α
2566 3740 2594 3778 e
2617 3727 2806 3783 codice
2829 3729 2883 3784 S.
2913 3730 3058 3789 Petri
3090 3736 3453 3810 Gandensis,»

1846 3803 1940 3873 qui
1972 3812 2056 3860 est
2084 3815 2268 3864 noster
2294 3810 2460 3868 B5“.
2495 3814 2620 3883 lpse
2657 3819 2886 3874 contuli.

1917 3893 2170 3963 85⁸⁵³⁵⁷⁸³⁵.)
2204 3897 2382 3955 Codex
2415 3901 2603 3974 regius
2639 3906 2968 3965 Parisiensis
3018 3912 3161 3970 inter
3209 3919 3460 3978 residuos

1845 3983 1898 4038 S.
1962 3984 2214 4042 Germani
2270 3988 2358 4055 13,
2407 3991 2462 4057 5,
2520 4007 2665 4048 anno
2717 3995 2854 4050 1719
2902 3998 3214 4074 descriptus
3260 4015 3343 4064 est
3391 4026 3457 4066 ex

1845 4075 2040 4132 B5‘".
2074 4080 2093 4133 1
2102 4096 2197 4150 pse
2227 4081 2460 4152 inspexi.

1915 4168 1970 4225 3.
2005 4170 2224 4228 Codices
2246 4176 2480 4240 familia:
2505 4177 2920 4238 Attrebatensis.

1921 4264 2020 4336 [(2.]
2077 4265 2254 4323 Codex
2309 4269 2542 4327 fortasse
2591 4277 2982 4343 Atrebatensis,
3042 4298 3203 4352 quem
3254 4286 3455 4344 descri-

132 4349 314 4402 nionis
346 4348 481 4404 folio
513 4350 738 4406 desinit.
767 4350 947 4406 Tertia
986 4355 1456 4411 centinuationem
1483 4373 1534 4411 a.
1568 4357 1819 4472 11:1,9-D
1845 4363 1995 4426 ptum
2028 4357 2197 4412 fuisse
2227 4367 2440 4429 Oportet
2481 4379 2546 4417 ex
2577 4364 2658 4428 B.,
2692 4375 2984 4439 antequam
3017 4348 3106 4426 hic
3144 4375 3456 4434 Anselmum

132 4447 265 4472 ΙΙΗο
297 4448 514 4472 η..-ζ--2ι
560 4449 615 4472 ζ..
667 4464 807 4472 ..λ-.-
861 4453 1216 4472 ._---.-___:----
1306 4454 1447 4472 μύοηκ
1527 4455 1623 4472 ...ον
1666 4471 1676 4472 γ
1847 4456 2012 4472 --ι..---
2047 4451 2264 4472 μη---ι-1-
2287 4469 2432 4472 ,-αγ.
2557 4457 2612 4472 μ·
2752 4466 2760 4472 .
2833 4461 2866 4472 .-
2973 4463 2982 4472 .
3130 4464 3142 4472 .
3169 4466 3202 4472 --
3237 4468 3245 4472 -
3335 4468 3366 4472 --

131 4447 267 4500 1158
297 4448 518 4518 scripsit
560 4449 617 4502 in
667 4464 811 4504 novo
857 4453 1244 4521 quaternione,
1297 4454 1456 4523 cujus
1512 4447 1818 4525 primam”
1847 4456 2016 4521 utque
2047 4451 2473 4510 Gemblacenses
2503 4457 2784 4525 adjiceret.
2830 4461 2902 4515 Ex
2933 4463 3053 4532 ejus
3077 4464 3458 4526 additionibus

127 4539 382 4612 paginam
421 4555 652 4594 vacuam
684 4540 934 4612 reliquit;
969 4541 1268 4600 destinavit
1297 4545 1464 4619 igitur
1493 4545 1739 4603 codicem
1843 4543 2106 4613 plurimas
2147 4546 2376 4615 recepit,
2420 4547 2636 4619 aliquas
2692 4553 2912 4618 omisit;
2973 4555 3091 4624 ipse
3151 4574 3457 4629 perpaucas

123 4630 367 4685 scribere
426 4639 740 4702 separatum
799 4643 963 4704 atque
1022 4636 1379 4706 peculiarem.
1439 4639 1503 4692 At
1543 4645 1739 4710 quarta
1841 4640 2049 4690 tantum
2089 4635 2159 4691 de
2212 4653 2312 4693 suo
2375 4639 2522 4694 fecit.
2592 4642 2824 4698 Nomina
2891 4646 3119 4702 multum
3189 4655 3453 4724 corrupit.

125 4723 380 4779 eumdem
412 4723 586 4795 priori
637 4724 716 4779 illi
758 4727 1045 4796 conjunxit
1093 4729 1189 4797 ita,
1245 4737 1304 4785 ut
1341 4731 1489 4786 illius
1544 4731 1739 4786 ultima

1867 4724 1990 4780 ilius
2025 4725 2228 4781 deinde
2269 4729 2745 4786 continuationem
2775 4749 2952 4804 usque
2982 4735 3053 4791 ad
3087 4753 3136 4795 a.
3171 4738 3287 4796 fere
3318 4723 3455 4799 1127

1839 4816 2076 4883 addidit,
2108 4818 2267 4888 cujus
2289 4820 2520 4894 vestigia
2539 4822 2795 4878 videmus
2821 4825 2876 4879 iu
2911 4825 3003 4892 C3,
3027 4829 3116 4885 4*.

1912 4904 2026 4977 Ci.)
2074 4906 2256 4962 Codex
2335 4911 2775 4978 Cantabrigensis
2855 4913 3066 4986 Corpus
3115 4916 3311 4976 Christi
3362 4923 3453 4986 51,

1838 4997 2008 5067 mbr.,
2066 4998 2187 5066 101.,
2241 5017 2286 5056 s.
2337 5017 2434 5056 xm
2476 5018 2587 5068 ex.,
2644 5004 2698 5058 in
2727 5003 2896 5063 Catal.
2940 5008 3066 5065 libr.
3131 5028 3261 5068 mss.
3295 5015 3455 5089 Angl.

1840 5086 1880 5152 1,
1914 5087 1966 5140 3.
1997 5104 2053 5142 ιι.
2087 5087 2246 5155 1333,
2277 5088 2366 5155 51,
2398 5092 2644 5148 continet
2674 5093 2829 5163 Eus.,
2867 5097 2952 5165 11.,
2984 5097 3068 5166 P.,
3101 5086 3453 5174 Sigebertu'm

1839 5192 2002 5248 quem
2036 5176 2274 5233 ﬁdeliter
2313 5179 2620 5250 exscripsit.
2655 5182 2783 5248 Quae
2829 5185 2977 5240 enim
3009 5186 3209 5244 desunt
3236 5192 3454 5262 paucis-

121 4824 355 4887 quatuor
382 4815 537 4878 folia,
593 4816 669 4871 nil
719 4817 826 4872 nisi
867 4817 1030 4874 finem
1081 4837 1129 4875 a.
1193 4822 1329 4878 1148
1374 4824 1736 4888 c'ontinentia,

120 4909 423 4974 excideret,
473 4908 641 4964 finem
692 4910 858 4965 istum
889 4914 1280 4970 transcriberet
1316 4916 1371 4970 in
1404 4917 1663 4990 paginam
1708 4936 1736 4974 a

117 5001 279 5056 tertia
308 5017 478 5056 manu
533 5017 764 5057 vacuam
807 5003 1075 5071 relictam,
1109 5012 1166 5061 et
1206 5007 1326 5077 ipsa
1365 5009 1738 5068 continuatio-

114 5111 241 5150 nem
283 5095 591 5152 deduceret
621 5111 798 5168 usque
843 5097 910 5151 ad
945 5114 1149 5154 annum
1190 5099 1350 5167 1201,
1383 5102 1595 5159 calamo
1627 5119 1738 5161 non

115 5183 342 5255 quidem
367 5185 440 5240 ita
472 5185 763 5254 continuo,
805 5194 864 5242 ut
895 5188 1054 5244 trium
1085 5190 1324 5260 priorum
1368 5207 1653 5260 manuum,
1686 5201 1739 5249 at
1839 5192 2002 5274 quem
2036 5183 2274 5285 iidem?
2313 5183 2620 5285 exs‘cripsu-
2655 5183 2783 5280 Qua?
2829 5185 2977 5285 θξιίω

115 5289 297 5346 neque
327 5273 494 5330 rebus
513 5274 742 5346 aequali.
778 5275 964 5332 Ubivis
1011 5279 1194 5349 potius
1222 5281 1420 5336 scribae
1450 5283 1598 5337 vices
1626 5284 1740 5356 egit
1838 5265 1998 5331 δίαιθ’
2039 5265 2173 5334 jam'
2217 5265 2274 5321 δ’
2334 5268 2420 5322 "el
2470 5269 2526 5322 θ’
2579 5270 2910 5340 omiseram;
2968 5274 3340 5334 additamenta
3401 5297 3450 5335 ³·

114 5378 398 5436 nunquam
452 5363 729 5427 auctoris;
787 5363 861 5418 ita
891 5365 1084 5422 ultimo
1135 5365 1256 5423 loco
1314 5369 1535 5424 nonnisi
1576 5372 1740 5426 duer—

1867 5361 2127 5430 51,1690,
2161 5361 2284 5430 773,
2326 5362 2488 5430 1048,
2521 5364 2679 5429 1076,
2713 5367 2874 5435 1079,
2912 5369 3070 5438 1880,
3103 5372 3264 5439 1084,
3292 5374 3453 5442 1086,

112 5455 334 5512 nionem
381 5455 605 5526 adjecit.
689 5472 814 5510 cum
877 5458 1089 5515 videret
1152 5459 1408 5530 pluribus
1463 5462 1569 5517 sibi
1627 5479 1737 5519 non

1872 5453 1999 5523 087,
2057 5455 2219 5523 1088,
2264 5455 2595 5528 1090-1096,
2645 5460 2803 5527 1099,
2857 5464 3016 5531 1100,
3079 5467 3236 5533 1105,
3292 5468 3452 5534 1109,

109 5560 246 5617 opus
274 5562 397 5604 esse
428 5563 610 5620 usque
641 5548 712 5602 ad
747 5564 951 5605 annum
985 5550 1146 5615 1200,
1187 5566 1365 5608 annos
1408 5553 1735 5623 1191-1200,
1841 5548 2000 5615 1111,
2029 5548 2216 5602 omnia
2252 5549 2400 5620 εμπιιί
2439 5552 2578 5607 alios
2607 5569 2828 5624 quoque
2885 5555 3172 5629 leguntur;
3231 5559 3456 5630 propria

113 5650 246 5706 quos
276 5635 343 5691 ab
395 5644 628 5694 auctore
659 5635 900 5692 diversis
936 5640 1098 5694 annis
1128 5641 1469 5712 compositos
1498 5658 1621 5698 esse
1655 5644 1737 5699 vi-

117 5726 306 5798 dimus,
334 5729 518 5787 scriba
542 5726 861 5786 continenti
888 5730 1098 5789 calamo
1119 5731 1364 5790 exaravit
1391 5740 1557 5804 atque
1585 5741 1734 5790 atra-

1839 5641 2268 5710 nonjhabetnisi
2298 5660 2349 5698 a.
2382 5645 2507 5713 640,
2549 5646 2655 5702 698
2710 5648 2988 5717 (depositio
3040 5654 3226 5707 evimii
3269 5654 3453 5708 Patris

1838 5738 2011 5790 nostri
2037 5737 2267 5806 Bertini)
2300 5736 2426 5804 807,
2458 5737 2582 5804 820,
2630 5755 2752 5808 qua:
2781 5738 2865 5794 vel
2900 5738 3046 5809 apud
3080 5741 3136 5793 S.
3170 5742 3448 5796 Bertinum
