3894 6220
145 365 210 422 ι,
1549 350 2058 409 PBOLEGOMENA.
3400 356 3472 416 so

147 501 360 569 guntur,
400 498 460 549 et
480 491 597 548 alia
635 489 891 563 quaedam
958 487 1167 545 nullius
1195 484 1486 544 momenti.
1517 482 1761 542 Contulit
1782 485 1837 556 Α
1858 489 2018 556 speri,
2044 487 2318 556 Sigeberti,
2349 494 2401 543 et
2437 490 2733 558 propriam,
2791 503 2893 559 que
2918 493 2979 544 in
3004 492 3116 557 ﬁne
3139 493 3381 563 ponitur.
3408 496 3478 548 De

148 584 329 640 Waitz.

211 672 349 744 Dii]
402 670 589 728 Codex
648 672 1051 739 Ursicampinus
1133 665 1278 721 inter
1336 679 1389 719 a.
1445 660 1760 721 1155-1200

147 767 405 829 exaratus,
458 759 787 817 continebat
840 757 921 824 E.,
954 756 1042 823 IL,
1076 753 1159 821 P,,
1184 754 1267 821 S.,
1298 753 1367 808 ad
1390 751 1621 808 verbum
1648 751 1756 807 de-

146 854 367 924 scriptos
393 867 462 907 ex
508 849 601 919 ω,
654 864 822 922 quem
852 864 957 903 nec
1007 846 1258 913 mutavit,
1300 860 1405 900 nec
1429 843 1754 910 decurtavit,

146 945 235 1001 sed
262 943 620 1015 interpolavit
676 942 801 1013 plus
846 940 918 995 50
968 939 1107 995 locis
1161 954 1229 993 ex
1294 935 1538 992 Galfrido
1587 942 1756 1007 atque

148 1033 356 1089 aliunde
408 1029 742 1102 desumptis.
785 1028 921 1084 Dein
969 1025 1448 1083 continuationem
1500 1039 1551 1078 a.
1586 1021 1754 1077 1115-

151 1124 276 1182 1155
298 1140 440 1190 eam,
496 1139 664 1195 quam
726 1120 1003 1176 editiones
1054 1124 1256 1189 praeter
1284 1115 1529 1170 Miraeum
1560 1128 1756 1169 omnes

148 1215 363 1280 habent,
385 1218 709 1284 excerptum
751 1226 815 1265 ex
848 1210 934 1275 BI,
963 1223 1131 1280 quem
1158 1206 1216 1261 in
1248 1203 1441 1277 primis
1470 1201 1633 1257 annis
1690 1216 1756 1255 ex

146 1302 387 1357 Anselmo
418 1299 804 1371 interpolavit,
845 1297 974 1352 inde
1002 1296 1070 1351 ab
1097 1312 1147 1349 a.
1182 1293 1322 1349 1129
1350 1292 1627 1366 integrum
1659 1289 1757 1344 de-

145 1394 370 1466 scripsit,
402 1394 473 1447 de
532 1408 634 1447 suo
689 1389 1008 1462 quindecim
1046 1386 1360 1443 additiones
1391 1384 1621 1439 faciens.
1656 1381 1756 1437 Co-

146 1489 306 1543 dicem
333 1488 446 1560 jam
475 1485 833 1558 deperditum
864 1483 1121 1539 novimus
1168 1496 1232 1537 ex
1273 1477 1608 1555 apographis
1638 1476 1758 1546 ejus

147 1575 269 1629 Di"
292 1584 346 1629 et
402 1573 544 1641 E8h,
603 1566 753 1627 unde
811 1570 1190 1625 additamenta
1231 1569 1352 1637 ejus
1409 1566 1669 1621 dabimus
1699 1564 1755 1619 in

152 1681 308 1721 unum
336 1665 568 1721 collecta
592 1681 608 1731 ;
643 1662 1117 1719 continuationem
1145 1660 1418 1733 integram
1449 1673 1560 1713 non
1589 1671 1755 1712 reco-

155 1775 394 1830 quemus.

1859 579 2083 634 historia
2108 581 2276 635 Orosii
2297 594 2465 650 quam
2490 581 2619 646 fecit
2669 581 2734 634 de
2767 583 3006 637 Ormesta
3029 585 3242 639 mundi.
3280 603 3307 636 α
3337 586 3476 640 Sunt

1858 670 1927 724 ab
1952 671 2127 726 Adam
2168 675 2344 741 primo
2397 674 2727 727 homine.....
2762 678 2814 728 et
2860 675 3227 744 predicattone
3264 680 3477 732 Domini

1857 765 2029 819 nostri
2084 767 2211 818 Iesu
2264 766 2462 819 Christi
2517 767 2657 820 anni
2712 764 2838 821 251.
2897 789 2924 812 ιο
2982 765 3165 822 Codex
3228 767 3350 838 ipse
3404 767 3478 823 29

1858 851 2274 923 quaterniorum
2313 869 2346 908 a
2383 853 2638 923 pluribus
2658 862 2911 910 cxaratus
2941 861 3045 911 est.
3072 855 3250 911 Prima
3280 872 3478 912 manus

1855 943 2079 1014 scripsit
2128 945 2207 1009 E.,
2241 944 2327 1010 H.,
2359 946 2440 1011 P.,
2477 946 2557 1011 S.,
2610 946 2705 1017 qui
2735 946 2931 1018 incipit
2964 965 2977 1001 :
3010 951 3207 1018 Incipit
3225 950 3476 1020 prologue

1853 1035 2099 1103 Sigiberti
2148 1037 2535 1093 Gemblacensis
2582 1039 2836 1093 monachi
2885 1042 2946 1094 in
2982 1041 3474 1110 Chronographiom

1854 1126 1922 1180 ab
1949 1141 2005 1180 eo
2029 1128 2251 1197 editam,
2305 1145 2472 1198 quam
2523 1132 2721 1198 incepit
2750 1146 2784 1184 a
2813 1130 2943 1187 381°
2983 1133 3124 1186 dom.
3158 1135 3267 1187 inc.
3301 1146 3468 1199 anno,

1855 1220 1907 1270 et
1925 1215 2179 1283 perduxit
2192 1231 2357 1285 usque
2383 1218 2453 1271 ad
2471 1217 2690 1272 110οιιω
2721 1235 2954 1287 annum,
2985 1236 3089 1290 quo
3103 1235 3250 1276 anno
3261 1223 3474 1290 primus

1856 1308 2116 1360 Henricus
2144 1320 2243 1366 res:
2268 1308 2565 1377 Anglorum
2588 1312 2724 1380 cepit
2751 1324 3033 1378 regnaret:
3049 1314 3312 1379 Dicturi,»
3340 1319 3472 1381 etc.,

1857 1399 1913 1446 et
1942 1391 2150 1448 desinit
2179 1410 2192 1447 :
2228 1413 2255 1445 α
2285 1398 2632 1464 Aquicinensi
2668 1401 2866 1467 posuit.
2905 1419 2926 1449 ι
2961 1400 3196 1469 Explicit
3221 1401 3478 1454 chronica

1855 1481 2103 1549 Sigiberti
2155 1497 2300 1538 mon.
2359 1488 2421 1539 G.
2473 1488 2671 1554 Incipit
2722 1488 2968 1555 prologus
3024 1487 3257 1544 Rotberti
3322 1491 3383 1542 in
3409 1502 3474 1543 ea

1856 1589 1975 1641 quae
1999 1581 2304 1643 sequuntur
2325 1576 2389 1632 de
2413 1582 2712 1647 temporum
2768 1580 3118 1649 descriptione
3171 1580 3357 1652 [usque
3403 1582 3475 1636 ad

1858 1667 2075 1722 “84m
2113 1685 2329 1729 annum
2374 1670 2429 1725 in
2486 1687 2676 1727 rasura
2719 1673 2932 1727 addidit
2996 1673 3191 1729 eadem
3245 1689 3471 1729 manus.

1859 1772 1982 1827 qua:
2015 1755 2050 1810 f.
2097 1758 2131 1811 3
2213 1764 2269 1812 et
2327 1757 2468 1813 infra
2503 1776 2553 1815 a.
2595 1760 2902 1817 1181-1184
2942 1762 3180 1833 scripsit,
3222 1762 3468 1833 Roberti]

212 1847 395 1915 Νη.)
449 1846 639 1901 Codex
690 1848 1021 1900 Divionensis
1073 1841 1200 1908 322,
1260 1840 1428 1907 mbr.,
1460 1838 1583 1905 fol.,
1646 1854 1754 1894 una

1866 1825 1892 1891 ι*
1915 1851 1987 1901 De
2012 1848 2573 1917 chronographia——
2582 1853 3001 1907 incarnationis.
3037 1825 3070 1898 εί
3092 1825 3177 1907 De
3208 1825 3473 1907 immuta:

151 1955 302 1994 manu
331 1956 375 1994 s.
409 1956 482 1994 xu
512 1938 771 1994 exeuntis
809 1953 873 1992 ex
926 1936 1040 1991 ΒῙ*
1089 1934 1402 2006 descriptus
1450 1940 1602 1987 tanta
1633 1947 1755 1987 cum

151 2030 264 2099 ﬁde,
287 2039 344 2086 ut
367 2047 435 2086 ne
464 2031 701 2087 verbum
730 2036 745 2083 l
757 2029 982 2101 quidem
1027 2027 1277 2092 adderet,
1319 2041 1421 2081 nec
1454 2024 1752 2080 omitteret.

153 2124 373 2181 Contulit
393 2125 592 2194 Waita,
634 2139 797 2199 quem
829 2122 901 2179 cf.
949 2122 1004 2176 in
1034 2120 1339 2176 Annalibus
1392 2117 1594 2174 nostris
1640 2117 1753 2185 VII,

152 2214 260 2270 334.

214 2302 532 2376 D2)Codéx
560 2310 617 2363 S.
664 2309 880 2362 Victoris
934 2305 1252 2359 Parisiensis
1278 2299 1406 2368 238,
1448 2298 1759 2367 mbr.,fol.,

153 2414 177 2451 s
218 2415 287 2452 xu
317 2415 427 2465 ex.,
454 2399 710 2454 continet
738 2397 824 2464 E.,
847 2394 932 2463 IL,
958 2396 1038 2460 P.,
1072 2395 1153 2461 S.,
1187 2409 1310 2448 cum
1339 2391 1761 2448 continuatione

153 2486 511 2544 Bellovacensi
543 2486 752 2558 exipso
783 2487 843 2541 Ι).
864 2483 1157 2557 Splendide
1183 2483 1430 2555 quidem,
1447 2482 1546 2537 sed
1564 2497 1755 2553 quam-

152 2580 380 2649 plurimis
435 2580 669 2636 omissis
708 2579 1012 2649 descriptos
1068 2595 1083 2644 ;
1122 2575 1330 2632 nullius
1368 2589 1500 2650 ergo
1565 2573 1750 2646 pretii.

154 2670 376 2741 Inspexit
404 2670 583 2725 Waitz
617 2676 823 2725 noster.

218 2763 268 2817 5.
288 2765 487 2819 Codices
518 2763 734 2818 Roberti
761 2763 825 2818 de
853 2765 1041 2817 Monte.

221 2852 344 2926 [ετ]
376 2853 561 2910 Codex
592 2857 885 2918 Beccensis,
926 2851 1151 2908 Roberti
1191 2850 1583 2925 autographus.
1642 2849 1754 2920 jam

156 2947 476 3018 deperditus,
504 2964 577 3004 ex
609 2947 672 3002 D.
706 2946 1019 3017 descriptos
1074 2945 1393 3002 continebat
1441 2943 1526 3009 E.,
1550 2942 1638 3009 IL,
1671 2941 1754 3009 P.,

159 3036 208 3090 S.
238 3053 266 3090 a
318 3037 559 3093 Boberto
612 3035 1029 3107 interpolatum,
1083 3050 1207 3089 cum
1254 3034 1421 3102 hujus
1468 3032 1758 3088 continua-

1859 1940 2002 1992 tione
2022 1940 2225 1994 ordinis
2270 1943 2677 2009 monachorum,
2740 1944 2804 1998 de
2861 1944 2979 1998 abb.
3010 1950 3061 2000 et
3086 1944 3315 1999 abbatiis
3340 1950 3473 1999 Nor-

1856 2029 2082 2081 mannie
2108 2034 2159 2082 et
2186 2029 2355 2094 edi/ie.
2412 2044 2605 2085 earum
2640 2050 2667 2082 ι
2695 2032 2857 2100 Libet,
2889 2050 2914 2083 ι
2937 2040 3071 2100 etc.,
3110 2039 3171 2088 ut
3196 2032 3342 2104 apud
3369 2033 3477 2088 Da-

1860 2114 2026 2186 chery
2066 2132 2121 2186 p.
2176 2117 2300 2172 811.
2358 2117 2464 2173 Sed
2516 2118 2829 2176 rubricator
2884 2122 3120 2196 margini
3173 2121 3473 2195 apposuit:

1859 2209 2011 2277 Βρεμι.
2036 2210 2301 2278 prologus.
2361 2214 2802 2281 Consequentiam
2856 2217 3275 2287 chronographie
3322 2219 3474 2271 inve-

1860 2303 1974 2355 nies
2000 2303 2224 2357 inantea
2252 2306 2311 2356 in
2339 2304 2646 2360 duodecimo
2671 2307 2816 2373 folio.
2873 2310 2972 2363 Hic
3000 2312 3146 2364 enim
3180 2311 3315 2364 vicio
3336 2311 3473 2363 scri-

1855 2394 2025 2460 ptoris
2049 2393 2296 2461 quedam,
2328 2395 2449 2449 licet
2473 2411 2584 2450 non
2620 2397 2847 2465 indigna
2900 2402 3182 2467 memoria,
3237 2402 3475 2469 interpo-

1854 2494 2088 2541 nuntur.
2124 2486 2269 2542 Finis
2293 2488 2459 2556 hujus
2487 2495 2749 2545 tractatus
2772 2491 2828 2544 in
2844 2506 3032 2547 rasura
3048 2492 3344 2564 ampliatus
3362 2500 3471 2549 est.

1855 2581 2052 2647 Incipit
2099 2582 2319 2649 epistola
2370 2584 2589 2636 Henrici
2652 2584 3021 2639 archidiaconi
3071 2584 3142 2638 ad
3194 2587 3473 2641 Warinum

1855 2666 1919 2718 de
1945 2667 2157 2734 regibus
2181 2672 2466 2723 Britonum
2527 2672 2948 2734 «(lueris—vale,
2989 2694 3011 2716 -
3040 2676 3173 2727 Item
3198 2673 3264 2728 de
3287 2674 3473 2729 eadem

1855 2759 2092 2826 hystoria
2146 2762 2732 2818 «Adhuc—invenitur.
2765 2783 2788 2814 ιο
2826 2768 2908 2818 Ea:
2954 2766 3139 2820 eadem
3186 2769 3388 2835 ystoria
3409 2768 3474 2822 de

1855 2848 2122 2903 modernis
2170 2853 2374 2904 sanctis
2428 2852 2619 2920 Anglic
2675 2875 2698 2897 ι
2741 2854 3232 2914 Quis-irradiant.
3268 2876 3295 2901 ι
3326 2858 3471 2910 Inci-

1853 2938 2016 3004 piunt
2042 2941 2256 2992 croniea
2286 2939 2497 2993 Roberti
2528 2962 2555 2986 κ
2613 2943 2891 3008 Henricus,
2924 2963 2949 2987 η
2996 2949 3101 2997 etc.
3136 2941 3316 2998 Prima
3353 2943 3473 2999 hinc

1858 3037 2054 3078 manus
2083 3025 2315 3095 pulchra
2345 3043 2392 3081 s.
2425 3044 2497 3081 xu
2535 3028 2704 3083 medii
2760 3029 2881 3084 sine
2906 3030 3019 3085 ulla
3063 3030 3471 3105 interruptione

159 3125 293 3182 tione
318 3144 367 3182 ει.
400 3123 724 3183 1100-1153
763 3131 824 3180 et
844 3130 1074 3180 tractatu
1105 3124 1182 3179 De
1206 3121 1586 3178 immutatione
1605 3120 1757 3177 ordi-
1785 3182 1828 3200 Α
1857 3118 2122 3174 continuo
2149 3121 2359 3177 calamo
2390 3121 2614 3193 scripsit
2634 3122 2704 3178 ab
2754 3124 2915 3180 initio
2954 3125 3165 3182 codicis
3192 3142 3372 3200 usque
3401 3127 3471 3184 ad

160 3219 235 3273 nis
267 3182 688 3275 monachorum.
735 3217 1013 3273 Iudicatur
1064 3216 1121 3271 in
1176 3215 1426 3290 catalogo
1489 3182 1907 3268 librorumCa.
1959 3210 2120 3275 1156,
2156 3231 2181 3262 α
2228 3182 2562 3268 subsecutus
2590 3220 2694 3279 est,
2742 3233 2768 3265 »
2826 3214 3015 3271 habitu
3057 3223 3113 3272 et
3165 3182 3472 3274 atramento

156 3307 515 3377 Beccensium,
538 3316 600 3365 et
630 3325 660 3363 a
705 3308 947 3363 Roberto
989 3307 1108 3378 ipso
1142 3306 1197 3361 in
1248 3304 1484 3376 epistola
1511 3302 1588 3360 E6
1618 3318 1757 3373 prae-

153 3393 249 3449 fixa
277 3413 290 3449 :
316 3400 533 3469 Reliqua
563 3413 712 3464 vero,
741 3412 862 3465 quae
912 3398 1017 3463 feci
1066 3402 1362 3464 antequam
1414 3394 1485 3447 ad
1531 3396 1760 3447 Montem

153 3489 387 3554 venerim,
419 3487 569 3557 apud
593 3501 682 3541 vos
710 3490 843 3540 sunt
870 3488 931 3539 in
954 3486 1236 3549 chronicis,
1268 3497 1388 3552 quae
1413 3497 1541 3536 cum
1561 3494 1760 3549 magno

155 3577 313 3633 labore
337 3580 506 3634 habui
558 3579 627 3634 de
671 3580 907 3648 episcopo
954 3578 1278 3633 Belvacensi.
1346 3573 1490 3630 Fons
1519 3580 1601 3629 est
1653 3587 1756 3628 co-

155 3662 279 3721 dicis
296 3666 350 3721 Ε.

216 3774 292 3847 Ε.)
311 3776 489 3834 Codex
514 3782 578 3835 S.
627 3778 894 3833 Michaelis
920 3777 986 3833 de
1008 3778 1252 3832 Pericula
1278 3778 1440 3831 Maris
1467 3774 1522 3829 in
1555 3773 1758 3828 North-

156 3864 378 3932 mannia,
398 3865 510 3936 jam
542 3865 687 3922 bibl.
720 3864 874 3937 publ.
932 3864 1315 3932 Abrincensis,
1361 3879 1417 3918 n.
1457 3864 1547 3931 86,
1582 3862 1754 3931 mbr.,

156 3950 239 4009 fol.
297 3958 430 4014 min.
488 3958 663 4014 Foliis
700 3960 753 4029 l,
791 3959 847 4027 2,
900 3966 1025 4031 post
1068 3976 1277 4016 annum
1332 3960 1556 4014 demum
1614 3957 1756 4015 1184

158 4047 314 4103 codici
376 4047 689 4121 praepositis
729 4063 761 4102 a
797 4064 964 4104 manu
1016 4065 1063 4104 s.
1096 4067 1172 4104 xu
1200 4066 1289 4106 ex.
1342 4048 1595 4119 inscripti
1624 4054 1754 4104 sunt

160 4140 303 4193 Tituli
325 4141 591 4196 librorum
617 4155 746 4208 quos
796 4141 938 4196 dedit
983 4141 1260 4210 Philippus
1287 4141 1557 4209 episcOpus
1586 4141 1748 4208 Baja-

157 4231 307 4284 censis
332 4231 561 4286 ecclesia
590 4233 762 4298 Becci,
783 4236 949 4301 atque
980 4232 1143 4287 Tituli
1168 4230 1431 4285 librorum
1483 4232 1753 4285 Beccensis

426 4320 640 4376 Folium
698 4320 732 4375 3
776 4319 889 4390 jam
936 4335 1084 4376 anno
1137 4321 1276 4376 1184
1332 4318 1603 4374 Robertus
1633 4319 1751 4388 ipse

155 4410 450 4479 praeposuit,
499 4418 563 4467 ut
608 4419 757 4466 esset
802 4410 1009 4466 codicis
1063 4409 1279 4477 titulus,
1328 4424 1603 4482 versoque
1636 4408 1754 4464 hac

1859 3304 2051 3360 eadem
2108 3321 2331 3377 prorsus
2395 3306 2607 3380 ubique
2688 3325 2938 3366 manens.
3020 3310 3201 3367 Lineaa
3243 3312 3472 3383 plumbo

1860 3398 2037 3453 ductae
2070 3398 2303 3463 ;litterae
2335 3398 2577 3456 inttiales
2603 3401 2802 3469 rubrae,
2826 3402 3053 3470 virides,
3071 3404 3319 3459 caerulcae
3342 3422 3356 3459 :
3382 3405 3474 3460 ha-

1861 3492 2008 3549 bitus
2033 3499 2181 3549 totus
2211 3493 2358 3549 idem
2390 3494 2482 3567 qui
2505 3495 2561 3551 in
2588 3496 2651 3550 D.
2685 3503 2741 3552 et
2774 3497 2901 3552 I.ln
2920 3497 3240 3553 hominibus
3266 3498 3470 3555 variat:

1859 3588 2080 3641 Hericus
2109 3592 2165 3640 et
2190 3589 2432 3643 Hciricus
2460 3606 2479 3656 ;
2511 3591 2871 3645 Northmanni
2894 3591 3073 3661 primo
3101 3598 3294 3661 postea
3331 3607 3475 3647 sem-

1857 3695 1958 3751 per
1984 3685 2300 3750 Normanni,
2329 3699 2451 3740 raro
2480 3689 2739 3741 Normani
2761 3703 2781 3753 ;
2821 3686 3079 3741 anelme
3111 3692 3166 3742 et
3189 3689 3472 3757 Duneline,

1857 3772 1968 3828 imo
1998 3775 2251 3829 Duveline
2276 3789 2292 3841 ;
2314 3790 2535 3846 semper
2555 3775 2670 3832 fere
2723 3779 2979 3843 Willmus,
3013 3793 3136 3834 raro
3162 3781 3470 3837 ‘Guilimus.

1857 3864 2133 3939 integrum
2164 3865 2335 3921 semel
2358 3872 2567 3921 tantum
2598 3867 2861 3923 scribitur
2887 3870 3209 3925 Gnillermus
3238 3886 3291 3925 a.
3332 3871 3474 3929 1183

1857 3960 1926 4015 ab
1955 3961 2080 4032 ipso
2104 3961 2343 4017 Roberto
2373 3979 2389 4029 ;
2419 3964 2541 4030 dns,
2562 3962 2609 4018 si
2646 3963 2943 4038 integrum,
2965 3978 3188 4035 semper
3207 3965 3420 4022 donnus
3451 3983 3467 4031 ;

1856 4055 2086 4110 ecclesia
2116 4052 2275 4109 initio
2307 4062 2639 4122 constanter,
2698 4062 2892 4127 postea
2952 4056 3208 4122 ecclesie;
3270 4064 3472 4128 praeter

1853 4146 1998 4202 hanc
2028 4161 2218 4201 vocem
2252 4144 2436 4201 ubivis
2459 4160 2488 4201 e
2515 4161 2675 4216 proe,
2704 4162 2851 4215 (e,ce.
2869 4145 3072 4202 Pennas
3100 4146 3290 4218 lapsus
3310 4148 3471 4203 raris-

1853 4235 2002 4302 simi,
2035 4236 2173 4290 Rasa
2189 4240 2246 4290 et
2270 4218 2537 4303 correcta,
2567 4242 2681 4291 tum
2720 4251 2752 4290 a
2779 4235 2983 4303 scriba,
3004 4243 3122 4290 tum
3150 4250 3183 4289 a
3204 4234 3465 4305 Roberto,

1855 4323 1911 4378 in
1943 4322 2234 4397 Sigeberto
2266 4338 2408 4378 rara.
2445 4323 2622 4397 Reges
2650 4323 2947 4399 Anglorum
2981 4330 3038 4379 et
3064 4322 3466 4394 archiepiscopi

1855 4412 2329 4486 Rothomagenses
2351 4412 2569 4468 nuncin
2602 4418 2754 4468 textu
2782 4412 3058 4484 leguntur,
3089 4411 3311 4468 nuncin
3328 4427 3468 4467 mar-

157 4494 453 4568 inscripsit:
484 4504 553 4553 In
584 4500 978 4555 hocvolumine
998 4502 1108 4556 issa
1165 4503 1561 4555 continentur:
1622 4503 1826 4594 (ἔνο-1)
1851 4499 1980 4574 gine
2029 4506 2084 4554 et
2133 4500 2277 4556 inter
2329 4501 2505 4556 lineas
2548 4502 2904 4573 supplentur,
2964 4501 3234 4557 incertum
3277 4507 3464 4556 utrum

157 4587 266 4640 ritca
313 4588 524 4643 Eusebii
568 4590 892 4642 Cesariensis
944 4590 1289 4659 episcopi.....
1346 4589 1556 4643 Exinde
1608 4588 1750 4642 idem

156 4677 425 4734 ter-animus
470 4666 844 4747 perduxit..."
892 4679 1160 4733 Secuntur
1181 4681 1400 4734 croniea
1423 4681 1664 4748 Prosperi
1690 4680 1752 4732 in

155 4765 317 4820 ordine
328 4769 546 4822 historic
562 4769 952 4836 quecontinent
977 4784 1149 4824 annos
1170 4769 1199 4825 7
1207 4769 1257 4824 7.
1278 4771 1531 4838 Sequitur
1557 4768 1752 4823 exinde

157 4859 519 4926 cronographia
567 4856 821 4924 Sigiberti
867 4858 1255 4913 Gemblacensis
1278 4860 1552 4927 monachi,
1583 4872 1751 4928 quam

159 4946 331 5016 incepit
383 4965 416 5002 a
457 4948 591 5003 381°
644 4949 768 5003 dom
831 4951 939 5006 inc.
992 4966 1142 5006 anno
1189 4957 1240 5005 et
1272 4952 1529 5020 perduxit
1585 4965 1754 5021 usque

157 5038 216 5090 ad
244 5037 452 5093 110οιιω
481 5056 702 5095 ann-um
747 5041 984 5110 ejusdem
1033 5046 1071 5096 i.
1104 5044 1185 5110 d.,
1233 5059 1335 5112 quo
1364 5058 1511 5098 anno
1540 5046 1753 5114 primus

156 5134 391 5189 Henricus
404 5151 505 5190 rea:
517 5136 840 5204 Anglorum,
865 5139 1001 5207 cepit
1023 5152 1269 5207 regnare.
1301 5136 1381 5191 Ab
1402 5138 1581 5193 eodem
1605 5152 1750 5194 anno

157 5222 385 5282 Robertus
431 5227 599 5283 abbas
622 5230 678 5281 S.
710 5228 978 5282 Michaelis
1033 5230 1098 5284 de
1136 5230 1379 5285 Pericula
1434 5233 1595 5287 Maris
1623 5232 1753 5298 fecit

158 5315 431 5386 laetor-iam,
458 5322 829 5375 continentem
854 5335 935 5375 res
959 5327 1132 5389 gestas
1160 5324 1542 5390 Romanorum,
1571 5327 1749 5378 Fran-

157 5423 339 5480 corum,
383 5415 703 5483 Anglorum,
761 5428 928 5482 usque
966 5415 1038 5470 ad
1072 5430 1290 5485 presens
1329 5423 1555 5487 tempus,
1585 5421 1752 5474 conti-

156 5508 351 5556 nentem
396 5506 600 5559 scilicet
650 5518 827 5558 annos
856 5520 1022 5575 usque
1049 5508 1120 5561 ad
1143 5523 1197 5562 a.
1243 5509 1295 5562 d.
1330 5511 1369 5562 i.
1400 5509 1561 5579 1184,
1593 5526 1751 5580 quem

156 5585 334 5644 librum
350 5595 682 5662 presentavit
710 5593 989 5650 karissimo
1034 5596 1251 5653 domino
1276 5612 1373 5652 suo
1402 5602 1464 5652 H.
1498 5603 1614 5668 regi
1634 5603 1751 5655 An-

158 5678 362 5749 glorum,
392 5689 762 5741 continentem
813 5688 975 5742 istam
1033 5691 1316 5744 historiam
1351 5695 1405 5745 et
1428 5692 1663 5762 reliquas
1692 5696 1753 5748 in

163 5765 247 5821 hac
262 5775 461 5840 pagina
488 5781 731 5841 notatas,
759 5777 985 5833 scilicet
1034 5777 1268 5845 Eusebii,
1299 5781 1572 5848 Iermiimi,
1612 5786 1748 5837 Pro-

1851 4589 2046 4645 scribae
2069 4606 2234 4645 manu
2264 4606 2335 4645 an
2384 4590 2626 4647 Roberti.
2680 4592 2741 4646 In
2781 4591 3004 4647 Roberti
3045 4591 3464 4648 continuatione

1852 4678 1935 4734 ha:
1990 4678 2304 4735 additiones
2360 4680 2693 4755 marginales
2753 4682 2925 4736 multo
2990 4679 3134 4737 fiunt
3201 4681 3463 4748 rariores,

1852 4783 2053 4823 rasurae
2082 4768 2412 4837 crebriores,
2443 4784 2638 4825 omnes
2663 4780 2867 4841 prater
2909 4787 2959 4826 a.
3020 4771 3181 4839 1128,
3211 4772 3371 4837 1151,
3396 4774 3466 4829 ab

1852 4867 2076 4917 auctore
2126 4860 2404 4933 profectae.
2455 4861 2581 4916 Alia
2629 4878 2826 4918 manus
2853 4862 3075 4935 :incipit
3131 4880 3183 4918 a.
3255 4864 3392 4921 1156
3448 4883 3463 4920 :

1855 4970 1882 5003 α
1912 4954 2067 5007 Circa
2116 4954 2213 5008 hoc
2266 4959 2491 5023 tempus.
2555 4975 2574 5003 ι
2620 4962 2928 5011 atramento
2975 4957 3106 5024 alio,
3168 4964 3224 5013 at
3268 4958 3465 5014 eadem

1853 5041 1998 5097 linea
2026 5057 2282 5118 pergens,
2312 5042 2498 5098 minus
2513 5042 2948 5110 ﬁrma,habitum
2976 5054 3142 5120 atque
3181 5054 3465 5105 atramen-

1854 5142 1967 5190 tum
2010 5134 2217 5207 stepius
2267 5143 2506 5190 mutans.
2545 5134 2725 5192 Tertia
2754 5137 2810 5193 in
2842 5155 2893 5195 a.
2942 5140 3107 5208 1157,
3163 5160 3189 5193 α
3220 5145 3464 5211 Agerem,

1852 5229 1999 5285 inter
2024 5229 2380 5286 scribendum
2406 5229 2636 5286 formam
2667 5248 2818 5305 saepe
2837 5241 3092 5302 mutans;
3133 5235 3309 5292 lineas
3332 5236 3468 5292 viri-

1852 5318 1953 5375 des
1980 5320 2037 5374 in
2067 5320 2314 5395 margine
2333 5321 2619 5393 hucusque
2648 5337 2748 5393 per
2774 5328 2947 5379 totum
2993 5324 3242 5381 codicem
3273 5325 3466 5383 ductas

1851 5408 2073 5465 omittit.
2106 5409 2306 5475 Quarta
2364 5410 2419 5464 in
2462 5426 2512 5465 a.
2543 5411 2704 5479 1161,
2756 5435 2782 5459 ιι
2811 5416 3074 5470 Henricus
3101 5429 3219 5477 rex.
3244 5414 3467 5471 ndiver—

1850 5500 1928 5555 sis
1978 5502 2328 5573 temporibus
2384 5508 2605 5557 exarata
2664 5518 2904 5569 ;versus
2950 5503 3117 5559 finem
3162 5505 3323 5561 lineae
3353 5505 3463 5560 illae

1850 5589 2273 5646 viridesiterum
2331 5600 2619 5662 apparent.
2670 5592 2869 5657 Quinta
2896 5609 2946 5649 a.
2994 5593 3155 5661 1167,
3186 5612 3212 5646 io
3264 5598 3329 5647 In
3358 5609 3467 5648 na—

1854 5688 1970 5750 tali,
2000 5709 2023 5734 ιι
2047 5686 2243 5753 nitida,
2268 5686 2665 5761 orthographia
2694 5689 2806 5743 alia
2831 5707 2850 5755 ;
2873 5688 3121 5764 singulas
3161 5687 3467 5744 sententias

1854 5795 1965 5839 non
1988 5779 2187 5836 litteris
2217 5779 2552 5849 majusculis,
2584 5782 2684 5835 sed
2711 5782 2920 5855 signo§
2949 5781 3319 5855 distinguens,
3352 5792 3461 5847 quo
