3894 6220
134 337 200 391 57
1650 335 1993 392 CHRONICA.
3408 340 3478 396 38

136 466 230 522 sed
255 466 652 539 suspicionem
669 471 877 522 metum
900 464 964 520 iri
998 465 1139 523 bene
1170 466 1434 524 novisset.
1468 466 1596 532 Quae
1618 466 1772 525 addit
1795 468 1846 536 A
1873 470 2197 527 Additiones
2225 470 2251 527 1
2277 470 2407 536 ζ-λ.,
2438 483 2576 540 quas
2605 484 2718 526 non
2768 485 2889 526 esse
2943 471 3215 545 Sigeberti
3252 473 3476 540 scimus,

134 562 547 619 continuationi
581 563 938 636 Aquicinensi
982 563 1180 619 litteris
1209 562 1454 637 obliquis
1470 564 1763 631 distincta,

139 659 191 713 in
222 659 313 715 85.
349 674 468 714 non
501 659 789 734 leguntur,
823 674 926 715 nec
962 659 1114 714 unde
1170 660 1487 732 sumpserit,
1530 661 1762 727 scimus;

141 752 268 807 illud
296 758 542 816 certum,
588 768 780 808 nonex
819 766 929 807 uno
970 752 1209 824 quodam
1259 753 1450 809 codice
1487 760 1763 824 excerpta,

141 843 233 897 sed
264 858 294 897 e
323 842 594 914 plurimis
624 842 941 898 auctoribus
970 858 1036 897 ea
1065 843 1394 916 conquisita,
1416 843 1666 915 quaedam
1695 843 1764 898 ab

141 934 253 1001 ipso
279 931 626 1001 composita.

204 1022 281 1091 g.)
321 1024 522 1076 Struve
552 1020 610 1075 in
632 1020 876 1076 editione
909 1020 1074 1078 tertia
1117 1022 1455 1094 Scriptorum
1497 1022 1764 1077 Pistoria-

141 1128 352 1179 norum,
396 1113 726 1169 Ratisbonm
776 1113 917 1168 1726
975 1114 1029 1168 in
1080 1112 1175 1168 fol.
1238 1114 1584 1189 Sigebertum
1644 1131 1766 1170 cum

141 1205 665 1260 continuationibus
709 1203 1107 1277 Ursicampina,
1156 1206 1406 1273 Votensi,
1470 1207 1767 1262 Gemmeti-

143 1292 286 1347 censi
318 1292 556 1363 repetiit
612 1308 644 1347 e
694 1292 871 1364 prima
936 1293 1153 1350 Pistorii
1183 1295 1427 1351 editione
1472 1314 1489 1360 ;

146 1402 371 1458 quaeque
409 1385 540 1442 loco
574 1384 991 1440 infersitomnia
1017 1403 1141 1458 quae
1171 1388 1391 1443 Mirzeus
1422 1388 1576 1459 plura
1608 1388 1771 1444 habet

147 1493 206 1529 ex
247 1478 297 1531 1.
322 1476 420 1529 Β2.
456 1475 558 1530 3⁵.
583 1477 637 1529 5.
669 1474 809 1542 ;sub
862 1484 1009 1530 textu
1059 1478 1330 1548 potiorem
1389 1478 1660 1533 Miraeanze
1686 1479 1773 1533 le-

147 1562 338 1621 ctionis
357 1564 690 1620 varietatem
723 1582 845 1621 cum
902 1566 1049 1621 notis
1093 1567 1260 1622 Mirzei
1310 1576 1474 1639 atque
1506 1568 1622 1623 suis
1663 1582 1768 1639 po-

150 1655 253 1708 suit
282 1653 451 1719 ;dein
514 1654 968 1711 continuationes
998 1656 1262 1724 Anselmi,
1296 1657 1769 1723 Gemblacenscm,

152 1746 606 1821 Atiligemensem
659 1754 825 1820 atque
865 1749 1290 1821 Aquicinensem
1326 1767 1390 1805 ex
1416 1750 1601 1806 Miraeo
1631 1750 1769 1804 sub-
1802 1783 1852 1851 Β

146 1841 339 1910 junxit,
366 1841 833 1896 Bellovacensem
864 1858 929 1896 ex
992 1842 1234 1899 Labbeo.
1279 1844 1357 1898 lta
1406 1842 1593 1899 omnia
1619 1858 1774 1898 com-

154 1948 360 2001 ponens
387 1933 811 2004 quodammodo
841 1933 1091 1990 confudit
1145 1935 1272 1991 novi
1325 1934 1400 1989 nil
1441 1951 1667 2006 prorsus
1691 1943 1777 1990 at-

154 2025 267 2079 tulit
286 2034 488 2096 praeter
506 2025 737 2081 notulas
761 2041 1161 2097 nonnunquam
1187 2027 1362 2082 bonas

221 2116 296 2182 h.)
339 2118 584 2185 Dachery
642 2114 700 2169 in
750 2116 997 2172 editione
1060 2117 1307 2173 Guiberti
1358 2117 1779 2191 Novigentensis

158 2206 360 2276 primus
386 2206 705 2262 Robertum
734 2208 803 2263 de
856 2207 1036 2264 Monte
1077 2209 1232 2264 dedit
1268 2209 1543 2283 integrum
1584 2224 1648 2262 ex
1679 2222 1776 2262 co-

157 2294 271 2349 dice
302 2294 363 2363 B,
390 2294 656 2351 adhibito
690 2295 783 2353 E4.
815 2295 1047 2351 Nomina
1089 2297 1274 2350 minus
1312 2305 1563 2351 accurate
1596 2296 1782 2350 reddi-

160 2384 267 2449 dit;
288 2385 378 2439 hic
408 2384 527 2440 illic
569 2385 829 2456 quaedam
885 2386 1073 2442 omisit
1106 2404 1121 2451 ;
1151 2386 1525 2441 additamenta
1553 2384 1778 2441 Roberti

160 2472 223 2527 ad
246 2472 600 2548 Sigebertum
635 2473 704 2527 ab
737 2490 781 2528 a.
828 2474 1048 2530 demum
1093 2476 1199 2532 876
1234 2475 1478 2542 exhibet,
1511 2481 1564 2530 et
1602 2475 1684 2531 vel
1715 2489 1777 2529 ex

164 2561 240 2615 his
266 2561 451 2633 aliqua
477 2562 694 2617 oblitus
723 2568 827 2618 est.
857 2563 1020 2618 Notas
1046 2578 1157 2619 non
1186 2563 1418 2618 addidit.

224 2654 284 2720 ἰ.)
306 2656 549 2721 Bouquet
583 2659 750 2723 atque
787 2652 923 2707 llrial
979 2653 1073 2719 Ill,
1101 2653 1226 2718 332;
1260 2653 1320 2716 V,
1365 2653 1489 2717 375,
1523 2652 1608 2717 Vl,
1650 2650 1778 2719 233,

162 2742 266 2807 Vll,
310 2742 438 2809 249,
498 2744 648 2809 VIII,
702 2743 828 2807 308,
884 2744 946 2807 X,
998 2745 1126 2810 216,
1180 2745 1269 2810 XI,
1332 2744 1454 2811 163,
1483 2744 1619 2810 Xlll,
1650 2744 1778 2812 256,

165 2831 334 2897 XVIII,
354 2832 484 2900 334,
514 2840 781 2904 excerpta
807 2840 1017 2888 tantum
1050 2834 1344 2900 dederunt,
1394 2835 1597 2906 quibus
1628 2851 1778 2905 prae-

165 2926 242 2974 ter
269 2919 549 2976 editiones
573 2920 668 2975 hic
694 2919 806 2976 illic
822 2922 1193 2977 adhibuerunt
1213 2922 1436 2978 codices
1450 2924 1649 2979 85"".
1684 2924 1778 2980 ΕΞ.

166 3010 249 3063 7b.
281 3010 372 3068 8b.
405 3012 460 3067 d.

233 3110 424 3159 Nostra:
455 3105 713 3159 editionis
732 3105 869 3159 ratio
900 3105 1018 3161 haec
1065 3104 1164 3160 fuit
1193 3113 1477 3161 uttextum
1511 3107 1783 3181 Sigeberti

167 3194 413 3251 daremus
444 3213 583 3252 eum
607 3213 772 3267 quem
796 3204 987 3253 auctor
1016 3198 1132 3269 ipse
1160 3199 1439 3253 edendum
1461 3200 1776 3266 constituit;

167 3287 471 3357 primariam
503 3295 699 3343 autem
734 3288 962 3344 formam
1015 3290 1195 3345 ubivis
1235 3290 1291 3344 in
1336 3292 1478 3346 notis
1505 3291 1780 3346 indicare-

169 3393 282 3432 mus
346 3379 448 3435 Pro
493 3378 865 3435 fundamento
914 3379 1080 3455 igitur
1105 3382 1392 3452 posuimus
1421 3383 1670 3438 codicem
1702 3384 1778 3451 1.,

170 3485 322 3540 quem
352 3478 618 3526 accurate
651 3470 1045 3541 expressimus.
1102 3472 1427 3528 Additiones
1476 3473 1595 3544 ipsa
1615 3474 1779 3549 Sige-

172 3558 303 3613 berti
327 3573 497 3614 manu
527 3559 727 3626 factas,
770 3567 1061 3632 antequam
1113 3561 1290 3632 primo
1344 3561 1540 3617 librum
1568 3563 1779 3630 ederet,

174 3650 437 3708 intextum
455 3651 781 3722 recepimus
802 3667 1019 3721 omnes,
1049 3652 1105 3707 in
1146 3654 1291 3709 notis
1328 3654 1510 3709 ubivis
1532 3655 1783 3710 indican-

172 3740 398 3813 tesquid
452 3740 726 3798 secundis
782 3742 917 3814 quid
964 3743 1140 3800 tertiis
1170 3743 1318 3799 curis
1365 3744 1633 3817 adjecerit
1681 3762 1782 3801 au-

175 3837 304 3885 ctor.
347 3830 697 3886 Additiones
737 3832 760 3886 1
793 3829 885 3904 β-ι
916 3876 931 3900 ,
966 3848 996 3888 a
1048 3831 1341 3906 Sigeberto
1400 3841 1524 3905 post
1562 3851 1616 3891 a.
1646 3835 1789 3892 1105

176 3918 414 3987 dictatas,
450 3929 568 3977 tum
600 3938 729 3978 cum
785 3923 1010 3978 alteram
1072 3923 1376 3979 editionem
1426 3934 1661 3994 curaret,
1691 3944 1790 3981 un-

177 4010 306 4066 cinis
333 4013 687 4081 inclusimus,
717 4029 824 4069 non
862 4016 1010 4087 quod
1059 4025 1246 4071 essent
1289 4016 1511 4087 Spuriae,
1573 4018 1672 4073 sed
1730 4025 1790 4074 ut

178 4119 264 4159 eas
288 4106 550 4176 primario
611 4107 783 4162 textui
842 4107 1086 4164 defuisse
1138 4118 1417 4179 appareat.
1479 4109 1606 4175 Qua:
1639 4112 1791 4182 prius

181 4197 247 4252 ibi
289 4201 491 4273 scripta
546 4200 788 4268 fuerant,
842 4202 954 4271 jam
1009 4219 1166 4258 erasa
1215 4204 1319 4257 sub
1345 4212 1495 4260 textu
1528 4205 1790 4260 iudicavi-

179 4305 290 4345 mus
314 4293 519 4360 omnia,
580 4300 743 4364 prout
786 4309 850 4349 ex
904 4295 963 4349 Α.
1018 4310 1083 4350 ea
1130 4309 1434 4367 agnoscere
1482 4295 1789 4369 potuimus.

196 4508 2823 4546 Μ

1498 4540 1649 4547 μ-σ
1661 4540 2037 4547 -υυ--ηνο-αλ-

920 4715 1670 4855 INCIPIT
1788 4714 2770 4858 CHRONICA

1542 1296 1639 1350 sed
1667 1300 1787 1352 suo'

1871 560 1968 615 sed
1992 567 2119 633 post
2147 576 2197 617 ι.
2231 561 2456 618 demum
2479 559 2620 616 1136
2645 576 2676 614 a
2698 559 2866 615 variis
2919 560 3108 627 factas,
3157 572 3281 633 post
3326 564 3480 637 Sige-

1868 652 2084 707 bertum
2108 652 2472 726 relegavimus
2518 653 2574 708 in
2623 670 2795 709 unum
2825 654 3103 721 collectas,
3131 656 3356 713 nomine
3371 658 3481 713 Au—

1866 746 2020 802 ctarii
2051 744 2484 801 Gemblacensis.
2543 745 2579 798 E
2627 744 2856 816 reliquis
2921 744 3207 800 codicibus
3227 747 3481 804 lectionis

1866 839 2186 894 varietatem
2255 835 2447 892 afferre
2508 837 2776 912 integram
2843 843 2898 892 et
2943 837 3282 909 superﬂuum
3343 849 3482 906 erat,

1868 936 2078 1007 quippe
2119 935 2275 1002 cujus
2321 935 2590 1010 originem
2661 933 3004 989 arbitrariam
3058 934 3397 1001 noverimus,
3431 943 3487 991 et

1868 1026 2015 1082 mole
2057 1026 2235 1082 inutili
2270 1033 2428 1081 notas
2466 1025 2806 1080 necessarias
2855 1025 3176 1081 obtexisset.
3233 1025 3487 1099 Seligen-

1869 1119 1968 1172 das
1996 1117 2179 1187 itaque
2211 1117 2519 1187 putavimus
2549 1131 2643 1170 eas
2671 1121 2880 1169 tantum
2915 1130 3039 1186 quze
3070 1115 3155 1167 vel
3185 1113 3250 1167 ad
3275 1114 3483 1190 digno-

1870 1207 2133 1261 scendum
2167 1213 2372 1260 textum
2434 1205 2777 1276 primarium,
2822 1205 2908 1259 vel
2968 1203 3035 1258 ad
3088 1203 3485 1259 discernendas

1871 1296 2107 1351 familias
2124 1296 2397 1359 codicum,
2428 1296 2513 1349 vel
2546 1294 2613 1348 ad
2662 1301 2844 1348 textus
2893 1293 3025 1348 editi
3058 1293 3339 1347 historiam
3374 1308 3489 1347 mo-

1870 1386 2042 1440 menti
2074 1385 2283 1456 aliquid
2300 1384 2505 1438 habere
2529 1391 2758 1453 possunt
2781 1400 2794 1447 ;
2817 1398 2999 1453 neque
3020 1381 3483 1451 transpositiones

1872 1474 2081 1529 codicis
2140 1474 2197 1528 Ι).
2247 1473 2627 1535 indicavimus,
2680 1487 2711 1525 a
2744 1471 2925 1526 scriba
2972 1471 3194 1524 demum
3232 1469 3482 1524 Bellova-

1871 1566 2023 1621 censi
2045 1566 2334 1629 inventas;
2368 1580 2503 1635 quas
2541 1564 2634 1635 qui
2666 1564 2806 1619 scire
2837 1562 3137 1625 desiderat,
3172 1561 3372 1615 melius
3399 1560 3487 1614 di-

1872 1664 1987 1714 scet
2017 1674 2083 1713 ex
2124 1657 2480 1712 editionibus.
2534 1657 2746 1711 Omissa
2773 1663 2953 1710 autem
2986 1655 3042 1709 in
3075 1655 3239 1709 variis
3272 1653 3487 1709 codici-

1872 1752 1976 1806 hus
2015 1750 2272 1823 religiose
2296 1765 2518 1820 semper
2548 1748 2936 1813 indicavimus,
2968 1746 3211 1817 exceptis
3252 1746 3355 1800 (34*
3408 1745 3487 1807 5.,

1877 1842 1945 1896 de
1969 1842 2169 1912 quibus
2211 1839 2428 1894 videbis
2482 1854 2603 1909 quae
2648 1854 2816 1908 supra
2855 1837 3112 1891 diximus.
3166 1836 3490 1892 Additiones

1877 1931 2121 1985 omnium
2138 1930 2391 1985 codicum
2406 1929 2664 1983 dedimus
2685 1943 2879 1983 omnes
2914 1945 2929 1993 ;
2952 1933 3006 1982 at
3033 1942 3142 1982 non
3169 1941 3269 1981 suo
3293 1940 3487 1997 quam-

1877 2036 1985 2091 que
2006 2035 2151 2074 anno
2200 2020 2463 2074 insertam
2519 2018 2828 2091 Sigeberto,
2863 2047 2927 2057 —
2956 2016 3167 2087 quippe
3216 2015 3309 2087 qui
3339 2021 3489 2069 tanta

1878 2112 2023 2168 mole
2048 2127 2346 2182 Oppressus
2409 2110 2550 2166 foret
2595 2141 2684 2173 -,
2740 2110 2837 2164 sed
2894 2108 3196 2163 secundum
3238 2114 3491 2162 auctores

1878 2200 2164 2255 distinctas
2184 2200 2530 2275 collegimus,
2585 2199 2743 2254 titulo
2793 2201 3038 2253 Auctarii
3073 2201 3490 2266 Aquicinensis,,

1876 2293 2286 2360 Afﬂigemensis,
2350 2290 2680 2344 Valcellemis
2711 2329 2724 2353 ,
2784 2290 3164 2343 Hasnoniensis
3204 2331 3220 2353 ,
3272 2286 3494 2340 Lauda-

1879 2387 2081 2449 nensis,
2139 2384 2482 2449 Corbez’ensis,
2538 2383 2916 2435 Bellovaccnsis
2968 2382 3351 2446 Mortuimaris,
3403 2383 3497 2433 Ur-

1878 2478 2184 2544 sicampini,
2214 2475 2483 2529 Robertz’m'
2513 2472 2914 2543 praeponendas
2954 2471 3071 2525 istis
3123 2470 3501 2526 continuatio-

1881 2567 2043 2621 nibus
2065 2582 2189 2637 quae
2221 2565 2289 2619 ab
2332 2565 2524 2618 iisdem
2567 2556 2770 2634 quibus
2824 2562 3139 2617 additiones
3177 2561 3498 2616 auctoribus

1880 2658 2119 2728 scriptae,
2170 2674 2236 2712 ex
2282 2657 2477 2712 iisdem
2539 2656 2781 2711 fontibus
2833 2656 3058 2716 haustae,
3110 2653 3186 2707 nil
3235 2659 3362 2707 sunt
3391 2653 3496 2707 nisi

1881 2751 2017 2805 tales
2056 2748 2367 2804 additiones
2397 2748 2602 2803 sensim
2663 2747 2825 2801 latius
2863 2753 3193 2809 crescentes,
3227 2744 3384 2811 cujus
3415 2744 3494 2799 rei

1882 2838 2219 2893 luculentum
2249 2838 2560 2908 exemplum
2585 2835 2797 2907 praebet
2841 2833 3137 2888 Robertus.
3183 2834 3260 2886 Ita
3288 2831 3496 2906 legenti

1881 2926 2061 2981 statim
2089 2931 2319 2996 apparet
2350 2940 2600 2996 quaenam
2614 2925 2816 2995 cuique
2843 2922 3113 2977 additioni
3147 2922 3341 2993 patria,
3375 2937 3497 2993 quae

1883 3021 1951 3075 sit
1972 3026 2124 3084 tetas,
2152 3019 2277 3091 quis
2305 3018 2450 3084 fons,
2484 3035 2606 3090 qua:
2662 3017 2798 3072 ﬁdes
2857 3016 3111 3072 habenda
3158 3035 3172 3082 ;
3242 3016 3314 3070 ita
3378 3031 3499 3088 quae

1885 3109 2135 3179 ejusdem
2164 3108 2404 3163 auctoris
2424 3107 2787 3177 ejusdemque
2832 3105 3155 3159 monasterii
3198 3113 3351 3170 sunt,
3384 3120 3495 3159 non

1885 3201 2276 3271 discerpuntur
2329 3219 2345 3265 ;
2397 3199 2625 3254 historia
2659 3205 2840 3253 textus
2878 3198 3078 3252 melius
3147 3196 3494 3267 perspicitur,

1882 3299 1937 3346 et
1966 3292 2238 3366 Sigeberti
2287 3290 2593 3346 Chronicon
2656 3307 2875 3361 purum,
2919 3291 2998 3344 uti
3047 3289 3329 3345 conditum
3371 3287 3492 3351 fuit,

1884 3382 1957 3435 ita
1982 3380 2298 3454 legentibus
2327 3379 2575 3435 offertur.
2622 3380 2872 3434 Habitum
2929 3380 3092 3434 etiam
3120 3379 3304 3450 operis
3334 3386 3500 3449 atque

1882 3473 2111 3529 formam
2146 3472 2495 3534 exteriorem,
2548 3473 2767 3544 qualem
2819 3473 2870 3527 1.
2925 3472 3150 3527 exhibet
3192 3477 3246 3526 ct
3298 3469 3500 3541 reliqui

1883 3565 2106 3621 codices
2138 3565 2486 3619 retinuerunt
2534 3564 2809 3635 plerique,
2868 3580 2967 3619 nos
2997 3579 3218 3636 quoque
3249 3570 3505 3617 accurate

1881 3656 2278 3728 expressimus,
2326 3667 2525 3726 praeter
2581 3655 2728 3727 quod
2779 3671 2956 3711 annos
3011 3655 3230 3721 Christi,
3263 3670 3293 3708 a
3331 3654 3497 3725 Sige-

1881 3752 2035 3805 berto
2065 3765 2163 3819 per
2188 3747 2684 3803 decenniatantum
2714 3747 2771 3800 in
2803 3746 3052 3821 margine
3112 3745 3370 3802 exteriori
3399 3760 3503 3801 no-

1887 3852 2049 3912 tatos,
2073 3859 2176 3898 nos
2230 3842 2403 3897 cuivis
2443 3858 2589 3897 anno
2642 3841 3004 3912 apposuimus
3055 3858 3069 3906 ;
3122 3849 3323 3911 praeter
3389 3841 3506 3894 haec

1889 3936 2183 4009 plurimum
2215 3949 2401 4004 operae
2429 3932 2810 3989 collocandum
2835 3931 3206 4000 judicavimus
3237 3931 3292 3985 in
3343 3931 3504 3986 inda-

1889 4029 2086 4104 gandis
2142 4025 2388 4082 fontibus
2438 4042 2503 4080 ex
2570 4022 2776 4097 quibus
2833 4023 3136 4077 hauserunt
3184 4020 3505 4094 Sigebertus

1890 4119 2122 4190 ejusque
2152 4114 2588 4173 continuatores.

2867 4251 2924 4307 Ι..
2960 4250 3013 4305 C.
3051 4249 3360 4305 Bsrnumv.

2108 4539 2209 4545 νυνι-
2222 4538 2365 4545 ..ο-
2376 4535 2659 4544 ῌ-μι--αάσ-
2668 4536 2689 4541 ο
2702 4535 2793 4541 -ισ
2802 4535 2821 4541 υ

498 4956 1442 5121 DOMNI
1625 4955 3189 5122 SIGEBERTI

1106 5231 1952 5319 GEMBLACENSIS
2038 5234 2587 5319 MONACHI.

255 5542 450 5601 Dicturi
485 5546 704 5619 aliquid
743 5549 970 5618 juvante
1026 5550 1140 5606 Deo
1169 5551 1239 5606 de
1287 5551 1800 5623 contemporalitate
1824 5555 1879 5624 D
1901 5554 1992 5629 gia
2033 5554 2297 5623 majorum
2331 5554 2525 5611 directi
2581 5571 2679 5627 per
2735 5553 2962 5608 semitas
3001 5545 3374 5605 historiarum.
3409 5547 3518 5603 Po-

192 5645 491 5705 regnomm,
544 5639 790 5711 primum
830 5657 1004 5712 pauca
1051 5643 1301 5721 dicamus
1330 5642 1397 5698 de
1427 5644 1644 5719 origine
1684 5644 1800 5699 sin-

196 5726 427 5798 gularum
450 5734 703 5809 gentium
739 5752 754 5803 ;
786 5742 1060 5809 quatenus
1090 5736 1251 5809 sequi
1288 5738 1593 5809 poterimus
1630 5740 1799 5815 vesti-

1902 5662 2100 5701 nemus
2141 5646 2195 5701 in
2251 5645 2426 5717 prima
2488 5647 2634 5702 linea
2691 5655 2930 5720 regnum‘
2995 5643 3388 5706 Romanorum,
3460 5641 3514 5695 in

1898 5736 2145 5793 secunda
2183 5736 2497 5805 Persarum,
2525 5738 2583 5793 in
2643 5737 2802 5792 tertia
2834 5734 3183 5797 Francorum,
3233 5728 3287 5784 in
3317 5738 3511 5802 quarta
