3894 6220
423 341 495 398 59
1635 360 1978 417 SlGEBERTl
2027 362 2538 422 GEMBLACENSIS.
3681 381 3753 438 60

424 472 837 544 Wandalorum,
857 477 913 533 in
944 480 1137 551 quinta
1194 483 1512 559 Anglorum,
1546 487 1602 543 in
1633 497 1785 546 sexta
1824 491 2035 568 Lango-
2058 497 2114 566 A
2139 505 2357 569 verunt,
2382 508 2437 558 et
2459 500 2514 555 in
2545 516 2797 576 magnam
2829 509 3048 575 gentem
3081 505 3425 574 coaluerunt,
3452 515 3508 563 et
3539 510 3749 568 crebris

430 564 749 636 bardorum,
782 570 838 624 in
867 573 1107 643 septima
1121 575 1573 651 Wisigotharum,
1588 582 1643 636 in
1658 590 1848 640 octava
1860 564 2036 643 Ostro-

428 663 741 733 gotharum,
774 666 831 722 in
858 684 1005 725 nona
1035 671 1334 730 Hunorum.

498 809 577 865 De
608 826 779 887 regno
820 814 1190 874 Romanorum
1233 836 1343 877 non
1372 824 1519 879 aliud
1556 826 1850 884 dicendum
1880 839 2034 903 puto,

427 899 535 952 nisi
565 902 715 971 quod
763 901 991 960 Danihel
1047 910 1313 979 propheta
1361 912 1753 985 interpretatus
1815 899 1901 975 est
1965 899 2038 979 de

427 998 620 1062 quarto
650 1009 818 1066 regno
850 1013 863 1050 :
892 998 1216 1067 quod,sicut
1242 1000 1444 1057 ferrum
1478 1008 1824 1075 comminuit,
1850 1012 2037 1069 domat

428 1085 484 1133 et
505 1082 740 1137 conterit
777 1085 982 1154 omnia,
1018 1088 1100 1142 sic
1127 1088 1196 1142 ab
1226 1090 1439 1163 origine
1473 1096 1556 1149 sui
1610 1098 1897 1165 tutuderit,
1930 1103 2034 1158 do-

426 1170 628 1226 muerit
656 1180 713 1227 et
741 1174 1059 1231 contriverit
1087 1179 1271 1234 omnia
1302 1198 1457 1250 piene
1487 1185 1676 1239 mundi
1705 1203 1900 1261 regna;
1934 1207 2035 1246 no-

424 1256 653 1314 vissimo
684 1276 812 1315 vero
844 1270 1090 1334 tempore
1124 1282 1351 1340 regnum
1411 1270 1568 1338 illud,
1611 1256 1855 1344 quodiin
1882 1279 2033 1333 tibiis

424 1348 539 1403 suis
565 1348 758 1405 ferreis
788 1352 1097 1412 diutissime
1146 1365 1200 1412 et
1228 1357 1538 1418 firmissime
1569 1365 1690 1423 sine
1717 1369 1902 1442 aliqua
1924 1372 2033 1428 las-

420 1437 666 1494 situdine
728 1448 977 1511 steterat,
1048 1449 1269 1504 tandem
1332 1451 1473 1509 ferro
1522 1472 1637 1511 suae
1693 1437 2033 1518 fortitudinis

418 1527 713 1584 commixto
745 1546 867 1586 cum
901 1541 1040 1590 testa
1100 1538 1355 1595 humanae
1388 1542 1805 1616 imbecillitatis,
1830 1567 1894 1605 ex
1920 1552 2029 1608 alto

416 1615 809 1677 dominationis
837 1640 949 1680 sum
971 1629 1143 1701 gradu
1177 1647 1300 1687 cum
1331 1633 1543 1709 fragore
1575 1640 1807 1695 terribili
1841 1643 2029 1700 labare

418 1709 668 1778 coeperit.
700 1711 811 1767 Hoc
842 1730 1070 1788 regnum
1103 1719 1262 1787 primi
1321 1722 1500 1779 PCI'SZB
1542 1727 1901 1798 impulerunt,
1933 1734 2026 1805 qui

419 1814 641 1870 semper
665 1818 788 1857 cum
814 1805 1075 1863 Romanis
1106 1827 1261 1880 pmne
1309 1830 1373 1868 ex
1405 1832 1564 1888 aequo
1604 1835 1663 1875 se
1696 1822 2024 1893 habuerunt,

418 1891 585 1947 modo
616 1909 745 1950 vero
773 1898 1062 1954 vacillante
1117 1904 1196 1958 rei
1244 1908 1477 1975 publica;
1541 1919 1702 1977 statu,
1765 1930 1861 1971 eos
1885 1918 2027 1975 ultro

418 1978 689 2050 impetere
716 2001 826 2040 non
858 1988 1180 2059 timuerunt,
1213 2001 1267 2049 et
1289 1995 1516 2067 insuper
1553 2015 1649 2055 eos
1677 2003 1793 2058 suis
1825 2004 2029 2062 ﬁnibus

419 2071 673 2129 mutilare
711 2084 1032 2147 potuerunt,
1065 2085 1287 2153 quando
1339 2087 1556 2144 Iuliano
1594 2100 1842 2162 apostata
1883 2111 2027 2153 caeso

417 2175 472 2221 et
521 2170 766 2226 exercitu
833 2174 1199 2232 Romanorum
1258 2181 1648 2240 miserabiliter
1704 2188 2021 2263 subjugato,

417 2255 583 2311 nimis
621 2258 881 2317 fortunati
912 2263 1037 2319 facti
1070 2273 1199 2321 sunt
1244 2284 1309 2323 ex
1348 2286 1540 2326 eorum
1594 2273 1914 2333 infortunio.
1946 2279 2025 2335 lta

415 2362 644 2420 regnum
690 2350 847 2417 illud,
898 2356 1046 2426 quod
1097 2364 1248 2413 tanto
1305 2367 1554 2433 tempore
1611 2380 1804 2423 omnes
1862 2386 2023 2440 paene

412 2439 603 2495 mundi
629 2450 823 2515 gentes
853 2446 1051 2515 praedae
1084 2456 1138 2502 et
1199 2450 1565 2510 dominationi
1611 2457 1825 2528 habuit,
1857 2439 2022 2518 modo

412 2532 507 2588 Dei
527 2536 929 2606 omnipotentia
984 2541 1251 2599 miscente
1308 2547 1358 2601 ei
1411 2547 1638 2620 duplum
1696 2554 1750 2607 in
1799 2558 2021 2627 poculo,

413 2640 524 2695 quo
554 2629 757 2683 ceteris
796 2632 1032 2699 miscuit,
1088 2637 1305 2691 cunctis
1338 2640 1599 2711 gentibus
1629 2660 1783 2714 paene
1822 2650 2021 2718 praeda:

413 2728 467 2774 et
506 2720 747 2780 ludibrio
779 2728 993 2796 patuit;
1024 2736 1079 2784 et
1108 2732 1202 2803 qui
1264 2734 1395 2788 olim
1435 2752 1559 2791 cum
1600 2739 1722 2794 aliis
1761 2743 2022 2812 gentibus

411 2827 511 2880 pro
543 2813 660 2867 sola
699 2816 875 2889 gloria
890 2821 1193 2885 certabant,
1227 2825 1395 2880 modo
1426 2827 1590 2882 saluti
1621 2846 1735 2885 suae
1760 2832 1846 2886 vix
1885 2835 2020 2889 satis

411 2904 703 2959 consulere
759 2916 1029 2976 poterant.
1085 2912 1217 2967 Nam
1270 2932 1616 2988 quaecunque
1672 2930 1889 2995 gentes,
1928 2932 2022 2980 aut

411 2989 730 3047 minuendae
782 2995 946 3052 domo
1012 3001 1381 3058 multitudinis
1432 3021 1616 3074 causa,
1683 3017 1776 3064 aut
1832 3028 2019 3069 amore

411 3083 733 3138 exercendae
778 3101 892 3141 suae
944 3088 1199 3160 feritatis,
1247 3110 1278 3148 a
1322 3096 1499 3165 patria
1565 3116 1662 3154 sua
1701 3104 2016 3171 exulabant,

411 3172 717 3230 Romanum
746 3177 1574 3254 imperiumjincessebant,etde
1600 3192 1721 3260 ejus
1751 3194 2018 3252 latissimo

410 3282 644 3338 corpore
673 3271 823 3326 velut
852 3282 1035 3344 partes
1052 3278 1320 3347 quasdam
1344 3281 1449 3335 sibi
1468 3284 1858 3356 excindebant,
1881 3298 1935 3345 et
1961 3292 2015 3346 in

409 3354 491 3410 eis
517 3356 625 3411 sibi
653 3361 922 3432 regnandi
962 3362 1474 3425 locumstatuehant
1523 3372 1634 3429 Hoc
1656 3374 1711 3429 in
1739 3354 2018 3450 sequenti-

407 3444 513 3501 bus
537 3446 681 3504 clare
710 3453 1019 3523 apparebit.

478 3598 646 3656 Porro
684 3604 837 3676 regni
887 3605 1170 3664 Persarum
1227 3611 1497 3687 originem
1564 3616 1705 3673 alius
1760 3627 2015 3692 repetere

406 3688 573 3744 modo
605 3705 715 3745 non
748 3692 968 3749 videtur
996 3696 1153 3765 utile,
1183 3700 1313 3770 quia
1343 3719 1464 3773 quae
1492 3704 1655 3776 hujus
1686 3688 1840 3780 regni
1891 3709 2018 3766 fue-

404 3780 475 3835 rit
503 3782 819 3854 antiquitas,
849 3794 1052 3858 quanta
1091 3796 1145 3845 et
1197 3809 1358 3863 quam
1410 3802 1607 3866 potens
1661 3798 1824 3871 hujus
1874 3804 2015 3858 anti-

403 3876 628 3947 quitatis
658 3878 938 3943 nobilitas.
968 3884 1101 3940 satis
1132 3887 1340 3943 recolet
1389 3889 1578 3947 lector'
1607 3909 1706 3964 per
1746 3897 2013 3969 antiquo-

400 3983 521 4023 rum
552 3970 826 4027 historias.
873 3974 981 4031 Hoc
1012 3983 1220 4033 tantum
1251 3982 1477 4049 notabo,
1507 3984 1636 4056 quia
1676 4003 1822 4059 saepe
1852 3991 2009 4047 abusi

399 4056 629 4113 victoria
690 4060 760 4116 de
807 4063 1088 4132 Romanis,
1155 4084 1306 4124 nunc
1362 4079 1546 4127 autem
1614 4092 1808 4132 recens
1865 4096 2007 4139 caeso

397 4146 637 4215 Iuliano,
666 4157 721 4206 et
749 4155 991 4210 exercitu
1022 4156 1392 4216 Romanorum
1446 4164 1757 4240 proﬂigato,
1785 4176 1840 4224 et
1882 4169 2008 4226 ﬁni-

400 4235 504 4291 bus
530 4238 646 4293 suis
677 4239 923 4298 Romano
953 4243 1187 4316 imperio
1233 4250 1502 4319 mutilato,
1555 4235 1637 4309 ει*
1656 4256 1738 4311 sic
1780 4275 1875 4329 pro
1902 4276 2001 4317 suo

2047 1773 2098 1842 Β

2139 599 2450 656 incursibus
2480 597 2782 652 Romanum
2811 599 2991 654 solum
3056 600 3420 670 incessentes,
3472 621 3650 678 usque
3677 609 3745 664 ad

2138 693 2349 750 Gallias
2378 696 2676 752 ferocitatis
2713 713 2825 752 suae
2891 699 3121 774 vestigia
3179 702 3560 760 dilataverunt.
3589 709 3742 775 (Hist.

2134 789 2313 859 misc.)
2337 789 2445 844 Hos
2472 789 2611 844 adeo
2641 788 2902 846 Romanis
2962 791 3193 847 infestos
3248 794 3513 852 Constans
3544 797 3741 868 Caesar,

2137 879 2282 936 filius
2319 882 2498 955 Magni
2532 883 2893 953 Constantini,
2925 887 3074 943 bello
3108 889 3403 959 oppressit,
3430 897 3485 945 et
3522 893 3745 948 tandem

2136 975 2382 1031 Romano
2414 976 2649 1047 imperio
2680 978 2958 1048 subjectos
2987 978 3387 1051 aliquantulum
3414 998 3446 1036 a
3476 999 3576 1038 sua
3606 984 3743 1039 feri-

2134 1075 2244 1124 tate
2272 1068 2623 1124 mansuefieri
2646 1070 2845 1144 coegit.
2879 1071 3002 1127 Post
3022 1072 3234 1144 aliquot
3256 1075 3745 1139 annos,rebellan-

2135 1159 2278 1214 tibus
2333 1160 2515 1214 Alanis
2580 1169 2769 1215 contra
2824 1162 3263 1217 Valentinianum
3326 1162 3742 1233 imperatorem,

2133 1265 2257 1304 cum
2299 1264 2395 1303 eos
2417 1266 2526 1303 non
2568 1257 2752 1320 posset
2778 1251 3075 1321 imperator
3105 1253 3326 1323 penitus
3355 1251 3743 1321 debellare,eo

2132 1340 2279 1411 quod
2311 1355 2406 1394 eos
2464 1340 2839 1395 intransibiles
2895 1342 3086 1398 Meotis
3140 1343 3371 1414 paludes
3415 1350 3742 1412 tutarentur,

2133 1431 2422 1502 proposuit
2443 1430 2882 1497 Valentinianus,
2913 1433 3081 1504 quod,
3134 1434 3178 1487 si
3208 1450 3314 1503 qua
3342 1450 3478 1507 gens
3508 1435 3605 1489 has
3637 1453 3743 1506 pa-

2131 1521 2290 1575 ludes
2330 1521 2533 1576 intrare
2578 1529 2632 1576 et
2686 1522 2924 1577 rebelles
2961 1524 3161 1579 Alanos
3216 1534 3405 1595 posset
3430 1535 3742 1594 conterere,

2130 1609 2320 1665 decem
2353 1610 2515 1665 annis
2546 1627 2641 1666 eos
2670 1628 2701 1666 a
2733 1612 2946 1667 tributis
2969 1614 3173 1668 liberos
3204 1615 3478 1695 redderet.
3504 1617 3614 1671 Hac
3646 1636 3746 1689 pa-

2130 1705 2311 1760 ctione
2359 1705 2575 1774 Trojani
2630 1706 2820 1773 illecti,
2875 1715 2929 1762 et
2983 1708 3302 1763 fortitudine
3346 1717 3400 1764 et
3448 1712 3743 1782 prudentia

2129 1810 2229 1848 sua
2255 1793 2470 1861 confisi,
2494 1795 2634 1850 duce
2667 1795 2879 1851 Priamo
2902 1797 3165 1851 Meotidas
3192 1798 3423 1868 paludes
3479 1800 3745 1857 Romanis

2128 1884 2302 1938 invias
2342 1883 2597 1955 ingressi,
2630 1885 2923 1940 Alanorum
2955 1892 3176 1957 gentem
3208 1888 3742 1956 exterminavcrunt,

2128 1977 2182 2025 et
2216 1971 2292 2025 ita
2332 1972 2711 2027 Valentiniano
2737 1972 3139 2028 satisfecerunt.
3198 1975 3613 2032 Valentinianus
3645 1994 3742 2033 eo-

2127 2078 2245 2116 rum
2276 2062 2477 2117 virtute
2509 2063 2832 2131 delectatus,
2865 2080 2982 2132 eos,
3039 2066 3133 2137 qui
3191 2067 3346 2137 prius
3374 2070 3551 2125 vocati
3584 2080 3745 2128 erant

2125 2152 2367 2220 Trojani,
2397 2153 2601 2208 deinde
2668 2154 3018 2210 Antenoridae
3048 2174 3064 2219 ;
3099 2162 3289 2226 postea
3327 2157 3494 2224 etiam
3529 2158 3742 2214 Sicam-

2123 2242 2233 2309 bri,
2286 2244 2523 2300 Francos
2568 2245 2740 2301 Attica
2785 2245 2977 2320 lingua
3027 2247 3346 2319 appellavit,
3377 2250 3526 2321 quod
3562 2251 3616 2305 in
3645 2252 3742 2307 La-

2126 2332 2240 2386 tina
2294 2331 2482 2405 lingua
2532 2333 2920 2403 interpretatur
2989 2335 3220 2391 feroces.
3291 2338 3573 2409 (Faenus)
3636 2343 3741 2398 Alii

2124 2420 2361 2476 Francos
2381 2423 2801 2497 cognominatos
2832 2423 3023 2480 dicunt
3053 2442 3083 2479 a
3105 2427 3341 2498 quodam
3372 2444 3563 2484 eorum
3606 2447 3740 2505 rege

2123 2510 2437 2578 Frantione,
2479 2513 2650 2583 quiin
2703 2513 2848 2569 bello
2894 2513 3244 2583 fortissimus,
3280 2517 3412 2572 dum
3443 2534 3568 2573 cum
3593 2521 3742 2577 mul-

2123 2603 2192 2657 tis
2229 2604 2492 2677 gentibus
2523 2605 2856 2672 dimicasset,
2890 2606 2945 2662 in
2967 2608 3235 2680 Europam
3276 2610 3383 2666 iter
3401 2612 3626 2682 direxit,
3689 2623 3742 2672 et

2124 2693 2587 2749 interDanubium
2636 2703 2690 2750 et
2746 2695 2997 2751 Rhenum
3057 2699 3330 2760 consedit.
3388 2701 3577 2775 ibique
3610 2721 3741 2776 pro-

2122 2789 2314 2860 genies
2336 2788 2457 2857 ejus
2497 2790 2718 2858 coaluit,
2785 2790 3101 2863 nulliusque
3148 2792 3343 2865 jugum
3372 2811 3547 2867 usque
3578 2799 3653 2853 ad
3686 2799 3736 2853 id

2122 2882 2386 2951 temporis
2430 2883 2714 2953 suscipere
2740 2884 2932 2938 voluit.
2969 2885 3210 2955 (Paosr.)
3244 2886 3624 2962 Undecunque
3651 2908 3738 2947 ero

2120 2984 2189 3042 go
2212 2969 2549 3025 denominati
2609 2980 2737 3026 sunt
2777 2971 2986 3036 Franci,
3049 2981 3314 3045 quantum
3363 2977 3528 3032 altius
3580 2981 3737 3036 colli-

2119 3074 2251 3130 gere
2283 3067 2581 3129 potuerunt
2646 3060 3099 3136 historiographi,
3142 3063 3231 3118 hic
3257 3064 3505 3122 Priamus
3531 3084 3737 3144 regna-

2042 3127 2091 3194 C
2120 3127 2213 3205 bat
2265 3127 2434 3223 super
2478 3168 2576 3208 eos
2613 3161 2862 3225 tempore
2884 3127 3122 3227 vprioris
3174 3158 3569 3217 Valentiniani.
3596 3127 3734 3220 ‘l’lam

2120 3258 2185 3297 ex
2207 3243 2329 3314 ipso
2358 3243 2505 3318 regis
2558 3246 2782 3300 nomine
2817 3246 3128 3303 recolentes
3185 3249 3530 3307 nobilitatem
3589 3255 3738 3310 illius

2118 3338 2343 3407 Priami,
2375 3338 2478 3394 sub
2517 3355 2626 3411 quo
2657 3357 2847 3396 eversa
2867 3348 2950 3397 est
2985 3344 3165 3415 Troja,
3191 3345 3321 3401 inde
3350 3347 3741 3421 gloriabantur

2117 3432 2427 3504 gentissuae
2470 3449 2722 3489 manasse
2776 3435 3097 3507 primordia.
3173 3440 3370 3497 Exacto
3436 3442 3735 3512 deccnnio,

2117 3538 2240 3579 cum
2292 3532 2574 3580 exactores
2616 3534 2931 3596 repeterent
2979 3530 3183 3586 tributa
3210 3548 3241 3586 a
3272 3532 3513 3600 Francis,
3541 3535 3735 3591 Franci

2118 3630 2217 3686 pro
2243 3610 2513 3685 superiori
2572 3614 2800 3670 victoria
2855 3616 3282 3688 insolescentes,
3326 3623 3477 3678 etde
3516 3623 3736 3680 viribus

2115 3706 2231 3760 suis
2253 3710 2650 3776 presumentes,
2706 3720 2815 3760 non
2861 3707 3039 3762 solum
3098 3709 3304 3767 tributa
3352 3727 3581 3787 negare,
3635 3715 3733 3771 sed

2117 3796 2281 3853 etiam
2311 3797 2571 3852 Romanis
2584 3805 2909 3867 presumunt
2938 3799 3225 3857 rebellare.
3244 3802 3474 3859 Romani
3490 3805 3733 3864 collecto

2116 3893 2359 3948 exercitu
2389 3908 2557 3963 super
2586 3891 2824 3947 Francos
2856 3893 3093 3965 irruunt,
3134 3903 3189 3952 et
3225 3898 3401 3954 victos
3453 3916 3635 3973 usque
3664 3903 3732 3958 ad

2116 3986 2553 4043 internecionem
2596 3991 2904 4056 proterunt.

2180 4075 2391 4145 (Βευλ.)
2431 4073 2679 4128 Britanni
2710 4075 2858 4130 sives
2884 4077 3179 4147 Brittones,
3214 4097 3247 4135 a
3292 4081 3493 4153 quibus
3518 4099 3730 4160 cogno-

2110 4172 2313 4226 minata
2343 4179 2428 4227 est
2461 4169 2742 4224 Britannia
2789 4170 3021 4229 Occeani
3055 4175 3253 4243 insula,
3285 4176 3380 4248 qui
3408 4194 3531 4234 eam
3571 4180 3731 4239 inco—

2108 4266 2351 4332 luerunt,
2380 4282 2411 4320 a
2439 4274 2687 4336 tempore
2714 4270 2773 4325 ϐ.
2808 4263 2938 4319 Julii
2972 4266 3384 4341 Cmsarisusque
3414 4271 3482 4326 ad
3519 4288 3727 4330 annum

398 4328 557 4386 libitu
588 4335 739 4403 pacis
779 4336 989 4395 findere
1019 4341 1076 4396 in
1118 4342 1315 4416 viginti
1347 4361 1541 4403 novem
1573 4367 1749 4407 annos
1774 4370 2004 4428 compo-
2106 4355 2321 4410 Domini
2345 4356 2469 4412 413.
2504 4355 2854 4430 subimperio
2877 4357 3124 4412 Romano
3149 4358 3440 4430 degerunt.
3471 4360 3556 4428 lli,
3587 4372 3729 4418 tem-

395 4420 519 4489 sito,
547 4421 865 4483 felicitatem
895 4446 1050 4487 suam
1079 4449 1190 4489 non
1230 4440 1605 4508 temperanter
1632 4420 1924 4514 ferebant}
1952 4456 2006 4504 et
2030 4500 2083 4548 ῃ
2107 4458 2242 4515 pore
2272 4444 2437 4499 Marci
2488 4446 2751 4501 Antonini
2803 4445 2947 4511 Veri,
3007 4445 3268 4545 instantia
3323 4447 3473 4503 Lucii
3510 4450 3730 4548 Britan-

397 4511 603 4548 annnn
635 4533 765 4548 ..ηηιι
797 4536 982 4548 ,ιη-η...
1018 4523 1343 4548 :_--|-_.:__-
1377 4545 1392 4548 -
1520 4538 1530 4548 .
1619 4534 1667 4548 η.
1722 4536 1733 4546 .
1776 4537 1808 4548 Α.
1892 4539 1903 4548 .
2151 4531 2162 4542 ο
2442 4532 2452 4543 ι
2665 4535 2678 4548 .
2795 4541 2804 4548 .
2911 4534 2964 4548 κ.
3052 4535 3083 4548 -.

396 4511 603 4584 Sapore
635 4533 766 4593 rege
796 4536 984 4577 eorum
1018 4523 1347 4583 insolentius
1372 4538 1591 4603 agente,
1616 4511 1937 4597 Christianis
1952 4552 2008 4600 et
2030 4511 2083 4570 υ
2110 4511 2321 4587 illarum
2340 4532 2506 4607 regis,
2540 4551 2637 4604 Per
2665 4535 2877 4609 legatos
2911 4533 3211 4637 Βιϐξιῑιιθτὶί
3271 4550 3428 4639 Ρδραὲ
3458 4538 3726 4639 mysteria

396 4603 655 4639 linum-ﬁ.
688 4613 1020 4639 n....:...--i:_
1052 4617 1232 4639 :_c._.:
1269 4628 1412 4639 -__ea.
2138 4625 2151 4639 ι
2209 4626 2219 4636 .
2260 4625 2292 4639 .-
2377 4625 2408 4639 ο-
2453 4626 2487 4639 ..
2908 4633 2917 4639 .

394 4603 658 4664 Romanis
687 4613 1022 4671 omnimodis
1052 4617 1233 4673 infesti
1262 4628 1436 4676 erant.
2106 4625 2520 4680 christianitatis
2562 4633 2945 4697 susceperunt,
3004 4626 3061 4681 in
3125 4642 3234 4699 qua
3300 4627 3474 4700 aliqui
3532 4644 3727 4686 eorum

2108 4732 2282 4788 usque
2339 4718 2581 4788 martyrii
2627 4733 2885 4774 coronam
2950 4719 3194 4789 provecti
3233 4724 3382 4774 sunt.
3444 4718 3545 4785 Qui
3600 4738 3725 4778 cum

470 4783 638 4846 (Gesta
668 4803 716 4841 r.
748 4791 968 4862 Franc.)
997 4790 1280 4866 Originem
1330 4798 1510 4869 gentis
1563 4810 1789 4874 nostrae,
1851 4811 2009 4885 regni
2111 4783 2318 4863 ere-bris
2348 4813 2402 4862 et
2432 4783 2589 4877 paene
2642 4808 2923 4864 continuis
2978 4809 3249 4865 Pictorum
3316 4809 3731 4868 incursionibus

396 4867 610 4928 scilicet
625 4872 978 4943 Francorum,
1003 4867 1358 4938 notiﬁcemus‘
1380 4885 1504 4942 aliis
1557 4904 1624 4944 ex
1655 4893 1829 4949 relatu
1856 4867 2009 4954 ﬁdeli
2112 4899 2488 4973 fatigarentur,
2519 4909 2576 4955 et
2598 4900 2702 4972 ipsi
2732 4901 2799 4955 ad
2829 4901 3194 4957 resistendum
3247 4900 3508 4972 inimicis:
3530 4902 3729 4959 imbel«

396 4959 684 5028 majorum.
719 4962 848 5019 Post
874 4964 1008 5021 illud
1038 4966 1306 5028 famosum
1337 4990 1403 5030 ex
1460 4981 1672 5036 cunctis
1700 4984 1919 5040 stecnlis
1946 4994 2003 5043 et
2103 4990 2183 5045 les
2210 4959 2557 5062 inabilesque
2586 4991 2945 5059 haberentur,
2996 4992 3232 5048 consilio
3261 4993 3406 5065 regis
3430 4993 3516 5047 sui
3547 4992 3725 5049 Verti-

394 5050 656 5124 gentibus
682 5060 873 5109 notum
901 5056 1149 5128 Trojanas
1196 5062 1431 5121 civitatis
1487 5071 1785 5140 excidium,
1825 5075 2003 5132 victo-
2102 5082 2239 5157 ginii
2268 5050 2488 5157 gentem
2520 5084 2817 5158 Anglorum
2842 5101 2873 5139 a
2911 5083 3119 5139 finibus
3166 5083 3416 5139 Saxonis:
3465 5084 3722 5154 invitant,

393 5143 550 5201 ribus
574 5147 761 5203 Grecis
805 5152 1083 5211 caedentes
1138 5158 1386 5233 reliquiae
1451 5165 1831 5235 Trojanorum,
1875 5187 2001 5241 pars
2102 5143 2313 5242 Easque
2342 5177 2534 5227 contra
2571 5188 2768 5228 omnes
2824 5172 3062 5228 hostium
3122 5172 3363 5227 assultus
3400 5172 3725 5274 defensores

393 5250 589 5274 anu-nm
622 5255 745 5274 nnm
790 5241 932 5274 Ωηηη
969 5246 1032 5274 -A
1087 5247 1421 5274 ι’.....ι...λ..άΔ
1490 5257 1554 5274 n,
1826 5261 1837 5272 .
2135 5258 2205 5274 -ιν
2419 5266 2428 5274 .
2501 5262 2514 5274 .
2610 5261 2642 5274 μ
2899 5260 2932 5274 μ
3111 5258 3145 5274 ιο
3258 5267 3268 5274 .
3516 5270 3526 5274 -
3653 5270 3663 5274 -

393 5250 592 5293 eorum
622 5255 745 5295 cum
790 5241 937 5299 Enea
966 5246 1035 5301 ad
1087 5247 1430 5311 fundandum
1488 5257 1793 5314 Romanum
1825 5261 2004 5333 impe-
2102 5241 2455 5329 sibiiparant.
2488 5261 2668 5333 Angli,
2698 5276 2823 5316 cum
2864 5258 3188 5332 aliquandiu
3225 5267 3452 5316 strenue
3477 5270 3534 5316 et
3558 5261 3721 5318 forti-

393 5325 533 5364 rinm
587 5328 652 5364 αδ
699 5330 899 5364 Iuliam
957 5341 1192 5364 ...ιι--..νει
1223 5358 1235 5364 -
1270 5360 1520 5364 _-_____-_
1606 5362 1616 5364 _
1663 5347 1717 5364 οι·
1795 5356 1806 5364 .
1879 5349 1894 5364 ς
2105 5359 2114 5364 .
2339 5358 2348 5364 .
2401 5357 2410 5364 .
2458 5352 2491 5364 Δ.
2529 5350 2550 5364 ,ι
2590 5352 2600 5362 .
2745 5360 2753 5364 .
2814 5359 2824 5364 -
2928 5352 2940 5364 .
3072 5351 3086 5364 .
3191 5350 3202 5362 ο
3345 5352 3379 5364 ..
3527 5353 3622 5364 ....

393 5325 534 5381 rium
584 5328 655 5383 ad
695 5330 899 5388 Italiam
957 5341 1235 5407 perrexit:
1270 5360 1395 5414 pars
1420 5360 1550 5409 una,
1598 5347 1813 5404 scilicet
1862 5325 2002 5408 (ἱῖιο-
2102 5359 2187 5405 ter
2215 5325 2312 5406 eos
2337 5352 2492 5406 tutati
2526 5350 2781 5418 fuissent,
2810 5352 3033 5407 tandem
3055 5350 3381 5407 dominandi
3413 5353 3720 5424 cupiditate

393 5414 571 5470 decim
605 5416 776 5486 milia,
810 5421 950 5479 duce
979 5424 1253 5484 Antenore
1288 5429 1344 5484 in
1374 5430 1635 5486 finitimas
1687 5433 2001 5490 Pannomiae
2101 5442 2289 5509 illecti,
2318 5449 2373 5498 et
2400 5443 2470 5498 ad
2492 5444 2596 5500 hoc
2640 5444 3015 5500 imbecillitate
3042 5459 3231 5500 eorum
3278 5444 3526 5513 adducti,
3574 5462 3720 5518 quos

392 5513 577 5578 partes
602 5524 763 5567 secus
791 5512 1058 5573 Meotidas
1087 5520 1319 5590 paludes
1348 5523 1622 5593 pervenit,
1663 5523 1851 5597 ibique
1873 5526 2002 5582 civi-
2101 5530 2473 5587 defensandos
2497 5542 2880 5604 susceperant,
2911 5533 3035 5589 illos
3063 5532 3170 5587 sibi
3208 5533 3468 5589 subicere
3499 5534 3722 5591 delibe-

392 5604 557 5638 Inlnm
590 5601 1000 5638 ωΑἰΩηηενηηηη
1065 5628 1224 5638 κη-..
1281 5612 1350 5638 λι.
1406 5613 1489 5638 -..ε
1548 5616 1864 5638 _......-_:-__
1910 5619 1965 5638 σο
2205 5630 2215 5638 .
2292 5624 2331 5638 ι..
2526 5625 2537 5637 .
2583 5626 2594 5638 .
2679 5633 2690 5638 _
2784 5626 2794 5636 .
2847 5625 2858 5636 .
3121 5626 3131 5637 .
3198 5625 3233 5638 ..
3467 5628 3503 5638 ..
3540 5626 3571 5638 ..
3703 5627 3715 5638 .

392 5604 558 5655 tatem
589 5601 1024 5678 mdiﬁcaverunt,
1062 5628 1225 5684 quam
1279 5612 1352 5669 ob
1406 5613 1490 5668 sui
1548 5616 1870 5672 memoriam
1910 5619 2001 5675 Si-
2061 5630 2241 5695 ,rant.
2292 5624 2420 5681 Tam
2487 5601 2731 5681 violenta
2782 5625 3055 5693 injustitia
3118 5625 3397 5702 indigenae
3467 5626 3716 5683 Britanni

392 5689 693 5750 cambriam
715 5707 1069 5757 vocaverunt.
1102 5700 1163 5757 In
1208 5717 1318 5773 qua
1374 5703 1563 5759 multis
1592 5706 1754 5762 annis
1781 5709 2000 5766 habita-
2063 5689 2076 5695 ⁷
2102 5712 2433 5788 alienigenis
2457 5714 2648 5792 Anglis
2675 5715 2973 5789 subjugati,
3002 5715 3058 5772 in
3080 5716 3172 5786 jus
3200 5725 3255 5773 et
3284 5731 3489 5773 nomen
3519 5718 3719 5792 Anglo-
