3894 6220
179 369 235 425 61
1671 360 1775 416 Cll!

1883 361 2016 416 ΜΖΑ.
3435 350 3508 414 62

161 514 268 554 rum
292 497 446 570 quasi
474 496 608 551 victi
637 497 1047 558 concesserunt,
1077 499 1133 547 et
1159 506 1442 564 nunquam
1473 491 1544 546 de
1575 489 1774 559 subju-
1801 493 1849 560 Α
1882 505 1980 545 eos
2003 486 2359 562 Agemundus
2385 485 2458 542 25
2476 484 2655 540 annis.
2691 483 2812 550 Qui,
2869 482 3000 536 dum
3046 486 3233 553 ageret
3271 494 3330 534 se
3347 478 3505 548 just0

163 603 227 663 go
255 602 441 642 eorum
472 601 537 640 se
569 595 829 640 excutere
871 584 1236 655 potuerunt‘.

228 677 418 746 (Joan)
432 673 690 729 Wandali
719 689 941 746 quoque
953 673 1022 728 de
1036 673 1261 745 Scythia
1287 671 1568 738 oriundi,a
1582 670 1775 726 Gothis

168 767 302 833 victi,
328 764 539 820 alienas
567 774 744 820 terras
775 763 1031 818 invadere
1061 769 1352 834 ceperunt,
1399 761 1495 833 qui
1531 777 1658 814 suas
1690 777 1777 814 re-

166 863 328 918 tinere
367 877 479 916 non
512 867 832 931 potuerunt.
874 859 982 914 Hos
1012 858 1157 914 circa
1179 857 1488 912 Danubium
1537 871 1779 911 commo-

167 963 337 1010 rantes
365 969 586 1008 rursum
644 961 761 1024 post
819 951 1054 1006 multum
1110 957 1328 1020 tempus
1385 948 1637 1003 Gibericli
1670 948 1780 1003 Go-

167 1045 366 1099 thorum
398 1059 492 1098 rex
527 1043 674 1098 bello
705 1043 878 1097 victos
936 1042 1066 1096 inde
1131 1041 1464 1102 exturbavit.
1492 1048 1546 1095 et
1578 1041 1644 1094 ad
1677 1040 1780 1094 hoc

168 1132 412 1204 perpulit,
441 1142 503 1187 ut
532 1148 675 1204 quas
704 1146 927 1203 quoquo
961 1130 1129 1185 modo
1188 1130 1392 1184 habere
1447 1127 1780 1184 videbantur

168 1223 358 1277 relictis
382 1221 640 1287 sedibus,
671 1221 915 1276 Romano
947 1219 1181 1288 imperio
1212 1233 1270 1272 se
1291 1217 1614 1282 subderent,
1668 1223 1721 1270 et
1749 1232 1780 1270 a

170 1313 512 1370 Constantino
555 1313 752 1387 Magno
806 1313 983 1367 locum
1037 1309 1320 1364 habitandi
1352 1308 1458 1362 sibi
1485 1308 1602 1361 dari
1635 1324 1775 1377 sup-

168 1404 369 1475 pliciter
400 1411 673 1474 peterent.
701 1403 852 1468 Quod
886 1410 939 1458 et
968 1402 1422 1472 impetraverunt,
1476 1407 1529 1453 et
1559 1399 1777 1454 Panno-

169 1497 275 1551 nias
301 1496 366 1550 ab
395 1511 462 1551 eo
484 1495 890 1568 sibidelegalas
915 1510 1014 1565 per
1029 1492 1317 1566 sexaginta
1338 1507 1514 1545 annos
1548 1489 1778 1561 pacitiee

170 1589 622 1644 inhabitaverunt.
656 1588 810 1644 Unde
854 1604 1001 1643 anno
1040 1589 1296 1644 Archadii
1325 1588 1413 1644 13.
1447 1595 1501 1641 et
1536 1585 1774 1640 Honorii.

171 1686 364 1741 evocati
395 1684 666 1741 instinctu
716 1685 998 1740 Stiliconis
1024 1685 1390 1741 rebellionem
1421 1691 1610 1740 contra
1634 1697 1779 1735 rem-

171 1774 430 1845 publicam
465 1775 810 1841 meditantis,
850 1775 1173 1830 infuderunt
1195 1792 1254 1830 se
1285 1792 1382 1845 per
1405 1774 1625 1836 Gallias,
1654 1773 1778 1840 jun-

1875 583 2148 648 securius,
2205 599 2238 638 a
2317 580 2644 654 Bulgaribus
2695 594 2820 634 cum
2889 577 3075 632 multis
3131 591 3356 630 suorum
3411 581 3495 628 est

1877 675 2168 730 extinctus.
2198 672 2462 727 Lamissio
2505 669 2752 743 regnavit
2796 667 3095 730 secundus,
3125 672 3180 719 et
3204 671 3329 735 post
3367 678 3494 717 eum

1881 768 1948 823 40
1977 767 2136 822 annis
2183 765 2432 837 regnavit
2463 764 2631 817 Lethu
2671 761 2888 826 tertius,
2937 757 3201 813 lldehoch
3249 763 3497 828 quartus,

1880 860 2101 913 Gudeoc
2135 858 2384 929 quintus,
2410 872 2476 911 eo
2511 863 2758 926 tempore
2816 867 2926 924 quo
2953 850 3199 905 Odoacer
3229 847 3497 920 regnabat

1883 947 1935 1001 in
1999 947 2169 1001 ltalia.
2229 946 2423 999 Sextus
2476 942 2964 1018 Langobardorum
3023 957 3115 995 rex
3171 938 3270 994 fuit
3310 934 3502 1001 Claﬂ'o,

1882 1039 2156 1109 septimus
2189 1039 2340 1102 Tato,
2375 1047 2599 1093 octavus
2648 1035 2958 1100 Waltarith,
3019 1048 3200 1087 nonus
3262 1028 3500 1094 Audoin,

1882 1130 1976 1201 qui
2001 1130 2394 1203 Langobardos
2421 1130 2474 1182 in
2507 1127 2843 1183 Pannoniam
2886 1126 3040 1180 duxit
3077 1143 3091 1191 ;
3126 1124 3376 1178 decimus
3411 1121 3502 1174 Al-

1883 1221 2034 1287 boin,
2081 1223 2194 1292 qui,
2231 1220 2562 1276 transductis
2617 1220 2671 1274 in
2734 1219 2938 1274 Italiam
2974 1216 3374 1290 Langobardis,
3414 1230 3498 1268 re-

1881 1327 2048 1382 gnum
2082 1327 2272 1366 eorum
2301 1311 2372 1364 ibi
2405 1309 2720 1364 firmissime
2749 1308 3034 1363 stabilivit.

1956 1401 2145 1468 (Joan)
2184 1408 2248 1455 At
2307 1401 2626 1465 Gothorum,
2682 1399 2774 1470 qui
2830 1397 2976 1469 apud
3035 1395 3291 1467 antiquos
3349 1394 3494 1448 Getze

1880 1493 2010 1547 dicti
2044 1501 2188 1554 sunt,
2214 1493 2422 1564 quique
2446 1502 2634 1563 postea
2656 1490 2838 1555 divisi,
2871 1491 2981 1544 duo
3033 1505 3096 1542 ex
3122 1503 3182 1542 se
3214 1502 3403 1560 regna,
3438 1484 3494 1538 id

1882 1590 1967 1636 est
1997 1582 2445 1655 Ostrogotharum
2497 1591 2552 1637 et
2601 1581 3052 1654 Wisigotharum,
3107 1577 3378 1638 fecerunt,
3409 1582 3494 1628 ta-

1882 1669 1988 1724 lem
2015 1671 2284 1744 originem
2318 1670 2490 1724 fuisse
2519 1670 2880 1742 cognovimus
2931 1685 2996 1721 ex
3028 1667 3255 1722 historia
3293 1664 3490 1719 Jorda-

1881 1766 1985 1820 nis.
2019 1767 2109 1822 Isti
2135 1766 2417 1822 Scanciam
2451 1766 2687 1836 Scythiae
2719 1764 2956 1818 insulam
3017 1763 3194 1834 primo
3249 1759 3499 1815 incolue-

172 1823 430 1845 ,__-------
466 1823 810 1841 ---η----ψη
854 1823 1172 1830 ---η---η-
1195 1823 1252 1830 ν-
1285 1823 1369 1845 Γ-.
2524 1823 2539 1836 .
3018 1823 3032 1834 .

171 1864 266 1918 ctis
292 1863 394 1918 sibi
435 1864 647 1930 Alanis,
692 1879 898 1935 easque
929 1863 1252 1935 aliquandiu
1311 1863 1618 1918 miserrime
1640 1861 1780 1914 dila-
1809 1823 1856 1891 Β
1881 1864 2025 1910 runt.
2062 1857 2228 1925 Cujus
2259 1855 2608 1927 possessione
2650 1870 2759 1909 non
2789 1853 3059 1919 contenti,
3089 1867 3211 1906 eum
3246 1865 3376 1921 rege
3408 1863 3498 1903 eo-

171 1964 499 2011 ceraverunt.
544 1956 720 2010 Etiam
759 1956 886 2011 inde
913 1972 1010 2011 eos
1037 1957 1388 2027 expellebant
1439 1955 1618 2019 Gothi,
1663 1969 1774 2009 non

169 2047 373 2119 quidem
404 2047 818 2118 prospicientes
847 2046 1144 2100 Galliarum
1172 2045 1364 2118 quieti,
1425 2045 1523 2099 sed
1569 2060 1774 2098 vacue-

173 2136 417 2191 facientes
443 2136 682 2207 patriam
712 2153 825 2191 suae
866 2137 1170 2208 rapacitati.
1195 2135 1449 2190 Wandali
1488 2134 1776 2205 Hispanias

175 2225 422 2300 aggressi,
452 2242 606 2281 nunc
636 2226 944 2296 Hispanias,
995 2242 1143 2280 nunc
1185 2225 1383 2279 Gallias
1433 2225 1602 2278 multo
1637 2231 1773 2277 tem-

177 2332 294 2387 pore
321 2318 644 2389 depopulati
679 2327 808 2373 sunt
837 2318 970 2385 ;sed
1003 2334 1106 2373 nec
1127 2317 1202 2371 ibi
1233 2334 1264 2371 a
1315 2317 1503 2371 Gothis
1535 2315 1633 2370 tuti
1653 2331 1774 2369 esse

175 2414 468 2476 potuerunt.
506 2407 726 2478 Quippe
758 2408 887 2478 quia
917 2407 1076 2462 Gothi
1109 2406 1273 2461 nimis
1306 2407 1514 2461 ltaliam
1545 2405 1770 2476 inquie-

174 2494 344 2549 tabant
394 2513 408 2561 ;
455 2496 754 2562 Honorius,
821 2496 1127 2551 deliberate
1185 2512 1309 2550 cum
1355 2495 1472 2549 suis
1519 2494 1771 2560 consilio,

179 2582 449 2655 Hispanias
479 2592 534 2640 et
565 2585 788 2652 Gallias,
839 2602 975 2656 quas
1030 2586 1132 2640 sibi
1161 2602 1191 2639 a
1232 2585 1514 2639 Wandalis
1543 2585 1776 2655 aliisque

173 2675 414 2746 gentibus
459 2686 769 2748 praei-cpias
821 2677 1061 2743 dolebat,
1107 2678 1297 2732 Gothis
1329 2685 1442 2732 rata
1491 2676 1778 2732 confirma-

174 2766 308 2822 tione
336 2768 580 2823 donavit.
613 2769 741 2823 Cum
774 2785 905 2842 ergo
937 2769 1094 2824 Gothi
1124 2786 1155 2823 a
1212 2769 1418 2824 finibus
1447 2770 1552 2824 sibi
1600 2770 1778 2840 depu-

176 2865 288 2914 tatis
309 2859 609 2917 Wandalos
637 2861 885 2932 aliosque
916 2863 1104 2916 hostes
1142 2860 1385 2934 effugere
1415 2869 1772 2926 maturarent,

177 2959 224 3005 et
261 2951 500 3007 Wandali
562 2952 815 3025 undique
887 2954 1131 3008 conclusi
1211 2954 1404 3008 timore
1471 2954 1772 3008 Gothorum

174 3047 466 3109 zestuarent,
513 3043 763 3114 peccatis
812 3042 1002 3114 pepuli
1058 3041 1410 3109 facientibus,
1460 3042 1692 3113 inopina
1717 3051 1773 3097 et

175 3136 310 3202 grata
330 3133 568 3186 occurrit
601 3131 684 3185 eis
710 3131 988 3186 felicitatis
1039 3132 1405 3202 oportunitas.
1463 3132 1595 3186 Nam
1630 3131 1773 3186 inter

175 3219 507 3278 Bonefacium
525 3232 585 3279 et
603 3224 859 3280 Aethium
884 3225 1159 3280 Romanos
1180 3225 1348 3280 duces
1380 3241 1477 3296 per
1505 3225 1769 3278 invidiam

171 3321 276 3368 orta
303 3315 601 3381 simultate,
630 3315 960 3370 Bonefacius
1016 3316 1194 3371 factus
1222 3316 1468 3377 inferior.
1520 3333 1642 3372 cum
1672 3317 1772 3372 do-

171 3402 325 3458 lorem
352 3421 464 3461 sua:
506 3405 730 3474 injuria:
753 3406 923 3461 nollet
953 3406 1145 3462 ulcisci
1179 3407 1282 3460 nisi
1315 3407 1517 3461 damno
1545 3416 1600 3461 et
1632 3407 1775 3477 peri-

173 3492 282 3548 culo
306 3495 379 3548 rei
409 3494 674 3566 publicae,
708 3495 776 3549 ad
810 3494 1098 3565 Hispanias
1139 3495 1408 3561 transivit,
1444 3502 1497 3549 et
1529 3494 1771 3548 Wanda-

172 3583 246 3638 los
270 3586 333 3639 ad
396 3585 780 3658 occupandam
833 3587 1042 3641 Libiam
1101 3594 1156 3640 et
1210 3585 1458 3641 Affricam
1502 3586 1768 3640 invitavit.

175 3678 409 3743 Quocum
436 3681 837 3751 pervolassent,
873 3683 947 3736 ibi
979 3698 1209 3756 regnum
1245 3699 1404 3737 suum
1433 3682 1606 3737 multo
1630 3689 1770 3736 tem-

174 3787 292 3841 pore
312 3773 797 3840 confirmaverunt,
842 3782 896 3830 et
923 3775 1110 3830 divina
1142 3783 1197 3830 et
1245 3776 1487 3830 humana
1518 3775 1637 3830 sine
1670 3776 1774 3830 ali-

173 3880 266 3935 quo
321 3874 575 3938 respectu
643 3867 998 3921 humanitatis
1061 3867 1146 3921 vel
1205 3867 1510 3922 divinitatis
1557 3874 1772 3938 pertur-

173 3952 444 4012 baverunt.

239 4045 413 4115 (PAUL.
478 4047 652 4112 Duc.)
703 4047 1050 4112 Winilorum,
1110 4048 1202 4119 qui
1245 4054 1437 4119 postea
1468 4047 1642 4120 patria
1669 4048 1779 4102 lin-

177 4154 272 4208 gua
295 4139 636 4213 Langobardi
664 4157 694 4194 a
722 4140 902 4216 longis
955 4141 1142 4196 barbis
1172 4143 1348 4198 vocati
1389 4152 1538 4209 sunt,
1571 4151 1776 4198 certam

180 4227 382 4296 quidem
415 4229 1075 4304 origincmlegimus.sed
1095 4241 1302 4286 certum
1324 4233 1558 4306 originis
1585 4248 1776 4288 eorum

180 4323 374 4387 tempus
400 4335 512 4374 non
567 4319 900 4374 invenimus.
963 4320 1096 4374 Nam
1132 4336 1290 4394 reges
1320 4337 1580 4395 regnasse
1611 4338 1780 4392 super

179 4419 263 4460 eos
290 4407 542 4480 legimus,
581 4425 815 4480 quorum
845 4411 1008 4465 etiam
1043 4412 1268 4466 nomina
1325 4413 1642 4480 didicimus,
1675 4414 1774 4468 sed

181 4511 338 4553 annos
366 4503 519 4575 regni
557 4517 752 4556 eorum
785 4519 884 4572 per
913 4509 1163 4574 tempora
1203 4505 1489 4561 distinctos
1527 4521 1638 4560 non
1691 4505 1774 4559 in-

179 4586 430 4644 venimus.
465 4591 527 4644 Hi
563 4591 618 4645 in
645 4590 1009 4647 Scandinavia
1057 4593 1292 4664 Scythiae
1344 4595 1528 4650 insula
1566 4596 1777 4670 degen-

181 4684 407 4744 tes,cum
463 4684 539 4738 ita
585 4683 930 4754 multiplicati
967 4692 1173 4753 essent,
1217 4695 1276 4742 ut
1333 4704 1430 4743 eos
1497 4696 1639 4743 terra
1677 4706 1775 4744 sua

181 4780 356 4838 capere
378 4787 486 4826 non
511 4781 721 4842 posset,
755 4774 1074 4846 egressione
1103 4776 1274 4831 tertiae
1325 4777 1495 4847 partis
1528 4779 1774 4834 minuere

181 4859 568 4919 multitudinem
598 4864 890 4919 consilium
925 4867 1260 4936 habuerunt,
1285 4877 1343 4925 et
1373 4871 1599 4942 quinam
1625 4871 1776 4927 exire

181 4946 446 5019 deberent,
487 4953 660 5008 missa
681 4961 829 5008 sorte
857 4956 1248 5026 quaesiverunt.
1288 4959 1426 5026 Ergo
1460 4959 1623 5014 tertia
1652 4976 1779 5030 pars

182 5036 506 5112 Winilorum,
540 5055 706 5116 prout
725 5061 822 5101 eos
864 5048 1032 5102 missa
1069 5065 1189 5104 sors
1249 5052 1517 5126 elegerat,
1546 5052 1781 5108 ducibus

183 5130 337 5201 Agion
355 5143 407 5189 et
439 5136 567 5191 lbor
591 5136 661 5190 de
690 5135 1058 5194 Scandinavia
1085 5140 1267 5197 insula
1285 5142 1517 5216 egressi,
1548 5144 1618 5199 de
1659 5145 1781 5202 loco

184 5225 232 5278 in
255 5226 423 5285 locum
465 5232 643 5297 ibant,
699 5233 892 5287 incerti
945 5243 1001 5289 et
1058 5236 1370 5311 vagabundi
1403 5255 1417 5303 ς
1447 5246 1499 5294 et
1528 5255 1559 5294 a
1589 5240 1776 5296 multis

182 5329 311 5387 sepe
334 5320 492 5378 bellis
523 5323 782 5394 impetiti,
827 5324 1079 5392 viriliter,
1139 5328 1268 5398 quia
1313 5345 1412 5400 pro
1469 5330 1654 5386 anima
1690 5349 1776 5389 res

183 5415 285 5460 erat
320 5410 443 5478 illis,
466 5412 702 5466 salutem
735 5418 788 5466 et
819 5412 1124 5468 libertatem
1165 5431 1320 5470 suam
1377 5415 1770 5478 defendebant.

181 5490 329 5551 Porro
357 5500 530 5574 Agion
561 5508 618 5556 et
644 5501 770 5556 lber
790 5503 1041 5570 mortuis,
1088 5505 1336 5578 regnavit
1376 5507 1586 5576 primus
1611 5525 1777 5582 super

1880 1958 1996 1995 rum
2029 1944 2222 1997 Berich
2272 1945 2403 2000 inde
2434 1947 2704 2011 exierunt,
2747 1950 2801 1998 et
2833 1942 3039 1996 vicinas
3065 1940 3299 2012 Scythiae
3334 1939 3494 1993 insu-

1877 2031 1957 2086 las
1988 2044 2041 2088 et
2072 2044 2242 2088 terras
2267 2043 2642 2110 peragrantes,
2671 2035 2879 2090 vicinas
2900 2042 3095 2106 gentes
3129 2031 3290 2086 bellis
3319 2030 3491 2084 laces-

1875 2123 2092 2193 sebant,
2137 2132 2190 2179 et
2240 2132 2447 2180 terrore
2473 2125 2716 2181 nominis
2747 2125 2832 2179 sui
2867 2123 3132 2178 finitimas
3161 2126 3353 2196 gentes
3383 2118 3491 2174 sibi

1877 2211 2226 2282 subigebant.
2283 2215 2410 2269 Post
2464 2215 2566 2270 sub
2615 2215 2867 2269 Filimere
2899 2215 3095 2285 quinto
3125 2209 3394 2283 regelsuo
3423 2206 3494 2262 ad

1875 2301 2139 2356 ulteriora
2179 2304 2414 2375 Scythiae
2446 2305 2746 2376 progressi,
2780 2305 2847 2358 ad
2903 2303 3192 2358 citeriores
3220 2313 3396 2369 usque
3418 2297 3493 2351 ri-

1879 2408 1975 2461 pas
2025 2395 2277 2460 Danubii,
2331 2403 2504 2450 terras
2549 2397 2770 2463 Tracize,
2821 2396 3019 2460 Daciae,
3076 2393 3370 2463 Mesiaeque
3398 2389 3494 2444 diu

1877 2482 2270 2555 longelateque
2298 2492 2424 2538 sunt
2446 2485 2743 2558 pervagati.
2779 2485 2858 2539 lbi
2893 2501 2990 2554 per
3008 2483 3178 2538 multa
3210 2489 3478 2550 tempora,

1879 2571 2046 2627 immo
2077 2590 2175 2644 per
2197 2573 2364 2627 multa
2383 2575 2604 2640 saecula,
2630 2575 2684 2627 in
2713 2582 2931 2645 gentem
2976 2587 3227 2645 magnam
3258 2568 3496 2641 lcoaluc-

1879 2675 2025 2733 runt,
2059 2676 2111 2722 et
2164 2669 2362 2722 multas
2409 2675 2605 2741 gentes
2663 2667 2909 2722 victoriis
2947 2665 3062 2720 suis
3126 2661 3492 2733 applicantes,

1877 2778 2078 2818 nomen
2099 2772 2151 2817 et
2179 2762 2555 2818 fortitudinem
2597 2780 2748 2817 suam
2811 2760 3302 2831 ampliticaverunt.
3347 2754 3492 2810 Viri-

1879 2853 1983 2908 bus
2012 2855 2281 2927 vigentes,
2318 2855 2540 2928 ingenio
2562 2855 2843 2918 callentes,
2871 2851 3237 2924 philosOphi-ae
3269 2863 3492 2920 quoque

1877 2945 2184 3016 disciplinis
2210 2946 2430 3013 eruditi,
2465 2945 2700 3000 nativam
2732 2944 3043 2998 barbariem
3075 2949 3359 3006 exuentes,
3388 2940 3496 2993 hu-

1875 3037 2137 3091 manitate
2161 3044 2213 3091 et
2245 3037 2534 3092 honestate
2567 3036 2690 3090 aliis
2716 3035 3019 3090 barbaricis
3075 3031 3333 3107 gentibus
3365 3046 3495 3101 pre-

1874 3126 2178 3181 minebant.
2210 3127 2476 3197 Tempore
2508 3132 2688 3180 autem
2719 3123 2867 3179 Decii
2900 3121 3250 3194 imperatoris
3310 3129 3494 3172 trans-

1877 3219 1949 3274 ito
1973 3219 2218 3275 Danubio
2268 3237 2389 3275 cum
2445 3220 2614 3273 Gniva
2660 3234 2785 3290 rege
2817 3234 2938 3284 suo,
2999 3213 3496 3288 graviterincuba-

1873 3306 2008 3361 bant
2040 3308 2282 3364 Romano
2338 3309 2590 3378 imperio.
2623 3308 2722 3373 Qui
2752 3325 2782 3361 a
2835 3307 3002 3363 Decio
3047 3305 3284 3377 impetiti
3317 3303 3485 3369 bello,

1875 3401 2120 3457 exercitu
2152 3403 2518 3458 Romanorum
2554 3403 2810 3474 protrito,
2861 3402 3040 3473 ipsum
3093 3399 3315 3455 Decium
3367 3414 3493 3469 per—

1874 3504 2127 3550 emerunt
2147 3511 2270 3551 cum
2293 3495 2407 3550 filio
2439 3496 2624 3551 Decio.
2672 3496 2778 3550 Hac
2808 3494 3069 3550 felicitate
3100 3492 3230 3548 elati
3253 3501 3309 3547 et
3333 3506 3481 3562 saepe

1871 3593 2059 3657 postea
2112 3588 2166 3640 in
2217 3603 2516 3662 congressu
2559 3588 2818 3642 Romanis
2874 3587 3112 3643 ducibus
3169 3585 3488 3657 superiores

1874 3677 2075 3744 effecti,
2103 3679 2200 3734 toti
2229 3680 2346 3734 orbi
2380 3679 2626 3735 Romano
2671 3686 2828 3734 erant
2868 3679 3084 3734 terrori.
3160 3677 3252 3732 lsti
3312 3675 3497 3731 adhuc

1875 3775 2025 3824 trans
2053 3769 2359 3824 Danubium
2410 3771 2713 3834 constituti,
2748 3780 2997 3841 tempore
3029 3769 3276 3824 Valentis
3317 3768 3495 3838 impe-

1877 3861 2072 3916 ratoris
2100 3868 2393 3930 creperunt
2421 3861 2569 3916 civili
2628 3861 2773 3916 bello
2805 3861 2949 3915 inter
2979 3876 3036 3914 se
3087 3859 3304 3914 collidi.
3337 3859 3496 3912 Atha-

1877 3949 2078 4005 laricus
2104 3950 2211 4004 dux
2239 3949 2404 4004 unius
2433 3949 2604 4021 partis
2627 3966 2750 4005 cum
2793 3948 3158 4020 prevaluisset
3189 3947 3494 4019 Fritigerno

1878 4045 2003 4100 duci
2025 4045 2252 4100 alterius
2285 4045 2473 4116 partis,
2497 4044 2833 4118 Fritigernus
2891 4059 2920 4097 a
2970 4043 3197 4098 Valente
3229 4041 3494 4096 auxilium

1879 4139 2037 4210 petit,
2063 4138 2420 4193 christianum
2443 4154 2503 4192 se
2529 4137 2646 4192 fieri
2677 4137 2968 4208 promittit.
2998 4136 3197 4191 Valens
3227 4134 3492 4190 auxilium

1880 4230 2066 4296 mittit,
2100 4245 2309 4300 eosque
2343 4228 2396 4283 in
2430 4238 2636 4283 sectam
2665 4228 3040 4292 Arrianorum,
3069 4226 3328 4280 Arrianus
3350 4225 3494 4294 ipse,

1881 4318 2065 4373 induci
2116 4317 2263 4373 fecit.
2315 4318 2471 4372 Anno
2500 4317 2592 4373 13°
2625 4317 2866 4371 Valentis
2908 4315 3066 4384 Huni,
3102 4314 3196 4386 qui
3229 4321 3280 4369 et
3303 4313 3405 4384 ipsi
3439 4314 3496 4368 in

1881 4410 2098 4481 Scythia
2158 4418 2413 4480 potenter
2469 4409 2922 4465 debachabantur
2998 4416 3164 4478 atque
3217 4405 3493 4469 ferociter,

1881 4502 2022 4558 nacti
2052 4503 2479 4584 oportunitatem
2525 4517 2589 4556 ex
2637 4501 2895 4555 intestina
2939 4499 3242 4554 Gothorum
3301 4498 3499 4552 simul-

1879 4605 2006 4664 tate,
2040 4596 2179 4652 fines
2225 4612 2416 4653 eorum
2477 4612 2541 4651 ex
2589 4596 2890 4667 improviso
2941 4594 3234 4660 invadunt,
3288 4608 3498 4666 eosque

1878 4687 2026 4742 bello
2049 4686 2221 4740 victos
2241 4691 2333 4740 aut
2363 4685 2469 4740 sibi
2531 4685 2848 4757 subjugant,
2899 4692 2994 4739 aut
3047 4683 3362 4755 captivitate
3402 4698 3500 4738 ex-

1877 4774 2146 4840 cruciant,
2167 4781 2260 4828 aut
2285 4773 2461 4844 patria
2499 4773 2809 4828 eliminant.
2841 4774 2918 4828 Ita
2947 4773 3130 4840 Gothi,
3161 4772 3254 4845 qui
3294 4773 3500 4828 multas

1877 4873 2077 4938 gentes
2105 4863 2470 4919 subdiderant
2485 4879 2587 4919 suo
2609 4863 2834 4919 servitio
2863 4864 2903 4930 ³,
2938 4863 3219 4918 Hunorum
3252 4861 3502 4916 subdun-

1880 4969 1965 5017 tur
1983 4960 2250 5027 dominio,
2302 4967 2356 5014 et
2387 4958 2555 5014 nimis
2601 4973 2793 5014 eorum
2835 4957 3138 5029 potentiam
3201 4957 3498 5031 adaugent,

1884 5056 2014 5111 dum
2048 5070 2245 5110 omnes
2285 5053 2379 5125 qui
2409 5052 2597 5108 Gothis
2643 5051 2981 5120 serviebant,
3013 5067 3115 5122 per
3161 5050 3368 5106 Gothos
3396 5050 3502 5103 Hu-

1885 5161 2078 5202 norum
2110 5142 2443 5216 principatui
2461 5147 2674 5214 parent.
2703 5141 2904 5196 Taliter
2932 5139 3072 5194 Huni
3106 5140 3161 5194 in
3183 5139 3334 5195 omni
3358 5150 3500 5210 pene

1883 5236 2104 5307 Scythia
2127 5235 2438 5307 principatu
2468 5241 2522 5289 et
2581 5231 2909 5288 fortitudine
2941 5230 3170 5297 .cunetis
3221 5230 3501 5301 premine-

1876 5330 2026 5384 bant.
2070 5328 2228 5384 Gothi
2288 5327 2416 5384 victi
2462 5326 2660 5398 partim
2701 5341 2784 5392 se,
2839 5323 3094 5380 Danubio
3125 5321 3378 5388 transito,
3410 5321 3501 5376 in—

1876 5427 2165 5497 gesserunt
2205 5419 2410 5475 finibus
2431 5418 2660 5474 Romani
2694 5417 2938 5489 imperii,
2986 5422 3040 5471 et
3068 5432 3099 5470 a
3146 5414 3370 5469 Valente
3397 5427 3498 5483 pe-

1876 5512 2082 5567 tierunt
2128 5518 2328 5565 terram
2389 5509 2457 5564 ad
2489 5507 2912 5563 inhabitandam
2945 5505 3052 5560 sibi
3103 5502 3243 5560 dari.
3299 5503 3498 5566 Quare

1515 5639 1736 5697 VARUE
1767 5643 2146 5700 LECTIONES.

245 5719 486 5814 ῗέίέθνξιφ
505 5728 707 5810 ιοᾷοβε
734 5730 1499 5814 “maritima-palmitem
1525 5752 1596 5792 ex
1617 5741 1853 5814 Gal/fido
1882 5741 2080 5814 habent
2109 5737 2284 5794 Di“.
2317 5737 2458 5794 εει).
2490 5736 2720 5806 indeque
2747 5734 3006 5791 editiones
3030 5739 3227 5802 praeter
3256 5732 3495 5785 limam

184 5804 358 5851 omnes.
385 5795 405 5833 ²
431 5797 679 5857 dominio
708 5803 1060 5873 superscripto
1085 5803 1154 5859 ab
1174 5795 1365 5862 eadem
1385 5822 1560 5866 manu
1588 5795 1810 5870 servitio
1830 5795 1910 5870 ﬁt.
1943 5812 2024 5868 m‘l
2046 5823 2380 5881 εντΡῑιηθοηδ·
