3894 6220
383 307 453 362 63
1594 329 1941 387 SlGEBERTl
1982 331 2495 388 GEMBLACENSIS.
3638 340 3707 396 64

388 437 702 510 impetrata,
755 458 879 499 cum
940 445 1263 519 aliquandiu
1337 469 1399 509 se
1469 456 1876 519 continuissent
1924 460 1994 518 ab
2019 459 2427 534 Apercipiant,
2479 459 2723 515 vulneris
2778 466 3046 535 COgantur
3095 460 3284 516 subire
3333 460 3711 520 tolerantiam.

391 534 542 590 omni
575 552 850 595 armorum
879 542 1197 614 insolentia,
1229 551 1449 606 tandem
1470 553 1836 613 Romanorum
1869 576 1998 615 ava-

392 625 516 682 ritia
546 631 720 685 coacti
752 639 808 689 et
829 634 908 689 rei
942 634 1228 695 familiaris
1276 642 1483 714 inepia,
1527 646 1581 700 in
1635 647 1755 718 ipso
1779 650 1998 722 imperii

392 716 476 807 sui
502 719 627 776 sinu
649 724 835 795 gravia
856 730 1271 789 concitaverunt
1299 737 1488 807 prelia.
1543 716 1752 804 Quibus
1798 716 1996 800 valens

388 804 691 877 imperator
708 827 1023 878 occurrens.
1056 819 1201 877 bello
1233 804 1408 881 victus
1452 828 1520 882 ab
1552 829 1634 884 eis
1663 837 1715 886 et
1742 832 1852 905 igni
1880 849 1999 891 cre-

391 903 593 966 matus,
620 901 768 973 justo
800 905 1141 977 Deijudicio,
1176 915 1253 969 rei
1292 919 1514 988 publice
1543 901 1789 979 nimiam
1813 926 1999 984 intulit

390 990 923 1065 incommoditatem,
973 1001 1226 1062 hostibus
1256 1026 1383 1067 vero
1410 1014 1558 1069 auxit
1579 1018 1899 1077 elationem.
1936 1022 1995 1077 Hi

391 1096 522 1155 ergo
565 1084 743 1151 Gothi,
769 1090 860 1160 qui
905 1092 1146 1151 Romano
1175 1098 1407 1170 imperio
1448 1105 1799 1171 incubabant,
1834 1111 1999 1168 Wisi-

390 1171 586 1242 gothas
611 1189 691 1241 se,
739 1176 791 1231 id
819 1187 899 1234 est
940 1185 1312 1243 occidentales
1358 1192 1584 1261 Gothos,
1618 1199 1994 1269 nominabant,

389 1267 443 1315 et
473 1278 573 1331 per
600 1268 802 1323 multos
833 1287 1007 1329 annos
1034 1279 1407 1339 occidentales
1462 1287 1829 1347 Romanorum
1860 1267 1998 1350 ﬁnes

387 1363 562 1449 usque
593 1354 660 1407 ad
691 1356 840 1427 ipsas
866 1361 1154 1422 ulteriores
1184 1369 1469 1442 Hispanias
1515 1377 1868 1449 infestabant,
1903 1385 1994 1439 ubi

386 1440 549 1535 etiam
608 1451 959 1515 postmodum
1028 1457 1083 1511 in
1132 1476 1361 1535 regnum
1417 1469 1762 1527 coaluerunt.
1832 1475 1997 1531 Porro

386 1531 567 1603 Gothi,
596 1540 688 1609 qui
716 1541 769 1596 in
794 1547 971 1614 patrio
990 1550 1110 1606 solo
1140 1531 1289 1610 trans
1324 1558 1630 1616 Danubium
1665 1565 1766 1619 sub
1820 1567 1999 1625 Huno-

387 1637 508 1678 rum
539 1626 787 1686 dominio
822 1650 1111 1694 remanere
1143 1644 1285 1711 passi
1338 1655 1486 1714 sunt,
1523 1653 1741 1724 regulas
1770 1655 1996 1725 quidem

386 1730 500 1814 suae
520 1721 702 1818 gentis
725 1726 1085 1818 “habuerunt,
1129 1740 1183 1788 et
1232 1752 1352 1813 sese
1414 1721 1803 1818 Ostrogothas;
1841 1748 1894 1801 id
1918 1758 2000 1805 est

389 1804 696 1904 orientales
717 1812 921 1871 Gothos
948 1812 1383 1890 appellaverunt.
1443 1795 1788 1904 Quiﬁaevt
1811 1795 2000 1904 postea
2026 1795 2074 1862 Β

386 1896 912 1995 penTheodericum
938 1924 1123 1983 regem
1155 1929 1312 1969 suum
1346 1934 1376 1971 a
1422 1919 1640 1977 Zenone
1664 1896 1997 1995 imperatore

391 1985 561 2042 Italiae
583 2005 809 2063 regnum
841 1996 987 2054 dono
1027 2015 1311 2076 acceptum
1357 2026 1456 2080 per
1480 2013 1681 2070 multos
1707 1985 1883 2072 annos
1918 2028 1998 2074 te-

390 2094 648 2179 nuerunt.
672 2088 751 2143 Ita
767 2090 925 2147 Gothi
956 2100 1113 2167 quasi
1146 2102 1361 2161 duobus
1400 2110 1597 2179 capitis
1626 2114 1708 2167 sui
1734 2117 1996 2172 cornibus

387 2171 654 2230 orientem
681 2185 736 2234 et
756 2183 1097 2243 occidentem
1130 2194 1460 2252 ventilantes
1485 2202 1772 2268 acerrime,
1796 2206 1905 2261 duo
1929 2222 1991 2262 ex

387 2274 449 2364 se
474 2277 645 2364 regna
667 2283 944 2339 creavere,
976 2277 1189 2335 scilicet
1216 2281 1641 2358 Wisigotharum
1659 2291 1712 2345 in
1739 2292 1995 2364 Hispania

389 2354 444 2402 ct
474 2349 920 2428 Ostrogotbarum
945 2363 999 2417 in
1025 2366 1196 2424 ltulia.

457 2438 654 2542 (J-onn.)
685 2445 766 2542 De
792 2464 962 2522 regno
992 2453 1293 2526 Hunorum,
1346 2466 1494 2535 quod
1545 2468 1599 2522 in
1647 2471 1796 2525 omni
1837 2488 1994 2542 paene

386 2530 604 2633 Scythia
626 2540 846 2633 tenebat
902 2547 1293 2620 principatum,
1342 2530 1456 2626 ipsa
1502 2562 1682 2633 gentis
1713 2530 1996 2622 barbaries

386 2637 473 2676 me
493 2625 659 2682 silere
712 2630 932 2699 faceret,
986 2641 1089 2695 nisi
1127 2642 1258 2699 illud
1295 2625 1565 2705 famosuin
1615 2654 1908 2711 Galliarum
1942 2668 1998 2714 et

390 2714 554 2817 italiae
581 2721 854 2779 excidium
885 2744 969 2783 me
1014 2732 1165 2804 loqui
1220 2748 1460 2810 cogeret,
1487 2745 1708 2814 quando
1741 2763 1841 2817 per
1862 2750 1995 2804 Atti-

386 2808 490 2915 lali‘n
521 2826 731 2915 ‘eorum
788 2834 972 2893 regem
1014 2808 1422 2896 judiciumVDei
1457 2808 1520 2891 se
1586 2808 1753 2914 longe
1778 2842 1995 2915 lateque

388 2899 599 2969 effudit,
626 2922 789 2977 quem
847 2916 1001 2982 quasi
1056 2918 1299 2990 gladium
1331 2924 1575 2982 limatum
1621 2899 1993 2990 etvexacutum

387 2996 455 3102 de
484 3001 681 3072 vagina
712 3003 1110 3079 indignationis
1132 3031 1246 3072 suae
1263 3035 1430 3090 super
1455 3026 1789 3092 peccatrices
1802 3036 1995 3102 gentes

387 3087 530 3186 Heus
559 3091 863 3189 distrinxit.
905 3102 978 3156 De
1009 3119 1197 3161 eorum
1231 3087 1364 3185 ergo
1413 3115 1626 3189 origine
1664 3087 1876 3189 quae'in
1903 3139 1995 3178 an-

386 3176 662 3248 tiquorum
685 3182 947 3259 leguntur
990 3192 1252 3263 historiis,
1293 3169 1543 3272 aperiam
1606 3169 1812 3277 palmis.
1861 3211 1995 3267 Fili-
2024 3169 2072 3237 Ε

389 3283 526 3337 mer,
546 3271 844 3333 Gothorum
892 3297 1005 3349 rex,
1034 3284 1281 3346 Gadarici
1332 3296 1511 3368 magni
1544 3295 1712 3368 filius,
1744 3303 1838 3374 qui
1870 3312 1997 3375 post

388 3374 670 3457 egressum
727 3367 961 3428 Scantiae
1000 3375 1201 3434 insulae
1249 3382 1361 3449 jam
1413 3367 1606 3457 quinto
1656 3367 1779 3447 loco
1820 3367 1998 3450 tenuit

388 3452 753 3552 principatum
807 3462 1085 3535 Getarum,
1126 3478 1180 3526 et
1234 3481 1403 3531 terras
1430 3452 1687 3552 Scythiae
1740 3500 1863 3541 cum
1896 3504 1997 3543 sua

383 3546 797 3643 genteintroiit,
823 3559 1069 3626 repperit
1098 3561 1153 3616 in
1195 3567 1399 3637 pepulo
1426 3546 1539 3625 suo-
1578 3574 1843 3643 quasdam
1884 3593 1995 3633 ma-

386 3649 485 3706 gas
513 3636 796 3709 mulieres,
844 3661 983 3716 quas
1024 3636 1275 3708 Gothico
1297 3671 1557 3715 sermone
1586 3636 1878 3721 Alirunnas
1907 3667 1994 3722 di-

387 3733 521 3830 cunt
539 3746 557 3795 ;
589 3745 796 3830 easque
839 3737 1052 3796 habens
1080 3753 1387 3817 suspectas,
1442 3751 1514 3807 dc
1544 3755 1727 3812 medio
1756 3759 1840 3813 sui
1864 3775 1996 3830 pro-

386 3819 646 3919 turbavit,
667 3824 943 3919 longeque
972 3834 1041 3888 ab
1069 3838 1314 3895 exercitu
1340 3858 1441 3900 suo
1482 3845 1696 3919 fugatas
1719 3850 1774 3905 in
1806 3819 1996 3908 solitu-

385 3911 723 4008 dinecoegit
774 3937 979 3981 errare.
1039 3928 1125 3999 (Π.
1164 3936 1313 3989 misc.
1371 3937 1465 4008 xu)
1520 3911 1662 4005 duas
1711 3942 1993 4000 silvestres

384 4005 663 4107 homines,
693 4027 834 4083 quos
860 4020 1112 4075 nonnulli
1148 4022 1362 4082 Faunos
1390 4026 1611 4086 ﬁcarios
1639 4041 1858 4101 vocant,
1893 4051 1995 4107 per

384 4091 662 4183 desertum
716 4110 981 4176 vagantes
1034 4107 1164 4164 dum
1219 4114 1511 4183 vidissent,
1543 4126 1598 4174 et
1622 4135 1809 4175 earum
1840 4091 1992 4178 56m-

385 4180 643 4283 plexibus
671 4203 730 4244 se
752 4190 807 4246 in
838 4194 986 4251 coitu
1018 4200 1387 4272 miscuissent,
1438 4223 1612 4279 genus
1642 4210 1748 4266 hoc
1771 4211 1994 4269 ferocis-

381 4279 583 4373 simum
608 4279 924 4354 ediderunt,
973 4291 1122 4360 quod
1170 4293 1272 4350 fuit
1310 4297 1546 4367 primum
1580 4299 1726 4356 inter
1763 4303 1993 4373 paludes

384 4363 681 4435 Meotidas;
713 4373 1005 4446 minutum,
1032 4388 1232 4439 tetrum
1254 4363 1418 4459 atque
1450 4389 1594 4445 exile
1624 4363 1782 4462 quasi
1814 4393 1992 4449 homi-

990 4438 1002 4446 ,
1202 4438 1225 4439 η
1260 4438 1414 4459 ΜΓ-
1456 4438 1592 4445 ------
1627 4438 1782 4462 ν---
1815 4438 1963 4449 ...,....

381 4472 513 4514 num
540 4476 852 4535 genus,nec
876 4469 985 4526 alia
1010 4488 1144 4530 voce
1174 4484 1385 4544 notum,
1440 4481 1547 4535 nisi
1590 4484 1740 4554 quod
1768 4485 1992 4542 humani
2011 4438 2069 4507 D

382 4554 655 4609 sermonis
682 4555 977 4633 imaginem
1007 4565 1342 4639 assignabat,
1376 4577 1432 4626 et
1474 4589 1614 4644 quos
1657 4575 1802 4633 bello
1840 4577 1995 4634 forsi-

384 4650 474 4698 tan
496 4645 724 4705 minime
754 4655 1112 4724 superabant,
1153 4660 1336 4716 vultus
1375 4664 1463 4720 sui
1522 4672 1732 4726 terrore
1760 4671 1991 4728 nimium

383 4750 643 4833 pavorem
663 4739 998 4816 ingerentes,
1031 4748 1378 4806 terribilitate
1399 4751 1660 4826 fugabant
1699 4774 1713 4815 :
1755 4775 1822 4815 eo
1843 4763 1993 4833 quod

382 4833 502 4881 erat
539 4827 621 4883 eis
648 4831 866 4901 species
891 4837 1155 4906 pavendae
1176 4838 1506 4912 nigredinis,
1561 4853 1617 4901 et
1645 4847 1795 4904 velut
1849 4827 1996 4923 quae-

384 4916 532 4988 dam,
562 4921 609 4976 si
638 4923 746 4979 dici
778 4923 859 4981 fas
887 4937 989 4995 est,
1045 4929 1312 4987 deformis
1363 4935 1491 5004 offa,
1536 4954 1646 4995 non
1683 4916 1995 5007 facies-ha-

385 5010 635 5084 bensque
662 5016 835 5088 magis
860 5028 1084 5090 puncta,
1114 5026 1518 5095 quamlumina.
1554 5031 1794 5096 Quorum
1826 5035 1994 5091 animi

383 5102 642 5161 ﬁduciam
665 5116 855 5166 torvus
893 5114 1075 5183 prodit
1132 5126 1407 5190 aspectus.
1448 5124 1547 5189 Qui
1604 5126 1768 5182 etiam
1827 5128 1883 5183 in
1915 5130 1995 5200 pi-

382 5212 557 5272 gnora
581 5213 680 5253 sua
706 5200 882 5270 primo
911 5205 1002 5263 die
1031 5217 1159 5266 nata
1188 5211 1516 5272 desaeviunt.
1559 5217 1691 5274 Nam
1736 5220 1986 5277 maribus

379 5292 529 5348 ferro
559 5308 732 5367 genas
758 5306 968 5367 secant,
1010 5307 1090 5370 ut,
1128 5310 1421 5378 antequam
1463 5308 1619 5365 lactis
1645 5311 1989 5368 nutrimenta

2101 551 2537 608 Hincimberbes
2569 561 2886 620 senescunt,
2929 561 2988 611 et
3040 554 3160 610 sine
3204 563 3491 612 venustate
3534 555 3711 614 eﬂ'aebi

2098 649 2227 697 sunt
2253 643 2418 718 ;quia
2448 642 2618 697 facies
2638 642 2781 699 ferro
2808 644 3038 712 sulcata,
3064 647 3448 717 tempestivam
3475 648 3715 720 pilorum

2097 734 2327 808 gratiam
2356 735 2613 790 cicatrice
2659 735 2917 793 absumit.
2980 737 3173 813 Exigui
3230 739 3456 810 quidem
3518 739 3714 807 forma,

2101 828 2197 884 sed
2241 829 2444 904 arguti,
2503 830 2745 885 motibus
2812 832 3081 903 expediti,
3139 839 3193 889 et
3245 835 3314 888 ad
3354 835 3715 907 equitandum

2100 924 2514 993 promptissimi,
2543 925 2783 996 scapulis
2814 927 2958 995 latis,
2983 936 3039 983 et
3074 929 3143 983 ad
3183 945 3343 985 arcus
3370 932 3712 1005 sagittasque

2098 1016 2294 1085 parati,
2319 1016 2628 1072 cervicibus
2653 1016 2848 1085 ﬁrmis,
2882 1025 2936 1074 et
2964 1021 3228 1090 superbia
3256 1038 3479 1093 semper
3522 1025 3715 1079 erecti.

2097 1106 2303 1177 (1030.)
2335 1108 2395 1162 Hi
2427 1124 2557 1165 vero
2584 1110 2689 1165 sub
2722 1112 3003 1167 hominum
3023 1111 3216 1186 figura,
3250 1115 3441 1169 vivunt
3471 1115 3718 1170 belluina

2098 1199 2323 1255 saevitia.
2354 1200 2467 1255 Tali
2526 1217 2658 1274 ergo
2723 1203 2897 1275 stirpe
2958 1206 3228 1275 procreati
3277 1206 3442 1275 Huni,
3501 1208 3717 1263 cunctis

2099 1291 2295 1347 vicinis
2325 1294 2583 1364 gentibus
2609 1302 2768 1351 erant
2799 1297 3008 1352 horrori
3070 1305 3124 1352 et
3173 1297 3477 1354 formidini.
3513 1299 3715 1355 Horum

2099 1383 2399 1453 potentiam
2445 1385 2595 1439 auxit
2658 1386 2887 1442 victoria
2944 1388 3012 1442 de
3076 1388 3292 1450 Gothis.
3360 1390 3716 1444 manentibus

2100 1479 2249 1526 trans
2279 1472 2426 1543 ripas
2454 1473 2711 1529 Meotidis
2741 1474 3005 1539 fluminis,
3047 1477 3141 1548 qui
3186 1475 3240 1531 in
3283 1477 3507 1549 Scythia
3537 1479 3715 1548 polle-

2101 1566 2230 1619 bant
2257 1567 2433 1640 gloria
2461 1567 2754 1639 singularis
2794 1569 3055 1638 potentiae
3080 1578 3136 1625 et
3163 1569 3523 1627 fortitudinis.
3544 1573 3713 1638 Quam

2099 1656 2381 1711 victoriam
2414 1658 2518 1713 hoc
2566 1659 2730 1713 modo
2767 1658 2905 1713 Huni
2950 1659 3135 1730 adepti
3198 1667 3326 1716 sunt
3358 1678 3372 1714 :
3404 1660 3716 1718 Venatores

2104 1745 2714 1818 Hunorum,sequentes
2741 1749 2973 1823 vestigia
3001 1767 3178 1806 cervae
3191 1750 3462 1807 illeotidos
3484 1754 3715 1822 paludes

2100 1839 2455 1905 transeuntis,
2479 1856 2618 1910 quas
2648 1839 2944 1911 impervias
2973 1859 3099 1897 esse
3120 1843 3391 1898 hactenus
3423 1846 3716 1916 putabant,

2099 1928 2406 1998 Scythicam
2433 1931 2715 2005 regionem
2743 1932 3040 2007 diligenter
3069 1935 3375 2004 explorant,
3432 1936 3718 2007 explorata

2098 2021 2284 2075 omnia
2323 2021 2493 2076 Hunis
2547 2023 2821 2089 nuntiant,
2876 2024 2944 2078 ad
3008 2027 3404 2080 transeundum
3447 2042 3548 2083 eos
3597 2029 3720 2082 ani-

2098 2120 2266 2170 mant.
2302 2114 2501 2169 Horum
2534 2115 2734 2170 ducatu
2775 2116 3069 2187 paludibus
3100 2118 3367 2185 transitis,
3397 2119 3549 2175 velut
3592 2121 3716 2193 qui-

2097 2205 2222 2259 dam
2251 2206 2410 2261 turbo
2441 2206 2624 2262 subito
2682 2208 3054 2265 incubuerunt
3100 2209 3360 2283 gentibus
3420 2210 3714 2283 Scythicis,

2096 2314 2301 2369 easque
2332 2315 2526 2354 omnes
2563 2300 2998 2373 subjugaverunt
3050 2302 3179 2368 sibi,
3212 2302 3476 2375 ipsosque
3510 2303 3717 2361 Gothos

2095 2390 2310 2444 caeteris
2351 2390 2730 2461 imperitantes
2791 2398 2885 2447 aut
2943 2394 3320 2463 preminentes
3378 2395 3715 2465 expulerunt

2095 2481 2323 2535 sedibus
2354 2481 2485 2537 suis.
2545 2483 2655 2538 Hoc
2720 2482 2998 2539 felicitatis
3045 2500 3306 2541 successu
3374 2485 3513 2541 Huni
3570 2488 3717 2544 inter

2096 2574 2319 2624 caeteras
2340 2570 2574 2640 Scythiae
2600 2578 2795 2645 gentes
2807 2572 2935 2627 elati
2959 2588 3059 2643 per
3086 2573 3371 2629 victoriam
3398 2574 3469 2629 de
3501 2574 3710 2641 Gothis,

2096 2672 2197 2729 per
2219 2672 2396 2713 annos
2422 2657 2539 2713 fere
2560 2660 2843 2734 octoginta
2871 2660 3260 2718 laboraverunt
3283 2662 3351 2717 ad
3390 2664 3718 2720 concussio-

2098 2768 2224 2807 nem
2255 2759 2310 2807 et
2334 2741 2546 2807 ruinam
2573 2755 2784 2809 mundi.
2830 2756 2908 2810 Ab
2950 2758 3052 2810 hac
3103 2772 3235 2830 ergo
3264 2773 3454 2813 eorum
3482 2759 3716 2815 victoria

2097 2858 2273 2913 usque
2296 2843 2363 2897 ad
2389 2852 2620 2898 mortem
2653 2845 2831 2900 Attilae
2880 2861 3111 2921 regnum
3170 2862 3359 2903 eorum
3391 2847 3448 2902 in
3480 2848 3587 2905 hoc
3611 2865 3716 2904 an-

2097 2934 2412 2990 notabimus
2432 2950 2620 3006 Opere.
2980 2965 2983 2969 -

2170 3025 2327 3080 Extra
2362 3027 2461 3081 has
2498 3032 2551 3082 et
2577 3026 2696 3082 aliae
2717 3035 2911 3102 gentes
2967 3029 3212 3095 fuerunt,
3244 3045 3368 3102 qua:
3405 3031 3713 3088 Romanum

2096 3117 2387 3188 imperium
2446 3117 2904 3182 dilaceraverunt.
2962 3120 3015 3174 id
3074 3128 3159 3176 est
3204 3120 3463 3193 Gepides,
3534 3124 3713 3193 Alani,

2096 3212 2624 3287 Turchi,Bulgares,
2658 3221 2712 3269 et
2765 3215 2887 3269 aliae
2950 3216 3160 3287 plures,
3215 3232 3339 3289 quae
3391 3232 3589 3275 omnes
3649 3221 3716 3276 ab

2097 3303 2375 3375 aquilonis
2404 3303 2563 3378 plaga
2594 3304 2883 3370 exierunt;
2912 3311 2971 3360 ut
3013 3322 3184 3377 super
3214 3308 3319 3363 hoc
3349 3308 3580 3366 fortasse
3622 3312 3714 3367 vi-

2098 3397 2295 3451 deatur
2322 3396 2526 3451 dictum
2555 3412 2655 3466 per
2691 3398 3014 3468 prephetam
3051 3416 3064 3454 :
3104 3401 3181 3455 Ab
3227 3404 3479 3472 aquilone
3500 3406 3716 3474 pande-

2099 3495 2191 3545 tur
2215 3489 2428 3544 malum
2448 3505 2610 3559 super
2638 3493 2950 3546 universam
2981 3497 3201 3547 terram.

2167 3577 2453 3632 Ordiamur
2490 3593 2622 3650 ergo
2652 3578 2819 3633 telam
2879 3579 3214 3636 narrationis
3239 3588 3441 3638 nostrae
3459 3582 3528 3639 ab
3563 3600 3715 3643 anno

2096 3666 2310 3722 Domini
2340 3666 2489 3734 381.,
2522 3681 2633 3738 quo
2679 3682 2828 3723 anno
2882 3675 3004 3737 post
3051 3681 3286 3727 mortem
3340 3671 3588 3730 Valentis
3618 3676 3720 3732 Va-

2096 3758 2433 3814 lentinianus
2464 3759 2645 3815 minor
2673 3766 2728 3814 et
2766 3760 3078 3831 Gratianus,
3129 3762 3228 3819 ﬁlii
3251 3764 3476 3834 majoris
3513 3767 3719 3825 Valen-

2095 3852 2310 3919 tiniani,
2339 3851 2676 3922 incipientes
2704 3852 2870 3908 simul
2890 3869 3143 3928 regnare,
3205 3869 3571 3931 regnaverunt
3612 3877 3718 3916 an-

2095 3937 2181 3992 nis
2208 3937 2261 3991 6.
2291 3937 2368 3991 Ab
2384 3939 2489 3994 hoc
2516 3955 2661 3995 anno
2676 3940 2870 4011 Sapor,
2895 3944 2992 4014 qui
3019 3944 3494 4015 diuimperaverat
3507 3948 3710 4007 Persis.

2095 4029 2385 4099 imperavit
2413 4030 2575 4085 annis
2593 4030 2680 4088 28.
2699 4032 2779 4087 Ab
2794 4034 2900 4089 hoc
2911 4049 3057 4090 anno
3073 4035 3319 4091 Britanni
3351 4037 3455 4092 sub
3473 4038 3711 4112 imperio

2093 4119 2339 4176 Romano
2372 4120 2762 4178 fueruntannis
2786 4124 2992 4181 303.Ab
3008 4127 3114 4183 hoc
3144 4143 3291 4183 anno
3317 4127 3711 4186 Wandalicum

2093 4224 2220 4284 rege
2242 4225 2343 4266 suo
2371 4211 2678 4287 Modigisilo
2701 4229 2800 4286 per
2823 4213 3024 4271 Gallias
3064 4216 3368 4272 crudeliter
3383 4217 3710 4275 debacchati

2091 4305 2221 4354 sunt
2247 4300 2410 4355 annis
2437 4301 2550 4357 33‘.
2580 4302 2758 4374 Super
2806 4303 3044 4360 Francos
3096 4305 3154 4360 in
3209 4305 3516 4362 Sicambria
3545 4323 3709 4365 com-

2093 4400 2373 4449 morantes
2423 4395 2688 4470 regnabat
2748 4396 3037 4453 Priamus“.
3100 4398 3205 4453 Alii
3262 4399 3514 4455 scribunt
3581 4417 3707 4458 eum

2094 4482 2329 4553 periisse
2381 4485 2436 4538 in
2467 4484 2638 4551 bello,
2694 4500 2838 4557 quo,
2894 4493 2958 4541 ut
3003 4487 3260 4556 diximus,
3314 4488 3506 4544 Franci
3543 4489 3713 4547 nimis

2094 4572 2261 4627 attriti
2310 4578 2438 4627 sunt
2476 4573 2545 4627 ab
2597 4574 2841 4630 exercitu
2884 4575 3085 4646 prioris
3128 4576 3604 4647 Valentiniani,et
3639 4580 3710 4636 de

2094 4666 2399 4721 Sicambria
2450 4666 2601 4721 exire
2654 4668 2946 4739 compulsi.
2997 4669 3358 4743 Fritigernus,
3414 4671 3510 4744 qui
3539 4688 3712 4744 super

2093 4757 2429 4832 Wisigothos
2455 4758 2777 4830 aliquandiu
2830 4768 3174 4835 regnaverat,
3233 4762 3302 4817 ab
3350 4763 3454 4818 hoc
3496 4778 3647 4820 anno
3677 4761 3711 4819 3

2093 4847 2255 4904 annis
2281 4849 2546 4920 regnavit.
2573 4847 2916 4921 Ostrogothis
2945 4849 3001 4904 in
3033 4850 3208 4921 patrio
3237 4850 3357 4906 solo
3381 4850 3485 4905 sub
3517 4851 3712 4907 Huno-

2094 4956 2211 4994 rum
2256 4938 2504 4994 dominio
2545 4939 2950 4996 remorantibus
3005 4950 3223 5012 preerat
3284 4941 3653 4998 Winitharius
3692 4961 3708 5009 ;

2095 5034 2288 5105 eisque
2314 5032 2383 5088 ab
2439 5033 2546 5089 hoc
2573 5049 2719 5089 anno
2762 5050 2941 5105 usque
3005 5034 3073 5089 ad
3130 5042 3364 5090 mortem
3406 5034 3585 5091 Attilae
3611 5051 3712 5108 per

2094 5143 2271 5183 annos
2300 5127 2424 5199 plus
2443 5126 2627 5181 minus
2654 5126 2725 5182 80
2751 5126 3075 5198 prefuerunt
3111 5127 3284 5199 reguli
3355 5127 3539 5200 gentis
3567 5144 3708 5193 suae,

2098 5216 2383 5271 Balamber
2408 5216 2581 5271 Hunis
2618 5216 2947 5288 imperabat,
2980 5217 3096 5290 qui,
3123 5224 3320 5290 etpost
3345 5233 3472 5273 eum
3512 5217 3713 5275 lund-

2093 5311 2231 5367 zueh
2288 5318 2444 5383 pater
2498 5311 2696 5395 Attilae,
2751 5310 2911 5368 Octar
2971 5318 3027 5367 et
3080 5312 3274 5387 Rugila
3320 5311 3517 5368 fratres
3560 5313 3709 5383 ejus,

1706 5446 1926 5502 VARUE
1955 5445 2334 5503 LECTIONES.

454 5562 476 5596 ³
503 5567 610 5634 Sig.
638 5568 881 5644 primum
906 5572 1119 5644 sm‘psit
1147 5570 1317 5625 XXX"
1348 5572 1441 5639 Ill,
1480 5575 1570 5629 sed
1599 5574 1669 5628 Ill
1707 5576 1996 5644 detersum,
2054 5582 2117 5630 ut
2163 5576 2394 5642 videtur,
2450 5574 2519 5629 ab
2570 5577 2680 5644 ipso
2736 5577 2925 5644 statiua
2966 5581 3248 5644 postquam
3275 5581 3395 5629 erat
3422 5578 3708 5644 scriptum,

385 5637 695 5716 quAquod
725 5638 943 5716 reliquis
992 5637 1237 5716 numeris
1289 5637 1495 5716 semper
1544 5649 1840 5716 imponitb;
1873 5637 2162 5702 hic'deest.
2215 5645 2350 5701 XXX
2376 5637 2602 5701 'habent'
2651 5647 2749 5700 soli
2779 5648 2836 5698 A.
2898 5637 2989 5699 FI'.
3041 5637 3149 5700 2."
3179 5644 3361 5699 XXXII
3415 5637 3616 5701 habent
3646 5637 3708 5701 A.

388 5706 478 5764 Fl.
510 5704 569 5763 ΞΖ
599 5707 621 5744 ⁸
647 5707 717 5764 ab
740 5704 861 5766 hoc"
877 5726 1023 5766 anno
1053 5713 1216 5767 annis
1241 5704 1489 5787 quinque
1515 5704 1663 5771 addit
1687 5720 1748 5772 in
1782 5704 1834 5772 ’ί
1860 5733 2058 5774 manus
2088 5721 2316 5786 incerta,
2346 5723 2398 5773 et
2423 5716 2533 5774 83*
2560 5734 2577 5783 ;
2608 5717 2801 5772 desunt
2824 5717 3059 5786 reliquis.
