3894 6220
182 276 252 329 65
1688 285 2033 343 CHBONICA.

3460 330 3529 385 66

183 404 353 460 Bleda
384 412 445 461 et
471 405 666 477 Attila,
718 408 884 464 frater
922 409 1063 478 ejus,
1111 410 1183 465 ab
1215 411 1318 467 hoc
1347 428 1493 469 anno
1541 429 1718 486 usque
1747 418 1816 473 ad
1843 420 1895 487 Α
1921 426 2051 490 gatu
2076 418 2373 491 Sephronii
2404 427 2504 482 viri
2547 431 2821 525 sapientis?
2841 443 3116 502 transtulit
3141 448 3273 504 illud
3314 453 3383 509 de
3430 457 3531 514 lle-

183 501 419 525 mnu-Iam
454 495 711 525 Πη-ιζηηζ
736 498 1079 525 εΜηΑ-ηιΑ-ε-
1108 512 1472 525 _-._..-_---____.
1511 509 1633 525 -.-ηε
1738 510 1751 525 1
1922 507 1947 525 ι
2000 508 2036 525 ,-
2236 513 2267 525 ι-
2318 524 2323 525 ,
2399 516 2410 525 .
2493 517 2508 525 -
2588 521 2594 525 .

183 501 420 551 mortem
454 495 713 552 Martiani
736 498 1081 570 imperatoris
1108 512 1477 577 regnaverunt
1506 509 1667 564 annis
1698 510 1822 583 plus
1921 507 2105 564 braica
2134 513 2364 569 veritate
2397 516 2452 571 in
2488 517 2736 577 Latinum
2789 510 2957 585 verbo
2996 535 3063 588 ad
3093 540 3340 597 verbum.
3374 546 3529 611 Quod

187 584 375 611 ...εκ-..-
407 586 481 611 on
547 586 696 611 Δ-..Α
730 587 793 611 ,1.
838 588 990 611 ΛΔ...Δ
1030 591 1154 611 inn:
1232 593 1252 611 ι
1304 610 1311 611 ,
1492 598 1504 611 ι
1631 601 1690 611 ν..
1777 603 1788 611 .
2026 598 2057 611 1.
2134 600 2143 609 ι
2398 605 2429 611 .-
2492 606 2551 611 ---

187 584 375 640 minus
406 586 501 641 80.
536 586 699 643 Anno
728 587 798 644 ab
828 588 994 645 Adam
1022 591 1184 660 423i,
1232 593 1254 628 ⁸
1298 598 1602 654 secundum
1631 601 1818 658 Dioni-

188 674 355 741 sium,
387 693 543 732 anno
572 694 704 735 vero
736 679 954 736 Domini
983 682 1109 751 381,
1153 687 1460 743 secundum
1492 690 1817 761 Dionisium,

189 763 521 836 Olimpiadis
550 766 661 824 289
714 785 862 827 anno
888 771 945 825 4.
977 780 1104 843 post
1132 782 1367 831 mortem
1398 777 1557 849 impii
1580 780 1819 838 Valentis

189 853 491 926 imperant.

187 962 488 1004 GRATIANUS
511 967 581 1005 ΕΤ
603 968 1046 1010 νΑιεητικιΑκυε.
1062 971 1252 1012 εΑροη.
1277 975 1527 1016 PRIAMUS.
1545 979 1809 1020 BRITANNI.

294 1039 422 1094 381.
610 1044 663 1098 1.
1150 1050 1200 1104 1.
1385 1051 1437 1106 1.
1660 1058 1709 1110 1.

259 1145 636 1189 ιοοιϐιειιυε.
662 1151 1031 1191 ηιτιοειιιηυε.
1051 1155 1425 1197 κνικιτιιλιιιυε.
1444 1160 1744 1200 BALANBER.

364 1222 421 1275 1.
810 1230 857 1282 1.
1228 1231 1278 1285 1.
1581 1236 1633 1288 1.

256 1312 505 1385 (Ριιοειι.)
536 1314 887 1373 Theodosius
924 1335 956 1375 a
986 1320 1242 1378 Gratiano
1283 1324 1545 1399 magister
1574 1327 1808 1383 militum

186 1402 497 1471 ordinatus,
562 1407 879 1463 incredibili
910 1411 1193 1466 celeritate
1250 1421 1306 1467 et
1360 1414 1499 1469 mira
1552 1414 1810 1473 felicitate

189 1491 420 1548 devictis
455 1495 657 1550 multis
685 1496 935 1553 barbaris
979 1501 1263 1574 gentibus,
1315 1503 1512 1559 lassam
1546 1520 1659 1561 rem
1706 1524 1808 1579 pu-

188 1581 384 1637 blicam
418 1582 477 1637 in
512 1585 753 1641 orientis
781 1587 1031 1658 partibus
1061 1592 1352 1662 reparavit.
1414 1593 1602 1663 (Cass)
1634 1595 1811 1654 Clare-

189 1674 318 1729 bant
360 1690 431 1732 eo
490 1683 752 1749 tempore
814 1681 1077 1738 Damasus
1130 1684 1337 1754 Rome,
1396 1686 1538 1744 13mm
1580 1697 1814 1760 papatus

189 1780 390 1821 annum
427 1783 639 1842 agens;
670 1770 863 1844 (Ηιειιο)
905 1779 977 1829 De
1014 1779 1117 1832 vir.
1142 1778 1245 1845 ili.)
1303 1778 1551 1834 Didimus
1586 1782 1814 1837 Alexan-

187 1857 397 1927 drinus,
457 1861 559 1933 qui
612 1878 644 1916 a
691 1874 888 1936 quarto
927 1867 1101 1923 aetatis
1137 1885 1284 1925 anno
1336 1870 1543 1926 lumine
1595 1883 1809 1944 captus,

185 1949 435 2019 quamvis
461 1958 618 2006 esset
638 1953 1041 2011 elementorum
1077 1957 1322 2031 ignarus,
1356 1969 1538 2020 tamen
1572 1965 1626 2020 in
1658 1967 1811 2023 litteo

186 2052 361 2092 rarum
422 2039 669 2096 scientia
712 2042 875 2097 etiam
925 2045 1275 2118 philosophis
1312 2052 1461 2119 ﬂerat
1503 2053 1806 2123 mirabilis;

188 2129 266 2198 (Η.
294 2146 369 2185 m.
406 2129 543 2186 Cass
575 2173 591 2198 ,
631 2132 804 2204 tuac.)
849 2134 1220 2209 Hieronimus,
1254 2147 1400 2196 totus
1429 2143 1629 2201 divinae
1661 2148 1805 2202 scri-

191 2225 356 2287 pturae
422 2219 800 2287 incumbens;
853 2224 1151 2297 Gregorius
1209 2228 1466 2297 Nisenus,
1514 2231 1807 2309 Gregorius

189 2307 568 2375 Nazanzenus,
627 2309 891 2367 Martinus
926 2312 1262 2371 Turonensis
1313 2307 1643 2392 episcopus,
1678 2328 1809 2379 Am-

188 2396 400 2454 brosius
426 2400 894 2476 Mediolanensis,
922 2408 1149 2465 Ruﬁnus
1177 2413 1547 2485 Aquileiensis
1593 2422 1807 2491 presbi—

186 2499 296 2557 ter;
325 2492 379 2546 in
410 2492 658 2568 Egypto
684 2495 1010 2556 Pachomius
1046 2502 1235 2567 abbas,
1269 2505 1517 2564 Meletius
1555 2511 1811 2569 Antioce-

189 2598 286 2637 nus
313 2585 644 2657 episcopus,
678 2604 780 2659 per
808 2591 913 2647 hoc
942 2586 1162 2652 clarior.
1197 2598 1344 2668 quod
1376 2599 1720 2659 Theodosius
1750 2606 1804 2660 in

187 2677 389 2732 somnis
416 2678 690 2748 previdit,
718 2696 777 2737 se
814 2682 883 2737 ab
917 2700 983 2740 eo
1002 2685 1156 2741 indui
1195 2689 1430 2747 clamide
1452 2692 1721 2766 imperiali
1750 2706 1805 2753 et

188 2768 490 2827 diademate
517 2774 803 2829 coronari.

251 2859 371 2915 382.
485 2863 540 2917 2.
670 2864 728 2918 2.
837 2866 891 2921 2.
1012 2867 1064 2924 2.
1178 2871 1230 2926 2.
1341 2873 1395 2929 2.
1507 2877 1561 2932 2.
1673 2879 1728 2935 2.

252 2949 527 3024 (Prnosr)
584 2952 879 3012 Gratianus
930 2960 1088 3015 valde
1129 2963 1387 3034 religioni
1416 2966 1582 3035 favet,
1621 2985 1675 3026 et
1705 2989 1804 3043 per

185 3038 360 3094 omnia
390 3041 738 3113 reipublicae
769 3056 1075 3119 promptus,
1108 3050 1471 3109 Theodosium
1490 3038 1798 3117 consortem

183 3128 390 3199 imperii
423 3103 581 3191 facit.
612 3103 791 3202 (illan:
832 3103 948 3193 Vitr;
993 3103 1163 3211 SIP.)
1200 3141 1367 3199 Paula
1409 3144 1553 3202 inter
1581 3149 1803 3207 nobiles
1825 3103 1874 3171 Ο

184 3219 544 3280 Romanorum
566 3232 850 3284 matronas
876 3232 1207 3303 prenobilis,
1239 3235 1604 3296 abrenunciat
1636 3259 1799 3298 mun-

184 3312 271 3368 do.
302 3315 501 3383 (Ηιειι.,
564 3322 729 3387 Praef.
766 3324 825 3375 in
867 3323 1087 3393 Psalm.)
1137 3324 1463 3384 Psalterium
1504 3334 1651 3403 quod
1710 3351 1800 3392 se-

185 3409 416 3466 cundum
451 3412 587 3468 LXX
628 3413 962 3487 interpretes
992 3419 1048 3473 in
1081 3421 1338 3478 omnibus
1364 3427 1629 3484 aecclesiis
1666 3446 1799 3486 can-

184 3496 408 3567 tabatur,
464 3502 825 3560 Hieronimus
872 3507 1132 3563 correxit.
1177 3510 1293 3575 Quo
1331 3512 1529 3570 iterum
1586 3518 1797 3589 vitiato,

183 3594 489 3662 psalterium
532 3613 742 3653 novum
792 3603 1123 3672 composuit,
1155 3605 1302 3676 quod
1333 3616 1387 3663 et
1418 3625 1448 3662 a
1479 3609 1605 3665 LXX
1626 3612 1801 3669 inter-

185 3688 385 3749 pretum
432 3685 691 3741 editione
724 3702 835 3742 non
869 3692 1098 3747 multum
1150 3693 1511 3766 discordaret,
1573 3708 1627 3756 et
1673 3719 1796 3759 cum

188 3768 441 3828 Hebraico
486 3776 729 3830 multum
788 3781 1166 3837 concordaret.
1214 3786 1365 3849 Quod
1420 3797 1480 3842 ut
1535 3792 1798 3850 omnibus

186 3864 379 3922 clarum
411 3868 597 3938 ﬁeret,
634 3872 814 3943 ipsum
849 3877 1167 3945 psalterium
1201 3880 1451 3939 distinxit
1496 3903 1596 3956 per
1652 3898 1798 3946 aste-

187 3953 364 4020 riscos,
384 3956 439 4012 id
473 3969 560 4013 est
588 3960 802 4016 stellam
837 3971 910 4029 sis,
945 3975 999 4020 et
1032 3984 1129 4037 per
1155 3969 1367 4039 obelos,
1399 3974 1451 4028 id
1482 3986 1564 4031 est
1590 3978 1796 4053 virgam

182 4046 443 4114 iacentem
474 4065 538 4113 —:—-
560 4096 578 4122 ,
632 4055 838 4110 docens
868 4073 934 4112 ea
963 4076 1084 4131 quae
1115 4063 1478 4123 continentur
1528 4072 1631 4126 sub
1658 4081 1803 4130 aste-

186 4143 317 4198 risco
362 4154 415 4209 διε
457 4164 647 4220 usque
697 4149 763 4203 ad
841 4152 948 4208 duo
1004 4166 1254 4226 puncta:
1316 4160 1371 4215 in
1434 4162 1645 4223 Hebreo
1700 4169 1801 4224 ha-

187 4235 294 4292 beri
323 4249 375 4296 et
408 4259 437 4296 a
469 4244 605 4297 LXX
648 4248 1002 4315 pretermissa
1054 4267 1202 4319 esse;
1234 4270 1298 4309 ea
1355 4272 1480 4313 vero
1515 4276 1638 4331 quae
1667 4279 1801 4319 con-

190 4329 419 4388 tinentur
433 4335 541 4389 sub
554 4335 724 4392 obelo
750 4348 811 4395 -:—
840 4356 1015 4412 usque
1042 4345 1111 4397 ad
1130 4345 1238 4401 duo
1265 4357 1498 4417 puncta:
1520 4329 1571 4407 in
1589 4354 1798 4414 Hebreo

189 4437 287 4476 non
316 4424 527 4491 haberi,
564 4428 669 4482 sed
720 4445 750 4484 a
780 4430 905 4485 LXX
936 4434 1125 4491 addita
1172 4454 1320 4501 esse,
1349 4440 1496 4511 justa
1549 4445 1795 4505 Theodo-

187 4510 337 4567 tionis
378 4516 669 4573 dumtaxat
711 4523 1124 4582 translationem
1194 4529 1231 4583 ⁷.
1295 4496 1406 4587 Hoc
1468 4538 1789 4605 psalterium
1822 4496 1875 4564 D

188 4601 431 4661 Damasus
461 4625 614 4681 papa
645 4619 838 4686 rogatu
868 4614 1169 4673 Hieronimi
1195 4620 1250 4675 in
1289 4622 1581 4681 Gallicanis
1604 4633 1796 4688 accele-

187 4690 275 4746 siis
302 4698 502 4752 cantari
538 4699 808 4769 instituit,
841 4711 896 4758 et
924 4708 1150 4777 pr0pte'r
1176 4709 1281 4765 hoc
1329 4711 1667 4772 Gallicanum
1699 4737 1793 4776 vo-

188 4787 355 4852 catur;
388 4785 661 4843 Romanis
706 4790 1024 4860 psalterium
1058 4799 1363 4854 secundum
1397 4801 1523 4858 LXX
1551 4808 1797 4865 retinen-

190 4872 321 4929 tibus
369 4877 497 4947 sibi,
537 4886 775 4952 propter
802 4885 951 4954 quod
1006 4886 1313 4946 Romanum
1368 4903 1613 4955 vocatur.
1673 4900 1795 4959 Haec

190 4963 287 5021 duo
328 4969 596 5039 psalteria
647 4986 772 5027 cum
804 4990 916 5031 non
957 4976 1282 5038 sufﬁcerent
1310 4984 1379 5040 ad
1431 4994 1794 5061 proponenda

192 5057 489 5118 testimonia
516 5062 591 5118 de
624 5061 838 5121 Christo
869 5076 1060 5125 contra
1099 5071 1344 5145 Iudaeos,
1385 5057 1478 5149 qui
1506 5057 1615 5136 non
1649 5087 1793 5141 reci-

193 5147 334 5239 piunt
368 5154 474 5210 nisi
517 5171 588 5210 ea
640 5171 767 5228 quae
799 5158 1074 5219 habentur
1109 5164 1167 5220 in
1229 5147 1464 5239 Hebreo,
1497 5174 1711 5232 addidit
1736 5186 1790 5235 et

193 5236 419 5309 tertium,
452 5242 608 5316 quod
647 5254 874 5302 vocatur
904 5249 1249 5325 Hebraicum,
1282 5273 1383 5329 pro
1413 5236 1481 5316 eo
1508 5264 1657 5335 quod
1701 5282 1791 5324 ro-

1921 598 2244 667 psalterium
2277 611 2331 658 et
2360 605 2469 659 alia
2492 606 2791 667 Hieronimi
2815 621 3081 686 epuscula
3111 624 3254 683 idem
3286 598 3533 704 Sep‘hrro:

1921 685 2045 741 nius
2075 687 2145 741 de
2180 688 2373 747 Latino
2413 694 2467 747 in
2503 696 2732 755 Grecum
2782 685 3076 765 transtulit.
3146 685 3525 786 (linumert-iu-

1920 795 2048 837 ιω).
2080 783 2202 839 ΙυΑο
2230 786 2568 859 )TeOphilus
2596 794 2935 857 Alexandriae
2967 783 3264 881 episcopus
3315 818 3526 888 cyclum

1918 869 1987 924 de
2018 872 2408 933 observatione
2438 883 2655 951 paschae
2684 869 3016 957 percentuni
3032 869 3207 956 annos
3231 874 3525 980 digestum,

1870 1025 1879 1031 _
1921 978 2084 1032 quem
2118 966 2440 1027 laterculum
2501 979 2734 1045 vocavit,
2794 983 2862 1037 ab
2900 986 3003 1043 hoc
3041 1006 3186 1048 anno
3230 966 3528 1071 incohavit,

1922 1053 2027 1109 hoc
2050 1065 2134 1113 est
2181 1075 2212 1114 a
2241 1062 2420 1132 primo
2450 1071 2737 1127 consulatu
2771 1075 3084 1136 Theodosii.
3118 1089 3194 1153 (G.
3220 1053 3529 1163 mnu—Da:

1920 1166 2102 1209 masus
2155 1173 2297 1229 papa
2337 1169 2526 1235 rogatu
2578 1165 2900 1240 Hieronimi,
2961 1177 3220 1250 instituit,
3253 1186 3439 1245 dicere
3471 1191 3526 1246 in

1921 1248 2171 1304 mcclesia
2201 1252 2257 1306 in
2291 1252 2400 1311 fine
2432 1259 2800 1328 psalmorum:
2835 1269 3016 1328 Gloria
3058 1248 3286 1336 Patri-et
3309 1284 3448 1342 Filio
3474 1297 3530 1344 et

1914 1336 2141 1407 Spiritui
2170 1354 2390 1413 sancto;
2432 1349 2585 1406 Sicut
2613 1364 2747 1412 erat.
2799 1360 3040 1421 Instituit
3077 1369 3242 1426 etiam
3283 1336 3528 1445 psalmos

1912 1426 1967 1481 in
1994 1430 2241 1488 tecclesia
2269 1447 2431 1492 nocte
2480 1440 2679 1514 dieque
2696 1451 2903 1505 cantari
2926 1452 2946 1486 ⁸
3030 1455 3116 1526 [Ut
3155 1426 3339 1519 autein
3370 1467 3524 1523 chori

1912 1516 1967 1571 in
2000 1519 2138 1575 duas
2171 1531 2353 1593 partes
2380 1528 2566 1599 divisi,
2608 1534 2756 1605 ipsos
2778 1542 3018 1609 psalmos
3047 1548 3360 1609 alternatim
3392 1573 3525 1613 can-

1911 1616 2110 1679 tarent,
2143 1614 2259 1685 jam
2314 1624 2564 1692 tempore
2617 1626 3294 1708 (onstantiiimperatoris
3333 1647 3388 1703 in
3416 1667 3526 1706 tec-

1914 1698 2081 1755 clesia
2136 1704 2475 1765 Anthiocena
2531 1713 2881 1776 instituerant
2931 1698 3090 1795 primi
3143 1698 3432 1793 Flavianus
3471 1752 3525 1797 et

1915 1790 2186 1851 Diodorus
2211 1798 2310 1853 viri
2339 1803 2582 1871 probatae
2611 1809 2735 1864 vitae
2783 1821 2839 1867 et
2866 1790 3165 1889 doctrinae;
3199 1829 3347 1897 quod
3374 1790 3523 1889 inde

1912 1880 1979 1934 ad
2012 1884 2280 1942 terminos
2338 1890 2504 1948 totius
2534 1897 2686 1953 orbis
2717 1916 2892 1973 usque
2922 1880 3214 1986 pervenit.)

1981 1975 2106 2031 383.
2220 1981 2273 2038 3.
2392 1984 2445 2043 3.
2558 1988 2592 2045 3
2723 1992 2774 2049 3.
2901 1975 2954 2053 3.
3066 2002 3119 2060 3.
3195 1975 3285 2065 '3.
3397 2014 3455 2069 3.

1912 2065 2147 2139 (Paosp-)
2181 2071 2444 2131 Maximus
2483 2078 2538 2133 in
2569 2081 2849 2141 Britannia
2881 2090 2993 2160 'per
3020 2099 3365 2165 tyrannidem
3414 2105 3522 2162 im-

1910 2156 2122 2223 perium
2161 2161 2371 2232 arripit.
2407 2167 2601 2239 (IDAC.)
2652 2172 2780 2229 Post
2810 2156 3211 2254 Frithige'rnum
3242 2156 3520 2251 secundus

1908 2250 2054 2318 apud
2079 2251 2410 2329 Wisigothas
2438 2272 2631 2333 regnat
2661 2250 3021 2329 Athanaricus
3052 2293 3198 2335 anno
3229 2299 3369 2353 uno;
3398 2291 3514 2360 qui,

1908 2341 2317 2402 confmderatus
2347 2350 2673 2423 Theodosio,
2709 2367 2763 2413 ct
2792 2362 2859 2415 ab
2883 2378 2948 2419 eo
2988 2341 3519 2448 Constantinopolim
3619 2355 3631 2363 ο

1910 2431 2188 2497 invitatus.
2224 2455 2348 2495 mox
2376 2444 2460 2497 15.
2491 2445 2582 2500 die
2615 2464 2679 2503 ex
2725 2468 2836 2522 quo
2865 2470 3088 2514 venerat
3122 2462 3328 2522 ibidem
3350 2431 3517 2529 lobiit.

1911 2520 2143 2578 Basilius
2197 2527 2549 2597 Cesariensis,
2619 2538 2715 2608 qui
2776 2544 2994 2612 gemina
3049 2549 3403 2626 philosophia
3468 2570 3523 2616 et

1907 2616 2198 2673 sanctitate
2225 2620 2536 2692 claruerat;
2591 2629 2678 2683 cui
2710 2630 2854 2687 Deus
2883 2651 3157 2707 apparens
3188 2644 3258 2700 ad
3297 2665 3518 2719 precem

1905 2703 2025 2771 ejus
2062 2721 2187 2763 eum
2225 2709 2433 2779 docuit,
2473 2722 2533 2769 ut
2587 2720 2822 2790 prepriis
2852 2725 3037 2782 verbis
3061 2703 3311 2789 sanctum
3352 2743 3521 2795 sacri-

1904 2789 2087 2848 ﬁcium
2121 2808 2495 2867 consecraret;
2537 2806 2625 2859 cui
2670 2810 2969 2868 revelatum
2999 2824 3103 2885 est,
3138 2823 3285 2892 quod
3312 2824 3523 2883 Mercu-

1903 2881 2016 2937 rius
2032 2885 2501 2962 milcsetmartyrl
2511 2893 2759 2952 ulianum
2779 2899 2847 2953 im
2856 2881 3171 2971 peratoreni
3182 2917 3482 2980 peremerit
3502 2937 3515 2985 ;

1904 2974 2287 3045 quijuvenem,
2310 2982 2401 3052 qui
2421 2983 2494 3038 ob
2507 3001 2749 3043 amorem
2765 2991 2993 3065 virginis
3008 2997 3111 3053 sibi
3128 3017 3228 3071 per
3238 3004 3517 3064 diabolum

1903 3064 2209 3121 conciliata;
2238 3080 2534 3143 negaverat
2554 3064 3260 3148 Christum;reconciliavit
3285 3093 3516 3166 Christo,

1902 3155 2083 3226 palam
2115 3159 2385 3219 altercans
2404 3180 2526 3221 cum
2559 3168 2816 3239 diabolo;
2859 3177 2953 3246 qui
2987 3177 3300 3251 impetravit
3321 3203 3350 3243 a
3385 3155 3516 3260 Deo,

1901 3254 1959 3302 ut
1987 3257 2211 3307 sanctus
2239 3252 2437 3310 Eﬁrem
2469 3258 2637 3330 Syrus
2666 3260 2837 3319 Grece
2868 3265 3188 3339 loqueretur
3215 3292 3230 3341 ;
3262 3277 3357 3349 qui
3389 3252 3521 3352 pec;

1900 3347 2018 3396 cata
2050 3346 2376 3414 peccatricis
2401 3350 2600 3422 scripta
2649 3361 2703 3409 et
2732 3356 2947 3431 signata
2977 3364 3186 3419 orando
3228 3346 3517 3426 oblittera-

1899 3429 1978 3485 vit
2020 3431 2104 3500 (cf.
2143 3433 2352 3506 illum}:
2387 3438 2471 3493 his
2509 3448 2564 3495 et
2601 3429 2943 3501 multis‘aliis
2995 3450 3195 3521 clarus,
3226 3455 3357 3511 dum
3405 3474 3520 3514 me-

1901 3518 2059 3575 dicus
2104 3521 2347 3581 Hebreus
2394 3527 2685 3587 imminere
2724 3534 2829 3589 sibi
2867 3545 3095 3595 mortem
3156 3560 3256 3613 per
3310 3553 3516 3605 tactum

1898 3622 2054 3662 venae
2078 3624 2265 3666 revera
2298 3617 2704 3688 pronuntiaret,
2733 3633 2962 3680 mortem
2987 3631 3198 3686 orando
3230 3632 3287 3687 in
3316 3638 3518 3692 crasti-

1898 3711 2033 3750 num
2075 3698 2307 3769 distulit,
2340 3712 2394 3757 et
2424 3705 2499 3760 ita
2531 3710 2804 3765 medicum
2837 3730 2962 3769 cum
2992 3719 3107 3773 suis
3132 3722 3200 3775 ad
3242 3722 3512 3783 Christum

1898 3796 2246 3859 convertens,
2292 3792 2531 3851 feliciter
2557 3802 2809 3859 moritur.
2866 3806 3129 3865 Damasus
3183 3830 3325 3884 papa
3372 3816 3518 3874 invi-

1896 3879 2052 3934 diose
2083 3881 2338 3938 adulterii
2369 3895 2677 3956 accusatus,
2711 3902 2977 3967 purgatur
3029 3916 3057 3954 a
3101 3879 3514 3980 ii—episcOpis,

1901 3983 2253 4033 accusatores
2282 3980 2402 4050 ejus
2430 3999 2561 4038 vero
2590 3985 2660 4039 ab
2680 3990 2930 4045 aecclesia
2960 3995 3328 4065 expelluntur.
3357 4002 3518 4074 Apol-

1902 4067 2095 4122 linaris
2138 4069 2420 4127 Laodiceae
2462 4076 2776 4149 episcopus,
2830 4098 3129 4142 conversus
3159 4090 3213 4144 in
3270 4092 3511 4152 heresim

1902 4160 1987 4214 sui
2035 4163 2295 4233 nominis,
2328 4182 2359 4220 a
2390 4168 2621 4225 Damaso
2666 4189 2804 4243 papa
2837 4176 3145 4248 damnatur,
3202 4186 3330 4256 quia
3358 4187 3510 4245 dice—

1900 4253 2012 4319 bat,
2036 4255 2189 4327 quod
2244 4256 2488 4315 Christus
2518 4269 2675 4318 natus
2714 4266 2886 4322 solam
2939 4286 3180 4339 carnem,
3220 4253 3350 4333 non
3390 4283 3513 4337 ani-

1899 4361 2044 4399 mam
2067 4350 2392 4419 susceperit,
2426 4361 2516 4409 aut
2541 4354 2586 4408 si
2618 4359 2864 4429 suscepit
2896 4377 3004 4417 non
3037 4366 3381 4439 rationalem,
3413 4375 3510 4429 sed

1900 4442 2111 4492 tantum
2143 4439 2469 4498 vivificalcm
2509 4446 2747 4502 animam
2781 4456 3106 4526 susceperit,
3137 4459 3235 4514 sed
3265 4466 3511 4531 potentia

1899 4528 2122 4585 deitatis
2146 4542 2417 4607 susceptae
2439 4540 2587 4594 carni
2614 4557 2712 4611 pro
2743 4545 2923 4600 anima
2947 4547 3129 4617 fuerit,
3162 4559 3216 4608 et
3246 4528 3363 4626 ipsa
3383 4573 3511 4617 caro

1900 4637 2011 4677 non
2064 4624 2135 4678 de
2167 4625 2329 4681 Maria
2384 4640 2643 4703 suscepta
2697 4634 2789 4705 sit,
2848 4639 2946 4694 sed
3001 4657 3127 4699 caro
3183 4652 3238 4702 et
3266 4624 3506 4708 verbum

1899 4714 2060 4769 unius
2088 4716 2415 4775 substantiae
2448 4720 2653 4779 fuerint
2680 4725 2722 4780 ’.

1969 4819 2324 4889 DOMANPRUM.
2345 4825 2625 4889 PBRSARUM
2670 4832 3007 4877 FRANGORUM.
3032 4840 3431 4889 BRINTANORUH.

1895 4874 2021 4930 384.
2133 4878 2187 4932 4.
2475 4884 2529 4939 4.
2819 4874 2873 4947 4⁷.
3034 4874 3289 4956 “””””ἰὶῖ

2015 4983 2407 5096 ἫΛΝΒΑῙΟΒὉΠ.
2443 4990 2853 5103 ψιειῦιὶτηοιιυυ
2863 5023 2875 5036 ο
2905 4998 3385 5115 οετιιοοοὶηοιιωι.

2556 5153 2834 5198 ιιυΝοιιωί.

1959 5270 2179 5340 (Pssun.
2242 5274 2406 5347 Dim.)
2454 5212 2715 5337 Damasu:
2769 5300 2914 5357 papa
2943 5288 3208 5364 decrevit,
3244 5312 3314 5354 ne
3369 5301 3503 5372 quid

1525 5394 1745 5454 VARlAi
1776 5400 2155 5461 LECTIONES.

2870 5525 2998 5606 ...ξι
3017 5528 3144 5606 i._'l:.
3179 5530 3296 5606 d._t.
3317 5544 3502 5606 postea

1751 5586 1957 5662 posuit,
1982 5583 2079 5637 ubi
2088 5659 2095 5662 ἑ
2122 5585 2322 5640 habent
2353 5586 2388 5641 F
2397 5590 2443 5643 1.
2475 5589 2538 5654 Ως
2567 5592 2774 5662 desunt
2798 5596 2858 5648 A.
2893 5596 3020 5651 83*.
3066 5583 3158 5656 F73.
3185 5583 3503 5662 “vixisti:

1297 5624 1303 5625 ,
1376 5624 1657 5631 --___--_....
1676 5624 1727 5633 ν-
1789 5624 1930 5637 νυ-σνν
1986 5624 2075 5637 κνυ
2122 5624 2321 5640 vmvvrrv
2353 5624 2369 5641 I
2401 5624 2443 5643 ιο
2475 5624 2510 5642 8
2579 5624 2774 5648 manu
2798 5624 2858 5648 η.
2896 5624 3020 5651 υοτο
3066 5624 3158 5656 ro.
3228 5624 3251 5637 '
3400 5633 3497 5659 .—"

198 5624 385 5738 ἓξὲξ
422 5631 491 5715 ἰηο
510 5646 717 5738 ηαδῖιῦνιέ
745 5624 1167 5738 tim
1326 5656 1568 5738 cumaea.
1599 5624 1891 5738 Sequlé'utiq,
1916 5626 1983 5738 ᾧ
1996 5659 2191 5738 autem
2223 5687 2291 5697 —-
2348 5631 2610 5738 pervenit
2625 5666 2684 5717 in
2738 5671 2986 5735 margine
3005 5678 3124 5738 post
3172 5624 3497 5738 addwit‘ta;

390 5715 488 5738 fl”)
650 5717 680 5738 Δ
712 5718 881 5738 uos-um
932 5723 1003 5738 an:
1034 5724 1101 5738 om.
1121 5724 1313 5738 Μαι-Μη-
1343 5728 1366 5738 Α-
1407 5721 1554 5738 .Δ-Α---
1596 5734 1675 5738 μην

1013 5689 1041 5691 η
1072 5689 1153 5691 τ-.-
1193 5689 1236 5693 --
1282 5689 1292 5694 -
1328 5689 1406 5697 -.υ
1430 5689 1444 5696 -
1466 5689 1568 5701 νυν.
1599 5689 1632 5702 υ
1700 5689 1885 5707 “me”...
1918 5689 1983 5707 νιν
2010 5689 2191 5708 unus!"
2223 5689 2291 5697 --
2407 5689 2436 5712 Ἰ
2457 5689 2477 5714 ν
2501 5689 2555 5714 ἸΙ
2584 5689 2600 5716 ι
2625 5689 2684 5717 ιη
2738 5689 2862 5719 mur
2918 5689 2935 5719 7

198 5689 367 5750 desunt
390 5704 491 5755 uni
516 5703 575 5756 ,1.
610 5702 909 5769 defuerunt
932 5709 1101 5775 igitur
1118 5689 1313 5778 pri-17:13
1336 5714 1558 5772 editioni
1585 5689 1725 5774 ιιφῖἷί
1758 5723 1893 5777 1105
1945 5724 1966 5758 ⁰
1996 5723 2231 5780 Basilius
2256 5757 2327 5767 —
2348 5689 2649 5786 *f’u’erint'in
2678 5689 3350 5805 ναδαναθῖςζὲέέιίῗδὲαῗῖω
