3894 6220
142 270 204 321 69
1628 258 1979 317 CHRONICA.
3394 275 3461 330 τυ

205 391 331 449 389.
397 392 467 446 a.
528 393 590 447 3.
660 369 724 445 εί.
783 391 842 445 9.
920 391 984 444 F.
1046 390 1106 446 4.
1177 391 1214 443 B
1330 390 1388 445 9.
1458 390 1547 443 w.
1607 391 1666 447 9.

588 484 678 542 \V.
734 484 794 539 5.
848 482 913 539 Ο.
975 490 1027 539 1.
1095 481 1160 538 ll.
1218 484 1280 537 9.

206 575 439 645 (Paosm,
496 574 684 643 Bana.)
737 572 1156 628 Valentinianus
1210 573 1524 643 imperator,
1583 572 1747 627 Maxi-

143 688 279 725 mum
302 670 542 745 fugiens,
605 668 1133 739 Constantinopolim
1179 668 1348 733 venit,
1389 674 1445 721 et
1485 683 1514 721 a
1568 667 1750 721 Theo-

142 759 531 830 dosiOpaterne
555 758 876 828 suscipitur.
934 757 1178 828 (Paose.)
1232 756 1573 829 Augustinus
1626 771 1747 810 cum

140 859 273 906 esset
303 850 646 919 Manicheus,
700 865 801 920 per
848 848 1196 904 Ambrosium
1226 849 1295 903 ad
1339 855 1542 904 rectam
1580 847 1747 902 fidem

138 943 480 1009 convertitur,
508 949 565 997 et
587 941 795 997 relictis
825 940 990 995 scolis
1016 940 1348 1011 baptizatur.

198 1030 314 1088 390.
421 1033 475 1085 4.
588 1030 673 1087 10.
772 1030 806 1085 5
926 1029 1007 1085 10.
1119 1031 1204 1084 10.
1303 1031 1357 1086 6.
1456 1036 1489 1085 2
1590 1030 1672 1087 10.

200 1123 469 1195 (ΙυΑοιυε.)
502 1123 767 1178 Maximus
800 1124 1049 1178 tiranuus
1075 1122 1145 1177 ab
1190 1122 1476 1178 Ambrosio
1524 1138 1746 1178 excom-

136 1212 451 1275 municatus,
477 1211 612 1283 quia
641 1211 840 1285 corrigi
874 1212 1124 1276 noluit,a
1153 1209 1463 1267 Theodosio
1482 1211 1745 1283 Aquileia

137 1301 186 1354 in
208 1300 349 1357 bello
371 1301 671 1371 perimitur
695 1319 710 1369 ;
738 1310 793 1355 et
809 1299 1228 1355 Valentinianus
1250 1300 1482 1371 imperio
1507 1299 1746 1355 restitui-

135 1400 229 1446 tur.
259 1392 417 1461 (Jono
446 1393 461 1464 )
492 1392 812 1465 Ostrogothi
839 1391 960 1447 sine
990 1407 1119 1466 rege
1144 1391 1367 1447 fuerunt
1395 1392 1556 1447 annis
1584 1391 1671 1448 40.

196 1480 313 1535 391.
402 1482 460 1535 5.
548 1482 633 1537 11.
734 1481 791 1535 6.
890 1485 979 1535 lt.
1067 1480 1158 1534 11.
1260 1480 1319 1533 7.
1436 1481 1490 1535 1.
1577 1480 1666 1531 11.

198 1573 433 1643 (Paosr.)
462 1571 816 1628 Theodosius
879 1571 1180 1642 imperator
1237 1569 1480 1625 immane
1510 1568 1742 1638 facinus,

135 1662 267 1733 quod
295 1661 599 1728 commisit,
632 1661 855 1733 quando
908 1658 1283 1715 Thesalonica
1339 1667 1550 1730 septem
1596 1659 1744 1714 milia

137 1752 324 1807 civium
342 1751 677 1809 fecitoccidi
720 1752 777 1806 in
807 1751 1076 1807 ultionem
1102 1751 1351 1820 judicum
1382 1751 1439 1805 in
1469 1750 1742 1807 seditione

134 1844 451 1910 occisorum,
481 1844 743 1900 imitabili
775 1843 1008 1914 publica
1031 1844 1349 1914 penitentia
1371 1844 1625 1914 exemplo
1658 1842 1741 1897 di-

137 1934 250 1999 luit,
281 1936 347 1990 ab
375 1936 672 1991 Ambrosio
705 1934 955 1991 acclesia
1002 1936 1258 1990 exclusus
1284 1942 1339 1990 et
1402 1934 1595 1989 humili
1644 1951 1738 1990 sa-

135 2027 428 2082 tisfactione
459 2027 878 2083 reconciliatus.
927 2026 1108 2098 (Ibid)
1169 2026 1467 2101 Gregorius
1524 2026 1742 2098 episco—

139 2130 231 2185 pus
276 2115 638 2171 Nazanzenus
713 2114 853 2170 obiit
928 2114 1251 2170 Ambrosius
1309 2123 1433 2186 post
1482 2114 1742 2169 Hilarium

139 2206 493 2263 Pictavensem
535 2223 738 2280 ymnos
792 2208 846 2261 in
904 2207 1155 2262 acclesia
1201 2208 1482 2263 canendos
1534 2206 1745 2277 primus

141 2298 449 2368 composuit.
499 2297 837 2352 Claudianus
864 2296 1088 2370 gentilis
1135 2305 1297 2368 poeta
1329 2297 1515 2353 Roma
1546 2296 1737 2363 claret,

201 2390 320 2445 392.
425 2391 486 2446 6.
582 2389 675 2445 12.
758 2391 790 2443 7
908 2391 996 2444 12.
1084 2390 1173 2446 12.
1258 2390 1317 2446 8.
1423 2389 1481 2445 2.
1568 2389 1659 2445 12.

202 2480 389 2553 (Cass)
422 2480 603 2553 Caput
630 2481 901 2536 Johannis
930 2481 1184 2553 baptista
1242 2499 1273 2536 ει
1301 2482 1610 2537 Theodosio
1642 2482 1745 2536 im-

141 2581 372 2642 peratore
401 2573 943 2644 Constantinopolim
974 2575 1293 2629 translatum
1323 2574 1587 2639 esl.Quod
1619 2592 1743 2629 cum

137 2663 317 2720 Valens
370 2666 687 2736 imperator
743 2665 872 2720 olim
920 2666 1050 2720 illuc
1110 2665 1377 2721 voluisset
1424 2666 1738 2734 transferre,

138 2755 456 2824 vehiculum,
483 2757 540 2810 in
568 2772 683 2828 quo
732 2764 979 2813 sanctum
1028 2764 1194 2828 caput
1247 2758 1542 2818 ferebatur.
1593 2758 1745 2814 nullo

144 2847 291 2903 modo
322 2848 531 2905 moveri
568 2846 772 2919 potuit.

206 2940 318 2996 393.
424 2939 476 2995 7.
591 2940 679 2995 13.
773 2938 823 2995 8.
924 2939 1008 2996 13.
1115 2941 1200 2996 13.
1294 2941 1348 2998 9.
1436 2942 1489 2996 3.
1589 2943 1671 2997 13.

202 3030 424 3099 (Ριιοερ.)
452 3030 735 3086 Terribile
790 3031 845 3084 in
904 3031 1041 3086 calo
1091 3031 1310 3104 signum
1343 3032 1617 3089 columna
1648 3050 1748 3104 per

135 3120 303 3175 omnia
324 3120 505 3175 simile
538 3118 824 3190 apparuit.
856 3119 914 3173 ln
976 3118 1237 3191 Hispania
1300 3120 1633 3177 Prudentius
1663 3124 1748 3193 ly-

138 3207 270 3261 ricus
297 3216 459 3279 poeta
488 3208 691 3264 claret.

202 3299 315 3354 394.
412 3301 466 3355 8.
548 3299 644 3354 14.
740 3300 792 3353 9.
892 3300 967 3354 14
1083 3301 1149 3355 14
1275 3301 1361 3357 10.
1456 3304 1505 3357 4.
1587 3306 1675 3360 14.

205 3389 394 3459 mam.)
455 3388 814 3443 Hieronimus
872 3387 1073 3442 librum
1146 3389 1444 3446 illustrium
1507 3392 1750 3448 virorum

140 3477 219 3531 hic
243 3477 358 3532 finit
387 3497 403 3543 ;
437 3476 770 3532 Gennadius
797 3476 997 3531 abhinc
1026 3476 1240 3549 incipit.
1259 3479 1498 3551 (Paosr.)
1526 3481 1753 3536 Alexan-

142 3567 262 3621 dria
285 3568 447 3637 jussu
468 3566 776 3622 Theodosii
817 3568 1021 3637 templa
1063 3567 1335 3622 idolorum
1366 3585 1397 3623 a
1443 3569 1750 3641 TheOphilo

145 3658 392 3731 episcopo
426 3660 821 3725 destruuntur,
839 3666 893 3713 et
919 3674 1110 3714 everso
1130 3658 1337 3715 famoso
1360 3660 1582 3733 Serapis
1602 3662 1751 3730 fano,

146 3755 447 3824 martyrium
496 3754 576 3807 ibi
635 3762 1010 3821 consecratur,
1066 3763 1121 3808 et
1153 3753 1207 3807 in
1240 3770 1306 3810 eo
1337 3771 1461 3810 ossa
1486 3756 1756 3812 Johannis

146 3845 382 3916 baptista
411 3846 802 3902 reconduntur
835 3863 850 3911 ;
880 3861 1003 3916 qua
1032 3846 1136 3901 hoc
1164 3846 1331 3903 modo
1370 3849 1755 3904 Alexandriam

149 3938 393 3993 translata
442 3938 691 3993 fuerant.
747 3938 978 4008 (Herm,
1029 3943 1083 3996 h.
1138 3942 1210 4011 ε)
1254 3943 1514 4011 Apostata
1536 3941 1756 3998 Juliano

152 4025 440 4097 imperante
470 4037 529 4082 et
560 4033 754 4081 contra
810 4026 1080 4107 Christum
1136 4030 1374 4094 furente,
1400 4031 1599 4104 pagani
1633 4046 1758 4086 ossa

147 4111 394 4170 Johannis
422 4115 690 4186 baptista
732 4114 788 4168 in
810 4114 948 4170 urbe
995 4117 1241 4172 Samaria
1285 4118 1490 4189 sepulti
1537 4116 1757 4174 effracto

150 4205 386 4275 sepulcro
424 4207 791 4262 extrahentes
834 4207 1226 4283 dispergebant
1266 4227 1365 4280 per
1406 4226 1567 4285 agros
1583 4227 1759 4283 eaque

152 4314 322 4355 rursus
349 4302 589 4359 collecta
644 4301 760 4373 igni
816 4304 1152 4372 cremabant,
1207 4312 1261 4359 et
1291 4315 1512 4362 sanctos
1541 4307 1759 4362 cineres

1770 401 1825 465 Α
1851 408 2055 446 annum
2109 393 2165 446 in
2216 393 2343 448 aula
2372 394 2762 464 imperatorum
2819 399 3058 471 gloriose
3099 401 3362 464 militans.
3392 421 3456 459 ex

1850 489 2105 536 senatore
2137 481 2195 537 lit
2234 484 2557 551 monachus,
2618 493 2673 540 et
2704 503 2800 556 per
2855 505 3031 545 annos
3083 492 3155 546 55
3184 493 3238 546 in
3270 494 3456 549 eremo

1848 574 2154 628 sanctitatis
2184 576 2437 645 exemplo
2493 577 2752 633 omnibus
2790 580 3056 635 mirabilis
3081 584 3300 639 enituit:
3331 587 3455 641 llic-

1850 662 2065 718 ronimo
2096 664 2395 734 scripturas
2451 682 2635 721 sacras
2682 669 2885 723 veteris
2914 673 3228 727 testamenti
3257 674 3327 728 de
3358 676 3460 730 lle-

1850 752 2035 808 braica
2064 756 2291 810 veritate
2322 757 2377 811 in
2399 758 2644 813 Latinam
2685 760 2928 831 linguam
2985 769 3255 830 vertente,
3286 766 3458 823 editio

1849 840 2382 914 LXXinterpretum,
2439 863 2562 918 qua
2610 849 2959 905 tenebatura
3007 852 3222 907 cunctis
3246 862 3301 909 et
3322 855 3462 909 Gre-

1848 933 1928 988 cis
1959 942 2012 988 et
2031 936 2257 1003 Latinis,
2280 938 2446 1009 capit
2474 939 2527 993 in
2551 942 2811 997 secundis
2842 942 3056 1000 haberi.
3087 945 3242 1008 Quod
3271 955 3463 1004 contra

1848 1024 2207 1081 inveteratum
2230 1027 2493 1083 acclesia
2547 1046 2704 1085 usum
2760 1030 2879 1086 fieri
2937 1035 3188 1104 quamvis
3216 1037 3464 1093 sanctiet

1847 1117 1994 1174 docti
2022 1119 2123 1174 viri
2145 1136 2275 1195 egre
2327 1120 2553 1186 ferrent,
2608 1124 2877 1193 prevaluit
2933 1132 3114 1182 tamen
3164 1130 3465 1185 auctoritas

1851 1206 2127 1263 Hebraica
2151 1209 2419 1273 veritatis,
2454 1218 2744 1283 postquam
2774 1215 2971 1284 patuit,
3003 1226 3267 1287 quantum
3301 1219 3370 1273 ab
3397 1234 3464 1273 ea

1847 1295 2225 1367 discreparent
2248 1297 2374 1351 LXX
2402 1298 2747 1370 interpretes.

1916 1390 2039 1443 396.
2123 1390 2204 1446 10.
2286 1391 2372 1447 16.
2453 1393 2538 1449 11.
2634 1394 2719 1449 16.
2823 1395 2907 1451 16.
2987 1398 3073 1452 12.
3165 1396 3200 1452 6
3301 1399 3385 1455 16.

1920 1486 1998 1555 (II.
2030 1488 2131 1553 τη)
2165 1486 2276 1541 Hoc
2307 1488 2631 1557 temporein
2657 1490 2885 1545 castello
2915 1491 3109 1547 Judea
3141 1493 3341 1548 Emaus
3356 1510 3459 1550 na-

1845 1582 1934 1629 tus
1963 1583 2046 1630 est
2062 1592 2198 1646 puer
2222 1576 2524 1648 perfectus,
2556 1578 2624 1633 ab
2679 1580 2943 1637 umbilico
2982 1588 3037 1636 et
3072 1598 3286 1638 sursum
3310 1584 3457 1640 divi-

1844 1678 1957 1727 sus,
1994 1663 2069 1718 ita
2099 1670 2157 1719 ut
2211 1665 2438 1720 haberet
2467 1666 2578 1723 duo
2633 1674 2855 1739 pectora
2895 1675 2951 1724 et
3004 1670 3116 1726 duo
3171 1673 3375 1743 capita,
3408 1682 3463 1729 et

1843 1755 2229 1827 unusquisque
2252 1773 2446 1811 sensus
2473 1758 2728 1829 pr0prios
2753 1777 2768 1826 ;
2802 1769 2856 1815 et
2878 1778 3020 1817 unus
3057 1763 3254 1818 edebat
3278 1773 3334 1819 et
3361 1763 3455 1820 bi-

1842 1843 2029 1909 bebat,
2064 1851 2120 1899 et
2145 1845 2281 1900 alter
2307 1861 2418 1902 non
2450 1846 2693 1914 edebat;
2716 1864 2863 1903 unus
2885 1850 3213 1917 dormiebat,
3235 1859 3291 1907 et
3324 1853 3468 1908 alter

1842 1934 2107 2010 vigilabat
2138 1953 2588 2011 :nonnumquam
2630 1940 2856 1995 insimul
2896 1941 3272 2010 dormiebant,
3320 1944 3459 1999 insi-

1842 2026 1957 2081 mul
1990 2035 2173 2083 tamen
2198 2029 2465 2085 ludebant
2520 2031 2588 2085 ad
2642 2032 2989 2097 alterutrum,
3029 2040 3082 2088 et
3125 2033 3294 2090 ﬂebat
3322 2041 3466 2091 uter-

1845 2134 1971 2190 que,
1999 2128 2053 2175 et
2080 2122 2463 2190 percutiebant
2507 2123 2763 2182 invicem.
2818 2125 2986 2182 Porro
3014 2127 3270 2183 vixerunt
3301 2128 3464 2183 annis

1846 2206 2018 2262 ferme
2039 2208 2277 2274 duobus,
2309 2218 2363 2265 et
2421 2228 2563 2266 unus
2628 2213 2854 2283 quidem
2910 2222 3162 2271 mortuus
3186 2222 3290 2283 est,
3322 2217 3462 2273 alter

1840 2312 1971 2351 vero
2002 2299 2305 2369 supervixit
2343 2301 2543 2356 diebus
2588 2312 2839 2373 quatuor.
2897 2304 3182 2374 (Manum)
3209 2306 3456 2361 Valenti—

1839 2388 2039 2444 nianus
2068 2389 2366 2461 imperator
2420 2392 2591 2449 nimia
2622 2395 2941 2450 austeritate
2985 2398 3319 2471 Armogastis
3345 2415 3462 2452 ma-

1844 2476 1998 2551 gistri
2026 2478 2261 2533 militum
2296 2481 2363 2535 ad
2404 2481 2526 2536 vita
2546 2482 2769 2537 taedium
2814 2485 3113 2555 perductus
3147 2487 3190 2521 ⁸³
3224 2488 3462 2558 ,laqueo

1844 2568 2010 2623 vitam
2044 2569 2239 2625 linivit.
2297 2571 2573 2645 Eugenius
2621 2575 2825 2630 auxilio
2856 2576 3174 2648 Arbogastis
3204 2579 3456 2648 tyranni-

1845 2665 1949 2712 zat.
1980 2658 2196 2729 (Bana.)
2250 2660 2492 2731 Corpora
2533 2661 2752 2719 Abacuc
2799 2673 2853 2719 et
2882 2664 3110 2721 Micltea
3165 2668 3463 2739 propheta-

1848 2762 1968 2801 rum
2020 2747 2353 2803 revelantur.
2412 2749 2659 2805 Didimus
2707 2750 2786 2805 Ab
2836 2751 3019 2807 Oculis
3067 2770 3213 2821 anno
3286 2756 3466 2811 atatis

1845 2840 1940 2893 85°
1968 2839 2312 2896 Alexandria
2341 2841 2484 2898 obiit

1918 2930 2041 2983 397.
2132 2931 2207 2984 .'1.
2288 2930 2379 2986 17.
2463 2931 2549 2985 12.
2628 2932 2718 2988 17.
2806 2934 2891 2989 17.
2969 2933 3061 2990 13.
3147 2933 3203 2989 7.
3291 2937 3378 2992 17.

1921 3020 2153 3092 (Paosr.)
2183 3021 2524 3078 Theodosius
2554 3023 2861 3097 Eugenium
2917 3034 2973 3079 et
3018 3026 3374 3100 Arbogastem
3409 3028 3466 3083 in

1848 3106 1996 3164 bello
2027 3108 2336 3180 perimit,et
2362 3110 2479 3182 ipse
2507 3114 2803 3168 nonmulto
2830 3121 2953 3184 post
2975 3114 3128 3168 obiit.
3147 3115 3271 3170 Post
3294 3132 3461 3187 quem

1850 3200 1946 3256 ﬁlii
1986 3202 2106 3273 ejus
2135 3205 2436 3259 Archadius
2463 3212 2516 3261 et
2550 3206 2822 3263 Honorius
2866 3208 3141 3279 imperant
3191 3211 3352 3266 annis
3382 3212 3464 3268 l3.

1854 3296 1932 3365 (V.
1958 3296 2168 3368 Ambr.)
2219 3297 2456 3369 Corpora
2495 3299 2707 3355 Nazarii
2765 3307 2820 3357 et
2863 3300 3003 3356 Celsi
3046 3302 3329 3359 martirum
3359 3303 3473 3359 Meo

1851 3382 2145 3439 diolaniab
2160 3387 2448 3443 Ambrosio
2486 3396 2703 3459 reperta
2735 3396 2790 3445 et
2828 3391 3005 3447 levata
3036 3405 3186 3446 sunt.

1922 3473 2043 3528 398.
2126 3476 2180 3528 1.
2267 3476 2359 3531 18.
2445 3475 2535 3531 13.
2622 3478 2715 3534 18.
2803 3480 2892 3534 18.
2976 3481 3071 3551 14.
3152 3480 3214 3535 8.
3301 3482 3388 3537 18.

1926 3565 2158 3634 (Paosp.)
2218 3565 2722 3639 ConstantinOpolis
2772 3569 2909 3625 iram
2966 3571 3061 3625 Dei
3136 3572 3471 3643 formidans,

1855 3671 1983 3727 igne
2002 3672 2168 3727 super
2197 3656 2403 3712 nubem
2431 3657 2752 3713 terribiliter
2799 3659 3067 3734 fulgente,
3107 3662 3176 3716 ad
3204 3664 3466 3732 peniten-

1857 3746 1985 3800 tiam
2014 3747 2464 3802 conversaevasit
2505 3748 2735 3802 [latinus
2753 3749 3013 3821 magister
3041 3750 3253 3806 militia
3277 3753 3473 3808 orien-

1858 3840 1981 3894 talis
2012 3840 2306 3907 rebellans,
2338 3840 2648 3896 aStilicone
2679 3850 2939 3915 magistro
2970 3842 3182 3898 militia
3214 3844 3472 3899 occiden-

1860 3932 1981 3987 talis
2007 3932 2313 4003 perimitur.
2362 3933 2516 3988 Gildo
2539 3949 2725 3989 comes
2753 3932 2946 3989 Africa
3007 3934 3304 4004 reliellans,
3335 3952 3472 3991 con-

1859 4032 2013 4079 sueta
2038 4023 2311 4094 stipendia
2340 4025 2600 4080 Romanis
2647 4026 2933 4091 subtraxit,
2964 4043 3128 4097 quem
3160 4043 3270 4083 non
3296 4030 3470 4085 multo

1861 4123 1984 4186 post
2012 4116 2200 4171 Stilico
2252 4116 2611 4184 interficiens,
2643 4117 2878 4173 Africam
2934 4119 2999 4172 ad
3033 4120 3122 4188 jus
3178 4120 3472 4191 pristinum

1860 4206 2095 4281 redegit.
2132 4206 2332 4275 (Jonn)
2369 4206 2659 4280 Wisigothi
2720 4214 2877 4277 rupto
2937 4223 3060 4261 cum
3103 4207 3363 4263 Romanis
3392 4209 3474 4263 fe-

1860 4299 2015 4366 dere,
2041 4299 2310 4354 Alaricum
2341 4314 2507 4370 super
2522 4316 2582 4353 se
2614 4315 2800 4375 regem
2834 4308 3041 4367 creant,
3085 4301 3178 4373 qui
3225 4302 3474 4376 regnavit

150 4392 345 4460 pulveri
373 4369 787 4465 immixtos'per
817 4411 945 4451 aera
974 4369 1386 4470 dispergebant.
1408 4399 1513 4454 Sed
1533 4400 1755 4471 quidam
1779 4369 1836 4438 D
1857 4394 2018 4448 annis
2045 4395 2172 4450 18”.

147 4487 468 4542 monachiex
495 4487 884 4542 Hierosolimis
906 4488 1138 4543 immixti
1161 4488 1477 4545 furentibus
1504 4492 1755 4564 paganis,

151 4579 401 4644 quotquot
444 4584 759 4647 potuerunt
786 4591 911 4631 ossa
941 4576 1285 4649 collegerunt
1312 4586 1367 4633 et
1394 4579 1463 4633 ad
1496 4579 1754 4635 abbatem

150 4677 294 4718 suum
320 4666 644 4738 Philippum
694 4666 1031 4723 Hierusalem
1084 4669 1423 4725 detulerunt.
1478 4670 1760 4743 Philippus

150 4764 206 4805 ea
230 4753 519 4812 Athanasio
547 4755 819 4827 episc0p0
887 4756 1229 4812 Alexandria
1276 4758 1445 4813 misit.
1478 4759 1758 4832 (Manum)

152 4842 364 4903 Sanctus
387 4849 668 4906 Patricius
718 4849 934 4905 Scottus
970 4850 1024 4905 in
1062 4850 1321 4906 Hibernia
1350 4868 1475 4908 cum
1524 4853 1638 4908 suis
1666 4870 1759 4910 so-

150 4934 349 4991 roribus
374 4938 645 4994 venditur
705 4956 719 4992 :
768 4938 864 4994 ubi
889 4954 1012 4995 cum
1066 4949 1215 4996 esset
1264 4939 1411 5016 regis
1452 4942 1757 5013 porcarius,

149 5030 315 5101 angeli
352 5046 487 5103 sepe
521 5032 812 5104 colloquio
844 5031 1060 5089 fruitur.

211 5116 328 5174 395.
428 5120 485 5176 9.
590 5123 681 5177 15.
785 5121 869 5177 10.
948 5124 1036 5179 15.
1115 5124 1204 5181 15.
1300 5127 1387 5182 11.
1464 5125 1517 5179 5.
1598 5125 1683 5179 15.

213 5206 465 5266 Arsenius
487 5210 683 5266 Roma
715 5210 906 5279 claret,
952 5212 1048 5284 qui
1081 5227 1259 5284 usque
1297 5212 1366 5267 ad
1402 5211 1545 5269 10um
1585 5213 1762 5269 atatis

1928 4486 2057 4543 399.
2139 4487 2198 4540 2.
2285 4488 2376 4543 19.
2463 4488 2554 4540 14.
2640 4486 2731 4543 19.
2827 4486 2915 4541 19.
3009 4489 3060 4542 l.
3147 4488 3207 4542 9.
3294 4489 3388 4543 19.

1930 4578 2223 4644 (G.pont.;
2269 4574 2545 4639 Manum;
2594 4574 2776 4645 Cass.)
2833 4574 3151 4630 Anastasius
3208 4576 3467 4644 Romana

1859 4666 2124 4721 acclesia
2175 4666 2243 4721 37
2302 4667 2344 4700 ιδ
2401 4664 2667 4737 presidet.
2724 4666 3007 4737 (ΜΑιυΛΝ.)
3064 4667 3297 4723 Sanctus
3330 4669 3473 4725 Mar-

1860 4757 2011 4812 tinus
2031 4756 2334 4812 secundum
2373 4757 2642 4829 quosdam
2684 4756 2824 4812 obiit
2854 4758 2959 4813 hoc
2986 4775 3132 4814 anno
3186 4759 3470 4830 (GENNAD.)

1860 4849 2156 4906 Florebant
2189 4849 2244 4903 in
2281 4848 2532 4904 acclesia
2583 4849 2688 4903 hoc
2736 4854 2985 4920 tempore
3016 4851 3189 4907 sancti
3241 4859 3295 4907 et
3321 4852 3472 4907 docti

1860 4938 1983 5005 viri,
2031 4938 2314 4993 Johannes
2360 4937 2727 4993 Crisostomus
2786 4936 3295 5011 ConstantinOpolis
3353 4940 3478 5012 epi-

1861 5043 2084 5098 scopus,
2107 5028 2392 5083 sanctitate
2422 5027 2647 5099 quidem
2684 5036 2739 5082 et
2764 5027 2995 5083 scientia
3039 5029 3240 5097 clarus,
3268 5029 3365 5084 scd
3418 5029 3473 5083 in

1862 5119 2120 5176 facundia
2165 5135 2265 5174 sua
2309 5119 2556 5175 severior
2610 5124 2664 5173 et
2713 5118 2944 5175 liberior
2980 5119 3172 5190 justo;
3232 5120 3475 5176 Donatus

1862 5212 2009 5284 Epiri
2040 5228 2354 5286 episcopus,
2387 5211 2482 5285 qui
2510 5213 2790 5287 ingentem
2820 5213 3116 5269 draconem
3148 5229 3395 5285 expuens
3416 5213 3469 5267 in

1496 5352 1716 5408 VARIE
1742 5352 2117 5409 LECTIONES.

214 5470 252 5507 ¹⁸
278 5471 384 5531 Hoc
409 5504 475 5517 --
511 5474 822 5548 perductus
846 5477 1018 5545 primo
1041 5476 1253 5533 duabus
1281 5479 1436 5535 lineis
1465 5480 1902 5535 continebantur.
1931 5480 2030 5534 Sed
2056 5482 2139 5535 his
2165 5482 2351 5547 erasis,
2404 5480 2510 5548 Sig.
2569 5481 2679 5548 ipse
2704 5481 2912 5545 statim,
2942 5493 3052 5533 non
3103 5480 3251 5532 curis
3277 5491 3471 5533 secun-

151 5541 238 5617 dis,
259 5552 317 5599 ut
342 5561 410 5602 ex
437 5541 754 5603 atramento
783 5541 889 5617 ap};

152 5612 271 5677 falso
301 5618 348 5673 1.
366 5617 457 5675 F2.
503 5618 613 5673 XV.
642 5612 875 5689 plurius?
900 5612 1018 5676 alii;
1056 5620 1099 5655 ¹⁵
1122 5623 1203 5676 ita
1229 5623 1282 5677 1.
1310 5637 1339 5677 e
1361 5635 1524 5690 corn,
1550 5622 1669 5677 rell.

891 5556 1024 5616 aret,
1051 5554 1104 5604 et
1132 5552 1193 5604 in
1220 5565 1418 5605 rasura
1446 5557 1497 5605 et
1524 5554 1586 5605 in
1607 5552 1857 5620 margine
1886 5552 2133 5618 inferiori
2153 5566 2216 5606 ea
2245 5555 2325 5605 ita
2350 5552 2653 5619 ampliavit,
2713 5556 2771 5603 ut
2818 5566 2969 5604 nunc
3014 5550 3288 5616 leguntur.
3318 5549 3360 5583 ¹⁴
3390 5550 3468 5601 ita
