3894 6220
462 289 525 344 71
1668 298 2011 358 SIGEBERTI
2060 303 2580 366 GEMBLACENSIS.
3712 331 3776 385 72

461 432 557 471 ore
575 417 697 487 ejus
728 417 1023 488 interfecit,
1065 439 1228 494 quem
1286 431 1410 481 octo
1461 426 1595 504 juga
1646 430 1817 487 boum
1842 433 1929 489 vix
1961 440 2069 490 tra-
2091 440 2144 508 A
2172 445 2378 507 rentur,
2406 456 2571 498 cecus
2616 458 2717 515 per
2745 460 2843 502 eos
2870 447 3234 521 illuminatnr,
3266 454 3479 525 dicens,
3538 473 3599 514 se
3650 461 3770 517 illuc

461 510 592 566 here
618 520 914 588 potuerunt
968 515 1037 569 ad
1095 520 1451 575 cremandum
1494 538 1509 587 ;
1550 522 1607 576 in
1638 523 1893 595 Hispania
1932 527 2067 583 Oro-

456 605 572 660 sius
601 606 1113 683 historiographus;
1145 612 1199 667 in
1247 614 1535 685 Aquitania
1575 618 1830 687 Severus,
1863 623 1957 693 qui
1983 624 2068 677 vi-

456 701 568 749 tam
588 694 805 751 Martini
844 705 899 753 et
924 698 1031 754 alia
1073 702 1243 757 multa
1285 704 1531 776 scripsit,
1586 708 1679 779 qui
1712 710 1766 763 in
1784 720 2007 766 senecta
2036 730 2066 767 a

456 782 767 859 Pelagianis
797 786 1082 857 seductus,
1116 790 1393 847 silentium
1428 811 1602 867 usque
1623 798 1691 852 ad
1713 808 1945 855 mortem
1981 808 2065 856 tc-

457 875 596 940 nuit,
647 877 881 934 tacendo
931 881 1236 957 corrigens,
1276 886 1421 956 quod
1472 887 1752 960 loquendo
1798 893 2061 961 peccavit.

457 968 532 1038 (ν.
563 971 790 1040 Servat)
824 973 881 1025 In
915 973 1083 1029 Gallia
1124 976 1420 1032 Severinus
1485 980 1886 1054 Agripinensis,
1938 986 2065 1039 Ser-

454 1059 632 1113 vatius
670 1076 891 1133 quoque
920 1064 1169 1120 decimus
1220 1067 1621 1142 Tungrensium
1653 1073 1696 1106 ¹⁶
1739 1075 2060 1146 episcopus,

454 1146 672 1202 Domini
704 1150 871 1204 nostri
908 1151 1037 1206 .lesu
1066 1152 1262 1209 Christi
1293 1160 1760 1233 consanguineus,
1824 1178 1933 1218 non
1972 1180 2062 1220 so-

454 1236 562 1291 lum
594 1253 657 1293 ex
688 1255 754 1295 eo
784 1243 932 1311 quod
954 1243 1288 1300 voluntatem
1326 1247 1421 1301 Dei
1480 1250 1649 1319 patris
1679 1250 1933 1315 faciebat,
1964 1255 2061 1309 sed

452 1324 614 1379 etiam
666 1328 968 1382 secundum
1025 1346 1268 1388 carnem.
1316 1340 1461 1401 (Gen.
1511 1341 1699 1393 Servat
1724 1340 1845 1410 )Qui
1903 1350 2063 1398 natus

449 1416 672 1487 quidem
704 1416 761 1471 in
797 1418 1022 1475 Perside
1078 1420 1227 1479 filius
1283 1425 1386 1480 fuit
1438 1427 1674 1496 Emmiu,
1726 1432 1884 1502 cujus
1911 1442 2066 1505 pater

447 1508 549 1562 fuit
580 1509 737 1564 Eliud
762 1509 928 1566 frater
956 1513 1258 1584 Elisabeth,
1317 1534 1439 1590 quae
1498 1522 1715 1592 peperit
1752 1524 2061 1581 Iohannem

447 1601 765 1674 baptistam.
790 1605 960 1662 Mater
1007 1625 1140 1664 vero
1167 1610 1326 1665 Eliud
1375 1620 1430 1669 et
1470 1614 1765 1686 Elisabelh,
1795 1619 2058 1687 Esmeria,

444 1708 602 1747 soror
628 1692 733 1749 fuit
760 1695 953 1763 Anna),
1011 1714 1135 1769 quae,
1189 1701 1387 1772 genuit
1425 1703 1644 1760 Mariam
1696 1716 1926 1764 matrem
1959 1711 2059 1767 Do-

447 1783 605 1839 mini.

516 1871 737 1929 400B.
798 1874 851 1934 3.
932 1876 987 1932 P.
1042 1876 1131 1933 20.
1210 1880 1264 1934 F.
1324 1883 1412 1939 15.
1488 1885 1547 1941 Β.
1606 1884 1699 1947 20.
1777 1888 1859 1944 W.
1892 1890 1982 1946 20.

899 1967 983 2022 W.
1045 1971 1099 2026 2.
1175 1971 1348 2037 0.10,
1429 1976 1490 2030 Il.
1522 1976 1611 2035 20.

516 2059 603 2130 (Η.
629 2078 689 2115 m
716 2061 732 2132 )
763 2062 1133 2120 Romanorum
1190 2069 1500 2139 provincias
1544 2074 1673 2129 hinc
1738 2076 2054 2149 Wisigothi,

445 2147 573 2203 inde
598 2149 736 2205 Huni
769 2153 1010 2226 graviter
1041 2154 1344 2214 incursant.
1402 2160 1588 2217 Romae
1617 2164 1897 2221 celebrato
1942 2168 2057 2238 gla-

443 2237 676 2296 diatorio
707 2241 860 2308 ludo,
891 2244 1222 2302 Telematius
1274 2252 1577 2307 monachus
1628 2255 1923 2325 increpans
1954 2272 2057 2328 po-

441 2326 631 2395 pulum
661 2331 923 2386 attentius
972 2338 1288 2404 spectaculo
1335 2339 1659 2409 inhiantem,
1717 2326 1993 2415 Iapidatuvr
2024 2364 2069 2424 a.

440 2418 666 2487 populo.
714 2420 868 2477 Unde
912 2423 1155 2481 offensus
1198 2428 1471 2486 Honorius
1500 2432 1818 2505 imperator,
1851 2438 2054 2509 gladia-

440 2509 640 2564 torium
671 2511 863 2569 Indum
896 2516 1079 2573 edicto
1109 2534 1210 2575 suo
1240 2521 1647 2595 imperpetuum
1686 2530 1937 2585 removit.

509 2601 634 2657 401.
708 2606 769 2658 4.
850 2607 947 2661 2|.
1038 2611 1120 2665 I6.
1200 2614 1290 2669 16.
1373 2616 1462 2671 21.
1550 2619 1609 2675 3.
1698 2623 1755 2675 11
1872 2624 1969 2677 21.

508 2692 875 2762 Imperatores
929 2698 1107 2754 zelum
1142 2703 1312 2771 patris
1360 2705 1445 2759 sui
1502 2707 1795 2764 Theodosii
1853 2714 2046 2769 secuti.

430 2778 631 2848 jubent
660 2784 713 2836 in
745 2791 858 2841 toto
885 2788 1019 2843 orbe
1065 2790 1311 2850 Romano
1352 2799 1556 2868 templa
1616 2801 1888 2858 idolorum
1951 2806 2050 2861 de-

435 2873 593 2939 strui,
627 2874 976 2934 Hieronimus
1015 2887 1070 2936 et
1099 2882 1327 2940 Rufinus
1358 2890 1727 2961 Aquileiensis
1756 2896 2046 2965 presbiter,

440 2970 560 3018 orta
592 2965 738 3021 inter
765 2984 825 3023 se
851 2970 1126 3028 simultate
1158 2992 1256 3046 pro
1280 2970 1288 2975 ’
1312 2982 1697 3050 questionibus
1743 2986 2044 3058 scriptura-

437 3070 578 3122 rum,
614 3056 786 3113 libros
841 3061 1232 3121 invectivarum
1283 3070 1416 3125 satis
1453 3073 1678 3144 quidem
1737 3075 2043 3149 luculento,

431 3145 529 3199 sed
562 3146 727 3204 nimis
766 3153 1011 3210 mordaci
1039 3170 1297 3215 sermone
1352 3161 1409 3215 in
1439 3163 1756 3223 alterutrum
1787 3172 2039 3228 conscri-

430 3234 594 3293 bunt.

497 3328 628 3387 402.
710 3331 770 3389 5.
852 3335 949 3392 22.
1035 3340 1126 3395 17.
1207 3342 1296 3398 22.
1371 3346 1468 3404 22.
1569 3351 1628 3406 4.
1720 3353 1798 3408 12.
1876 3355 1965 3411 22.

498 3418 735 3494 (Passa)
767 3423 1001 3481 Sanctus
1032 3427 1296 3487 Martinus
1326 3436 1501 3491 atatis
1531 3454 1677 3496 anno
1702 3441 1792 3510 81,
1821 3444 2040 3514 episco-

424 3517 588 3580 patus
608 3529 737 3569 vero
768 3515 839 3569 26
865 3516 1005 3572 obiit
1035 3519 1140 3576 hoc
1171 3538 1316 3581 anno
1343 3531 1649 3587 secundum
1684 3534 2038 3608 Prosperum,

425 3604 519 3675 qui
552 3606 763 3674 scribit,
798 3625 923 3664 eum
954 3612 1139 3670 obisse
1168 3633 1315 3676 anno
1352 3623 1412 3676 5ο
1455 3625 1710 3683 Archadii
1760 3604 1831 3687 et-
1855 3604 2040 3691 Hono;

424 3699 489 3753 rii
523 3701 731 3774 ;(Sav.)
760 3703 927 3760 immo
957 3710 1260 3768 secundum
1312 3716 1596 3786 Severum,
1629 3724 1721 3794 qui
1752 3727 1945 3783 scribit
1977 3730 2033 3785 in

422 3788 532 3843 vita
556 3790 677 3858 ejus
707 3793 872 3862 (I50),
904 3810 1027 3851 eum
1073 3809 1198 3870 post
1232 3812 1464 3861 mortem
1513 3788 1837 3869 Priscilliani
1870 3816 2037 3873 sede-

421 3894 527 3933 cum
573 3896 748 3938 annos
777 3894 995 3942 VIXISSB.

493 3971 616 4028 403.
710 3974 762 4029 6.
841 3976 937 4031 23.
1028 3981 1116 4037 l8.
1199 3983 1293 4039 23.
1377 3987 1473 4045 23.
1576 3992 1630 4046 5.
1713 3994 1794 4051 13.
1870 3996 1961 4051 23.

491 4064 567 4134 (ν.
598 4066 803 4138 Ambr.)
830 4068 1150 4128 Ambrosius
1205 4075 1630 4137 Mediolanensis
1659 4084 1819 4153 obiit,
1868 4089 2027 4158 cujus

411 4154 576 4210 vitam
613 4156 872 4215 Paulinus
922 4162 1163 4220 Nolanus
1219 4168 1514 4241 episcopus
1541 4173 1612 4227 ad
1658 4154 2022 4250 Augustinum

416 4242 739 4316 episcopum
780 4248 1059 4306 describit.
1112 4253 1328 4325 (Paosr.
1368 4259 1590 4333 :loac.)
1632 4242 2025 4325 Hichaulinus

411 4333 561 4389 Nolae
592 4339 941 4407 postmodum
970 4342 1288 4417 episcopus,
1322 4364 1445 4404 cum
1469 4361 1616 4408 esset
1649 4354 2025 4415 innumerabi-

410 4427 544 4484 lium
588 4432 906 4502 prediorum
925 4437 1206 4508 dominus,
1247 4445 1580 4502 ammirabili
1611 4452 1865 4523 exemplo
1889 4470 2022 4510 ven-

409 4519 541 4575 ditis
567 4523 827 4579 omnibus
853 4526 1179 4601 religionem
1210 4534 1686 4608 elegitexpeditus
1718 4560 1733 4608 ;
1763 4519 1851 4600 cui
1868 4545 2024 4603 Tera-

406 4612 488 4667 sia
520 4631 583 4670 ex
625 4618 863 4695 conjuge
895 4638 1053 4679 soror
1104 4625 1266 4696 facta,
1319 4640 1567 4704 sequatur
1596 4634 1771 4695 beatae
1792 4640 1916 4696 vitae
1947 4649 2023 4699 te-

405 4706 666 4766 stimonio
699 4719 752 4767 et
779 4715 995 4773 merito.
1031 4717 1127 4775 llic
1148 4737 1208 4776 se
1238 4724 1562 4798 episcopum
1588 4744 1687 4800 pro
1717 4729 1933 4804 captivo
1964 4734 2023 4791 ﬁ-

400 4795 475 4852 lio
508 4802 771 4871 pauperis
794 4804 974 4862 viduae
1013 4808 1069 4863 in
1101 4795 1446 4871 servitutem-
1476 4795 1694 4876 barbari
1762 4795 2017 4895 addixit;

398 4890 499 4945 sed
533 4891 799 4953 divinitus
838 4900 1088 4969 proditus
1137 4906 1264 4977 quis
1309 4918 1476 4976 esset,
1528 4914 1733 4970 multos
1767 4890 2018 4989 captivos

396 4975 641 5037 libertati
674 4987 911 5071 restituit
959 4991 1045 5062 (II.
1230 4995 1343 5052 Hoc
1373 5006 1621 5071 tempore
1668 5004 1722 5058 in
1746 4975 1903 5061 Italia
1928 4975 2017 5065 Si;

392 5067 628 5140 sinnius,
662 5070 935 5133 Martirius
954 5086 1008 5135 et
1036 5081 1342 5141 Alexander
1370 5103 1401 5142 a
1446 5090 1751 5161 gentilibus
1774 5096 2017 5154 martiri-

392 5171 606 5223 zantur.
661 5169 900 5236 Quorum
942 5190 1174 5249 corpora
1226 5197 1349 5237 cum
1399 5181 1768 5246 Mediolanum
1827 5192 2014 5252 defer-

2172 547 2271 601 per
2292 533 2468 588 visum
2501 535 2771 591 directum
2795 554 2917 594 esse
2950 541 3019 595 ab
3050 543 3339 602 Ambrosio
3369 549 3651 623 episcopo,
3681 554 3767 610 di-

2170 628 2353 689 cente,
2385 638 2444 677 se
2484 623 2536 678 in
2581 624 2775 681 horum
2803 635 3099 701 martyrum
3152 637 3432 692 consortio
3454 638 3764 710 deputatum

2170 728 2289 769 esse
2330 715 2409 786 (Η.
2466 718 2564 790 m.)
2623 719 2814 776 Stilico
2873 740 3067 794 pacem
3114 725 3341 784 fratrum
3387 731 3764 803 imperatorum

2167 801 2532 861 interturbare
2562 807 2774 876 volens,
2811 810 3085 868 Alaricum
3136 830 3323 888 regem
3365 801 3660 878 Gothorum
3683 824 3763 879 fe-

2166 895 2241 950 cit
2264 898 2506 954 ordinari
2530 902 2852 974 magistrum
2880 905 3117 962 militum
3149 912 3301 980 (151)

2237 989 2359 1044 404.
2475 993 2528 1046 7.
2605 994 2696 1050 24.
2777 997 2868 1053 19.
2952 999 3042 1054 24.
3119 1002 3209 1057 24.
3323 1006 3356 1061 6
3456 1008 3540 1063 l4.
3614 1010 3697 1066 24.

2235 1081 2314 1151 (G.
2357 1085 2532 1154 Pent.)
2590 1087 2948 1145 Innocentius
3005 1093 3263 1151 Romanae
3326 1099 3593 1156 aecclesiae
3648 1104 3762 1157 38m

2165 1172 2409 1242 presidet
2456 1175 2516 1228 ¹⁷.
2579 1177 2674 1234 llic
2728 1180 2973 1238 decrevit
3015 1186 3167 1255 pacis
3195 1189 3442 1247 osculum
3490 1193 3559 1247 ad
3585 1193 3761 1249 missas

2165 1261 2302 1329 dari,
2333 1264 2565 1321 sabbato
2591 1267 2864 1336 jejunium
2896 1272 3190 1343 celebrari,
3219 1277 3344 1333 oleo
3374 1280 3442 1334 ad
3503 1297 3635 1336 usus
3686 1283 3762 1337 in-

2165 1350 2446 1407 firmorum
2497 1355 2567 1409 ab
2619 1358 2881 1431 episcOpo
2939 1374 3261 1421 consecrato
3317 1368 3483 1424 licere
3531 1372 3607 1426 uti
3659 1389 3757 1428 non

2163 1441 2338 1495 solum
2369 1444 2713 1513 presbiteris,
2746 1450 2844 1503 sed
2865 1452 3124 1508 omnibus
3155 1456 3320 1511 etiam
3349 1458 3679 1529 christianis,
3708 1463 3754 1516 in

2164 1549 2318 1589 suam
2372 1552 2713 1611 suorumque
2755 1544 3141 1602 necessitatem
3186 1551 3511 1623 unguenda.
3555 1553 3751 1622 (Paosr.

2162 1623 2295 1678 Avo.
2334 1630 2405 1680 De
2454 1628 2638 1685 haeres.
2697 1629 2809 1701 88.)
2840 1631 2897 1686 In
2954 1634 3237 1692 Britannia
3287 1638 3545 1716 Pelagius
3563 1659 3756 1700 execra-

2158 1714 2255 1771 bili
2295 1718 2544 1775 doctrina
2605 1723 2896 1781 ecclesiam
2949 1728 3143 1787 Christi
3203 1736 3484 1793 maculare
3557 1740 3750 1807 nititur,

2082 1797 2135 1864 Β
2158 1804 2369 1875 dicens,
2398 1809 2681 1866 hominem
2728 1813 2849 1870 sine
2879 1818 3055 1891 gratia
3079 1820 3177 1875 Dei
3228 1837 3397 1892 posse
3425 1825 3622 1881 salvari
3649 1828 3753 1883 suis

2159 1900 2373 1956 meritis
2402 1920 2414 1955 :
2440 1920 2875 1980 unumquenque
2917 1912 2985 1965 ad
3021 1912 3293 1981 justitiam
3327 1920 3550 1990 propria
3576 1922 3753 1977 volun-

2159 1993 2267 2043 tate
2290 1990 2404 2063 regi
2428 2008 2443 2056 ;
2466 1992 2704 2049 infantes
2744 1996 2863 2053 sine
2893 2010 3118 2070 peccato
3150 2004 3409 2078 originali
3457 2011 3627 2079 nasci,
3668 2014 3752 2066 sed

2159 2083 2269 2132 tam
2303 2079 2553 2137 insontes
2587 2100 2733 2153 esse,
2794 2103 2956 2159 quam
3012 2090 3202 2147 insons
3267 2094 3368 2151 fuit
3415 2099 3584 2153 Adam
3643 2109 3752 2157 ante

2160 2171 2685 2243 prevaricationem;
2728 2194 2833 2233 nec
2887 2180 3013 2238 ideo
3053 2184 3417 2256 baptizandos
3474 2207 3614 2260 esse,
3643 2201 3696 2248 ut
3725 2211 3750 2248 a

2158 2271 2384 2331 peccato
2411 2265 2710 2337 solvantur,
2738 2270 2835 2326 sed
2857 2282 2917 2327 ut
2942 2290 3044 2345 per
3073 2277 3430 2349 adaptionem
3464 2283 3520 2338 in
3538 2299 3748 2360 regnum

2156 2355 2255 2411 Dei
2310 2360 2726 2431 ammittantur;
2759 2366 2853 2436 qui
2915 2370 3017 2423 etsi
3066 2387 3176 2427 non
3234 2355 3748 2450 baptizentur,'esse

2154 2456 2338 2506 tamen
2378 2455 2460 2509 eis
2514 2464 2667 2512 extra
2717 2476 2947 2535 regnum
3002 2465 3097 2519 Dei
3149 2474 3411 2525 azternam
3463 2482 3518 2529 et
3556 2475 3747 2529 beatam

2152 2541 2358 2609 vitam;
2388 2545 2556 2601 Adam
2601 2549 2779 2605 solum
2822 2568 2923 2609 suo
2953 2563 3180 2625 peccato
3229 2559 3405 2617 lesum
3434 2579 3584 2634 esse,
3617 2583 3748 2622 enm-

2152 2652 2261 2707 que
2300 2646 2571 2695 mortuum
2596 2659 2718 2699 esse
2752 2662 2858 2702 non
2878 2664 2943 2703 ex
2975 2651 3152 2723 culpae
3178 2656 3398 2724 merito,
3432 2659 3533 2714 sed
3554 2677 3618 2715 ex
3631 2677 3748 2717 con-

2151 2725 2360 2782 ditione
2383 2737 2591 2786 naturae
2616 2750 2631 2799 ;
2654 2735 2748 2804 qui
2802 2739 3101 2795 moriturus
3132 2740 3347 2813 fuisset,
3406 2749 3619 2805 etiamsi
3651 2766 3744 2806 non

2152 2828 2450 2887 peccasset.
2506 2823 2732 2880 Dicebat
2782 2827 2970 2897 etiam,
3026 2831 3212 2889 irritas
3275 2853 3396 2893 esse
3454 2842 3744 2906 orationes,

2152 2924 2274 2979 quae
2302 2910 2524 2968 fiuntab
2549 2917 2823 2978 aecclesia.
2866 2920 2985 2977 sive
3006 2940 3105 2995 pro
3149 2925 3498 3000 infidelibus,
3523 2933 3636 2990 sive
3659 2951 3743 3005 pro

2148 3001 2428 3062 ﬁdelibus.
2463 3008 2617 3067 Hunc
2641 3019 2694 3067 et
2721 3012 3025 3072 Caelestium
3080 3027 3135 3075 et
3153 3020 3432 3081 lulianum
3462 3001 3744 3100 complice$

2144 3094 2264 3162 ejus
2291 3095 2647 3157 Innocentius
2660 3120 2799 3175 papa
2812 3106 3109 3164 damnavit.
3143 3111 3494 3174 Hieronimus
3516 3136 3741 3192 quoque,

2141 3184 2479 3257 Augustinus
2502 3196 2555 3244 et
2580 3191 2674 3245 alii
2723 3209 2820 3249 eos
2850 3204 2910 3251 ut
2946 3196 3073 3253 fidei
3106 3201 3291 3258 hostes
3312 3207 3484 3263 armis
3513 3184 3742 3266 veritatis

2141 3273 2557 3351 impugnabant.
2598 3282 2791 3356 ICASS.)
2824 3286 3128 3347 Orientales
3190 3295 3353 3351 etiam
3393 3301 3636 3371 graviter
3659 3318 3742 3357 ex-

2141 3363 2310 3438 agitat
2340 3375 2486 3423 mota
2531 3370 2599 3425 de
2627 3372 2739 3429 Deo
2755 3377 3186 3445 questio,utrum
3209 3384 3353 3440 Deus
3382 3363 3459 3443 s-it
3487 3405 3682 3462 corpus
3696 3399 3742 3445 et

2144 3456 2442 3513 humanum
2474 3476 2657 3517 scema
2690 3465 2911 3535 habeat,
2958 3486 3026 3525 an
3087 3473 3157 3528 sit
3196 3475 3564 3549 incorporeus
3602 3483 3741 3538 etab

2142 3542 2384 3601 humano
2414 3558 2656 3607 scemate
2711 3557 2938 3613 omnino
2984 3559 3199 3617 alienus
3257 3581 3272 3631 ;
3320 3566 3741 3639 simplicioribus

2138 3635 2310 3692 Deum
2363 3654 2689 3712 corporeum
2754 3654 2809 3702 et
2874 3651 2977 3705 sub
3034 3653 3274 3712 humano
3324 3668 3572 3719 scemate
3630 3678 3738 3719 esse

2136 3728 2532 3799 astruentibus,
2552 3731 2675 3788 aliis
2694 3735 2796 3792 hoc
2815 3737 3253 3813 destruentibus,

2208 3819 2337 3876 405.
2420 3821 2453 3878 8
2562 3824 2659 3881 25.
2740 3827 2835 3884 20.
2919 3832 3013 3888 25.
3097 3835 3192 3891 25.
3279 3838 3328 3893 7.
3410 3842 3509 3900 15.
3588 3844 3674 3899 25.

2208 3910 2395 3967 Romae
2420 3913 2601 3970 Alexis
2660 3917 3028 3978 Romanorum
3077 3926 3410 3985 nobilissimi
3452 3934 3567 3990 vita
3585 3936 3737 3991 mira-

2136 3999 2264 4055 bilis
2311 4002 2588 4060 declarata
2626 4015 2710 4063 est
2765 4029 2780 4077 ;
2840 4014 2935 4084 qui
2992 4016 3169 4086 prima
3228 4023 3550 4093 nuptiarum
3589 4033 3735 4083 nocte

2126 4108 2385 4163 sponsam
2415 4097 2756 4170 relinquens,
2815 4120 2915 4175 pro
2968 4106 3181 4167 Christo
3237 4118 3626 4189 peregrinatus
3659 4126 3734 4174 est

2127 4199 2225 4254 per
2248 4185 2491 4242 sedecim
2522 4206 2719 4261 annos,
2751 4204 2807 4251 et
2838 4199 3055 4255 tandem
3089 4204 3235 4273 apud
3282 4185 3533 4265 Edissam
3575 4211 3730 4283 Syriis

2126 4279 2318 4335 urbem
2349 4281 2590 4356 imagine
2613 4296 2817 4345 sanctae
2846 4294 3129 4365 genitricis
3159 4297 3338 4354 Maria:
3379 4318 3511 4359 eum
3555 4305 3726 4361 divul-

2124 4381 2312 4446 gante,
2354 4374 2482 4430 inde
2506 4394 2728 4451 quoque
2768 4381 2930 4457 fugit,
2972 4393 3027 4441 et
3070 4388 3140 4443 ad
3189 4398 3406 4462 portum
3438 4395 3727 4453 Romanum

2125 4477 2236 4518 non
2284 4475 2481 4535 sponte
2524 4470 2808 4542 appulsus,
2840 4489 2871 4528 a
2901 4482 3058 4546 patre
3090 4494 3192 4535 suo
3250 4488 3312 4538 ut
3363 4499 3581 4558 pauper
3605 4486 3731 4543 exci-

2123 4555 2273 4627 pitur
2301 4556 2389 4629 (cf.
2422 4564 2549 4616 Ann
2577 4565 2750 4636 Leod)
2776 4565 2969 4639 Ibique
3026 4571 3163 4627 nulli
3213 4555 3726 4651 cognitus—sedecim

2125 4664 2304 4705 annos
2329 4666 2521 4725 agens,
2555 4660 2748 4713 tenore
2775 4659 2900 4716 vitae
2949 4678 3063 4718 suae
3094 4664 3153 4720 in
3184 4676 3334 4724 carta
3363 4670 3643 4745 descripto
3672 4673 3725 4737 ¹⁹,

2123 4736 2286 4806 obiit,
2317 4747 2373 4796 et
2410 4742 2601 4801 divina
2651 4762 2788 4804 voce
2834 4752 3236 4825 manifestatus,
3288 4766 3457 4816 totam
3515 4736 3725 4821 Romam

2120 4836 2347 4902 stupore
2368 4840 2423 4889 et
2459 4836 2664 4909 gaudio
2703 4838 2905 4898 affecit.
2951 4844 3037 4916 (H.
3087 4853 3189 4917 οη.)
3233 4851 3523 4912 Iohannes
3562 4856 3726 4912 Criso-

2118 4931 2330 4982 stomus
2384 4928 2708 5002 Eudoxiam,
2762 4951 2990 4994 uxorem
3044 4941 3302 5001 Archadii
3366 4947 3725 5022 imperatoris:

2117 5015 2435 5089 multosque
2464 5022 2814 5080 sacerdotum
2872 5026 3105 5086 infestos
3143 5032 3378 5104 habens,
3407 5015 3727 5111 episcOpatu

2115 5106 2342 5177 pellitur
2384 5118 2442 5168 et
2495 5113 2768 5174 exiliatur.
2814 5117 2924 5174 Sed
2981 5124 3188 5194 pOpqu
3244 5143 3344 5199 pro
3377 5106 3484 5187 hoc
3528 5106 3726 5188 tumul-

2115 5206 2327 5271 tuante,
2358 5214 2665 5267 revocatur.
2697 5210 2954 5271 Secundo
2976 5216 3279 5289 exsiliatur,
3303 5222 3403 5279 sed
3427 5230 3716 5283 ten-emota

1749 5295 1970 5356 VARIE
1998 5301 2380 5366 LECTIONES.

467 5381 513 5417 ¹⁶
553 5381 983 5460 Trungrensium
1018 5389 1035 5443 1
1054 5430 1066 5445 .
1110 5388 1153 5423 ¹⁷
1174 5393 1255 5447 ita
1287 5392 1338 5448 1.
1367 5408 1506 5451 corr.
1539 5395 1881 5460 eXXXVIlII.
1912 5408 2011 5464 rell
2065 5410 2109 5446 ¹⁸
2135 5411 2386 5486 descipto
2419 5418 2469 5473 1.

1963 5517 2173 5577 ΝΟΤιΕ.

457 5602 812 5698 (εὲίῃοξειξίηε
839 5604 895 5660 in
938 5606 1165 5681 Dialogo
1200 5609 1270 5666 de
1316 5609 1439 5668 virt.
1470 5618 1645 5675 sancti
1690 5621 1844 5683 Mart.
1894 5627 1988 5698 lll,

391 5671 461 5727 15
488 5672 749 5738 111118οΗ.

2535 5657 2563 5725 ;_
2607 5641 2695 5697 his
2753 5644 2808 5699 id
2840 5644 3063 5717 factum,
3098 5652 3342 5722 primum
3375 5657 3447 5713 ab
3469 5659 3721 5725 Arcadio,

2091 5703 2297 5762 deinde
2325 5708 2393 5763 ab
2424 5703 2623 5770 Attalo.
