3894 6220
119 304 184 358 73
1622 305 1758 360 CHHl

1889 305 1970 361 ΞΑ.
3384 305 3455 358 74

117 432 316 505 regiam
348 431 555 486 urbem
585 430 825 503 graviter
853 432 1224 499 concutiente,
1274 450 1304 488 a
1342 434 1557 489 civibus
1581 450 1739 489 revo-
1767 444 1812 506 Α
1839 434 2160 509 Sdigerdem
2197 434 2482 490 Persarum
2512 450 2699 507 regem
2752 440 3081 491 testamento
3132 434 3454 510 designans,

117 531 283 579 catur.
328 523 673 578 Pachomina
731 522 903 577 abbas
935 524 1037 580 110
1086 541 1292 581 annum
1321 542 1492 599 agens
1540 527 1596 581 in
1630 527 1739 581 vir-

120 615 322 669 tutibus
350 620 795 670 consummatur.

187 704 308 759 406.
388 704 453 758 R.
494 702 551 759 9.
636 703 692 760 P.
732 703 821 759 26.
900 703 956 758 F.
1006 704 1097 758 2|.
1183 705 1238 759 Β.
1281 705 1374 761 26.
1453 705 1534 760 W.
1575 705 1665 760 26.

575 792 661 846 W.
703 792 757 846 8.
836 791 895 846 0.
944 791 1026 847 16.
1110 792 1169 845 ΙΙ.
1210 793 1298 848 26,

188 882 492 936 Archadius
545 881 848 952 imperator
903 897 1030 936 ossa
1077 882 1349 937 Samuelis
1389 881 1671 952 prephetze
1712 896 1744 935 e

121 973 285 1028 Judea
334 971 877 1043 Constantinopolim
932 972 1230 1035 transtulit,
1313 981 1420 1027 tam
1499 972 1746 1027 hilariter

126 1064 541 1119 occurrentibus
579 1064 823 1135 populis,
879 1080 943 1119 ac
974 1064 1020 1118 si
1070 1080 1195 1118 eum
1246 1064 1521 1120 viventem
1559 1078 1747 1118 cerne-

130 1166 245 1211 rent
287 1156 456 1211 Paula
490 1155 775 1210 Bethleem
808 1155 943 1221 obit,
988 1155 1147 1223 cujus
1175 1156 1341 1210 vitam
1400 1155 1753 1209 Hieronimus

130 1246 313 1300 scribit
381 1246 526 1317 (Vita
551 1249 606 1299 S.
637 1250 757 1314 Aug
774 1245 800 1314 )
830 1244 1167 1316 Augustinus
1200 1243 1256 1297 in
1301 1243 1551 1299 aecclesia
1580 1242 1754 1313 philo-

127 1337 422 1408 sophatur;
465 1336 631 1405 cujus
659 1336 948 1402 librorum,
991 1342 1321 1391 tractatuum
1381 1342 1438 1389 et
1482 1334 1744 1405 epistola-

133 1441 242 1478 rum
288 1441 559 1480 numerus
591 1424 713 1495 plus
760 1440 922 1495 quam
978 1424 1050 1479 ad
1078 1424 1231 1478 mille
1282 1423 1506 1497 triginta
1555 1430 1747 1478 exten-

132 1511 290 1581 ditur,
318 1512 507 1568 multis
539 1526 776 1568 numero
807 1526 917 1566 non
958 1511 1404 1582 comprehensis.

198 1624 312 1681 407.
402 1625 489 1679 10.
570 1624 664 1679 27.
754 1625 846 1679 22.
919 1624 1013 1679 27.
1096 1623 1193 1678 27.
1270 1624 1323 1679 9.
1422 1624 1503 1678 17.
1579 1622 1674 1677 27.

206 1712 431 1784 (Ριιοειδ.)
481 1712 826 1785 Hagadaisus
857 1712 1015 1783 Scyta
1058 1728 1183 1766 cum
1235 1710 1490 1766 ducentis
1523 1709 1751 1767 milibus

139 1805 422 1861 Gothorum
457 1822 487 1860 a
521 1804 709 1876 Scytia
739 1804 991 1870 veniens,
1026 1803 1237 1858 Italiam
1279 1803 1510 1858 invadit.
1548 1802 1619 1856 Ex
1647 1803 1751 1859 hoc

137 1911 374 1950 murmur
409 1895 626 1950 multus
662 1894 1162 1965 blasphemantium
1214 1892 1456 1948 infremit
1495 1893 1550 1947 in
1593 1893 1753 1948 Chri-

139 1996 293 2050 stum,
323 1997 374 2042 et
410 1986 836 2042 Christianitatis
888 1996 1135 2058 tempora
1170 1986 1474 2057 culpantes,
1527 1984 1756 2041 felicita-

141 2084 241 2130 tem
267 2074 560 2149 gentilium
588 2074 863 2130 attollunt.
886 2074 1032 2129 Inter
1058 2089 1196 2146 quos
1226 2074 1488 2145 precipue
1520 2074 1755 2128 Simma-

141 2165 265 2217 chus
307 2170 494 2218 orator
548 2163 792 2229 furebat,
854 2163 950 2235 qui
1014 2164 1179 2218 etiam
1232 2163 1458 2235 scriptis
1507 2162 1758 2233 epistolis

147 2250 327 2323 agebat
363 2251 432 2305 de
492 2251 751 2307 idolatria
805 2261 858 2306 et
909 2252 977 2306 de
1007 2253 1311 2322 repetenda
1346 2267 1439 2306 ara
1485 2250 1752 2315 Victoris}.

146 2340 364 2408 (Gr-mus
393 2342 410 2410 )
443 2340 693 2405 Quorum
741 2340 1055 2395 latrantium
1096 2356 1191 2396 ora
1235 2341 1439 2410 injecto
1470 2341 1555 2395 eis
1602 2340 1755 2395 veri-

150 2434 263 2488 tatis
280 2450 402 2489 osse
444 2436 846 2492 obstruxerunt
882 2436 1217 2511 Augustinus
1270 2437 1412 2491 libro
1441 2436 1510 2491 de
1539 2436 1757 2491 civitate

155 2523 236 2577 Dei
290 2532 343 2577 et
390 2523 624 2579 Orosius
674 2524 905 2581 historia
953 2542 1052 2580 sua
1146 2526 1477 2580 Prudentius
1532 2540 1755 2597 quoque

156 2624 301 2683 poeta
330 2614 619 2670 luculento
659 2615 874 2671 metrici
906 2616 1096 2686 operis
1148 2615 1336 2671 libello
1385 2615 1759 2685 blasphemias

160 2707 436 2765 Simmachi
470 2707 700 2765 refellit.

222 2821 337 2877 408.
420 2824 499 2876 11.
581 2820 675 2876 28.
751 2818 841 2876 23.
925 2820 1016 2875 28.
1093 2818 1183 2875 28.
1262 2820 1347 2875 10.
1430 2820 1495 2877 18
1592 2820 1678 2875 28.

222 2909 422 2980 (Passa.
455 2941 524 2951 —
569 2913 636 2965 Η.
688 2909 784 2979 m.)
839 2907 1020 2963 Multis
1066 2906 1299 2963 urbibus
1357 2907 1606 2972 vastatis,
1654 2908 1755 2963 Ha-

162 3000 394 3070 gadaisus
422 3000 728 3056 conclusus
757 3014 787 3052 a
808 2997 1090 3063 Romanis,
1124 2997 1311 3052 interit
1337 3013 1461 3052 cum
1503 2997 1759 3053 omnibus

165 3089 266 3144 suis
311 3089 594 3163 Sdigerdis
625 3088 859 3159 imperat
888 3086 1069 3141 Persis
1098 3085 1260 3140 annis
1305 3086 1390 3141 31.
1427 3086 1760 3158 Augustinus

165 3181 293 3249 apud
328 3181 619 3251 Ypponem
651 3175 866 3245 Africae,
924 3184 979 3232 et
1019 3175 1367 3232 Hieronimus
1397 3176 1542 3247 apud
1598 3176 1760 3231 Beth-

166 3266 292 3323 leem
319 3269 487 3336 Judm,
522 3285 630 3341 per
686 3266 948 3339 epistolas
1002 3266 1145 3321 inter
1171 3281 1231 3321 se
1261 3281 1437 3338 usque
1475 3266 1543 3321 ad
1568 3264 1763 3321 simul-

169 3359 311 3415 talem
338 3361 655 3435 disceptant
692 3360 760 3415 de
793 3359 1125 3432 quibusdam
1164 3358 1450 3430 scripturae
1478 3358 1757 3430 capitulis,

170 3453 382 3509 maxime
402 3455 471 3510 de
510 3470 610 3521 eo,
640 3453 791 3526 quod
842 3452 978 3508 dicit
1031 3451 1252 3518 Paulus,
1303 3466 1362 3505 sc
1405 3450 1562 3506 Petro
1592 3450 1647 3505 in
1693 3449 1767 3505 fa-

173 3544 292 3598 ciem
321 3547 606 3609 restitissc.
665 3545 793 3617 quia
824 3543 1287 3616 reprehensibilis
1341 3549 1489 3609 erat;
1529 3544 1598 3598 de
1656 3558 1767 3615 quo

177 3636 493 3694 Hieronimus
530 3637 851 3709 scripserat,
905 3638 1036 3709 quia
1106 3635 1306 3691 Paulus
1386 3637 1604 3691 Petrum
1660 3652 1771 3692 non

176 3740 362 3793 revera,
430 3728 529 3783 sed
592 3726 851 3782 simulate
907 3725 1380 3797 reprehenderit;
1433 3726 1775 3798 Augustinus

177 3821 342 3869 contra
368 3815 613 3885 dicebat,
644 3815 792 3887 quod
840 3830 967 3870 eum
1007 3830 1219 3884 revera,
1253 3829 1361 3870 non
1403 3815 1655 3871 simulate
1686 3831 1774 3870 re-

184 3906 534 3973 prehenderit.

240 4022 352 4079 ⁴109.
426 4024 510 4081 12.
602 4026 650 4080 1.
740 4023 829 4080 21.
909 4024 998 4080 29.
1094 4023 1182 4080 29.
1281 4026 1367 4092 il,
1445 4024 1513 4080 19
1609 4023 1698 4079 29.

243 4114 418 4186 (Cass)
440 4116 730 4172 Iohannes
745 4114 1166 4179 Chrisostomus,
1191 4116 1516 4190 urgentibus
1532 4115 1773 4170 inimicis

189 4202 478 4277 episcOpatu
511 4204 827 4271 abdicatus,
882 4205 951 4260 ab
989 4205 1258 4260 Arehadio
1302 4203 1463 4260 exilio
1495 4204 1778 4278 religatur,

190 4291 354 4366 ibique
378 4313 484 4352 non
513 4296 694 4352 multo
724 4303 847 4367 post
873 4296 1120 4351 moritur.
1154 4296 1511 4350 Innocentius
1560 4311 1699 4366 papa
1727 4300 1782 4349 et

193 4386 532 4443 occidentales
574 4386 826 4458 episcOpi
882 4402 979 4458 pro
1034 4386 1303 4443 Johannis
1363 4386 1671 4458 prejudicio
1713 4386 1781 4440 ab

195 4473 510 4534 orientalium
553 4494 620 4534 se
677 4478 1069 4534 communione
1101 4479 1469 4549 suSpendunt.
1518 4479 1655 4533 Iram
1692 4477 1784 4532 Dei

199 4578 281 4632 pro
314 4580 476 4625 morte
530 4568 808 4625 Johannis
873 4568 1043 4623 nimia
1118 4568 1408 4644 grandinis
1487 4577 1789 4639 tempestas

199 4653 621 4734 ConstaninOpoli
670 4660 1020 4728 incumbens,
1055 4668 1111 4716 et
1141 4676 1290 4717 mors
1326 4661 1580 4718 Eudoxize
1614 4678 1789 4736 augu-

202 4749 285 4797 stae
307 4748 588 4806 subsecuta
619 4750 871 4805 intentat.

292 4861 401 4917 410.
476 4865 528 4919 3.
610 4864 659 4919 2.
751 4864 841 4919 25.
920 4865 1011 4920 30.
1087 4864 1177 4922 30.
1264 4865 1343 4919 12.
1420 4864 1511 4921 20.
1593 4865 1684 4920 30.

1776 1761 1825 1828 Β

1841 530 2070 579 mortem
2133 523 2289 580 obiit.
2350 523 2633 597 Sdigerdis
2696 524 2924 579 tutelam
2999 525 3158 596 pueri
3215 525 3462 601 benigne‘

1840 619 2103 690 suscepit,
2138 629 2191 673 et
2224 636 2414 690 pacem
2448 617 2820 673 ﬁrmissimam
2848 635 2973 675 cum
3004 620 3266 676 Romanis
3304 621 3456 687 facit,

1842 708 2121 763 mediante
2162 708 2408 763 Marutha
2446 707 2857 779 Mesopotamia:
2886 708 3173 780 episcopo.
3205 709 3255 763 ls
3283 706 3461 763 Maru-

1843 796 1965 851 thas
1993 806 2046 851 et
2083 796 2230 867 apud
2263 797 2471 861 Persas,
2505 804 2559 852 et
2597 796 2744 866 apud
2791 796 3069 851 Romanos
3126 796 3461 851 omnimodis

1845 883 2185 939 clarissimus
2240 884 2568 939 habebatur.
2604 884 2772 939 Uticae
2826 891 2970 939 terra
3023 891 3236 955 septem
3268 883 3465 938 diebus

1849 973 2117 1047 mugitum
2146 973 2318 1027 dedit.
2359 973 2574 1042 (Paose.
2623 1004 2689 1014 —
2735 978 2798 1028 Η.
2831 975 2932 1045 m.)
2990 973 3182 1030 Stilico
3235 988 3463 1044 regnum

1849 1062 2071 1117 Honorii
2103 1061 2366 1117 affectans
2387 1061 2499 1118 lilio
2524 1077 2624 1119 suo
2657 1062 2945 1127 Eucherio,
2979 1062 3056 1118 rei
3080 1061 3317 1134 publica
3340 1076 3465 1133 per-

1853 1155 2097 1211 niciosus
2126 1154 2385 1219 efﬁcitur,
2429 1156 2694 1212 barbaras
2721 1166 2918 1231 gentes
2969 1157 3089 1229 ipse
3128 1157 3265 1211 alias
3294 1172 3465 1232 regno

1854 1244 2155 1311 immitens,
2212 1245 2349 1301 alias
2384 1261 2664 1302 consensu
2695 1260 2795 1301 suo
2827 1244 3046 1312 fovens;
3098 1245 3248 1300 unde
3302 1246 3467 1302 modo

1848 1333 2010 1389 solito
2092 1334 2312 1408 gravius
2391 1350 2580 1389 earum
2661 1342 2716 1389 et
2783 1334 3015 1389 maxime
3071 1333 3467 1390 Wandalorum

1849 1421 2031 1477 rabies
2051 1438 2152 1494 per
2172 1422 2373 1478 Gallias
2398 1424 2628 1479 exarsit.
2652 1424 2833 1495 (Ibid)
2866 1422 3139 1479 Honorius
3170 1429 3292 1494 post
3318 1437 3470 1479 mor-

1847 1520 1957 1568 tem
2016 1514 2251 1570 Archadi
2293 1530 2418 1570 cum
2478 1514 2708 1571 fatruele
2755 1529 2857 1572 suo
2908 1513 3222 1573 Theodosio
3274 1522 3470 1589 regnat

1850 1603 2013 1658 annis
2051 1604 2132 1659 14.

1957 1697 2082 1751 411.
2162 1697 2212 1751 1.
2288 1696 2340 1752 3.
2417 1696 2507 1753 26.
2600 1696 2688 1753 31.
2768 1696 2858 1755 31.
2937 1697 3023 1753 13.
3099 1695 3195 1752 21.
3269 1696 3361 1754 31.

1924 1788 2065 1859 (Vita
2091 1788 2146 1844 S.
2175 1788 2421 1859 Auﬁdii.)
2460 1789 2667 1844 Atticus
2688 1787 3325 1863 Constantinopolitanes
3356 1788 3474 1860 epi-

1853 1890 2058 1946 scopus
2100 1876 2269 1930 claret
2299 1875 2550 1931 Wandali
2590 1877 2730 1933 duce
2771 1877 2973 1935 Grosco
3031 1879 3233 1935 Gallias
3275 1893 3473 1951 perva—

1854 1976 1968 2043 gat,
2007 1968 2209 2023 multas
2245 1968 2410 2023 urbes
2449 1976 2503 2025 et
2554 1969 2834 2025 ecclesias
2861 1971 3208 2027 subvertunt.
3243 1969 3475 2027 Croscus

1856 2060 2077 2115 tandem
2133 2077 2164 2115 a
2195 2060 2437 2117 Mariano
2479 2062 2701 2133 preside
2758 2063 2960 2119 Arelati
3017 2069 3212 2135 captus
3263 2070 3319 2120 et
3376 2079 3477 2135 per

1858 2152 2032 2209 victas
2069 2153 2238 2208 urbes
2267 2153 2640 2227 ignominiose
2679 2162 2964 2223 retractus,
2995 2156 3064 2211 ad
3095 2164 3330 2212 mortem
3362 2162 3477 2211 tor-

1857 2249 2138 2297 mentatur
2166 2241 2338 2313 (152).
2385 2242 2500 2296 Sub
2527 2242 2632 2297 hoc
2658 2242 2882 2298 turbine
2921 2243 3066 2299 inter
3103 2244 3304 2299 multos
3331 2259 3478 2298 mar-

1859 2332 2161 2403 tyrizantur
2212 2332 2571 2388 Sedunenses
2601 2334 2952 2390 Florentinus
3002 2344 3057 2391 et
3084 2336 3339 2397 Hilarius,
3373 2335 3478 2390 De-

1858 2424 2098 2479 siderius
2155 2424 2520 2498 Liugonensis
2565 2442 2689 2480 cum
2737 2426 3023 2483 Vincentio
3062 2426 3474 2493 archidiaco'no,

1859 2516 2112 2571 Antidius
2152 2517 2603 2572 Besontionensis
2649 2518 2968 2590 episcOpus.
3000 2518 3078 2573 De
3121 2519 3226 2574 hoc
3252 2517 3475 2573 Antidio

1860 2610 2082 2685 legitur,
2105 2610 2251 2680 quod
2275 2608 2573 2681 aliquando
2595 2608 2628 2665 3
2650 2608 2787 2665 feria
2816 2618 2940 2681 post
2960 2610 3170 2682 palmas
3200 2608 3479 2663 transiens

1859 2704 2083 2769 pontem
2145 2697 2300 2751 Duvii
2359 2696 2623 2764 ﬂuminis,
2699 2696 2837 2751 vidit
2897 2712 3097 2772 agmen
3153 2697 3475 2763 demonum,

1857 2797 2010 2863 gesta
2056 2805 2155 2843 sua
2203 2788 2441 2860 principi
2495 2803 2597 2844 suo
2647 2788 3035 2857 referentium,
3093 2796 3149 2843 et
3203 2787 3349 2843 inter
3379 2802 3478 2842 eos

1860 2880 2147 2951 Ethiopem
2176 2880 2233 2934 in
2258 2896 2425 2935 manu
2455 2879 2763 2935 sandalium
2797 2879 3192 2951 preferentem,
3230 2880 3299 2934 ad
3332 2878 3478 2933 indi-

1858 2976 2003 3031 cium
2053 2976 2202 3047 quod
2258 2976 2561 3031 Romanum
2614 2974 2913 3047 presulem,
2973 2974 3133 3045 cnjus
3191 2976 3295 3031 hoc
3338 2982 3478 3041 erat,

1861 3083 1960 3139 per
1999 3068 2029 3124 7
2055 3083 2231 3123 annos
2262 3066 2666 3141 impugnatum,
2695 3067 2916 3122 tandem
2949 3067 3018 3122 ad
3054 3068 3263 3139 lapsum
3295 3074 3481 3123 traxe-

1783 3131 1833 3199 C
1862 3131 1930 3215 rit
1978 3160 2078 3225 Qui
2107 3175 2312 3217 vocans
2340 3131 2510 3215 adwse
2540 3131 2850 3232 EthiPOpem,
2883 3166 2937 3215 et
2962 3159 3019 3215 in
3048 3131 3249 3215 virtute
3299 3157 3394 3213 Dei
3426 3166 3483 3213 et

1861 3257 2064 3304 sanctae
2114 3249 2294 3304 crucis
2322 3263 2491 3319 super
2546 3264 2673 3303 eum
2722 3249 3053 3316 ascendens,
3110 3262 3178 3305 eo
3233 3252 3483 3303 vectante

1866 3338 2091 3393 Romam
2140 3338 2291 3394 venit
2330 3337 2467 3393 feria
2496 3339 2551 3405 5,
2610 3339 2748 3395 hora
2801 3338 3117 3395 celebrandi
3174 3336 3391 3405 officii;
3429 3342 3485 3391 et

1867 3431 2106 3488 demone
2136 3445 2237 3502 pro
2290 3429 2504 3486 foribus
2532 3436 2877 3502 expectante,
2910 3446 3067 3503 papte
3115 3446 3232 3486 rem
3274 3427 3482 3494 retulit,

1869 3528 2162 3595 negantem
2195 3535 2295 3591 per
2320 3519 2632 3575 sandalium
2670 3520 2737 3575 ad
2770 3519 3153 3592 paenitentiam
3209 3519 3402 3586 movit,
3433 3524 3488 3573 et

1871 3600 2039 3663 "missa
2067 3611 2186 3663 vice
2234 3608 2356 3677 ejus
2393 3608 2692 3675 celebrata,
2751 3615 2807 3664 et
2837 3616 2987 3680 parte
3016 3607 3291 3664 crismatis
3343 3622 3375 3661 a
3424 3621 3485 3661 se

1874 3700 2177 3757 consecrati
2228 3710 2508 3771 assumpta
2545 3701 2796 3757 damone
2845 3707 3161 3758 revectante
3185 3700 3251 3757 ad
3296 3699 3488 3755 eccle-

1877 3791 2017 3845 siam
2048 3806 2201 3845 suam
2243 3789 2426 3856 rediit,
2457 3790 2686 3845 sabbato
2734 3798 2947 3856 sancto,
2978 3790 3111 3846 hora
3171 3789 3494 3844 celebrandi

1877 3878 2066 3935 ofﬁcii.
2099 3879 2285 3935 Romae
2308 3878 2517 3934 femina
2555 3885 2843 3953 gyganteae
2872 3877 3268 3953 magnitudinis
3296 3877 3365 3931 de
3398 3891 3496 3947 pa-

1877 3970 2127 4026 rentibus
2185 3968 2483 4025 mediocris
2539 3974 2761 4024 statum
2828 3973 2976 4033 nata,
3036 3965 3226 4023 multis
3281 3973 3496 4038 stupori

1876 4068 1995 4115 erat
2026 4060 2092 4115 ‘9.

1986 4148 2112 4204 M2.
2187 4147 2241 4201 2.
2321 4147 2356 4203 Δ
2449 4146 2539 4201 27.
2627 4146 2715 4202 32.
2792 4145 2863 4201 32
2960 4146 3048 4201 14.
3122 4145 3216 4203 22.
3293 4144 3384 4203 32.

1952 4242 2037 4313 (Η.
2091 4244 2193 4310 m)
2248 4241 2492 4296 Alaricus
2530 4256 2624 4296 rex
2669 4239 3102 4312 Wisigothorum
3143 4254 3246 4311 per
3291 4238 3499 4293 Italiam

1883 4334 2243 4396 debachatus,
2301 4333 2527 4387 mandat
2578 4330 2815 4388 Honorio
2887 4331 3233 4402 imperatori,
3280 4339 3342 4385 ut
3408 4338 3504 4385 aut

1885 4444 2074 4485 secum
2112 4427 2262 4483 bello
2292 4426 2705 4502 congrediatur,
2752 4432 2846 4481 aut
2885 4425 3076 4481 Gothis
3106 4426 3162 4479 in
3201 4439 3374 4497 regno
3402 4439 3504 4480 suo

1808 4519 2069 4605 Diocum
2116 4518 2187 4573 ad
2233 4516 2595 4605 habitandum
2643 4515 2923 4605 largiatur.
2977 4511 3508 4605 HonoriusGallias

1891 4606 2061 4663 furori
2081 4605 2330 4680 gentium
2352 4604 2602 4676 undique
2633 4603 2910 4675 expositas
2939 4603 3022 4657 eis
3042 4602 3335 4658 concessit.

1997 4704 2123 4760 413.
2201 4703 2255 4759 3.
2330 4702 2381 4755 5.
2468 4701 2559 4755 28.
2635 4698 2722 4755 33.
2812 4698 2901 4754 33.
2980 4698 3066 4754 15.
3142 4697 3234 4753 23.
3310 4696 3398 4754 33.

1965 4792 2168 4863 (Joao.)
2196 4789 2447 4845 Wandali
2498 4787 2717 4850 Gallias,
2762 4803 2902 4859 quas
2933 4803 3034 4858 per
3089 4795 3169 4844 tot
3221 4802 3400 4843 annos
3435 4786 3515 4840 la-

1895 4891 2234 4949 ceraverant,
2310 4880 2689 4951 relinquentes
2752 4879 2947 4934 timore
3005 4878 3329 4944 Gothorum,
3389 4893 3514 4933 cum

264 4958 333 5014 (II.
373 4962 464 5026 τη.)
516 4956 837 5014 Archadius
890 4956 1180 5013 orientalis
1229 4957 1531 5030 imperator
1590 4958 1758 5013 limen

1898 4976 2084 5032 Alanis
2105 4984 2160 5031 et
2189 4974 2385 5030 Suevis
2416 4972 2705 5044 Hispanias
2748 4980 3041 5043 occupant.
3093 4971 3286 5044 Ibique
3318 4970 3429 5026 fere
3451 4971 3521 5026 30

209 5041 304 5100 ﬁlio
327 5064 418 5104 suo
454 5048 679 5105 octenni
740 5062 914 5119 puero
943 5047 1279 5116 Theodosio,
1338 5049 1502 5121 eique
1562 5055 1758 5104 tutore:

1900 5066 2062 5122 annis
2100 5041 2657 5134 liabitaverunt.i(lb.)
2693 5041 2937 5118 Alaricus
2965 5060 3107 5118 facto
3148 5041 3358 5118 ftedere
3391 5075 3514 5116 cum

1530 5168 1751 5225 VAHIIE
1802 5166 2178 5224 LECTIONES.

1747 5309 1958 5368 NOTAE.

275 5409 399 5481 (152)
453 5413 633 5470 Prima
671 5413 792 5483 ejus
851 5414 1185 5470 narrationis
1244 5414 1582 5469 lineamenta
1642 5412 1807 5468 tradit
1909 5427 2026 5466 rum
2059 5417 2115 5483 et
2142 5407 2261 5483 Vita
2293 5407 2349 5466 S.
2382 5408 2586 5483 Antidii
2627 5422 2756 5483 saec.
2817 5423 2868 5465 χι
2904 5406 3130 5481 scripta,
3164 5406 3221 5483 in
3252 5399 3524 5483 Actis‘Sﬁ:

222 5471 415 5555 gregali.
459 5484 586 5540 Tur.
651 5471 721 5549 1,.
750 5485 842 5552 32,
901 5484 992 5553 34,
1040 5485 1269 5541 formam
1324 5486 1445 5554 ejus
1485 5484 1805 5555 p0pularem
1907 5484 2034 5555 Jun.
2066 5482 2126 5555 ν,
2154 5481 2243 5555 43,
2270 5497 2340 5555 ex
2371 5496 2479 5553 qua
2508 5481 2829 5555 Sigebcrtus
2851 5497 2955 5555 sua
3005 5471 3258 5551 sumpsit.
3291 5471 3527 5532 HIRSCH

224 5546 409 5626 ldaEius
428 5571 512 5626 ap.
548 5546 738 5611 Canis.
764 5546 889 5612 lect.
924 5546 1037 5612 ant.
1082 5557 1151 5611 ed
1179 5546 1436 5623 Casnfll,
1475 5546 1604 5620 1’91’;
1661 5555 1811 5611 unde
1912 5552 1984 5609 cf.
2016 5546 2220 5608 Lmbell
2261 5546 2470 5626 Gregor
2499 5546 2604 5608 von
2635 5553 2811 5608 Tours
2835 5552 2958 5607 411.

276 5236 311 5273 ¹⁹
340 5239 512 5297 Roma:
544 5272 613 5283 —-
643 5247 763 5299 erat
797 5242 908 5312 Sig.
936 5248 1121 5313 postea
1146 5243 1371 5299 addidit.

225 5618 404 5678 hastam
440 5618 710 5683 auxerunt
756 5627 1064 5683 Almoinius
1106 5627 1200 5693 lll,
1259 5628 1313 5692 1,
1354 5618 1512 5682 Gesta
1555 5618 1809 5681 Treviro-

499 5763 801 5825 PATROL.
857 5762 966 5827 CL
982 5764 1067 5828 X.

3204 5761 3244 5821 3
