3894 6220
445 394 512 447 75
1664 370 2004 428 SlGEBERTI
2046 365 2534 423 GEMBLACENSIS
3708 364 3773 418 7'6

448 519 707 584 Honorio,
739 531 862 572 cum
889 511 959 568 ad
989 509 1189 565 Gallias
1220 505 1327 561 sibi
1373 504 1527 558 datas
1559 500 1830 565 tenderet,
1864 496 2052 552 Stilico
2080 499 2131 565 Α
2160 493 2270 555 ille,
2303 507 2466 565 quem
2499 489 2657 545 Gothi
2688 496 2846 560 capta
2894 490 3065 544 Roma
3120 489 3509 560 imperatorem
3558 490 3772 544 lndicro

447 613 567 684 ipso
609 615 799 664 sancto
829 604 918 658 die
977 600 1192 674 paschae
1239 614 1302 651 ex
1356 591 1651 665 improviso
1711 603 1881 660 super
1928 601 2054 639 eum
2158 591 2426 646 creatum,
2491 596 2599 635 uno
2653 580 2744 633 die
2803 578 3072 649 imperiali
3141 586 3383 634 scemate
3447 579 3771 649 procedere,

445 667 626 768 irruit,
658 706 713 754 et
752 697 930 769 primo
958 695 1168 763 impetu
1195 690 1386 753 victor,
1427 690 1623 756 postea
1653 698 1682 735 a
1713 679 1901 735 Gothis
1935 683 2055 730 tur-
2159 670 2394 725 crastino
2426 676 2607 724 autem
2641 685 2765 724 sero
2801 675 3040 724 scemate
3101 668 3206 722 sibi
3257 668 3571 722 ministrare
3619 667 3772 722 fece-

449 790 593 861 piter
614 763 622 768 '
645 763 881 843 vincitur
911 783 1058 853 (I53)
1131 779 1212 850 (Η.
1246 776 1345 847 m)
1392 771 1673 828 Honorius
1698 767 1916 838 cognito
1947 763 2057 861 Sti-

447 853 686 934 liconem
717 891 841 930 esse
872 879 1146 928 tantorum
1187 867 1452 921 malorum
1500 862 1838 915 incentorem
1864 861 1917 909 et
1937 853 2058 908 vitae

446 986 558 1024 sua:
618 967 1019 1030 insidiatorem,
1079 978 1204 1016 eum
1263 975 1386 1014 cum
1447 956 1560 1010 tilio
1619 954 1739 1022 ejus
1793 947 2059 1005 Euchario

447 1057 653 1115 occidit
687 1055 853 1125 (152).
888 1053 1086 1124 (σιοιω.)
1119 1048 1362 1104 Alaricus
1411 1052 1570 1116 rupto
1604 1042 1810 1098 foedere
1851 1038 2057 1092 italiam

449 1146 672 1218 repetit,
723 1145 896 1214 ipsam
931 1142 1155 1197 Romam
1209 1137 1378 1208 capit,
1413 1135 1467 1188 in
1499 1133 1668 1187 multa
1722 1130 1840 1184 loca
1868 1128 2058 1181 incen-

449 1243 548 1309 dit,
581 1241 783 1296 multos
822 1237 1034 1309 affligit,
1075 1254 1105 1289 a
1135 1234 1405 1304 sanguine
1438 1238 1619 1286 tamen
1649 1235 1702 1281 et
1733 1224 1885 1280 cmde
1913 1229 2058 1276 tem-

449 1339 622 1404 perat,
677 1337 733 1385 et
761 1329 830 1384 ad
881 1334 1193 1383 sanctorum
1254 1322 1445 1376 limina
1501 1315 1929 1391 confugentibus
1980 1310 2057 1364 in-

445 1398 636 1496 dulget
665 1421 838 1491 (155);
871 1418 1026 1474 tertia
1056 1416 1146 1469 die
1191 1420 1387 1484 sponte
1429 1410 1600 1464 Roma
1645 1405 1946 1496 egreditur,
1988 1398 2055 1454 ad

446 1494 689 1568 Siciliam
719 1524 973 1582 navugare
1003 1504 1348 1562 contendens
1377 1498 1723 1570 naufragium
1754 1494 1974 1566 patitur,
2005 1497 2057 1544 ct

449 1619 560 1659 non
623 1602 793 1655 multo
852 1581 973 1669 post
1022 1594 1167 1665 apud
1225 1590 1575 1648 Consentiam
1634 1585 1828 1641 urbem
1879 1581 2061 1637 subita

449 1703 624 1752 morte
656 1692 998 1767 defungitur.
1032 1689 1198 1759 Capta
1246 1694 1330 1740 est
1359 1691 1542 1739 autem
1578 1681 1748 1734 Roma
1801 1678 1834 1731 9
1865 1675 2063 1729 Kalen-

451 1789 550 1844 das
577 1785 884 1858 Septembr.
906 1797 1051 1837 anno
1077 1779 1214 1835 1164
1245 1778 1288 1810 ²⁰
1318 1773 1654 1832 conditionis
1685 1787 1798 1826 suae
1856 1769 1919 1839 (ΙΙ
1960 1767 2062 1836 m.)

455 1880 548 1935 His
586 1879 785 1933 diebus
833 1873 978 1946 apud
1025 1870 1257 1926 Africam
1311 1869 1365 1922 in
1413 1863 1654 1921 Uticensi
1709 1861 1867 1915 litore
1922 1858 2062 1911 dens

452 1971 707 2048 gygantis
745 1970 1000 2024 inventus
1030 1972 1115 2020 est
1158 1970 1264 2018 tam
1301 1961 1519 2035 ingens,
1547 1964 1607 2012 ut
1658 1955 1704 2010 si
1749 1952 2061 2007 minutatim

453 2068 510 2122 in
542 2065 803 2122 modulos
834 2069 1142 2119 nostrorum
1187 2057 1433 2112 dentium
1487 2051 1890 2117 concideretur,
1921 2063 2062 2103 cen-

454 2167 568 2214 tum
609 2157 805 2210 dentes
835 2153 963 2208 inde
1012 2149 1128 2205 fieri
1162 2153 1388 2220 possent
1422 2146 1486 2200 ²¹.
1521 2143 1707 2212 (ϐηεο.
1736 2141 1886 2211 Tun.)
1922 2141 2062 2192 Inte-

453 2251 555 2304 rim
612 2247 893 2303 Wandalis
933 2247 1129 2300 iterum
1199 2241 1397 2296 Gallias
1461 2235 1872 2293 incursantibus
1933 2249 2061 2287 con-

452 2339 625 2411 gressi
667 2335 878 2401 Franci,
910 2331 1283 2406 Modigisilum
1323 2343 1533 2402 regem,
1579 2340 1701 2380 cum
1738 2321 1812 2378 20
1839 2320 2062 2375 milibus

455 2431 850 2490 Wandalorum
901 2426 1259 2499 extinguunt:
1292 2428 1348 2477 et
1403 2434 1662 2490 suprema
1697 2416 1836 2471 forte
1885 2414 2060 2468 inter-

455 2527 615 2581 necio
641 2522 1030 2578 Wandalorum
1088 2518 1300 2583 fuisset,
1334 2514 1439 2569 nisi
1473 2510 1701 2582 reliquis
1740 2523 1928 2563 eorum
1965 2521 2063 2559 seu

454 2615 746 2671 Alanorum
804 2609 1162 2682 Resplendiat
1199 2605 1450 2661 subsidio
1506 2601 1768 2659 venisset.
1821 2597 2064 2666 (Pnosr.,

457 2705 637 2774 Cana.)
715 2702 1094 2756 Britannorum
1151 2697 1300 2752 vires
1361 2711 1423 2749 ac
1501 2696 1826 2762 tempestate
1882 2685 2068 2741 nimiis

455 2794 696 2848 hostium
764 2787 1164 2860 irruptionibus
1217 2784 1382 2838 nimis
1439 2787 1594 2836 erant
1645 2781 1963 2840 attenuatu;
2015 2781 2069 2829 et

455 2882 587 2954 quia
633 2897 665 2935 a
693 2878 958 2934 Romanis
1002 2874 1251 2944 undique
1310 2871 1455 2925 bello
1489 2865 1870 2923 laborantibus
1930 2861 2069 2916 nihil

453 2972 685 3028 subsidii
735 2970 938 3024 habere
991 2975 1266 3038 poterant,
1303 2964 1636 3018 subtrahunt
1672 2976 1731 3015 se
1775 2959 1842 3014 ab
1876 2972 2068 3013 eorum

455 3065 853 3128 dominatione,
887 3069 942 3116 et
973 3076 1070 3131 per
1109 3073 1284 3113 annos
1315 3056 1532 3111 circiter
1556 3055 1622 3110 67
1666 3051 1897 3106 multum
1922 3048 2067 3103 mul-

453 3157 524 3213 tis
580 3151 982 3210 calamitatibus
1014 3148 1424 3203 laboraverunt.
1492 3144 1774 3199 Wandalis
1805 3148 1926 3214 post
1955 3140 2068 3195 Μο-
2098 3185 2146 3253 C

455 3245 733 3320 digisilum
757 3240 1073 3316 Modigisilii
1088 3237 1233 3293 filius
1254 3235 1597 3292 Gundericus
1617 3235 1864 3307 regnavit
1882 3233 1935 3286 in
1952 3232 2066 3286 His-

456 3337 626 3409 punia
655 3333 815 3390 annis
842 3333 928 3388 16.
960 3330 1390 3402 Wisigotharum
1416 3326 1609 3381 tertius
1632 3324 1879 3398 regnavit
1907 3323 2068 3376 Atha-

457 3425 644 3481 nulfus
670 3424 830 3478 annis
859 3423 891 3477 3
942 3419 1152 3492 [Franci
1183 3434 1338 3488 saepe
1361 3416 1560 3471 Gallias
1591 3415 1951 3480 incessentes,
1984 3411 2070 3467 di-

458 3521 668 3592 ripiunt
700 3518 898 3590 prima,
930 3526 986 3572 et
1014 3514 1260 3571 secunda
1290 3513 1594 3580 irruptione
1637 3509 1943 3566 incendunt
1973 3524 2068 3562 ur-

462 3615 590 3668 bem
627 3611 924 3676 Treverim,
968 3625 1130 3682 quam
1180 3607 1426 3663 condidit
1463 3606 1687 3670 Treber,
1747 3603 1896 3658 filius
1948 3599 2070 3655 Nini

467 3704 800 3759 Assiriorum
832 3702 998 3776 regis,
1032 3699 1295 3773 profugus
1333 3715 1364 3752 a
1385 3697 1520 3752 facie
1549 3711 1800 3752 novercae
1830 3710 1944 3748 suae
1970 3691 2072 3745 Se-

468 3792 906 3858 miramidis,eta
931 3804 1031 3846 suo
1045 3788 1268 3845 nomine
1293 3786 1569 3842 Treberim
1595 3781 2029 3841 denominavit”
2055 3777 2070 3848 ]

571 3883 696 3938 414.
779 3881 838 3935 R.
886 3881 938 3933 4.
1019 3879 1075 3934 Ρ.
1133 3879 1186 3934 6.
1265 3878 1321 3931 F.
1374 3877 1466 3931 29.
1544 3876 1601 3928 Β.
1658 3876 1706 3929 1.
1785 3872 1870 3928 W.
1913 3872 1965 3925 1.

903 3969 983 4024 W.
1035 3971 1078 4024 1.
1159 3967 1218 4022 0.
1267 3967 1357 4020 24.
1437 3965 1498 4019 ll.
1543 3965 1625 4018 34.

536 4063 621 4133 (Η.
652 4078 710 4116 m
737 4062 753 4131 )
808 4057 1133 4115 Athanulfus
1163 4057 1387 4111 Romam
1416 4053 1597 4118 redit;
1628 4050 1776 4121 quod
1804 4047 2074 4119 reliquum

465 4163 584 4212 erat
611 4155 856 4219 abradit;
897 4154 1042 4208 inter
1068 4159 1296 4208 cazteros
1326 4148 1623 4204 Placidiam
1657 4157 2072 4215 quoque,soro-

466 4261 583 4303 rem
607 4244 832 4302 Honorii
858 4242 1227 4314 imperatoris,
1259 4239 1531 4311 captivam
1562 4235 1810 4303 abducit,
1842 4248 2074 4304 eamque

465 4340 572 4397 sibi
601 4355 825 4397 uxorem
857 4338 1029 4393 ducit.
1061 4336 1178 4408 (Ib)
1214 4331 1485 4390 Honorius
1516 4332 1834 4400 imperator,
1867 4327 1997 4398 quia
2018 4326 2072 4380 in

466 4435 576 4489 Deo
597 4430 840 4505 speravit
861 4429 1058 4486 affectu
1084 4427 1308 4500 optimae
1340 4421 1648 4498 religionis,
1681 4420 2069 4475 liberaviteum

465 4527 609 4582 Deus
636 4541 667 4580 a
693 4525 878 4581 multis
905 4523 960 4577 in
991 4539 1050 4577 se
1080 4520 1329 4590 undique
1360 4512 1776 4589 insurgentibus
1802 4511 2068 4583 tyrannis.

464 4619 667 4689 (Jono.)
699 4616 982 4690 Siquidem
1011 4614 1065 4668 in
1099 4610 1392 4666 Britanniis
1433 4607 1738 4673 Gratianus,
1790 4607 1846 4660 in
1887 4605 2074 4660 Galliis

467 4707 852 4764 Constantinus
903 4711 957 4759 et
1000 4703 1264 4758 Constans
1313 4698 1459 4754 ﬁlius
1522 4698 1644 4765 ejus
1695 4712 1758 4751 ex
1801 4697 2072 4752 monacho

465 4817 638 4857 caesar
675 4799 867 4866 factus,
913 4799 1045 4851 item
1074 4801 1196 4866 post
1234 4807 1331 4847 eos
1363 4791 1419 4846 in
1473 4790 1640 4845 Gallis
1689 4789 1980 4845 Gerontius
2017 4796 2074 4843 et

464 4893 750 4960 Maximus,
804 4888 1075 4945 Salustius
1121 4885 1372 4952 Jovinus,
1426 4883 1820 4950 Sebastianus;
1879 4881 2066 4951 (ΙυΑε.)

464 4986 521 5040 in
568 4985 744 5040 Africa
790 4979 1136 5045 Eraclianus;
1197 4978 1381 5032 Romae
1446 4975 1720 5032 Tertullus
1755 4983 1810 5031 et
1862 4975 2072 5030 Attalus

2161 770 2316 826 runt;
2351 761 2456 826 hic,
2493 760 2737 831 inquam,
2775 776 2885 815 non
2931 761 3040 831 jam
3070 759 3306 826 ludicro,
3363 760 3461 814 sed
3490 759 3640 814 serio
3675 760 3776 812 im-

2164 870 2354 925 perare
2386 851 2676 907 aﬁ‘ectans:
2719 853 2772 907 hi
2804 869 3020 919 omnes,
3051 859 3110 907 ut
3151 853 3527 924 tyrrannidem
3556 852 3772 906 invase-

2162 954 2309 1015 runt,
2338 948 2572 1002 diversis
2601 948 2756 1014 locis,
2786 947 3022 1002 diversis
3049 947 3411 1018 temporibus,
3442 962 3473 1000 a
3505 947 3772 1002 militibus

2163 1039 2383 1096 Honorii
2408 1039 2551 1110 capti
2590 1047 2683 1094 aut
2712 1039 2937 1094 extincti
2966 1039 3272 1108 perierunt.

2325 1132 2448 1188 415.
2523 1131 2576 1186 5.
2653 1132 2705 1186 7.
2784 1129 2873 1185 30.
2948 1130 3002 1183 2.
3078 1130 3131 1184 2.
3208 1131 3262 1185 2.
3339 1129 3429 1183 25.
3508 1128 3600 1184 35.

2233 1227 2471 1292 (Causae
2500 1224 2515 1294 )
2547 1222 2811 1277 Maximus
2853 1221 3176 1276 Turinensis
3227 1219 3522 1291 episcopus
3577 1219 3768 1282 claret,

2156 1321 2250 1391 qui
2284 1320 2337 1374 in
2360 1318 2581 1373 omeliis
2601 1315 3002 1388 componendis
3019 1320 3072 1369 et
3100 1316 3155 1370 in
3179 1315 3428 1370 aecclesia
3455 1314 3773 1369 declaman-

2158 1413 2243 1466 dis
2271 1411 2480 1466 studuit
2509 1409 2809 1480 eleganter.
2868 1406 3139 1477 Hispaniae
3179 1405 3566 1460 Wandalorum
3603 1403 3768 1469 ferro,

2159 1500 2324 1566 fame,
2355 1497 2688 1569 pestilentia,
2712 1495 2984 1550 morsibus
3013 1494 3309 1549 bestiarum
3341 1493 3580 1568 graviter
3611 1492 3769 1546 labo-

2163 1598 2302 1644 rant.
2365 1587 2557 1659 (Ima)
2592 1585 2840 1641 Valentia
2894 1585 3186 1639 Galliarum
3253 1583 3444 1638 civitas
3501 1599 3532 1636 a
3585 1582 3772 1637 Gothis

2163 1688 2323 1752 capta
2367 1690 2469 1735 est.
2531 1679 2766 1750 (Paosr)
2832 1676 3326 1731 Predestinatorum
3387 1675 3597 1730 heresis
3673 1675 3772 1728 hoc

2164 1778 2411 1842 tempore
2440 1769 2606 1840 cmpit
2633 1784 2856 1839 serpere
2879 1786 2892 1833 ;
2914 1768 3006 1838 qui
3035 1766 3158 1821 ideo
3175 1765 3542 1820 Predestinati
3571 1779 3773 1819 vocan-

2169 1866 2271 1923 tur,
2313 1858 2443 1931 quia
2469 1858 2537 1911 de
2580 1856 3051 1928 predestinatione
3086 1863 3140 1909 et
3169 1855 3355 1908 divina
3383 1855 3558 1928 gratia
3583 1853 3772 1923 dispu-

2094 1960 2096 1962 ’
2163 1958 2341 2006 tantes
2382 1949 2725 2016 asserebant,
2783 1949 2930 2020 quod
2967 1964 3071 2003 nec
3111 1948 3199 2018 pie
3244 1946 3556 2002 viventibus
3605 1946 3774 2016 prosit

2167 2040 2435 2096 bonorum
2483 2055 2712 2110 operum
2747 2039 2918 2098 labor,
2952 2038 2996 2092 si
3052 2055 3083 2092 a
3113 2037 3222 2092 Deo
3271 2036 3338 2090 ad
3371 2045 3602 2090 mortem
3653 2051 3773 2106 pre-

2167 2129 2423 2184 destinati
2453 2127 2653 2182 fuerint
2678 2146 2692 2193 ;
2725 2144 2827 2181 nec
2851 2125 3036 2198 impiis
3062 2126 3224 2194 obsit,
3254 2125 3401 2197 quod
3433 2125 3685 2197 improbe
3701 2126 3776 2178 vi-

2165 2225 2312 2284 vant,
2342 2217 2386 2272 si
2437 2234 2468 2271 a
2506 2217 2615 2272 Deo
2656 2215 2861 2270 fuerint
2892 2215 3249 2286 predestinati
3295 2215 3362 2269 ad
3414 2215 3601 2270 vitam.
3653 2215 3774 2278 Qua?

2163 2310 2396 2364 assertio
2426 2317 2480 2364 et
2511 2308 2688 2363 bonos
2739 2325 2768 2362 a
2821 2306 2986 2362 bonis
3041 2307 3328 2373 avocabat,
3377 2313 3432 2361 et
3482 2307 3659 2363 malos
3710 2308 3772 2360 ad

2166 2404 2306 2458 mala
2337 2403 2688 2474 provocabat.
2735 2402 2852 2472 (1b.)
2887 2402 3009 2456 Haec
3055 2401 3266 2456 heresis
3295 2417 3359 2455 ex
3409 2399 3566 2454 libris
3594 2401 3774 2474 Augu-

2165 2491 2293 2546 stini
2323 2492 2466 2545 male
2488 2489 2782 2545 intellectis
2810 2490 3026 2544 initium
3055 2489 3356 2560 sumpsisse
3387 2489 3609 2544 dicitur.

2332 2581 2455 2637 416.
2532 2583 2586 2636 6.
2663 2581 2718 2637 8.
2794 2582 2855 2635 31
2960 2580 3010 2635 3.
3089 2579 3140 2636 3.
3220 2580 3271 2634 3.
3349 2580 3438 2634 26.
3518 2578 3610 2635 36.

2239 2678 2316 2746 (Η.
2344 2677 2444 2746 m.)
2475 2675 2742 2731 Honorius
2773 2674 3072 2744 imperator
3109 2672 3306 2743 scpitis
3353 2672 3409 2725 in
3457 2671 3636 2727 Africa
3686 2673 3775 2725 he-

2169 2769 2372 2835 reticis,
2405 2784 2594 2839 pacem
2631 2765 2811 2821 reddit
2837 2764 3125 2820 aacclesiis.
3155 2765 3447 2835 Perempto
3473 2780 3503 2818 a
3524 2765 3641 2819 suis
3669 2766 3776 2818 Ata-

2171 2859 2321 2916 nulfo
2361 2859 2795 2934 Wisigotharum
2865 2873 3015 2928 rege,
3073 2855 3352 2930 Sigericus
3399 2862 3592 2929 regnat
3641 2872 3774 2909 anno

2171 2971 2301 3010 uno.
2347 2953 2540 3025 (Cass)
2605 2953 2815 3008 Judeus
2873 2951 3098 3022 quidam
3155 2966 3276 3004 cum
3335 2959 3570 3021 questus
3623 2967 3774 3006 causa

2171 3058 2321 3113 saepe
2390 3042 2445 3096 in
2494 3040 2680 3095 multis
2725 3040 3089 3095 hereticorum
3157 3038 3427 3093 aecclesiis
3473 3038 3777 3109 baptizatus

2171 3136 2386 3203 fuisset,
2446 3135 2596 3190 venit
2635 3134 2800 3188 etiam
2850 3133 2919 3188 ad
2977 3132 3280 3188 aecclcsiam
3328 3132 3775 3193 orthodoxorum.

2168 3227 2270 3282 sub
2301 3227 2494 3281 eadem
2520 3225 2826 3280 intentione
2859 3224 3244 3296 baptizandus.
3274 3223 3485 3278 Etcum
3516 3224 3773 3294 baptizari

2170 3316 2424 3384 deberet,
2491 3331 2631 3386 aqua
2687 3313 2852 3370 fontis
2898 3313 3082 3368 subito
3129 3312 3428 3384 disparuit;
3475 3319 3532 3368 et
3589 3313 3776 3367 iterum

2172 3418 2336 3482 atque
2368 3410 2565 3464 iterum
2597 3427 2740 3481 aqua
2772 3409 3086 3480 disparens,
3128 3406 3385 3463 virtutem
3409 3407 3506 3462 Dei
3536 3413 3589 3462 et
3630 3407 3778 3462 Judei

2175 3498 2467 3595 perfidiam
2494 3498 2752 3554 ostendit.

2343 3594 2468 3649 417.
2545 3594 2577 3646 7
2677 3592 2711 3647 9
2807 3592 2896 3646 32.
2973 3591 3027 3646 4.
3104 3591 3156 3644 4.
3235 3591 3290 3645 4.
3364 3589 3455 3646 27.
3533 3589 3622 3645 37.

2249 3688 2338 3755 (II.
2376 3692 2511 3741 Pont
2537 3685 2549 3756 )
2579 3685 2824 3741 Zosimus
2854 3684 3113 3739 Romanae
3143 3682 3409 3737 accclesize
3458 3683 3587 3736 3908
3619 3681 3786 3754 presi-

2177 3782 2270 3836 det
2296 3781 2358 3838 ’3.
2381 3781 2475 3836 Hic
2507 3780 2976 3835 decrevitcereum
2991 3777 3218 3834 sabbato
3240 3783 3427 3832 sancto
3449 3778 3666 3848 paschae
3696 3794 3787 3850 per

2176 3871 2454 3927 (ecclesias
2483 3869 2760 3926 benedici.
2784 3871 2955 3940 (lsm)
2986 3869 3323 3940 Peremptoa
3351 3867 3676 3941 Wisigothis
3706 3866 3786 3919 Si-

2176 3964 2382 4036 gerico,
2416 3970 2610 4038 regnat
2643 3963 2837 4017 Wallia
2866 3963 3025 4016 annis
3044 3963 3115 4015 22
3147 3961 3314 4031 (156).
3347 3960 3579 4031 (Marum
3605 3962 3626 4028 )
3658 3960 3783 4024 Qui-

2177 4055 2301 4110 dam
2333 4054 2704 4111 occidentales
2729 4054 2920 4110 ultimo
2945 4069 3090 4109 anno
3118 4053 3255 4124 cycli
3285 4052 3783 4108 decennovennalis

2178 4163 2276 4218 pro
2318 4148 2645 4204 embolismo
2668 4162 3017 4203 communem
3053 4163 3255 4201 annum
3294 4153 3567 4212 tenentes,
3597 4161 3660 4200 ac
3693 4161 3782 4215 per

2178 4242 2283 4297 hoc
2312 4243 2370 4296 in
2418 4242 2625 4314 pascha
2655 4240 2990 4296 celebrando
3022 4240 3364 4305 aberrantes,
3398 4240 3586 4294 divino
3623 4239 3779 4294 mira—

2177 4336 2300 4391 culo
2355 4337 2422 4390 ad
2477 4337 2763 4391 veritatem
2797 4343 3138 4391 revocantur.
3176 4335 3235 4389 In
3285 4351 3394 4389 una
3441 4335 3587 4389 enim
3623 4334 3781 4388 [taliae

2175 4425 2442 4493 aecclesia,
2497 4425 2591 4479 ubi
2665 4425 2945 4479 annuatim
3023 4422 3253 4478 sabbato
3311 4430 3500 4478 sancto
3547 4423 3778 4495 paschae,

2177 4517 2306 4573 hora
2337 4517 2677 4588 baptizandi,
2709 4517 2922 4571 solebat
2974 4532 3116 4586 aqua
3146 4514 3412 4570 divinitus
3458 4531 3679 4570 manare
3733 4521 3782 4567 et

2173 4606 2354 4660 statim
2386 4622 2451 4660 ex
2476 4621 2595 4660 sese
2625 4604 2827 4672 redire,
2860 4605 3012 4660 nullo
3045 4603 3373 4659 deductorio
3429 4603 3650 4675 penitus
3681 4621 3777 4674 ap-

2174 4708 2431 4770 parente;
2465 4715 2612 4754 nunc
2642 4700 2941 4769 temperius
2964 4699 3134 4768 justo,
3188 4699 3240 4752 id
3273 4705 3355 4754 est
3385 4700 3418 4753 8
3449 4698 3564 4755 Kal.
3593 4699 3777 4769 April.,

2175 4791 2379 4862 pascha
2427 4791 2789 4857 celebrantes,
2858 4807 3000 4862 aqua
3064 4806 3174 4846 non
3221 4806 3486 4846 emanans
3531 4799 3779 4861 expecta-

2175 4884 2326 4940 tione
2356 4885 2524 4940 totius
2555 4884 2667 4939 diei
2707 4900 2769 4939 ac
2828 4885 3006 4940 noctis
3037 4883 3266 4950 fefellit;
3327 4884 3574 4957 legitima
3604 4890 3778 4939 autem

2171 4976 2261 5032 die
2291 4977 2507 5049 pascth
2559 4977 2694 5033 hora
2737 4975 3055 5048 baptizandi
3113 4992 3254 5048 aqua
3288 4976 3449 5032 solito
3503 4990 3778 5040 emanans,

1792 5074 2016 5129 VARUE
2056 5075 2439 5132 LECTIONES.

532 5183 579 5218 ¹⁰
597 5181 760 5253 Sijeb.
785 5177 1290 5253 sm'ipserthlCLG‘l
1320 5177 1363 5232 ll
1385 5195 1398 5242 ;
1424 5177 1512 5253 sed
1537 5175 1608 5253 L._
1617 5179 1741 5245 jam
1768 5187 1987 5229 erasum
2010 5173 2338 5253 est._lC}(llll
2370 5172 2639 5253 habet‘F3.
2666 5188 2822 5253 anno
2848 5173 2915 5253 M_.
2954 5171 3010 5227 0.
3042 5170 3688 5253 quadragesimoquarto
3714 5173 3776 5253 A;

457 5243 859 5327 reliqui'omncs
891 5243 1156 5327 ἰοωςιιμ.
1236 5250 1277 5327 9f
1311 5243 1642 5327 conditionis
1691 5275 1761 5327 —-_
1800 5251 2028 5327 possent
2062 5245 2233 5326 Sigea.
2259 5249 2323 5327 in
2357 5246 2605 5327 margine
2655 5247 2903 5327 inferiori
2938 5243 3083 5299 curis
3099 5243 3358 5327 secundis
3389 5244 3558 5327 (addit.
3636 5243 3681 5276 ²²
3710 5246 3778 5322 ita

459 5331 520 5382 in
546 5315 769 5380 fassura
800 5325 879 5386 1γ.
930 5323 1044 5378 rell.
1081 5321 1266 5378 Franci
1307 5336 1352 5375 s.
1387 5319 1444 5373 G.
1482 5320 1830 5373 incursantes
1860 5315 1914 5369 d.
1947 5332 1999 5386 p.
2029 5332 2080 5370 e.
2111 5333 2154 5370 s.
2187 5316 2221 5370 i.
2258 5316 2292 5370 i.
2333 5332 2386 5370 u.
2425 5315 2482 5370 T.

2516 5331 2638 5386 quae
2665 5316 2748 5398 sic
2775 5316 2919 5398 dicta
2950 5321 3032 5369 est
3065 5315 3132 5368 ab
3159 5315 3642 5398 auctorel'l‘rebeta
3668 5314 3775 5398 pri—

460 5397 627 5469 vigno
645 5385 974 5469 _Semiramis
1001 5394 1185 5450 uxoris
1215 5392 1372 5469 Nini;
1405 5407 1436 5446 a
1460 5405 1570 5462 qua
1570 5395 1713 5469 post
1738 5385 2022 5468 decessum
2056 5387 2178 5469 Nini
2215 5403 2387 5469 regno
2411 5385 2604 5469 pulsus
2625 5404 2639 5452 ;
2665 5387 2806 5469 hanc
2831 5387 3022 5441 urbem
3050 5401 3219 5455 super
3246 5385 3525 5439 Mosellam
3558 5385 3775 5440 ﬂuvium

459 5458 726 5534 co'ndidit,
761 5481 964 5522 vocans
1003 5482 1123 5521 eam
1175 5464 1399 5522 nomine
1439 5458 1540 5518 suo
1569 5458 1848 5515 Treberim
1901 5475 2045 5514 unus
2074 5460 2155 5525 A;
2206 5458 2317 5514 haec
2359 5461 2527 5528 igitur
2568 5459 2868 5528 Sigebertus
2908 5460 3082 5528 primo
3126 5460 3430 5526 scripserat.
3484 5461 3564 5512 ita
3621 5459 3671 5511 1.
3725 5459 3776 5509 in

2016 5599 2228 5658 ΝΟΤᾸΞ.

458 5553 703 5607 rassura,
734 5539 850 5595 rell.

529 5708 674 5779 (153)
717 5709 825 5766 Hoc
852 5708 1056 5764 factum
1089 5709 1142 5764 d.
1175 5708 1266 5763 29.
1303 5706 1454 5761 Mart.
1489 5705 1612 5759 403.

526 5781 668 5849 (151)
710 5784 862 5836 Anno
889 5781 1011 5834 408.

527 5853 673 5918 (155)
717 5871 765 5908 Ix
799 5854 911 5907 Kal.
949 5852 1076 5922 Sep.
1110 5851 1233 5906 410.

527 5913 668 5996 (Ιὸϐ)
711 5926 823 5980 Non
866 5913 1104 5988 constat,
1138 5921 1284 5975 unde
1327 5920 1424 5974 hos
1469 5917 1675 5973 Wallize
1705 5920 1758 5971 et
1815 5913 1954 5970 infra
2009 5931 2056 5968 τι.

2161 5702 2266 5758 439
2311 5701 2634 5757 Theoderici
2681 5716 2858 5755 annos
2925 5699 3169 5754 hauserit
3235 5698 3585 5773 Sigebertus,
3613 5770 3624 5773 _
3657 5715 3775 5753 cum

2163 5774 2368 5828 ldalius
2414 5773 2619 5827 Wallia;
2666 5773 2701 5825 2
2758 5778 2966 5825 tantum
3007 5785 3183 5826 annos
3224 5770 3486 5840 ascribat,
3519 5770 3766 5827 Isidorus

2165 5853 2293 5901 tres.
2328 5845 2429 5899 Pro
2460 5851 2649 5900 nostro
2679 5842 2935 5898 Jordanis
2971 5857 3018 5897 c.
3055 5842 3146 5899 32.
