3894 6220
173 283 237 339 77
1663 287 2013 342 CHRONICA.
3421 296 3487 351 78

176 407 237 463 10
289 407 401 462 Kal.
473 405 598 460 Maii
661 406 865 476 pascha
923 407 1130 463 debere
1178 408 1446 464 celebrari
1513 411 1773 466 ostendit.
1802 411 1936 483 Ain
1955 410 2097 465 villis
2125 411 2428 467 Germania
2455 413 3487 492 Salehaim.Bodobaim,Windohaim,

174 499 374 567 (BI-20A.)
409 499 647 566 Corpora
677 506 994 554 sanctorum
1046 501 1314 571 Stephani
1379 504 1776 573 prothomarti-

175 594 261 658 ris,
293 593 600 658 Nicodemi,
625 593 942 649 Gamalielis
991 603 1047 649 et
1102 595 1319 651 Abibon
1386 597 1622 653 Luciano
1655 615 1782 669 pre-

171 687 361 741 sbitero
389 687 633 742 revelata
670 695 819 742 sunt.
856 689 917 742 Et
939 703 1142 759 corpus
1171 690 1396 761 quidem
1438 693 1787 762 prothomar-

175 778 284 833 tiris
312 780 576 850 Stephani
616 779 898 835 Iohannes
945 780 1245 852 episcOpus
1295 800 1326 837 a
1357 783 1783 854 Caphargamala

175 868 496 924 Hierusalem
531 871 833 935 transtulit,
866 870 1017 941 quod
1050 879 1174 939 post
1194 871 1402 943 aliquot
1443 888 1618 927 annos
1654 874 1782 928 inde

177 957 402 1013 levatum
451 969 536 1014 est
567 975 597 1013 a
617 959 835 1014 Juliana
863 967 1135 1026 matrona,
1156 977 1280 1032 qua
1312 978 1515 1033 corpus
1544 964 1780 1018 Alexan-

177 1052 250 1104 dri
301 1051 399 1105 viri
465 1052 552 1107 sui
596 1051 800 1123 sepulti
859 1053 1014 1121 juxta
1080 1068 1279 1124 corpus
1346 1056 1784 1126 prothomartiris

175 1137 343 1195 levare
364 1141 582 1206 volens,
605 1157 703 1212 pro
735 1157 967 1213 corpore
995 1143 1096 1197 viri
1136 1144 1220 1197 sui
1281 1160 1480 1214 corpus
1540 1148 1774 1216 protho-

173 1232 396 1286 martiris
427 1234 651 1298 levavit,
685 1241 738 1288 et
768 1234 936 1288 multa
978 1234 1368 1291 miraculorum
1407 1236 1584 1311 gloria
1651 1241 1778 1297 illu-

175 1330 384 1378 stratum
417 1324 954 1397 Constantinopolim
987 1329 1208 1386 detulit.

176 1417 288 1472 418.
365 1417 425 1470 R.
468 1417 522 1470 8.
605 1417 786 1473 P.10.
864 1419 918 1476 F.
968 1421 1056 1477 33.
1135 1423 1259 1477 8.5
1356 1423 1438 1478 W.
1473 1424 1524 1480 5.
1605 1425 1773 1480 W.1.

752 1509 810 1565 0.
855 1510 943 1563 28.
1027 1511 1086 1564 H.
1119 1512 1205 1566 38.

245 1599 520 1672 (GBNNAD.)
571 1601 794 1658 Orosius
874 1601 1150 1672 presbiter
1223 1604 1444 1658 rediens
1501 1620 1532 1658 a
1588 1605 1777 1661 Hiero-

182 1693 341 1754 nimo.
385 1695 453 1750 ad
486 1713 658 1767 quem
725 1697 925 1752 missus
971 1697 1148 1753 fuerat
1206 1699 1274 1753 ab
1331 1700 1634 1773 Augustino
1683 1718 1779 1772 pro
1809 1736 1861 1803 B

183 1785 433 1840 discenda
464 1789 762 1858 questione
803 1789 872 1844 de
917 1789 1135 1862 origine
1189 1791 1386 1847 anima
1415 1793 1627 1860 (Βεω.)
1657 1793 1783 1848 reli-

183 1875 327 1944 quias
351 1877 797 1945 prothomartiris
844 1879 1111 1949 Stephani
1173 1879 1240 1933 ad
1295 1879 1532 1934 Africam
1593 1881 1790 1938 detulit

186 1982 299 2021 cum
337 1968 566 2024 historia
599 1970 939 2026 inventionis
969 1972 1108 2041 ejus,
1142 1990 1304 2044 quam
1336 1976 1510 2046 gratia
1553 1976 1791 2032 miracu-

187 2054 347 2110 lorum
376 2066 757 2131 prosequente
813 2061 1019 2132 ubique
1074 2063 1220 2117 Deus
1276 2062 1603 2119 mirificavit.
1639 2064 1790 2120 Unde

189 2145 331 2215 plura
393 2149 756 2222 Augustinus,
806 2151 977 2206 multo
1055 2152 1210 2222 plura
1257 2152 1478 2223 scripsit
1535 2153 1788 2209 Evodius.

189 2245 260 2294 (Η.
295 2244 389 2309 m.)
422 2242 724 2309 Honorius,
790 2251 947 2315 pacto
982 2245 1189 2301 foedere
1233 2263 1358 2301 cum
1391 2246 1794 2319 Gothis,Aqui-

192 2330 376 2386 taniam
407 2333 640 2388 tradidit
671 2333 770 2388 eis.
831 2333 1024 2388 Wallia
1073 2334 1368 2389 Placidiam
1425 2335 1493 2390 ab
1542 2336 1793 2392 Atanulfo

193 2431 386 2490 captam
452 2422 642 2476 reddit
701 2422 942 2478 Honorio
995 2421 1145 2478 fratri
1193 2423 1512 2478 :Honorius
1550 2441 1669 2479 eam
1703 2425 1795 2481 dat

193 2525 398 2565 uxorein
431 2509 754 2566 Constantio
801 2511 1008 2577 comiti,
1061 2527 1126 2565 ex
1178 2527 1288 2583 quo
1337 2512 1572 2568 Placidia
1599 2514 1794 2568 Valen-

196 2597 443 2652 tinianum
472 2599 696 2672 genuit,
728 2599 822 2670 qui
855 2606 975 2669 post
1003 2600 1298 2655 Honorium
1324 2600 1595 2672 regnavit.

320 2688 441 2745 419.
538 2689 595 2742 9.
681 2689 764 2744 11.
841 2689 926 2744 34.
1004 2690 1057 2743 6.
1135 2689 1186 2744 6.
1263 2690 1319 2744 2.
1394 2690 1484 2745 29.
1561 2691 1652 2744 39.

259 2781 328 2846 (G.
352 2797 397 2835 r.
431 2781 805 2850 F.)Sunnone
835 2790 890 2836 et
919 2780 1244 2836 Marcomiro
1304 2781 1634 2837 Francorum
1699 2783 1802 2838 du-

198 2866 339 2922 cibus
366 2868 672 2937 defunctis,
704 2869 895 2925 Franci
949 2871 1004 2924 in
1064 2885 1363 2926 commune
1392 2871 1724 2938 deliberant,
1749 2880 1805 2926 ut

201 2963 380 3033 etipsi,
411 2964 554 3020 sicut
583 2965 709 3019 alia
735 2972 954 3038 gentes,
1002 2981 1173 3019 unum
1224 2981 1409 3037 regem
1440 2966 1681 3021 habeant
1715 2973 1806 3032 ;ct

201 3053 357 3110 filium
409 3057 722 3114 Marcomiri
761 3059 919 3114 ducis
984 3060 1425 3117 Pharamundum
1459 3061 1562 3117 sibi
1619 3077 1804 3135 regem
1835 3055 2118 3171 CChristo
2145 3057 2548 3111 marlirizantur
2574 3057 2642 3115 ’⁸.

204 3145 435 3171 Α-Ᾱε--..ι
495 3147 588 3171 ---2
635 3148 879 3171 ..Α-..-κει
911 3149 1066 3171 -__.!_
1096 3153 1111 3171 ι
1134 3157 1146 3171 ι
2019 3145 2114 3171 tot!
2211 3144 2246 3171 Θ
2351 3145 2408 3171 ιο
2510 3145 2538 3171 ’⁵⁷

202 3145 459 3214 ordinant,
490 3147 589 3219 qui
635 3148 884 3220 regnavit
909 3149 1070 3204 annis
1094 3153 1179 3204 11.

328 3238 428 3294 420
527 3239 619 3296 10.
705 3240 787 3294 12.
866 3241 914 3296 1.
990 3241 1042 3293 7.
1136 3243 1193 3297 7.
1268 3243 1325 3296 3.
1399 3243 1488 3300 30.
1565 3243 1653 3300 40.

265 3327 520 3397 (G.pont.)
582 3326 915 3382 Bonefacius
964 3328 1093 3382 40us
1140 3330 1184 3363 ²⁴
1243 3330 1498 3384 Romana
1538 3331 1800 3386 acclesia

203 3417 444 3484 presidet.
479 3418 685 3474 Contra
709 3419 854 3474 hunc
909 3419 1261 3476 Bonefacium
1293 3421 1547 3476 ordinato
1571 3421 1801 3489 Eulalio,

205 3515 254 3561 et
288 3524 378 3577 pro
409 3509 514 3565 hoc
541 3509 854 3565 dissidente
885 3509 1156 3576 acclesia,
1184 3509 1350 3566 ambo
1375 3511 1538 3578 jussu
1580 3511 1801 3566 Honorii

206 3601 401 3673 augusti
433 3600 583 3656 Urbe
617 3601 977 3675 egrediuntur
1009 3618 1021 3654 :
1051 3607 1105 3655 et
1131 3601 1208 3655 sic
1238 3601 1532 3672 reprobato
1573 3601 1803 3667 Eulalio,

201 3687 340 3754 jussu
369 3692 590 3764 augusti
624 3689 971 3756 Bonefacius,
1026 3691 1154 3762 quia
1191 3691 1340 3762 prior
1369 3692 1653 3747 ordinatus
1682 3691 1808 3748 fue-

208 3785 297 3842 rat,
323 3779 438 3834 sedi
469 3779 797 3850 apostolica
852 3779 1158 3834 restituitur
1206 3781 1373 3849 (157).
1423 3779 1518 3834 Hic
1539 3781 1803 3846 decrevit,

209 3876 259 3922 ut
282 3869 426 3925 nulla
464 3871 673 3926 mulier
697 3877 790 3925 aut
837 3871 1106 3926 monacha
1149 3872 1348 3942 pallam
1376 3880 1640 3929 sacratam
1669 3874 1807 3928 alta-

211 3959 278 4012 ris
303 3962 654 4035 contingeret
683 3967 777 4015 aut
806 3961 1031 4028 lavaret,
1075 3969 1168 4017 aut
1213 3962 1500 4018 incensum
1529 3973 1760 4035 poneret
1793 3982 1807 4028 ;

212 4058 258 4105 et
281 4059 542 4109 utservus
602 4052 688 4108 vel
740 4052 1016 4109 obnoxius
1053 4055 1221 4110 curia
1269 4064 1364 4111 aut
1393 4056 1692 4125 cujuslibet
1733 4057 1808 4112 rei

214 4160 312 4201 non
339 4144 428 4202 fiat
456 4146 720 4202 clericus.

338 4237 458 4292 421.
541 4239 632 4292 11.
715 4237 800 4292 13.
875 4238 910 4290 2
1006 4238 1041 4291 8
1152 4239 1206 4294 8.
1281 4239 1334 4293 4.
1413 4240 1502 4294 31.
1579 4239 1666 4296 41.

279 4326 405 4396 (Vita
432 4333 482 4384 S.
517 4328 691 4399 Hier.)
754 4328 1100 4384 Hieronimus
1166 4345 1264 4402 per
1303 4331 1374 4386 56
1422 4346 1597 4386 annos
1661 4330 1815 4388 libris

214 4418 318 4473 suis
334 4419 626 4484 confectis,
659 4418 732 4474 ita
763 4433 992 4489 corpore
1033 4436 1144 4490 pra
1164 4419 1445 4476 laboribus
1485 4421 1724 4488 defecto,
1757 4430 1816 4478 ut

1884 502 1942 555 Hi
1969 510 2227 574 quattuor
2254 521 2509 575 proceres
2540 523 2638 576 per
2667 515 2776 562 tres
2806 509 3002 564 mallos
3058 527 3348 567 causarum
3377 512 3491 567 01i-

1881 591 2040 663 gincs
2066 594 2462 648 convenientes
2521 595 2756 650 sollicite
2815 604 3132 665 tractantes,
3163 599 3231 654 de
3256 599 3490 674 singulis

1882 681 2252 747 discutiendo,
2289 683 2432 738 sicut
2471 685 2555 738 lex
2606 684 2780 740 Salica
2802 685 3066 752 declarat,
3092 687 3340 754 judicare
3388 689 3493 744 de-

1884 779 2175 825 creverunt
2221 773 2410 839 (lu.\c.)
2466 773 2738 838 Waudali,
2778 775 2952 841 Alani,
3011 775 3195 841 Suevi,
3239 777 3493 849 regiones

1887 859 2267 929 Hispaniarum
2301 861 2366 913 ad
2403 860 2758 916 habitandum
2788 862 2932 916 inter
2971 878 3029 917 se
3060 861 3321 918 trifariam
3349 880 3495 920 com-

1885 948 2068 1018 partiti
2101 955 2154 1003 et
2184 949 2239 1002 in
2267 949 2443 1004 tribus
2469 951 2653 1023 regnis
2682 951 2866 1019 divisi,
2899 951 3238 1008 colliduntur
3263 953 3408 1008 inter
3434 969 3494 1008 se

1887 1039 2148 1096 intestino
2179 1041 2324 1098 bello

1991 1135 2113 1191 423.
2196 1135 2278 1192 13.
2361 1139 2444 1193 15.
2524 1140 2575 1193 4.
2657 1140 2742 1194 10.
2824 1139 2914 1194 10.
2996 1139 3052 1195 6.
3128 1138 3215 1196 33.
3294 1141 3384 1195 43.

1955 1227 2171 1298 (Pnosr.
2203 1260 2272 1269 —
2297 1234 2358 1283 Η.
2382 1247 2437 1284 m
2466 1231 2478 1298 )
2539 1230 2810 1286 Honorius
2855 1231 3255 1299 Constantium,
3317 1233 3494 1287 virum

1883 1315 2088 1370 sororis
2116 1332 2229 1371 sua
2260 1317 2534 1384 Placidia,
2595 1317 2648 1372 in
2700 1318 2988 1388 imperium
3020 1319 3228 1384 ascisit,
3271 1319 3366 1390 qui
3399 1334 3496 1374 oc-

1884 1414 2006 1461 tavo
2037 1407 2254 1477 imperii
2305 1423 2491 1462 mense
2546 1408 2700 1464 obiit.
2774 1407 3050 1462 Britannis
3087 1407 3494 1476 subjectionem

1882 1494 2126 1551 Romano
2159 1495 2388 1566 imperio
2445 1497 2978 1567 repromittentibus,
3040 1497 3290 1551 subsidia
3330 1497 3497 1552 mittit

1883 1589 2176 1660 Honorius,
2204 1600 2259 1646 et
2280 1591 2533 1662 Hispanis
2583 1592 2974 1648 Wandalorum
3006 1592 3155 1648 bello
3201 1593 3502 1649 laboranti-

1884 1680 1990 1736 bus
2022 1698 2036 1746 ;
2071 1681 2164 1735 sed
2199 1680 2254 1734 id
2287 1679 2488 1735 frustra
2519 1680 2646 1736 fuit.

1995 1772 2119 1827 424.
2203 1774 2286 1837 14,
2371 1773 2452 1828 16.
2528 1774 2580 1827 5.
2665 1775 2750 1828 11.
2846 1775 2932 1828 11.
3008 1774 3060 1827 7.
3135 1773 3223 1831 34.
3301 1775 3393 1829 44.

1962 1869 2204 1940 (Pnosp)
2264 1869 2534 1924 Honorius
2564 1869 2958 1925 tricennalibus
3009 1870 3128 1925 suis
3179 1870 3248 1925 de
3303 1886 3504 1942 pompa

1890 1958 2037 2029 capti
2105 1957 2320 2012 Maximi
2369 1957 2585 2028 tyranni
2666 1957 2939 2013 Ravenna
2995 1959 3288 2014 celebratis
3345 1959 3502 2016 obiit.

1891 2050 2237 2106 Theodosius
2263 2050 2478 2121 utrique
2508 2066 2678 2124 regno
2708 2050 2938 2121 imperat
2989 2053 3150 2106 annis
3201 2053 3254 2107 3.
3299 2051 3508 2120 (Joan.)

1894 2139 2088 2194 Wallia
2121 2156 2213 2195 rex
2268 2139 2696 2212 Wisigotharum
2761 2142 3060 2199 Wandalos
3113 2143 3169 2198 in
3231 2143 3509 2215 Hispaniis

1897 2240 2244 2302 prosecutus,
2266 2231 2528 2288 debellat.

2000 2323 2124 2380 425.
2210 2327 2255 2379 1.
2358 2324 2438 2378 17.
2536 2327 2590 2381 6.
2670 2325 2756 2381 12.
2850 2327 2936 2382 12.
3011 2328 3066 2383 8.
3143 2327 3233 2384 35.
3310 2328 3400 2384 45.

1966 2414 2049 2485 (Η.
2083 2416 2182 2482 1n.)
2206 2413 2490 2468 Johannes
2515 2415 2700 2470 Hunos
2729 2432 2902 2487 regno
2935 2415 3200 2482 immittit,
3225 2423 3280 2470 et
3317 2431 3509 2470 eorum

1895 2508 2096 2563 auxilio
2158 2509 2225 2562 ad
2273 2510 2619 2578 tyrannidem
2689 2511 2944 2565 intendit.
3001 2511 3208 2578 (Joan.)
3259 2509 3510 2563 \Vandali

1895 2599 2270 2655 Mauritaniam
2318 2600 2604 2656 invadunt.
2692 2601 2802 2656 Hoc
2878 2608 3128 2672 tempore
3180 2600 3512 2656 Theonistus

1903 2690 2196 2759 episcopus
2218 2688 2286 2743 ab
2319 2690 2578 2744 hereticis
2624 2689 2816 2761 pulsus
2871 2697 2954 2745 est
2982 2689 3050 2744 ab
3099 2689 3232 2743 urbe
3259 2705 3358 2744 sua
3390 2688 3514 2743 Phi-

1905 2781 2090 2852 lippis,
2121 2797 2242 2836 cum
2294 2781 2583 2852 discipulis
2611 2782 2726 2836 suis
2780 2781 3010 2849 Albano,
3069 2782 3222 2846 Urso,
3280 2781 3514 2836 Thabra-

1907 2874 2053 2938 ham,
2075 2873 2381 2928 Tubraham
2413 2890 2426 2938 ;
2460 2889 2526 2928 ex
2551 2873 2752 2944 quibus
2792 2873 3050 2928 .Albanus
3105 2873 3252 2945 apud
3283 2873 3513 2947 Mogun-

1909 2964 2036 3020 tiam
2055 2964 2264 3032 Gallia,
2297 2965 2493 3036 reliqui
2526 2980 2655 3020 vero
2687 2965 2741 3019 in
2773 2965 3003 3020 diversis
3047 2964 3218 3020 Italia
3243 2965 3380 3021 locis
3414 2979 3514 3036 pro

2012 3145 2134 3200 426.
2211 3144 2264 3199 2.
2351 3145 2431 3199 18.
2510 3145 2561 3200 7.
2664 3145 2749 3201 13.
2855 3145 2940 3202 13.
3018 3145 3070 3202 9.
3149 3147 3239 3204 36.
3317 3146 3405 3204 46.

1975 3235 2054 3305 (G.
2085 3241 2214 3304 pont
2240 3235 2254 3303 )
2277 3233 2580 3289 Celestinus
2639 3233 2896 3289 Romana
2944 3235 3209 3291 acclesia
3236 3236 3364 3290 Mus
3393 3251 3518 3308 prc-

1903 3321 2064 3378 sidet.
2096 3323 2193 3378 Hic
2221 3323 2523 3390 constituit,
2577 3331 2636 3378 ut
2692 3322 2888 3394 psalmi
2946 3324 3115 3379 David
3144 3323 3244 3380 158
3273 3331 3401 3380 ante
3431 3341 3520 3379 sa-

1903 3411 2172 3468 crificium
2235 3421 2567 3468 canerentur
2635 3413 3034 3483 antiphonattm
3111 3429 3176 3468 ex
3234 3412 3516 3480 omnibus,

1904 3504 2052 3575 quod
2081 3509 2206 3558 ante
2263 3519 2374 3560 non
2422 3503 2610 3571 fiebat,
2671 3505 2772 3559 nisi
2827 3513 3035 3561 tantum
3094 3507 3330 3578 epistola
3370 3507 3516 3561 beati

1905 3597 2096 3650 Paulet
2133 3604 2379 3651 sanctum
2437 3597 2784 3668 evangelium
2848 3599 3197 3656 recitabatur.
3279 3599 3354 3654 Ex
3415 3600 3517 3654 hoc

1908 3685 2155 3740 instituto
2185 3685 2425 3755 excerpti
2454 3685 2522 3739 de
2548 3686 2773 3754 psalmis
2803 3686 3084 3754 introitus,
3136 3688 3403 3762 gradalia,
3437 3688 3521 3743 of-

1909 3775 2132 3830 fertoria
2155 3781 2282 3829 ante
2338 3774 2692 3841 sacriﬁcium,
2751 3777 3174 3832 communiones
3200 3778 3344 3832 inter
3371 3793 3524 3833 com-

1908 3866 2299 3922 municandum
2329 3881 2451 3920 cum
2516 3866 2892 3920 modulatione
2940 3869 3008 3921 ad
3060 3868 3280 3922 missam
3335 3868 3389 3921 in
3417 3884 3526 3923 ac-

1911 3955 2076 4010 clesia
2107 3955 2348 4009 Romana
2373 3952 2581 4008 cantari
2605 3962 2890 4024 ceperunt.
2930 3960 3008 4022 (Il.
3054 3971 3110 4009 m
3136 3958 3150 4024 )
3181 3955 3526 4010 Theodosius

1915 4045 2392 4119 perArdaburium
2427 4046 2592 4101 ductu
2647 4045 2829 4118 angeli
2869 4047 3176 4102 Johannem
3232 4054 3524 4119 tyrannum

1917 4138 2200 4210 opprimit.
2232 4138 2416 4193 Roma
2463 4137 2606 4193 inter
2656 4138 2833 4192 Etium
2882 4148 2936 4194 et
2975 4138 3326 4194 Bonefacium
3357 4156 3422 4195 ex
3445 4141 3524 4196 rei

1917 4226 2169 4281 militaris
2207 4226 2380 4301 gloria
2435 4235 2552 4284 orta
2597 4227 2826 4294 invidia,
2898 4227 2976 4282 rei
3029 4227 3528 4302 publicagparturit

1920 4318 2232 4391 dispendia.

2031 4420 2154 4475 427.
2233 4419 2282 4476 3.
2366 4420 2451 4476 19.
2529 4420 2583 4474 8.
2656 4421 2744 4478 14.
2827 4423 2913 4478 14.
3001 4420 3085 4477 10.
3164 4420 3251 4476 37.
3329 4421 3418 4477 47.

217 4509 342 4564 lecto
389 4472 626 4583 surgere
674 4472 928 4581 nequiret
998 4472 1103 4564 nisi
1156 4512 1506 4581 apprehenso
1562 4472 1893 4568 manibusD
1991 4516 2180 4585 (H.m,
2224 4513 2802 4585 Pnosr.)Theodosius
2830 4513 3292 4580 Valentinianum,
3351 4511 3532 4568 Placi-

217 4595 352 4665 fune,
391 4599 482 4670 qui
514 4599 588 4654 ad
646 4598 750 4653 hoc
807 4598 878 4653 de
927 4598 1081 4653 trabe
1139 4598 1440 4669 pendebat,
1501 4599 1641 4655 obiit
1671 4601 1819 4672 apud

217 4687 479 4745 Bethleem
513 4703 668 4744 anno
684 4688 862 4742 atatis
881 4704 995 4743 sua
1015 4687 1084 4743 98
1111 4689 1177 4742 ’5.

346 4781 470 4836 422.
553 4779 624 4836 12
727 4781 808 4834 14.
886 4781 939 4834 3.
1030 4782 1081 4835 9.
1161 4781 1213 4837 9.
1295 4779 1348 4835 5.
1424 4779 1512 4836 32.
1593 4781 1681 4836 42.

286 4876 396 4933 (Lex
417 4877 500 4928 sal
526 4920 544 4942 ,
581 4873 738 4927 Gesta
785 4889 833 4927 ν.
868 4873 974 4943 Fr.)
1026 4872 1214 4928 Franci
1243 4872 1320 4928 uti
1363 4879 1648 4944 caperunt
1681 4873 1821 4947 legi-

221 4963 331 5031 bus,
359 4975 411 5020 et
441 4968 628 5040 legem
662 4965 893 5020 Salicam
919 4965 1265 5020 dictaverunt
1292 4981 1392 5037 per
1420 4973 1658 5036 quatuor
1685 4983 1821 5041 gen-

223 5052 284 5106 tis
310 5071 418 5110 sua
457 5071 726 5126 proceres
758 5054 964 5110 electos
993 5054 1060 5109 de
1095 5053 1368 5125 pluribus,
1404 5054 1487 5109 his
1516 5054 1824 5125 appellatos

225 5145 546 5216 nominibus,
580 5147 835 5219 Usogast,
893 5146 1178 5218 Bosogast,
1231 5145 1496 5219 Salagast,
1531 5144 1822 5219 Widigast,

1922 4602 2026 4658 dia
2051 4603 2228 4658 amita
2266 4616 2380 4655 suae
2411 4615 2476 4654 ex
2525 4600 2843 4655 Constantio
2883 4599 3078 4667 filium,
3140 4601 3530 4672 imperatorem

1922 4695 2070 4759 facit,
2095 4708 2334 4764 eumque
2364 4707 2487 4747 cum
2519 4692 2756 4746 l’lacidia
2794 4699 2967 4747 matre
2997 4693 3220 4748 Romam
3254 4693 3320 4748 ad
3354 4693 3532 4766 impe-

1923 4785 2152 4840 randum
2199 4782 2366 4837 mittit
2411 4801 2426 4847 ;
2484 4789 2541 4836 et
2591 4788 2959 4856 regnaverunt
3006 4783 3170 4838 simul
3223 4784 3386 4838 annis
3441 4785 3531 4841 24.

1924 4873 2188 4945 Carthago
2220 4871 2485 4942 permissa
2525 4877 2606 4925 est
2648 4885 2803 4924 muro
2857 4869 3212 4926 circumdari.
3248 4871 3537 4928 Cassianus

1924 4964 1992 5018 de
2023 4963 2274 5019 acclesia
2334 4962 2934 5034 Constantinopolitana
2993 4980 3024 5019 ι
3074 4964 3328 5020 Johanne
3362 4964 3540 5021 Criso-

1923 5065 2101 5114 stomo
2145 5058 2354 5128 cjectus
2384 5065 2437 5112 et
2492 5057 2549 5112 in
2596 5057 2885 5112 Massiliam
2943 5059 3129 5114 Gallia
3157 5059 3540 5132 presbiteror—

1926 5147 2164 5213 dinatus,
2198 5146 2368 5202 multa
2399 5147 2618 5218 scripsit
2645 5163 2660 5213 ;
2688 5146 2830 5202 inter
2856 5163 2980 5220 qua
3012 5149 3176 5204 etiam
3225 5155 3540 5220 compertas

1572 5275 1795 5331 VARIAS
1833 5277 2210 5334 LECTIONES.

290 5375 331 5413 "
357 5382 431 5436 ita
459 5382 480 5434 1
543 5381 664 5436 sine
709 5393 906 5434 rasura
933 5397 950 5446 ;
977 5379 1118 5446 γεω,
1146 5385 1196 5433 et
1224 5384 1486 5434 tractatus
1511 5379 1574 5434 de
1598 5381 1918 5434 investit-ara
1966 5379 2011 5414 ³⁵
2063 5378 2378 5434 LXXXVII”
2404 5394 2471 5434 ex
2498 5385 2801 5434 correctura
2836 5379 2884 5434 1.
2919 5379 3046 5440 83“.
3084 5379 3170 5435 F1.
3207 5375 3540 5432 LXXXXVHI

228 5449 376 5518 δέρει).
401 5457 584 5523 prima
619 5468 797 5507 manu
826 5457 876 5506 et
905 5449 1022 5506 rell.
1082 5450 1128 5485 ²⁶
1160 5451 1271 5505 Hoc
1299 5458 1544 5521 tempore
1591 5480 1660 5489 —
1711 5451 2122 5506 martirizantur
2176 5455 2236 5505 in
2300 5453 2548 5520 margine
2607 5451 2776 5519 Sigeb.
2819 5454 2964 5506 curis
3024 5453 3199 5506 tereiis
3229 5467 3247 5516 ;
3279 5448 3393 5504 rell.
3429 5463 3544 5502 om-

1779 5592 1988 5648 NOTAE.

294 5693 427 5763 (151)
458 5693 578 5750 Hac
608 5693 678 5750 ad
716 5692 941 5749 verbum
964 5693 1256 5765 exscripsit
1276 5697 1466 5748 auctor
1489 5698 1745 5748 tractatus
1775 5693 1850 5748 De
1879 5688 2220 5764 investitura,
2251 5689 2309 5742 in
2349 5689 2586 5745 Goldasti
2622 5689 2898 5761 ap010gia,
2926 5706 2977 5757 p.
3008 5687 3136 5743 231.

231 5535 330 5577 ηδε.
