3894 6220
415 312 484 365 79
1625 296 1968 353 SIGEBERTI
2007 294 2518 355 GEMBLACENSIS.
3676 298 3750 354 80

416 439 473 492 in
499 435 729 510 [Egypto
768 433 908 488 vitas
961 437 1201 502 patrum,
1253 427 1640 498 doctrinasque
1680 431 1736 479 et
1787 423 2024 498 regulas,
2055 427 2100 492 Α
2129 423 2260 476 tium
2295 438 2452 477 caesa.
2488 422 2816 477 Gensericus
2868 423 2994 478 odia
3050 424 3347 478 Gothorum
3403 424 3631 485 veritus,
3694 433 3750 478 et

411 526 554 584 datis
582 525 650 579 ad
676 521 946 593 plurimos
975 518 1133 571 libris
1158 515 1404 586 exponit.

516 613 640 670 438.
720 611 783 665 Β.
820 611 867 664 1.
947 607 1003 661 Ρ.
1036 607 1125 661 20.
1205 605 1261 659 F.
1322 605 1375 660 9.
1454 604 1510 658 Β.
1551 603 1634 657 15.
1714 603 1798 656 W.
1835 603 1918 666 15,

869 698 1051 752 W11.
1130 696 1312 752 0.38.
1393 695 1449 749 H.
1482 695 1569 749 48.

483 796 559 865 (Ib
586 797 598 861 )
625 795 684 847 ln
710 791 909 846 Bitinia
957 789 1276 844 Timotheus
1331 787 1553 858 quidam
1588 783 1941 841 continentia
1972 791 2026 836 et

415 881 700 956 religionis
749 879 989 952 imagine
1028 877 1215 931 multis
1266 875 1522 940 illudens,
1571 889 1667 928 eos
1697 874 1751 927 in
1783 887 2023 927 errorem

413 991 528 1030 sua;
565 972 779 1027 heresis
805 969 1036 1037 induxit,
1092 969 1305 1033 dicens,
1358 966 1625 1020 Christum
1674 981 1865 1019 verum
1897 964 2024 1035 qui-

415 1065 540 1118 dem
581 1065 755 1117 Deum
789 1067 842 1114 et
867 1075 1054 1113 verum
1087 1056 1369 1111 hominem
1402 1055 1704 1128 deVirgine
1734 1054 1899 1107 Maria
1933 1069 2024 1107 na-

413 1162 527 1210 tum
554 1153 722 1208 fuisse
753 1151 881 1216 ;sed
933 1149 1205 1203 mentiens
1235 1148 1493 1206 dicendo.
1537 1146 1684 1218 quod
1713 1145 1898 1199 divina
1925 1161 2024 1198 na-

410 1256 530 1302 tura
553 1260 815 1300 conversa
845 1243 915 1297 sit
942 1242 995 1295 in
1019 1242 1315 1296 humanam
1347 1248 1617 1294 naturam.
1663 1237 1815 1306 (Joao
1842 1240 1860 1301 )
1909 1236 2021 1291 Ro-

410 1335 555 1390 mani
591 1335 774 1388 Hunos
806 1347 836 1386 a
867 1330 1146 1386 Pannonia
1171 1328 1380 1400 fugant,
1412 1343 1575 1398 quam
1603 1342 1704 1397 per
1730 1326 1808 1397 50
1845 1341 2020 1380 annos

409 1431 718 1478 tenuerant.

512 1509 635 1563 429.
711 1509 768 1566 2.
841 1509 929 1563 2|.
1013 1507 1096 1562 10.
1192 1507 1258 1561 16
1358 1506 1441 1560 16.
1527 1506 1606 1558 12.
1686 1505 1775 1560 39.
1851 1503 1940 1568 49,

479 1604 678 1672 (Jono.)
730 1600 1056 1655 Bonetacius
1095 1598 1346 1663 Africam,
1407 1598 1493 1652 cui
1540 1604 1777 1667 preerat,
1815 1594 2021 1650 sollici-

408 1699 486 1747 tat
515 1692 583 1746 ad
639 1689 1020 1745 rebellionem.
1073 1686 1417 1742 Cundericus
1469 1702 1561 1740 rex
1606 1684 2019 1749 Wandalorum,

409 1790 568 1854 capta
588 1781 812 1851 Hispali,
857 1796 978 1834 cum
1011 1779 1177 1849 impie
1220 1779 1394 1833 elatus
1421 1793 1616 1831 manus
1664 1776 1718 1830 in
1777 1775 2025 1830 ascelesia

408 1875 585 1946 ipsius
609 1873 846 1928 civitatis
885 1871 1242 1935 extendisset,
1300 1886 1425 1926 mox
1476 1870 1571 1925 Dei
1612 1869 1824 1937 judicio
1853 1885 1884 1922 a
1925 1868 2022 1922 de—

409 1979 574 2018 mone
598 1969 885 2032 correptus
928 1961 1162 2026 interiit,
1197 1960 1387 2029 (loxe)
1421 1958 1517 2013 Cui
1550 1959 1885 2013 Gensericus
1913 1956 2022 2011 fra-

409 2055 579 2124 ter;in
604 2069 774 2128 regno
801 2053 1130 2117 succedens,
1182 2051 1429 2125 regnavit
1486 2051 1647 2105 annis
1690 2050 1776 2104 48.
1817 2048 1930 2114 Hie,
1963 2056 2022 2102 ut

410 2143 599 2208 fertur,
619 2143 687 2198 de
719 2142 827 2198 fide
858 2141 1127 2198 catholica
1162 2141 1216 2194 in
1267 2141 1548 2195 Arrianam
1606 2146 1809 2194 sectam
1885 2152 2023 2208 apo—

413 2233 649 2288 statavit.

516 2324 640 2381 430.
717 2326 770 2378 3.
847 2323 936 2377 22.
1036 2323 1122 2378 11.

481 2417 556 2484 (G.
586 2431 678 2484 reg
729 2415 841 2484 Fr)
892 2413 1132 2480 Clodius,
1186 2413 1334 2467 tilius
1389 2412 1736 2479 Faramundi,
1799 2427 1892 2465 rex
1920 2411 2023 2466 eri-

412 2507 582 2577 nitus,
615 2514 808 2581 reguat
828 2523 998 2578 super
1037 2508 1273 2562 Francos
1297 2507 1458 2560 annis
1474 2507 1564 2560 20.
1602 2507 1674 2560 Ex
1706 2506 1814 2560 hoc
1853 2505 2024 2559 Franc

408 2602 639 2658 crinitos
679 2618 839 2673 reges
879 2602 1088 2656 habere
1141 2609 1428 2672 ceperunt.
1460 2601 1733 2657 Walamer
1763 2601 2024 2673 Ostrogo-

407 2692 624 2746 thorum
657 2707 887 2763 regnum
928 2692 1258 2762 suscipiens,
1291 2692 1542 2764 regnavit
1599 2693 1761 2747 annis
1789 2692 1876 2748 31.
1922 2693 2024 2746 Hu-

401 2778 493 2845 jus
532 2778 698 2832 frater
737 2778 837 2833 fuit
863 2779 1214 2846 Thiudemer,
1257 2779 1326 2834 de
1353 2796 1465 2851 quo
1484 2787 1637 2834 ortus
1668 2789 1753 2835 est
1778 2781 2022 2836 Theode-

403 2868 551 2922 ricus
589 2884 684 2922 rex
719 2869 906 2922 Italiae.
952 2869 1148 2937 (Joao.)
1209 2871 1546 2944 Augustinus
1587 2871 1641 2924 in
1697 2870 2017 2941 episcopatu

406 2953 746 3024 Hipponensi
773 2955 1086 3010 Heraclium
1119 2957 1226 3010 sibi
1253 2957 1513 3013 substitui
1545 2958 1674 3014 fecit
1711 2958 1775 3013 ’7.

507 3043 633 3097 431.
709 3045 762 3099 4.
838 3044 929 3098 23.
1031 3046 1079 3099 1.
1186 3044 1275 3102 48.
1378 3046 1431 3101 2.
1541 3048 1614 3102 i4.
1699 3052 1744 3102 1.
1821 3049 1909 3103 51.

1201 2322 1288 2377 17.
1369 2322 1416 2375 1.
1499 2320 1563 2376 13
1661 2320 1750 2374 40.
1827 2320 1916 2374 50.

475 3133 555 3204 (G.
586 3150 700 3204 reg.
740 3137 852 3196 Fr.)
913 3134 1138 3190 Clodius
1201 3136 1510 3210 Toringiam
1583 3138 1813 3207 invadit,
1872 3151 1927 3196 et
1965 3104 2096 3196 inC

406 3222 679 3297 Dispargo
709 3223 936 3280 castello
968 3224 1327 3298 Toringorum
1367 3226 1692 3299 aliquandiu
1733 3229 2019 3285 habitavit.

541 3315 665 3372 432.
746 3317 797 3370 5.
873 3317 966 3370 24.
1041 3316 1095 3371 2.
1174 3317 1260 3372 19.
1355 3319 1407 3374 3.
1488 3321 1572 3376 15.
1650 3321 1702 3375 2.
1789 3321 1877 3377 52.

472 3401 746 3471 (Manum)
784 3402 1106 3458 Caelestinus
1137 3420 1278 3476 papa
1308 3405 1376 3460 ad
1417 3407 1632 3464 Scottos
1659 3409 1713 3463 in
1749 3408 2020 3464 Christum

407 3490 724 3558 credentes,
786 3491 1085 3546 Palladium
1146 3492 1382 3562 primum
1443 3495 1608 3550 mittit
1674 3497 2018 3568 episcopum.

413 3582 542 3637 Post
575 3599 741 3653 quem
771 3584 838 3638 ad
862 3584 1082 3640 eosdem
1137 3586 1205 3640 ab
1246 3587 1442 3642 eodem
1476 3587 1770 3645 Caelestino
1823 3591 2024 3645 missus

414 3681 496 3728 est
525 3675 576 3729 S.
608 3674 889 3742 Patricius,
922 3692 1126 3749 genere
1183 3678 1377 3744 Britto,
1441 3678 1585 3735 filius
1624 3680 1876 3736 Conehes
1931 3698 2023 3738 so-

413 3766 553 3821 roris
579 3766 632 3822 S.
661 3767 1240 3837 MartiniTuronensis,
1275 3772 1370 3843 qui
1405 3771 1460 3826 in
1492 3771 1764 3843 baptismo
1797 3775 2022 3845 quidem

412 3855 592 3911 dictus
621 3864 703 3912 est
739 3857 961 3925 Suchat,
990 3875 1022 3913 a
1063 3857 1120 3912 S.
1181 3858 1452 3915 Germano
1483 3860 1786 3934 Magonius,
1828 3878 1861 3916 a
1900 3862 2020 3918 Cae-

407 3943 610 3999 lestino
641 3961 770 4000 vero
791 3945 1066 4010 Patritius,
1117 3964 1146 4001 a
1174 3963 1284 4018 quo
1331 3948 1781 4018 archiepiscopus
1809 3949 2024 4006 Scotto-

409 4053 529 4090 rum
559 4038 863 4104 ordinatus,
886 4054 984 4108 per
999 4037 1069 4094 60
1095 4055 1270 4093 annos
1298 4039 1493 4113 signis,
1525 4040 1834 4108 sanctitate,
1880 4042 2020 4098 doc-

409 4125 553 4180 trina
584 4129 882 4196 excellens,
923 4137 1088 4184 totam
1117 4129 1354 4183 insulam
1390 4129 1718 4200 Hyberniam
1750 4135 2022 4189 convertit

407 4216 476 4270 ad
544 4217 837 4274 Christum.
898 4219 1100 4290 (Cass)
1177 4220 1460 4274 Nestorius
1517 4219 2020 4295 ConstantinOpolis

407 4306 701 4377 episcopus
749 4307 942 4373 factus,
998 4307 1058 4361 ﬁt
1113 4315 1304 4363 auctor
1373 4309 1582 4363 heresis
1628 4315 1933 4382 separantis
1963 4316 2016 4370 in

408 4396 618 4453 Christo
669 4398 947 4453 hominem
991 4416 1023 4454 a
1071 4400 1206 4466 Deo,
1259 4399 1449 4455 dicens
1481 4419 1677 4472 purum
1710 4405 2014 4477 hominem,

407 4505 518 4544 non
541 4491 706 4545 Deum
741 4492 809 4547 de
860 4492 1024 4547 Maria
1055 4499 1242 4547 natum
1293 4502 1348 4549 et
1398 4512 1428 4549 a
1456 4496 1647 4552 Judeis
1675 4500 2012 4560 cruciﬁxum.

406 4582 610 4653 (Joao.)
634 4585 953 4651 Wandalos,
987 4586 1081 4657 qui
1109 4586 1240 4641 olim
1285 4588 1479 4644 timore
1509 4591 1742 4649 Atanulti
1775 4612 2021 4654 excesse-

408 4680 530 4728 rant
557 4675 816 4743 aGalliis,
849 4676 1044 4732 Wallia
1102 4694 1196 4733 rex
1255 4679 1553 4738 Gothorum
1603 4688 1880 4758 expellere
1923 4707 2018 4762 pa-

407 4771 488 4818 rat
514 4765 678 4820 etiam
711 4767 778 4821 ab
814 4767 1105 4838 Hispaniis.

547 4860 670 4915 433.
746 4861 800 4917 6.
878 4863 964 4917 25.
1044 4865 1097 4921 3.
1173 4867 1260 4922 20.
1357 4870 1410 4924 4.
1491 4871 1576 4927 16.
1653 4874 1704 4930 3.
1782 4874 1870 4932 53.

476 4949 668 5023 (CAss.)
699 4952 877 5008 Tertia
924 4957 1170 5026 synodus
1211 4959 1559 5030 universalis,
1587 4963 1862 5035 Ephesina
1903 4967 2016 5036 pri-

403 5060 512 5109 ma,
542 5045 650 5100 200
683 5045 1068 5118 episcoliorum
1113 5051 1271 5119 jussu
1332 5053 1623 5111 Theodosii
1650 5057 1892 5125 junioris
1918 5075 2017 5114 au-

399 5135 548 5209 gusti
579 5135 728 5192 edita
780 5146 902 5203 est;
935 5155 1058 5211 quae
1113 5141 1420 5199 Nestorium
1469 5146 1608 5201 duas
1659 5162 1927 5218 personas
1958 5149 2014 5203 in

401 5223 966 5283 Christoasserentem
1016 5229 1168 5299 justo
1227 5234 1580 5289 anathemate
1606 5237 2010 5307 condemnavit,

397 5315 698 5370 ostendens
718 5333 939 5373 manere
969 5319 1023 5373 in
1046 5320 1184 5374 duas
1211 5328 1434 5376 naturas
1471 5338 1636 5378 unam
1666 5324 1884 5381 Domini
1913 5343 2012 5384 no-

396 5406 640 5462 striJesu
691 5407 883 5464 Christi
944 5427 1260 5482 personam.
1320 5413 1562 5484 (Paesr.)
1617 5417 1676 5470 In
1738 5416 2012 5489 Hispaniis

395 5493 631 5552 20milia
663 5496 836 5554 ferme
889 5499 1124 5556 militum
1183 5507 1372 5556 contra
1428 5501 1726 5560 Wandalos
1757 5523 2008 5581 pugnan-

2127 516 2670 572 simulaDonefacio
2726 517 3002 583 invitatus,
3055 533 3177 571 cum
3236 517 3521 572 Wandalis
3547 527 3751 574 etom-

2127 607 2289 661 nibus
2319 623 2505 662 eorum
2542 607 2766 662 familiis
2792 609 2859 662 ad
2900 608 3134 663 Africam
3167 608 3556 674 transfretavit,
3599 626 3749 664 eam-

2128 712 2234 766 que
2265 697 2530 749 invadens
2556 705 2610 750 et
2641 697 2971 763 dilacerans,
3022 697 3250 752 multam
3293 698 3468 752 multo
3493 705 3746 768 tempore

2127 786 2487 840 calamitatem
2518 787 2777 840 Romanis
2807 786 3012 841 intulit.
3073 787 3258 855 (loac.,
3295 787 3468 848 Cass.)
3525 788 3585 840 In
3619 787 3746 840 Gal-

2126 873 2199 927 lia
2226 889 2349 927 cum
2382 874 2582 944 Suptar
2630 891 2722 928 rex
2777 875 3056 928 Hunorum
3107 875 3527 946 Burgundiones
3576 875 3744 929 nimis

2127 970 2485 1040 Opprimeret,
2526 969 2604 1023 illi
2659 969 2714 1022 in
2743 969 2852 1024 Deo
2907 969 3328 1024 Christianorum
3387 987 3540 1040 spem
3584 986 3741 1024 suam

2126 1070 2414 1132 ponentes,
2456 1078 2516 1117 se
2571 1063 2832 1134 baptizari
2888 1063 3164 1133 petierunt
3203 1071 3303 1128 ;et
3341 1065 3524 1118 statim
3567 1064 3742 1118 Hunis

2125 1157 2428 1229 congressi,
2462 1157 2621 1227 pauci
2663 1157 2832 1211 multa
2887 1157 3037 1212 milia
3064 1173 3252 1213 eorum
3286 1166 3666 1229 peremerunt,
3691 1166 3744 1211 et

2122 1247 2200 1301 sic
2233 1247 2440 1300 rabiem
2470 1247 2714 1317 ipsorum
2737 1246 3176 1302 refrenaverunt.

2262 1336 2385 1387 434.
2465 1336 2519 1388 7.
2595 1335 2664 1388 26
2763 1336 2814 1391 4.
2891 1337 2980 1389 21.
3072 1337 3106 1389 5
3206 1337 3292 1391 17.
3371 1337 3424 1390 4.
3503 1337 3593 1390 54.

2188 1431 2266 1496 (G.
2297 1428 2472 1495 Poni)
2519 1425 2700 1480 Sixtus
2756 1427 3014 1481 Romana:
3071 1427 3333 1482 accclesiae
3365 1427 3521 1480 42dus
3569 1428 3746 1498 presi-

2119 1518 2212 1571 det
2239 1517 2481 1585 (Pnosa)
2511 1517 2742 1570 Romani
2773 1517 2828 1570 in
2869 1515 3066 1572 Aﬁ'rica
3132 1517 3412 1571 Wandalis
3451 1533 3743 1591 congress:

2125 1618 2471 1681 superantur.
2530 1609 2855 1666 Bonefacius
2883 1610 3141 1666 conﬂictu
3196 1628 3319 1666 eum
3361 1611 3739 1676 {Etiohabitm

2124 1702 2297 1757 victor
2317 1702 2563 1772 quidem,
2595 1703 2693 1756 sed
2725 1703 3022 1757 moriturus
3045 1703 3298 1759 abscedit

2266 1796 2388 1848 435.
2467 1795 2520 1850 8.
2596 1796 2686 1849 27.
2763 1797 2816 1850 5.
2891 1796 2979 1851 22.
3076 1797 3128 1852 6.
3208 1797 3293 1853 18.
3370 1796 3423 1852 5.
3501 1797 3592 1851 55.

2194 1883 2438 1950 (Pnosr)
2483 1883 2785 1937 Germanus
2840 1883 3333 1950 Antisiodorensis,
3387 1883 3573 1954 Lupus
3615 1884 3742 1938 Tre-

2123 1975 2361 2042 casinus,
2396 1974 2700 2029 Eucherius
2745 1975 3148 2048 Lugdunensns,
3197 1975 3431 2030 Hilarius
3458 1976 3743 2031 Arelaten-

2122 2062 2198 2116 sis
2223 2063 2468 2133 episcOpi
2502 2063 2556 2116 in
2608 2063 2796 2117 Galliis
2843 2064 3070 2119 clarent.
3115 2065 3286 2119 Altius
3334 2062 3630 2119 conferens
3679 2081 3740 2118 se

2127 2149 2196 2204 ad
2228 2149 2475 2222 Rugilam
2509 2166 2695 2222 regem
2741 2149 3041 2218 Hunorum,
3097 2152 3216 2220 ejus
3247 2151 3453 2206 auxilio
3487 2152 3739 2223 regredi-

2129 2245 2214 2292 tur
2242 2238 2310 2292 ad
2361 2239 2662 2294 Romanum
2710 2239 2888 2294 solum
2939 2238 3016 2310 (G.
3064 2243 3241 2310 pom.)
3283 2240 3468 2295 Sixtus
3535 2255 3679 2310 papa
3710 2257 3740 2294 a

2133 2335 2294 2390 Basso
2319 2334 2658 2389 criminatur.
2684 2341 2737 2389 et
2770 2335 2925 2404 jussu
2986 2334 3354 2389 Valentiniani
3391 2334 3742 2404 imperatoris

2130 2429 2313 2484 Roma:
2341 2436 2672 2503 congregata
2702 2429 2898 2484 sinodo
2929 2444 3112 2484 coram
3135 2429 3204 2483 56
3229 2428 3508 2500 episcOpis
3534 2428 3741 2482 sinodi-

2124 2517 2416 2586 cojudicio
2471 2525 2734 2592 purgatur
2783 2517 3030 2583 ;Bassus
3080 2531 3208 2572 vero
3269 2516 3560 2570 damnatus
3610 2532 3739 2587 pro-

2123 2609 2381 2664 scribitur
2413 2627 2427 2674 ;
2457 2615 2511 2663 et
2539 2624 2649 2663 non
2683 2608 2854 2663 multo
2921 2616 3046 2679 post
3075 2624 3106 2662 a
3134 2608 3245 2662 Deo
3298 2622 3616 2678 percussus,
3650 2607 3737 2678 ip-

2123 2701 2238 2755 sius
2266 2700 2398 2754 Sixti
2425 2700 2681 2754 manibus
2708 2699 3012 2754 honorifice
3041 2699 3327 2769 sepelitur.

2262 2791 2387 2848 436.
2465 2793 2519 2846 9.
2594 2791 2684 2846 28.
2762 2791 2815 2846 6.
2891 2790 2981 2847 23.
3059 2791 3113 2845 7.
3201 2790 3288 2846 19.
3366 2789 3419 2844 5.
3499 2790 3592 2844 56.

2193 2883 2434 2953 (Paosp.)
2496 2882 2668 2936 Altius
2713 2883 2770 2936 in
2809 2882 3038 2956 gratiam
3066 2882 3355 2953 recipitur.
3401 2881 3603 2956 Hugila
3646 2897 3737 2935 rex

2123 2976 2400 3030 Hunorum
2447 2973 2748 3030 foederatus
2826 2974 3196 3030 Romanorum
3257 2973 3511 3039 moritur,
3576 2973 3740 3045 eique

2121 3060 2287 3114 Bleda
2333 3061 2597 3117 succedit.

2264 3153 2388 3209 437.
2471 3153 2554 3209 10.
2635 3155 2854 3229 29..7.
2943 3154 3034 3209 24.
3110 3154 3163 3210 8.
3240 3154 3331 3209 20.
3409 3155 3462 3210 7.
3539 3156 3593 3209 1.

2195 3247 2318 3317 (1b.)
2347 3247 2518 3303 Gallia
2548 3249 2804 3304 citeriore
2845 3265 2876 3304 a
2907 3250 3134 3304 Battone
3160 3249 3409 3320 priuetpe
3453 3249 3510 3303 in
3552 3249 3740 3305 rebel-

2122 3334 2328 3390 lionem
2357 3345 2653 3403 commota,
2671 3337 3059 3408 conspiravere
3089 3338 3144 3391 in
3178 3337 3526 3410 Baugaudam
3555 3339 3742 3394 omnia

2124 3439 2284 3493 paene
2320 3423 2597 3478 Gallorum
2619 3425 2862 3480 servitia.
2906 3426 3120 3480 Cirillus
3179 3426 3584 3481 Alexandrinus
3621 3429 3743 3498 epi-

2125 3531 2326 3584 sc0pus
2346 3516 2413 3569 ab
2445 3517 2549 3571 hoc
2579 3533 2723 3573 anno
2774 3519 2984 3574 orditus
3031 3518 3241 3590 cyclum
3276 3519 3346 3574 de
3391 3520 3605 3575 ratione
3637 3537 3741 3591 pa-

2125 3607 2273 3661 schae
2294 3623 2394 3677 per
2413 3609 2482 3662 95
2508 3625 2685 3664 annos
2733 3627 2946 3664 summa
3006 3611 3274 3666 brevitate
3323 3612 3566 3685 collegit,
3599 3614 3744 3668 intra

2124 3710 2287 3764 quem
2313 3710 2506 3750 omnes
2531 3697 2805 3766 paschalis
2851 3698 3254 3754 observationis
3267 3699 3560 3755 varietates
3584 3716 3740 3756 eom-

2125 3782 2391 3852 prehendi
2425 3784 2654 3840 notavit.

2286 3876 2410 3930 438.
2492 3878 2580 3931 11.
2657 3876 2745 3931 30.
2823 3877 2875 3932 8.
2953 3877 3042 3934 25.
3092 3878 3145 3933 9.
3221 3878 3312 3934 21.
3388 3881 3442 3934 8.
3519 3881 3573 3937 2.

2195 3965 2560 4037 (Cass.)Apud
2593 3967 2787 4022 Persas
2815 3968 3189 4025 christianitas
3223 3971 3325 4026 hoc
3354 3977 3606 4043 tempore
3637 3973 3732 4026 di-

2123 4055 2288 4112 latata
2308 4065 2404 4112 est.
2438 4059 2569 4112 Nam
2590 4058 2866 4114 Maruthas
2914 4061 3211 4132 episcopus
3241 4061 3516 4135 legatione
3549 4065 3616 4118 ad
3640 4080 3738 4119 eos

2121 4143 2362 4212 functus,
2398 4145 2573 4200 tilium
2627 4148 2909 4220 Sdigerdis
2965 4150 3110 4224 regis
3159 4151 3422 4207 orandoa
3460 4153 3738 4208 daemonio

2120 4234 2407 4300 liberavit;
2438 4251 2536 4305 per
2553 4236 2702 4306 quod
2724 4237 2899 4305 major
2939 4237 3164 4308 quidem
3198 4241 3374 4314 gloria
3392 4242 3652 4306 accrevit,
3680 4251 3737 4297 at

2119 4335 2310 4381 contra
2341 4326 2409 4381 ab
2443 4327 2682 4382 inimicis
2708 4329 2802 4382 Dei
2833 4329 3054 4402 gravior
3079 4331 3134 4385 in
3163 4332 3495 4389 christianos
3542 4350 3737 4405 perse-

2119 4417 2267 4472 cutio
2295 4418 2497 4472 exarsit
2528 4420 2611 4489 (II.
2644 4419 2744 4490 νη.)
2805 4420 3056 4475 Ειιάοχίει·
3094 4429 3345 4497 augusta,
3381 4440 3519 4480 uxor
3544 4425 3733 4481 Theo-

2119 4510 2281 4576 dosii,
2326 4510 2741 4566 llierosolimam
2772 4529 2835 4567 ex
2869 4522 2996 4570 voto
3038 4517 3374 4587 properavit,
3407 4528 3462 4573 et
3493 4519 3624 4574 inde
3649 4534 3736 4573 re—

2119 4601 2320 4673 liquias
2373 4604 2812 4673 prothomartiris
2863 4605 3129 4677 Stephani
3185 4617 3241 4663 et
3292 4608 3430 4664 duas
3487 4619 3731 4677 catenas,

2123 4711 2258 4765 quas
2279 4695 2511 4765 angelus
2540 4696 2609 4751 de
2652 4698 2906 4752 manibus
2942 4699 3091 4754 Petri
3108 4702 3340 4772 apostoli
3368 4703 3610 4773 disjecit,
3640 4705 3734 4760 Dei

2121 4799 2254 4842 nutu
2281 4787 2488 4854 attulit;
2517 4790 2708 4862 eisque
2749 4791 3007 4861 adjuncta
3041 4801 3402 4867 catena,-qua
3433 4797 3598 4852 etiam
3635 4797 3735 4852 Ro-

2118 4898 2220 4936 mae
2253 4882 2445 4938 Petrus
2461 4883 2678 4940 vinctus
2717 4885 2838 4953 fuit,
2862 4887 3094 4943 triadem
3136 4887 3284 4956 fecit,
3339 4898 3395 4945 et
3447 4891 3579 4947 inde
3609 4908 3730 4948 cum

2117 4970 2351 5026 consilio
2393 4971 2621 5027 Romani
2673 4975 2904 5044 presulis
2977 4977 3386 5034 solemnitatem
3449 4980 3501 5033 S.
3565 4979 3730 5044 Petri,

2117 5078 2240 5133 quae
2263 5062 2465 5118 dicitur
2505 5065 2581 5119 Ad
2608 5065 2848 5134 vincula,
2899 5067 3084 5124 Romae
3143 5068 3378 5125 instituit
3407 5069 3522 5125 Kal.
3570 5073 3732 5144 Aug,

2116 5153 2243 5210 ideo
2261 5155 2517 5222 maxime,
2547 5164 2608 5212 ut
2657 5159 2918 5229 pepulum
2967 5168 3251 5216 revocaret
3307 5178 3339 5216 a
3383 5163 3581 5234 gentili
3636 5179 3734 5218 su—

2116 5245 2458 5314 perstitionis
2506 5263 2730 5319 pompa,
2783 5250 2934 5321 quod
2976 5250 3157 5305 adhuc
3208 5251 3636 5310 sollemnizabat
3676 5255 3731 5308 in

2114 5331 2217 5386 hac
2246 5331 2336 5387 die
2374 5335 2568 5390 civitas
2591 5351 2657 5390 ex
2688 5336 2794 5391 ritu
2834 5337 3026 5412 gentili
3059 5353 3158 5410 pro
3186 5339 3412 5396 victoria
3436 5342 3730 5399 Octaviano

2115 5423 2360 5496 Augusto
2402 5425 2471 5481 dc
2499 5426 2736 5483 Antonio
2770 5438 2827 5482 et
2888 5428 3176 5498 Cleopatra
3233 5432 3433 5488 collata
3499 5433 3556 5488 in
3614 5432 3727 5488 Kal.

2108 5516 2361 5590 Augusti.
2398 5517 2597 5590 (Cass)
2629 5519 2890 5576 Diabolus
2935 5521 3143 5580 Judeos
3173 5523 3230 5579 in
3265 5523 3455 5595 specie
3495 5525 3734 5596 speudo-

1750 5611 1968 5668 VARIA']
2002 5612 2380 5675 LECTIONES.

465 5699 508 5732 ²⁷
539 5701 598 5756 Α.
631 5700 664 5754 i.
690 5717 741 5756 e.
767 5702 827 5756 H.
854 5703 913 5755 il.
940 5718 984 5756 s.
1016 5719 1042 5757 s
1090 5701 1128 5758 f.
1162 5702 1312 5759 addit
1340 5707 1506 5774 Sigeb.
1541 5714 1686 5765 curis
1712 5728 1837 5780 seca,
1873 5714 1991 5770 rell.
