3894 6220
149 325 204 376 8|
1561 313 2064 370 PROLEGOMENA.
3399 326 3470 383 82

151 421 414 520 prephetaa
446 446 675 516 Moysen
699 459 758 499 se
783 459 905 499 esse
951 442 1274 497 mentientis
1293 441 1532 508 seduxit,
1557 449 1610 496 et
1635 456 1754 512 pro-
1782 446 1829 511 Α

150 537 359 592 mittens
396 551 455 589 se
503 535 562 588 in
607 542 802 588 terram
865 531 1308 601 repromissionis
1362 546 1458 584 eos
1505 530 1756 584 reductu-

152 646 278 693 rum,
307 629 372 682 ad
405 643 561 682 mare
605 624 1071 681 transfretandum
1122 623 1350 678 adduxit
1399 641 1410 677 :
1443 622 1630 692 ibique
1661 637 1752 676 eo-

150 735 254 772 rum
273 716 473 771 multos
490 715 684 769 multis
724 713 901 768 modis
930 713 1114 783 perire
1145 711 1292 766 fecit.
1329 712 1457 776 Qua:
1491 727 1576 764 res
1605 711 1750 763 mul-

151 808 211 860 tis
235 820 420 860 eorum
449 805 558 859 hoc
597 801 844 874 periculo
894 800 1066 855 erutis
1091 799 1354 855 credendi
1389 799 1443 852 in
1473 797 1746 853 Christum

151 913 296 952 causa
322 895 440 950 fuit.

241 987 360 1042 439.
440 986 502 1040 R.
547 985 635 1040 12.
717 982 888 1038 P.3i.
966 981 1094 1037 F.9.
1175 981 1234 1037 Β.
1266 981 1356 1034 26.
1435 979 1516 1034 W.
1557 981 1638 1034 10.

637 1075 843 1130 “1.22.
921 1073 1061 1128 09.
1143 1070 1286 1128 Η.3.

209 1165 376 1233 (Ιειυ.)
419 1163 620 1218 Wallia
660 1178 754 1216 rex
807 1161 1108 1216 Gothorum
1169 1157 1468 1213 Wandalos
1501 1157 1629 1211 odio
1672 1155 1750 1210 in-

146 1263 360 1320 sectans,
386 1255 552 1310 etiam
581 1255 637 1308 in
691 1253 868 1308 Africa
900 1268 998 1307 eos
1029 1251 1288 1322 persequi
1334 1250 1600 1321 disponit.
1637 1249 1742 1303 Sed

146 1358 302 1406 morte
335 1357 634 1421 preventus
663 1349 822 1404 obiit.
869 1348 1032 1418 eique
1066 1347 1122 1400 in
1176 1363 1408 1420 regnum
1453 1343 1747 1398 Theoderi-

145 1458 230 1497 cus
250 1441 531 1505 successit,
562 1449 619 1494 et
653 1441 714 1495 15
746 1440 789 1473 ³⁸
812 1439 973 1493 annis
1003 1439 1253 1510 regnavit
1274 1438 1438 1506 (158).

239 1528 355 1586 440.
437 1529 526 1585 13.
609 1528 696 1582 32.
775 1528 865 1580 10.
941 1527 1031 1580 27.
1110 1527 1198 1582 11.
1277 1527 1333 1578 1.
1417 1525 1480 1580 10
1581 1527 1629 1579 4.

208 1619 412 1688 (BEDA)
455 1616 712 1672 Wandali
753 1617 995 1671 invasam
1038 1614 1271 1669 Africam
1318 1616 1604 1669 devastant
1632 1629 1745 1668 om-

149 1707 390 1761 nimodis.
432 1705 548 1760 Sub
579 1705 685 1760 hoc
717 1703 937 1758 turbine
979 1703 1351 1757 tribulationis
1396 1709 1617 1756 sanctus
1642 1703 1744 1756 Au-

1963 443 2088 495 444.
2168 443 2252 498 17.
2329 443 2385 497 2.
2485 446 2566 498 t4.
2665 445 2752 500 3t.
2833 449 2920 502 15.
2996 448 3048 504 5.
3131 434 3353 509 14/8.

1928 529 2122 598 (Cass)
2155 530 2360 602 Corpus
2389 532 2658 588 Johannis
2706 535 3020 592 Crisostomi
3081 539 3134 594 in
3167 541 3334 597 exilio
3367 545 3466 598 de-

1855 615 2023 671 functi
2053 619 2269 673 tandem
2303 619 2836 692 Constantinopolim
2897 625 3150 692 refertur,
3209 629 3464 687 instantia

1853 708 2027 764 Procli
2053 710 2298 779 episcopi
2340 719 2395 765 et
2420 711 2577 779 jussu
2617 713 2928 785 Theo]dosii
2963 716 3312 787 imperatoris
3339 737 3462 777 cum

1853 797 2090 851 lacrimis
2117 799 2346 865 orantis,
2379 807 2437 853 ut
2457 801 2676 855 veniam
2709 802 2863 857 daret
2893 805 3164 861 Archadio
3197 807 3334 877 patri
3366 825 3466 865 suo

1851 896 1905 942 et
1930 888 2188 943 Eudoxiae
2216 890 2397 956 matri,
2426 892 2517 962 qui
2551 909 2674 946 eum
2719 894 3082 951 exiliaverunt
3111 916 3124 963 ;
3155 907 3208 953 ct
3239 916 3338 970 per
3361 901 3464 958 hoc

1851 975 2001 1031 ﬁnita
2031 985 2113 1033 est
2142 979 2439 1046 dissensio,
2473 997 2596 1052 qua:
2643 983 2826 1038 adhuc
2856 993 2971 1040 erat
2998 987 3053 1040 in
3082 989 3333 1043 ecclesia
3362 1006 3460 1061 pro

1850 1073 2098 1140 ejusdem
2129 1074 2394 1129 Johannis
2412 1076 2765 1132 damnatione
2798 1079 2883 1148 (Η.
2923 1082 3024 1150 m.)
3065 1081 3456 1140 Constantino-

1850 1169 1959 1240 poli
1995 1185 2091 1239 per
2119 1170 2151 1224 4
2181 1177 2712 1226 mensesterremotu
2729 1180 2872 1229 terra
2897 1173 3455 1250 ﬂuctuante,quidam

1848 1273 2029 1312 coram
2063 1258 2318 1312 omnibus
2349 1259 2634 1314 orantibus
2673 1261 2922 1317 sublatus
2959 1263 3016 1316 in
3067 1281 3195 1319 aera
3225 1266 3461 1321 adivina

1846 1345 2068 1412 virtute,
2100 1347 2432 1401 ammonitus
2462 1356 2545 1403 est
2588 1365 2619 1402 a
2657 1350 2844 1404 divina
2869 1368 3024 1416 voce,
3058 1363 3115 1407 ut
3145 1354 3299 1409 factis
3321 1357 3460 1410 leta-

1847 1439 1952 1492 niis
1974 1448 2234 1494 canerent
2280 1455 2473 1494 omnes
2527 1440 2760 1497 Sanctus
2816 1450 2971 1510 Deus,
3020 1447 3252 1501 Sanctus
3279 1451 3455 1515 fortis,

1843 1529 2076 1585 Sanctus
2111 1533 2451 1596 immortalis,
2481 1534 2728 1586 miserere
2753 1535 2923 1601 nobis,
2975 1536 3109 1589 nihil
3169 1537 3317 1593 aliud
3349 1556 3455 1609 ap—

1846 1627 2154 1688 ponentes;
2185 1633 2292 1688 quo
2316 1617 2457 1672 facto
2509 1621 2742 1674 cessavit
2804 1629 3162 1678 terrmmotus.
3198 1628 3316 1696 (1b.)
3349 1627 3456 1682 Ro-

1845 1708 1991 1762 mani
2015 1709 2154 1763 duce
2195 1708 2395 1762 Litorio
2441 1724 2564 1762 cum
2626 1709 2943 1783 Wisigmhis
2985 1727 3231 1787 pugnant
3288 1717 3456 1772 mise-

150 1799 381 1868 gustinus
402 1796 662 1868 migravit
719 1796 785 1849 ad
830 1795 1144 1860 Dominum,
1169 1794 1236 1848 13
1286 1809 1475 1848 mense
1505 1793 1740 1848 obsidio-
1770 1825 1818 1892 Β
1845 1796 2111 1850 rabiliter.

144 1887 334 1941 nissum
356 1887 538 1950 urbis,
574 1901 722 1940 anno
780 1884 957 1939 aetatis
1019 1898 1131 1937 sua:
1161 1884 1272 1949 73°,
1343 1883 1631 1937 clericatus
1655 1885 1739 1939 vel

145 1979 479 2049 episc0patus
499 1979 618 2044 40°,
655 1977 748 2048 qui
790 1983 938 2030 tanta
978 1975 1218 2046 scripsit,
1250 1981 1307 2028 ut
1356 1974 1539 2029 nullus
1570 1975 1740 2030 libros

145 2073 410 2141 cjusomni
465 2083 718 2142 tempore
772 2071 895 2125 vitm
952 2086 1065 2124 sua»:
1115 2085 1224 2124 non
1263 2069 1442 2124 solum
1471 2070 1735 2136 scribere,

144 2166 227 2219 sed
248 2181 345 2220 nec
372 2166 556 2236 legere
586 2164 810 2236 quidem
840 2162 1036 2217 valeat.

231 2257 349 2310 44!.
425 2257 516 2318 14.
597 2255 686 2312 33.
767 2255 852 2309 11.
931 2254 1020 2308 28.
1115 2253 1198 2308 12.
1275 2253 1327 2306 2.
1407 2253 1496 2306 11.
1573 2254 1626 2308 5·

203 2353 267 2413 (G.
299 2350 461 2417 μονή.)
495 2349 607 2402 Leo
633 2347 890 2401 Romanae
921 2345 1184 2400 eecclesize
1214 2345 1341 2400 43us
1367 2343 1735 2414 presidet.Hic

141 2435 186 2489 in
213 2437 416 2491 omeliis
445 2434 832 2490 declamandis
849 2435 1076 2488 multum
1106 2434 1293 2488 valuit.
1317 2431 1410 2486 llic
1436 2433 1489 2486 in
1521 2449 1732 2490 canone

140 2531 297 2584 missas
333 2529 562 2583 addidit.
615 2528 880 2582 Sanctum
929 2528 1278 2592 sacriﬁcium,
1321 2528 1732 2580 immaculatum

140 2623 354 2674 hostiam.
389 2619 506 2690 [llic
540 2619 588 2650 '9
626 2617 846 2688 quoties
878 2617 1173 2689 rogabatur
1233 2616 1302 2670 ab
1333 2616 1630 2688 aliquibus,
1673 2628 1732 2671 ut

142 2708 210 2762 eis
235 2709 531 2778 aliquorum
601 2706 976 2776 apostolorum
1033 2705 1118 2760 vel
1152 2705 1435 2760 martirum
1467 2705 1732 2777 reliquias

142 2800 290 2860 daret,
322 2797 669 2853 consuefecit
698 2797 764 2851 ad
799 2812 1033 2867 corpora
1063 2797 1147 2852 vel
1187 2797 1482 2852 memorias
1510 2804 1730 2867 aposto-

142 2890 290 2944 lorum
319 2891 398 2945 vel
429 2890 719 2944 martirum
777 2905 1008 2960 quorum
1061 2889 1308 2960 reliquiae
1380 2889 1726 2960 petebantur,

144 2984 289 3037 missa
317 2985 598 3040 celebrare
634 2984 688 3038 in
722 2983 1216 3054 honoreipsorum,
1239 2992 1292 3039 et
1313 2985 1392 3039 sic
1423 2984 1726 3040 brandeum

141 3077 321 3139 altaris,
351 3093 457 3149 quo
488 3083 877 3132 consecratum
902 3092 1104 3148 corpus
1156 3077 1371 3132 Domini
1405 3078 1728 3144 involverat,

140 3168 476 3236 particulatim
507 3168 797 3222 dividebat
848 3175 902 3222 et
931 3183 1028 3238 pro
1071 3159 1318 3237 reliquiis
1358 3168 1729 3238 apostolorum

137 3257 206 3309 vel
233 3255 747 3328 martyrum,dabat.
771 3255 923 3310 Unde
955 3256 1000 3309 si
1031 3257 1100 3309 ab
1127 3255 1412 3327 aliquibus
1443 3257 1732 3312 dubitaba-

134 3354 228 3412 tur,
258 3349 474 3404 cultello
501 3364 724 3421 pannos
754 3348 878 3402 illos
907 3348 1734 3421 pungens,sanguincmelicie-

137 3436 213 3491 bat
241 3456 254 3504 ;
283 3439 357 3494 sic
389 3441 568 3512 palam
607 3439 821 3494 cunctis
875 3439 1106 3504 iaciens,
1165 3441 1311 3510 quod
1348 3440 1403 3493 in
1430 3456 1728 3495 consecra-

136 3527 266 3581 tione
290 3530 672 3599 mysteriorum
724 3528 944 3591 Christi,
990 3528 1216 3598 sanguis
1237 3531 1607 3598 apostolorum
1641 3532 1726 3585 vel

138 3626 429 3690 martyrum,
463 3621 558 3692 qui
595 3636 696 3692 pro
729 3620 822 3674 illo
855 3619 1058 3674 effusus
1087 3629 1190 3685 est,
1235 3621 1397 3675 intret
1438 3639 1537 3693 per
1583 3623 1725 3677 divi-

138 3723 244 3760 nam
272 3710 518 3765 virtutem
580 3711 636 3763 in
671 3724 882 3780 pannos
912 3709 1036 3763 illos
1069 3727 1083 3774 ;
1125 3716 1178 3764 ct
1208 3709 1334 3765 ideo
1365 3711 1558 3766 merito
1602 3711 1724 3767 illos

137 3796 234 3850 dari
271 3815 362 3870 pro
413 3801 670 3872 reliquiis
732 3807 1066 3866 sanctorum,
1123 3800 1177 3854 in
1227 3816 1461 3872 quorum
1515 3802 1724 3856 honore

135 3889 403 3942 consecrati
435 3896 583 3943 sunt.
635 3889 868 3958 (Paosr.)
927 3891 1132 3944 Bellum
1162 3896 1352 3944 contra
1378 3889 1723 3964 Burgundio-

138 3993 219 4033 nes
246 3983 597 4038 memorabile
655 3984 891 4048 exarsit;
924 4000 1034 4055 quo
1085 3991 1194 4039 tota
1256 4000 1395 4054 pene
1435 4000 1573 4058 gens
1600 4000 1724 4038 cum

138 4089 248 4147 rege
271 4092 365 4132 suo
414 4095 514 4148 per
574 4078 750 4132 Etium
807 4079 950 4134 victa
990 4079 1233 4134 concidit
1299 4079 1362 4149 (ν
1419 4080 1480 4134 S.
1521 4081 1722 4147 Germ)

138 4162 351 4232 Corpora
377 4166 541 4222 Prisci
574 4166 920 4237 aliorumque
953 4183 1075 4222 cum
1133 4183 1198 4222 eo
1232 4169 1375 4238 apud
1406 4168 1721 4224 Autisiodo-

137 4269 234 4307 rum
263 4273 538 4326 passorum
596 4258 865 4314 Germano
924 4259 1188 4330 episcopo
1244 4261 1508 4316 divinitus
1565 4278 1724 4316 reve-

144 4343 317 4401 lantur.

228 4438 338 4492 442.
417 4440 500 4495 15.
583 4438 673 4494 31.
751 4440 839 4494 12.
919 4441 1005 4494 29.
1088 4441 1178 4497 13.
1253 4443 1304 4496 3.
1385 4443 1472 4499 12.
1559 4444 1612 4499 6.

200 4527 439 4586 Defuncto
469 4532 763 4606 Sdigerde,
823 4534 1164 4588 Gauraranes
1216 4534 1362 4590 filius
1396 4536 1515 4602 ejus
1547 4537 1727 4592 Persis

141 4617 344 4688 imperat
371 4624 532 4678 annis
575 4624 666 4677 38.
699 4624 756 4676 In
791 4624 980 4679 Galliis
1011 4626 1362 4696 principibus
1387 4629 1724 4684 seditionum

140 4707 291 4762 atritis
317 4718 366 4764 et
395 4711 625 4768 Battone
656 4721 838 4782 capto,
873 4715 1110 4786 quiescit
1159 4718 1531 4791 Bagaudarum
1575 4734 1729 4774 com-

146 4799 310 4854 motio.

230 4890 338 4946 443.
416 4894 499 4949 16.
583 4895 634 4948 1.
738 4896 823 4950 13.
900 4896 987 4952 30.
1094 4899 1171 4952 14.
1267 4901 1318 4954 4.
1406 4902 1485 4956 l3.
1566 4903 1616 4957 7.

204 4976 349 5050 tlsro.)
406 4983 752 5038 Gauraranes
780 4983 958 5039 foedus
999 5002 1121 5040 cum
1160 4987 1421 5043 Romanis
1480 5007 1510 5044 a
1574 4998 1726 5062 patre

149 5061 316 5121 initum
348 5069 621 5137 dissolvit,
642 5078 696 5126 et
719 5073 1028 5142 provincias
1071 5076 1438 5132 Romanorum
1464 5079 1722 5135 incursat.

151 5147 373 5211 Portione
405 5158 600 5214 Africae
629 5175 894 5215 concessa
947 5161 1014 5216 ad
1043 5163 1398 5220 habitandum
1433 5166 1728 5222 Genserico

152 5255 177 5291 a
212 5240 468 5312 Romanis,
499 5248 765 5303 convenit
808 5249 951 5303 inter
1004 5251 1302 5308 Wandalos
1357 5261 1412 5308 et
1460 5255 1734 5313 Romanos

156 5342 239 5396 pax
265 5335 428 5406 magis
457 5336 778 5390 necessaria
808 5353 971 5407 quam
1003 5340 1178 5394 utilis.

1758 3129 1806 3196 C

1973 1886 2096 1941 445.
2176 1887 2260 1942 18.
2339 1887 2389 1943 3.
2473 1889 2556 1942 15.
2637 1888 2724 1942 32.
2807 1891 2888 1944 16.
2968 1891 3023 1946 6.
3103 1895 3186 1948 15.
3265 1897 3321 1957 9,

1912 1980 1988 2047 (ϐ.
2018 1996 2060 2032 r.
2099 1979 2179 2048 F.)
2221 1979 2480 2034 Chlodius
2510 1997 2602 2034 rex
2660 1982 2989 2038 Francorum
3049 1985 3230 2041 missis
3260 1991 3456 2060 explo-

1842 2067 2114 2122 ratoribus
2142 2067 2210 2122 de
2242 2067 2504 2144 Dispargo
2544 2070 2767 2126 castello
2822 2088 2998 2144 usque
3028 2075 3096 2128 ad
3129 2076 3321 2132 urbem
3356 2079 3455 2134 Ca—

1839 2174 2136 2225 meracum,
2187 2159 2398 2213 transiit
2456 2160 2706 2216 Rhenum
2741 2180 2754 2228 ;
2789 2170 2842 2216 et
2873 2164 3104 2232 protrito
3154 2167 3321 2222 multo
3348 2169 3455 2224 lto-

1836 2261 2122 2300 manorum
2158 2247 2363 2318 p0pulo
2418 2249 2560 2303 circa
2590 2250 2840 2305 Rhenum
2883 2268 3056 2323 usque
3090 2253 3324 2325 Ligerim
3358 2257 3454 2311 flu-

1835 2341 1982 2396 vium
2040 2341 2429 2407 habitantium,
2488 2346 2806 2401 Carboniam
2892 2347 3084 2402 silvam
3145 2351 3449 2422 ingressus,

1834 2433 2025 2488 urbem
2053 2435 2354 2489 Tornacum
2387 2437 2646 2506 optinuit,
2675 2446 2728 2492 et
2760 2439 2889 2493 inde
2923 2456 3098 2511 usque
3151 2445 3218 2497 ad
3256 2447 3448 2502 urbem

1833 2523 2181 2577 Cameracum
2215 2526 2542 2594 prOperavit.
2578 2525 2679 2580 Ubi
2706 2543 2880 2596 pauco
2901 2538 3149 2599 tempore
3174 2534 3445 2602 residens,

1834 2611 2130 2676 Romanos,
2160 2613 2205 2665 si
2265 2629 2404 2683 quos
2451 2613 2525 2667 ibi
2575 2613 2800 2676 invenit,
2859 2618 3094 2685 peremit
3127 2637 3140 2683 ;
3175 2621 3448 2678 etcxindc

1836 2717 2010 2772 usque
2037 2702 2103 2755 ad
2125 2702 2401 2755 Summam
2450 2702 2675 2757 ﬂuvium
2728 2707 3077 2776 perveniens,
3135 2711 3322 2766 omnia
3351 2727 3449 2767 oc-

1833 2795 2073 2866 cupavit.
2127 2794 2331 2863 (Far-:0)
2389 2794 2761 2851 Theodoricus
2848 2816 2941 2854 rex
3013 2800 3444 2874 Wisigothorum

1833 2888 2121 2959 Hispanias
2158 2897 2410 2960 occupat.

1937 2981 2060 3035 446.
2147 2982 2225 3036 19.
2305 2983 2357 3035 4.
2435 2981 2523 3047 16,
2601 2982 2687 3038 33.
2779 2985 2868 3039 17.
2945 2987 2978 3039 7
3085 2989 3165 3041 16.
3248 2988 3334 3045 1ο.

1903 3073 1987 3143 (ΙΙ.
2019 3089 2077 3126 m
2102 3072 2116 3142 )
2146 3073 2484 3128 Gauraranes
2517 3074 2570 3129 in
2599 3074 2823 3131 Perside
2883 3079 3328 3148 persecutionem
3387 3084 3443 3138 in

1831 3165 2162 3222 christianos
2186 3166 2460 3232 excitavit,
2503 3184 2664 3239 quam
2722 3185 2818 3239 per
2881 3169 2952 3226 30
2999 3189 3176 3228 annos
3207 3175 3446 3248 graviter

1833 3254 2091 3308 exercuit.
2125 3254 2290 3310 Porro
2341 3256 2686 3311 Theodosius
2717 3259 2969 3328 quamvis
3028 3277 3175 3332 saepe
3206 3262 3446 3333 feliciter

1834 3343 2024 3398 Persas
2045 3345 2285 3412 vicisset,
2356 3362 2546 3416 pacem
2604 3355 2786 3402 tamen
2845 3352 3101 3421 amplecti
3141 3355 3335 3420 voluit;
3387 3364 3446 3411 ut

1833 3441 2144 3509 persecutio
2192 3449 2433 3496 cessaret
2462 3459 2494 3496 a
2543 3443 2878 3498 christianis.
2911 3445 3123 3516 (Paosp.
3151 3479 3212 3488 -
3246 3455 3308 3502 Η.
3343 3455 3442 3516 m.)

1827 3529 2155 3584 Gcnsericus
2181 3530 2306 3585 dolo
2335 3531 2716 3602 Carthaginem
2743 3535 2932 3604 coepit,
2973 3543 3027 3590 et
3053 3552 3272 3590 omnem
3307 3538 3444 3592 Afri-

1827 3634 1944 3672 cam
1974 3619 2078 3672 sibi
2116 3617 2444 3689 subjiciens,
2478 3621 2802 3675 lacrimabili
2827 3623 2983 3677 clade
3008 3625 3306 3693 potentiam
3342 3625 3444 3680 Ro-

1826 3711 1972 3764 mani
1998 3711 2152 3781 regni
2181 3711 2403 3778 dejecit.
2455 3715 2540 3778 (H.
2588 3730 2688 3776 m.,
2724 3715 2894 3785 lnac)
2942 3715 3036 3770 llic
3067 3716 3235 3771 nichil
3279 3721 3438 3788 pensi

1826 3814 2007 3869 neque
2033 3799 2208 3853 sancti
2240 3799 2469 3862 habens,
2523 3806 2577 3852 et
2625 3800 2859 3854 infestus
2916 3804 3149 3869 cunctis,
3206 3806 3440 3861 maxime

1826 3893 2099 3948 nobilitati
2131 3902 2185 3948 et
2203 3893 2478 3968 religioni,
2511 3894 2694 3948 omnia
2727 3895 2913 3948 divina
2963 3904 3018 3950 et
3057 3896 3293 3952 humana
3321 3900 3439 3953 exi-

1827 3983 2058 4048 nanivit,
2088 3983 2409 4053 episcopum
2439 3991 2493 4038 et
2523 3999 2742 4038 omnem
2775 3985 2983 4040 clerum
3016 3988 3280 4043 eecclesiae
3312 3988 3439 4044 Car-

1827 4071 2192 4146 thaginiensis
2240 4074 2466 4143 expulit.
2503 4073 2620 4128 loca
2671 4082 2860 4128 sancta
2899 4083 2991 4130 aut
3028 4092 3251 4132 suorum
3289 4079 3440 4134 habi-

1825 4166 2002 4220 tacula
2030 4165 2178 4233 iecit,
2225 4174 2318 4221 aut
2358 4167 2596 4221 Arrianis
2649 4169 3001 4236 contradidil,
3052 4177 3107 4224 et
3137 4172 3439 4228 catholicos

1825 4257 2031 4329 ubique
2063 4257 2321 4329 persequi
2365 4258 2550 4325 jussit.
2605 4259 2816 4330 (ΒΕΜ.)
2877 4259 3179 4314 Germanus
3201 4261 3438 4316 Antisio-

1827 4349 2076 4403 dorensis
2100 4356 2155 4404 et
2186 4350 2368 4420 Lupus
2415 4350 2781 4405 Trecassenus
2822 4352 3138 4420 petentibus
3167 4352 3438 4408 Britannis

1826 4438 1881 4492 in
1915 4439 2246 4493 Britanniam
2299 4440 2632 4514 diriguntur,
2665 4449 2724 4495 ut
2771 4443 3004 4496 heresim
3064 4444 3435 4515 Pelagianam,

1829 4547 1952 4601 quae
1981 4530 2059 4584 ibi
2085 4537 2210 4585 ante
2233 4531 2636 4602 aliquotannos
2653 4533 3034 4603 pullulat-erat.
3063 4535 3433 4600 confutarent,

1829 4633 1883 4680 et
1920 4633 2124 4680 rectam
2159 4625 2321 4680 fidem
2356 4626 2745 4682 aecclesiastica
2772 4628 3092 4682 auctoritate
3111 4629 3434 4684 solidarent.

1830 4715 2054 4769 lnterim
2089 4715 2336 4770 hostibus
2389 4732 2456 4770 ex
2515 4731 2669 4771 more
2702 4717 2931 4771 insulam
3004 4719 3436 4782 incursantibus,

1828 4805 2078 4858 animans
2118 4821 2312 4859 omnes
2343 4805 2406 4858 ad
2463 4805 2826 4860 resistendum
2880 4807 3184 4861 Germanus
3232 4815 3286 4862 et
3318 4809 3438 4879 ipse

1830 4895 1938 4948 dux
1979 4909 2168 4948 eorum
2227 4893 2559 4964 factus,jam
2622 4894 2676 4947 in
2726 4896 3009 4964 procinctu
3045 4897 3237 4967 positis
3262 4898 3440 4952 hosti-

1829 4987 1954 5053 bus,
1997 4986 2139 5041 elato
2170 4987 2408 5041 clamore
2440 4985 2666 5040 Alleluia
2696 4987 2995 5058 incipiens,
3029 4999 3082 5043 et
3115 4990 3228 5043 suis
3251 5006 3436 5044 secum

1829 5078 2212 5146 clamantibus,
2257 5080 2400 5133 idem
2450 5080 2635 5133 hostes
2679 5079 2840 5133 vertit
2897 5080 2949 5134 in
3004 5081 3213 5154 fugam,
3245 5088 3299 5134 et
3350 5081 3436 5135 in-

1833 5177 2112 5225 cruentam
2158 5170 2420 5225 obtinens
2476 5171 2782 5236 victoriam,
2829 5170 2897 5224 ab
2951 5171 3261 5226 imminenti
3292 5171 3442 5242 peri-

1835 5262 1958 5316 culo
1988 5262 2438 5333 eripuitpatriam
2468 5261 2587 5330 (112.)
2623 5261 2888 5327 Britanni,
2921 5263 3014 5332 qui
3066 5277 3165 5332 per
3208 5269 3288 5316 tot
3337 5277 3440 5314 an-

1836 5365 1937 5405 nos
1969 5351 2202 5420 expositi
2259 5349 2476 5405 fuerant
2534 5349 2716 5420 prcdze
2775 5357 2830 5405 et
2880 5350 3119 5405 hostium
3179 5349 3442 5415 ludibrio,

1476 5445 1694 5502 V’ARIZE
1728 5450 2104 5510 LECTIONES.

214 5531 419 5622 itlllt.
449 5538 578 5609 B3',
607 5539 701 5596 C3.
730 5540 816 5595 ι’.
844 5540 902 5596 Ι).
939 5543 982 5576 ²⁹
1029 5543 1328 5613 Sequentia
1360 5545 1455 5602 Hic
1503 5580 1567 5588 —
1599 5551 1846 5622 episcopi
1883 5561 1938 5607 et
1976 5553 2132 5621 jussu
2185 5552 2333 5608 Theo
2370 5554 2468 5606 sub
2520 5567 2666 5606 anno
2695 5551 2820 5618 444,
2865 5567 3061 5605 rasura
3117 5552 3186 5605 16
3213 5570 3230 5619 ;
3258 5553 3450 5605 desunt

1711 5692 1916 5748 NOT/E.

165 5606 244 5655 uni
265 5607 316 5658 Α.

223 5744 346 5815 (158)
375 5748 451 5804 Cf.
485 5752 551 5806 ad
581 5767 633 5806 a.
659 5751 764 5807 417
795 5771 810 5818 ;
846 5754 1082 5812 Isidorus
1116 5775 1129 5811 :
1159 5762 1322 5812 annis
1351 5759 1437 5816 33.
