3894 6220
377 337 448 392 83
1592 336 1933 390 SIGEBERTI
1975 335 2485 391 GEMBLACENSIS.
3631 337 3697 390 81

379 461 582 536 Anglos
612 459 844 516 invitant
883 474 911 512 a
943 457 1256 516 Germania.
1309 459 1467 533 Angli
1513 460 1851 514 Britanniam
1899 476 1989 515 ve-
2013 464 2065 532 Α
2093 469 2148 514 et
2170 461 2334 516 domo
2367 461 2640 526 exclusus,
2672 460 2946 531 reliquum
2976 459 3107 514 vitae
3166 475 3341 532 usque
3372 460 3441 513 ad
3470 469 3696 514 mortem

381 549 560 615 niunt,
591 563 822 619 eamque
850 547 918 602 ab
953 547 1202 602 hostibus
1229 554 1400 602 tutam
1441 547 1649 602 faciunt
1677 564 1797 602 esse
1829 566 1845 610 ;
1877 563 1988 603 non
2092 552 2273 607 nudus
2299 552 2401 606 sub
2437 552 2581 607 nudo
2623 567 2750 606 aere
2795 552 2996 625 exegit.
3032 551 3274 621 (Paose.)
3315 551 3557 606 Placidia
3583 567 3698 606 ma-
3775 581 3778 583 -

381 638 552 692 multo
575 646 696 707 post
735 652 856 690 eam
886 635 992 689 sibi
1023 635 1325 690 vindicant.
1363 635 1709 690 Ambrosium
1744 637 1988 690 Aurelia-

385 744 513 782 num
538 727 644 781 sibi
675 725 919 780 Britanni
980 740 1162 798 regem
1222 732 1487 788 statuunt,
1539 726 1766 796 ejusque
1821 725 1986 779 ductu

385 833 483 888 per
513 830 690 870 annos
713 817 781 870 45
829 815 874 847 ³ο
927 815 1075 869 vario
1123 815 1252 869 belli
1307 825 1504 870 eventu
1547 822 1736 870 contra
1789 816 1988 889 Anglos

384 911 710 984 conﬂigunt.

492 1007 619 1061 447.
696 1005 757 1060 Β.
786 1005 874 1059 20.
954 1006 1010 1060 Ρ.
1053 1007 1106 1059 5.
1190 1006 1242 1059 F.
1282 1005 1365 1062 17.
1447 1006 1502 1060 Β.
1542 1007 1592 1060 1.

847 1097 932 1154 W.
962 1098 1017 1154 8.
1093 1097 1154 1151 G.
1191 1098 1275 1150 17.
1355 1096 1530 1151 H.11.

461 1191 544 1258 (11.
577 1207 651 1246 m.
688 1190 702 1257 )
735 1190 913 1244 Bledte
975 1189 1253 1244 Hunorum
1320 1188 1433 1262 regi
1477 1204 1600 1242 cum
1643 1188 1802 1242 fratre
1833 1188 1995 1242 Attila

390 1279 703 1350 pervaganti
732 1277 997 1333 orientale
1044 1276 1359 1347 imperium,
1408 1277 1499 1330 dat
1527 1275 1869 1330 Theodosius
1899 1291 1997 1345 pro

395 1383 614 1422 recessu
666 1383 761 1421 sex
818 1365 968 1420 milia
997 1365 1262 1420 librarum
1322 1364 1605 1436 pollicitus
1646 1365 1695 1418 ei
1754 1381 1997 1419 annuum

391 1462 539 1516 mille
568 1461 828 1515 librarum
884 1460 1171 1515 tributum.
1226 1461 1412 1530 (GREG.
1475 1459 1603 1514 Tua.
1637 1466 1707 1514 De
1735 1461 1803 1528 gl.
1832 1467 1996 1512 mart.

389 1553 502 1622 95.)
531 1553 683 1624 Apud
708 1553 984 1623 Ephesum
1018 1560 1230 1622 septem
1266 1552 1459 1607 fratres
1487 1568 1518 1605 a
1558 1551 1721 1606 Decio
1754 1552 1999 1621 impera-

390 1654 505 1701 tore
532 1661 630 1716 pro
662 1645 876 1700 Christo
921 1644 1256 1711 tormentati,
1302 1644 1356 1697 in
1411 1643 1674 1714 spelunca
1700 1659 1757 1697 se
1785 1644 2001 1697 clause-

393 1742 539 1800 runt,
571 1741 624 1788 et
655 1734 794 1788 facta
849 1733 1098 1788 oratione
1156 1732 1233 1786 ibi
1297 1732 1711 1787 ohdormierunt
1747 1749 1759 1786 :
1794 1741 1846 1785 et
1880 1740 2004 1802 post

1669 1005 1750 1060 W.
1795 1003 1882 1060 18.

2090 651 2174 700 ter
2202 643 2570 698 Valentiniani
2605 644 2788 699 Romae
2809 643 3068 698 defuncta
3099 650 3200 699 est.

2195 733 2312 785 452.
2403 734 2449 785 1.
2531 733 2616 787 10.
2722 732 2774 787 4.
2868 731 2922 786 6.
3017 731 3108 788 23.
3205 733 3292 786 13.
3370 730 3460 786 22.
3539 732 3589 785 3.

2163 818 2376 889 (Βευλ.)
2426 820 2688 874 lnstantia
2719 819 2916 874 Leonis
2946 834 3122 890 papae,
3175 819 3410 888 jubente
3443 819 3698 874 Martiano

2093 908 2444 978 imperatore,
2478 915 2808 983 congregata
2839 916 2892 963 et
2926 908 3118 964 habita
3149 917 3230 963 est
3256 916 3449 980 quarta
3480 908 3702 962 univer-

2093 1001 2224 1054 salis
2254 1002 2499 1071 synodus
2527 1003 2632 1057 630
2663 1002 3049 1072 episcoporum
3107 1002 3252 1072 apud
3295 1000 3658 1056 Calcedonem
3688 1019 3702 1066 ;

2097 1093 2151 1146 in
2175 1109 2282 1164 qua
2314 1093 2538 1148 Euticen
2571 1093 3238 1164 Constantinopolitanum
3269 1093 3548 1159 abbatem,
3591 1109 3706 1164 pro-

2098 1183 2443 1237 nuntiantem
2466 1183 2620 1237 verbi
2644 1183 2739 1237 Dei
2794 1191 2847 1236 et
2886 1183 3066 1236 carnis
3098 1199 3260 1236 unam
3291 1198 3412 1237 esse
3435 1189 3704 1248 naturam,

2100 1274 2332 1345 ejusque
2351 1275 2700 1330 defensorem
2729 1275 3047 1330 Dioscorum
3079 1274 3504 1329 Alexrandinum
3538 1289 3708 1345 quon-

2103 1363 2227 1418 dam
2258 1366 2602 1435 episcopum,
2634 1382 2741 1419 una
2762 1375 2975 1436 patrum
3017 1366 3293 1420 sententia
3324 1365 3704 1436 prejudicavit.

2102 1457 2407 1513 Nestorium
2429 1459 2598 1513 etiam
2614 1458 3273 1528 Conslantinopolitanum
3293 1459 3576 1530 quondam
3601 1458 3711 1529 epi—

2101 1567 2348 1621 sc0pum,
2382 1550 2510 1605 olim
2543 1550 2596 1604 in
2626 1551 2895 1621 Ephesina
2921 1550 3117 1606 sinodo
3145 1552 3485 1612 damnatum,
3513 1551 3706 1604 iterum

2101 1639 2588 1705 anathematizans,
2634 1655 2756 1693 cum
2816 1638 3046 1710 reliquis
3112 1639 3372 1694 hereticis
3409 1639 3709 1706 damnavit,

2103 1729 2394 1797 predicans
2425 1727 2616 1782 eadem
2649 1728 2880 1782 sinodus
2903 1727 3174 1784 Christum
3209 1729 3379 1781 Deum
3407 1727 3489 1782 sic
3519 1727 3590 1781 de
3611 1727 3717 1781 Vir-

393 1839 568 1879 annos
608 1838 720 1876 suae
752 1821 1100 1876 dormitionis
1152 1821 1370 1876 circiter
1426 1821 1524 1874 192
1553 1837 1650 1876 ore
1697 1821 1998 1892 speluncu‘,
2028 1821 2230 1910 Bgine
2261 1829 2469 1887 natum,
2496 1828 2555 1875 ut
2594 1820 2646 1874 in
2681 1835 2748 1875 eo
2789 1829 2843 1874 et
2897 1821 3098 1875 divinae
3125 1829 3179 1874 et
3223 1820 3479 1874 humanae
3512 1827 3713 1874 natura:

395 1911 543 1984 quod
572 1911 872 1981 imperator
893 1910 1090 1965 Decius
1137 1910 1503 1976 obstruxerat,
1559 1909 1829 1980 patefacto
1863 1909 2003 1963 divi-

398 2005 566 2068 nitus,
587 2019 616 2056 a
643 2017 856 2057 somnio
910 2008 1161 2075 surgunt,
1219 2009 1273 2055 et
1294 2009 1498 2056 asserta
1547 2000 1655 2055 fide
1688 2008 1885 2056 nostra:
1909 2018 2001 2054 re-

398 2093 754 2148 surrectionis
783 2108 965 2146 coram
1026 2092 1338 2147 Theodosio
1375 2092 1726 2162 imperatore,
1799 2093 1867 2147 de
1899 2110 2006 2164 qua

399 2186 628 2240 multum
653 2184 1029 2250 dubitabatur,
1059 2183 1252 2237 iterum
1303 2184 1587 2238 dormiunt
1613 2184 1666 2238 in
1701 2184 1910 2239 Christo
1937 2187 2000 2240 3'.

503 2277 628 2332 448.
703 2276 792 2330 21.
870 2277 922 2330 6.
1019 2275 1104 2330 18.
1215 2276 1270 2329 2.
1351 2277 1416 2332 19
1511 2278 1563 2332 9.
1642 2277 1729 2338 18,
1811 2276 1895 2330 12.

469 2367 550 2436 (G.
582 2381 630 2420 ν.
660 2363 1087 2434 F.)Merovecus
1136 2362 1282 2417 ﬁlius
1335 2363 1507 2418 Clodii
1563 2381 1730 2435 super
1771 2365 2008 2420 Francos

399 2466 591 2527 regnat
621 2453 783 2506 annis
818 2451 899 2517 10,
943 2469 974 2506 a
1003 2468 1112 2523 quo
1144 2451 1308 2506 nimis
1365 2452 1485 2506 utili
1537 2467 1666 2524 rege
1700 2453 1887 2507 Franci
1920 2469 2008 2507 co-

397 2545 701 2617 gnominati
724 2554 851 2598 sunt
872 2543 1194 2618 Merovingi.

503 2639 628 2693 449.
704 2638 793 2692 22.
871 2637 924 2689 7.
1029 2637 1080 2690 1.
1159 2635 1210 2691 3.
1309 2637 1398 2692 20.
1478 2635 1562 2692 10.
1647 2640 1731 2694 19.
1812 2640 1899 2694 13.

469 2723 907 2795 (Pnose.)Bleda
941 2739 1033 2779 rex
1094 2723 1373 2779 Hunorum
1432 2725 1624 2780 fraude
1690 2726 1870 2782 fratris
1927 2727 2009 2782 sui

399 2817 576 2871 Attila).
601 2816 913 2888 perimitur,
941 2816 1104 2887 eique
1160 2818 1464 2872 succedens
1522 2819 1639 2889 ipse
1673 2820 1828 2874 Attila
1867 2828 2013 2877 totus

402 2907 456 2960 in
497 2905 772 2960 excidium
797 2904 949 2960 orbis
990 2905 1176 2960 animo
1209 2906 1394 2961 fertur.
1434 2914 1506 2976 (ν.
1539 2909 1706 2978 Rem.)
1733 2909 2014 2984 Remigius

403 2996 694 3052 Remensis
725 2996 970 3051 nascitur
1021 2998 1190 3067 (159),
1247 2999 1632 3069 prenuntiatus
1671 3018 1736 3055 ex
1787 3003 2013 3058 nomine

402 3105 502 3161 per
531 3089 846 3144 Montanum
880 3090 1231 3144 monachum.
1299 3092 1413 3156 Quo
1461 3101 1588 3146 nato
1637 3093 1781 3148 idem
1807 3094 2084 3182 Manta-(3

402 3192 528 3242 nus,
557 3176 686 3248 quia
737 3191 919 3231 caecus
942 3186 1078 3243 erat,
1134 3178 1204 3232 de
1234 3179 1372 3234 lacte
1404 3179 1614 3234 Cilinim
1661 3182 1848 3236 matris
1894 3183 2013 3250 ejus

401 3266 592 3322 oculos
637 3281 768 3321 suos
810 3265 1034 3332 liniens,
1093 3267 1434 3323 illuminatus
1487 3278 1569 3325 est
1624 3272 1688 3336 (Η
1748 3272 1848 3340 m.)
1882 3272 2012 3326 Ger-

404 3373 599 3412 manus
625 3356 1094 3412 Antisiodorensis
1143 3374 1264 3413 cum
1311 3359 1511 3414 Severo
1551 3360 1859 3416 Trevirensi
1892 3362 2010 3432 epi-

401 3464 571 3520 scopo
600 3448 794 3504 iterum
853 3449 921 3502 ad
968 3449 1301 3504 Britanniam
1353 3451 1572 3517 missus,
1625 3461 2007 3507 renascentem

405 3538 754 3613 Pelagianam
777 3537 1012 3592 heresim
1041 3537 1305 3594 confutat.

508 3628 632 3684 450.
709 3627 797 3681 23.
876 3627 930 3682 8.
1033 3625 1085 3681 2.
1187 3628 1240 3682 4.

1345 3628 1434 3681 21.
1515 3629 1601 3683 11.
1679 3629 1768 3683 20.
1851 3630 1900 3683 1.

473 3720 712 3791 (Ριιοερ.)
738 3719 884 3774 Nova
911 3719 1105 3773 iterum
1135 3719 1334 3774 orienti
1360 3720 1644 3793 consurgit
1671 3721 1850 3785 ruina,
1881 3720 2012 3792 quia

402 3812 753 3884 septuaginta
770 3827 880 3866 non
908 3811 1090 3866 minus
1114 3811 1366 3866 civitates
1406 3812 1804 3882 depredatione
1830 3812 2014 3867 Huno-

403 3921 519 3960 rum
549 3909 847 3959 vastantur.
882 3903 1069 3971 (Banx)
1117 3903 1420 3958 Germanus
1463 3905 1928 3960 Autisiodorensis
1957 3904 2009 3958 in

401 3998 608 4052 Italiam
638 3996 936 4068 profectus,
992 3997 1264 4050 Ravennae
1323 3997 1570 4053 moritur.
1633 3997 1838 4067 Corpus
1890 3999 2011 4067 ejus

401 4103 528 4142 cum
574 4085 744 4140 multa
796 4085 1184 4142 miraculorum
1232 4087 1407 4160 gloria
1455 4087 1864 4142 Antisiodorum
1919 4105 2010 4142 re-

402 4175 591 4230 fertur.

542 4268 668 4322 451.
743 4267 833 4323 24.
909 4268 960 4324 6.
1039 4268 1092 4323 3.
1168 4267 1204 4323 5
1297 4267 1386 4322 22.
1486 4267 1570 4321 12.
1647 4267 1738 4322 21.
1815 4267 1866 4322 2.

473 4357 668 4426 (lusa)
699 4355 1040 4411 Theodosius
1070 4357 1370 4428 imperator
1397 4355 1558 4422 obiit,
1591 4355 1676 4410 cui
1708 4357 2013 4413 succedens

402 4452 698 4507 Martianus
729 4451 962 4522 imperat
998 4451 1160 4506 annis
1213 4451 1316 4514 73’,
1370 4465 1492 4504 cum
1549 4463 1658 4519 quo
1683 4448 2088 4541 Valentinia-D

401 4559 506 4598 nus
533 4541 694 4597 annis
724 4543 778 4598 5.
813 4543 962 4612 (Vter
1011 4541 1150 4613 VIT.)
1206 4541 1263 4594 ln
1312 4540 1489 4594 Africa
1521 4540 2011 4597 exardescentibus

398 4631 681 4687 Wandalis
701 4632 795 4696 ita,
827 4638 886 4686 ut
925 4631 1095 4685 libros
1141 4629 1362 4685 divinos
1415 4638 1708 4685 exurerent
1748 4637 1801 4685 et
1833 4631 1902 4686 de
1930 4648 2012 4686 sa-

401 4725 508 4781 cris
533 4725 694 4796 pallis
723 4741 787 4780 ac
810 4724 1056 4780 vestibus
1099 4729 1278 4777 vestes
1307 4722 1412 4776 sibi
1457 4721 1719 4788 facerent,
1778 4723 2014 4780 Valeria-

401 4833 506 4871 nus
556 4816 853 4888 episcopus
895 4812 1302 4888 octogenarius,
1350 4813 1547 4868 nolens
1591 4814 1774 4869 divina
1829 4831 2014 4871 sacra-

401 4913 588 4962 menta
602 4907 849 4979 profanis
881 4904 1163 4969 tradere,a
1190 4919 1320 4977 rege
1351 4903 1644 4961 Genserico
1675 4907 1825 4962 omni
1877 4908 2011 4963 urbe

2105 1913 2464 1967 substantiam
2495 1929 2616 1968 esse
2683 1912 2972 1968 fateamur.
3033 1913 3126 1967 Hic
3183 1913 3465 1966 decretum
3528 1919 3634 1977 est,
3665 1921 3720 1966 ut

2107 2012 2283 2059 mater
2306 2004 2522 2060 Domini
2571 2005 2737 2060 Maria
2782 2021 2891 2059 non
2923 2005 3097 2060 solum
3159 2005 3584 2070 christothocos,
3628 2004 3719 2059 sed

2107 2093 2270 2148 etiam
2345 2095 2670 2149 theothocos
2719 2095 2976 2149 credatur
3029 2102 3084 2148 et
3139 2093 3450 2165 appeletur,
3503 2099 3724 2164 pr0pter

2107 2185 2479 2256 blasphemias
2535 2187 2765 2242 Nestorii
2822 2187 3162 2252 mentientis,
3216 2202 3336 2241 eam
3383 2201 3496 2241 non
3530 2186 3719 2251 Deum,

2107 2275 2202 2329 sed
2239 2291 2432 2344 purum
2458 2275 2737 2328 hominem
2771 2275 3054 2348 genuisse.
3085 2275 3432 2330 Terremotus
3461 2291 3611 2345 pene
3642 2291 3724 2330 as-

2107 2366 2252 2420 sidui
2285 2367 2516 2440 etsigna
2550 2365 2785 2436 plurima
2818 2365 2872 2420 in
2927 2367 3063 2422 caelo
3121 2366 3512 2421 ostenduntur.
3539 2368 3723 2435 (lDAC.)

2109 2458 2346 2528 Vespere
2378 2458 2444 2510 ab
2477 2457 2734 2528 aquilone
2765 2457 2955 2512 czelum
2987 2457 3224 2512 efficitur
3248 2457 3455 2511 rubens
3479 2465 3542 2512 ut
3563 2458 3719 2530 ignis,

2113 2547 2438 2600 intermixtis
2469 2563 2567 2618 per
2597 2547 2820 2619 ignenm
2881 2547 3140 2602 ruborem
3173 2546 3504 2602 clarioribus
3525 2547 3722 2602 lichnis

2114 2637 2168 2690 in
2211 2645 2445 2690 astarum
2502 2637 2742 2707 speciem
2792 2635 3130 2692 deformatis.
3205 2636 3354 2690 Luna
3381 2635 3722 2702 obfuscatur,

2113 2735 2357 2780 cometes
2378 2733 2624 2796 apparet.
2649 2731 2701 2779 et
2723 2725 2892 2779 multa
2918 2725 3042 2780 alia.
3077 2725 3206 2790 Quae
3236 2741 3345 2780 non
3377 2740 3498 2780 esse
3532 2725 3724 2790 otiosa,

2115 2815 2359 2868 ostendit
2390 2814 2599 2868 instans
2629 2831 2808 2868 rerum
2837 2813 3250 2886 consequentia.

2185 2906 2307 2961 453.
2410 2908 2464 2962 2.
2577 2909 2655 2962 11.
2751 2907 2960 2962 5.’7.
3062 2907 3149 2960 21.
3236 2907 3316 2961 H.
3415 2906 3508 2961 23.
3610 2909 3663 2972 4,

2187 2999 2268 3067 (Η.
2309 2997 2408 3065 m.)
2441 2997 2601 3051 Attila
2642 2997 2920 3051 Hunornm
2982 3012 3075 3050 rex
3111 2996 3436 3052 Walameris
3467 2997 3728 3074 Ostrogo-

2116 3087 2330 3141 thorum
2365 3085 2510 3159 regis
2533 3086 2858 3161 et‘Ardarici
2890 3086 3218 3156 Gepidarum
3264 3085 3412 3161 regis
3441 3095 3494 3141 et
3530 3089 3725 3142 multa-

2116 3194 2232 3230 rum
2253 3176 2656 3248 aquilonarium
2689 3177 2938 3250 gentium
2970 3176 3078 3231 sibi
3122 3177 3491 3245 subjectarum
3526 3178 3727 3233 auxilio

2112 3268 2302 3335 fultus,
2325 3286 2353 3322 a
2385 3268 2684 3323 Pannoniis
2714 3285 2990 3342 egressus,
3055 3268 3399 3324 occidentale
3433 3269 3725 3340 imperium

2113 3357 2320 3411 invadit
2353 3373 2474 3412 cum
2500 3356 2818 3429 quingentis
2874 3364 3206 3412 armatorum
3259 3357 3508 3412 milibus.
3540 3358 3600 3412 Et
3623 3357 3730 3429 pri-

2110 3467 2199 3506 mo
2225 3468 2322 3522 per
2345 3458 2483 3506 totas
2513 3451 2730 3517 Gallias,
2765 3460 2916 3506 tanta
2948 3468 3045 3522 per
3090 3467 3186 3507 eos
3218 3451 3309 3505 Dei
3342 3450 3607 3506 efferbuit
3640 3453 3724 3506 in-

2113 3543 2380 3618 dignatio,
2414 3552 2472 3597 ut
2502 3543 2704 3597 nullam
2738 3543 2966 3598 omnino
2999 3543 3296 3610 civitatem,
3319 3543 3615 3598 castellum
3650 3543 3729 3597 vel

2113 3635 2377 3706 Oppidum
2402 3635 2585 3706 aliqua
2617 3651 2647 3688 a
2673 3634 2855 3690 furore
2908 3650 3099 3690 eorum
3142 3633 3384 3705 potuerit
3406 3635 3575 3689 tutari
3609 3651 3726 3690 mu-

2113 3728 2267 3783 nitio.
2300 3728 2579 3782 Postremo
2611 3726 2916 3781 Aurelianis
2946 3727 3136 3782 urbem
3169 3727 3268 3794 ,eis
3306 3725 3727 3792 obsidentibus,

2114 3817 2181 3871 ad
2205 3816 2516 3870 subsidium
2547 3816 2842 3870 Galliarum
2885 3814 3158 3870 advolavit
3215 3815 3478 3886 patricius
3534 3815 3735 3870 Roma-

2115 3917 2309 3956 norum
2345 3902 2515 3968 Etius,
2548 3903 2716 3958 fultus
2745 3911 2799 3957 et
2844 3901 2964 3974 ipse
3015 3901 3343 3957 Theoderici
3395 3901 3736 3978 Wisigotho-

2113 4008 2231 4045 rum
2261 3992 2405 4065 regis
2425 4001 2479 4046 et
2505 3991 2774 4047 Meroveci
2834 3992 3162 4047 Francorum
3214 3992 3360 4066 regis
3383 3991 3730 4064 aliarumque

2111 4082 2358 4157 gentium
2390 4083 2565 4154 cepiis
2591 4083 2945 4139 militaribus.
2981 4083 3242 4138 Conserto
3274 4081 3453 4154 prelio
3504 4083 3564 4137 in
3593 4099 3733 4138 cam-

2115 4178 2200 4248 pis
2230 4177 2615 4244 Catalaunicis,
2647 4185 2944 4252 pugnatum
2975 4185 3060 4232 est
3089 4193 3266 4249 usque
3297 4177 3366 4232 ad
3408 4177 3732 4248 diremptio-

2115 4281 2239 4320 nem
2275 4266 2469 4320 noctis.
2505 4265 2656 4320 Etius
2684 4265 2937 4335 superior
2967 4265 3191 4337 quidem
3223 4265 3470 4331 recessit,
3509 4265 3730 4320 Attilam

2114 4364 2296 4410 tamen
2339 4373 2448 4412 non
2498 4373 2673 4428 usque
2715 4357 2783 4411 ad
2823 4357 3266 4413 internecionem
3311 4354 3544 4411 delevit.
3583 4355 3732 4411 Caesa

2113 4455 2240 4503 sunt
2259 4449 2332 4502 ibi
2366 4457 2585 4504 centum
2637 4449 2919 4522 octoginta
2944 4449 3096 4503 milia
3139 4455 3513 4522 pugnatorum
3551 4472 3569 4513 ;
3601 4449 3741 4503 inter

2113 4561 2253 4617 quos
2281 4546 2442 4600 etiam
2487 4546 2688 4600 cecidit
2717 4545 3083 4601 Theoderitus
3143 4562 3237 4600 rex
3267 4544 3728 4618 Wisigothorum.

2115 4635 2295 4699 Attila,
2327 4641 2607 4705 resumpta
2647 4651 2746 4706 spe
2768 4651 2833 4688 ex
2883 4634 2985 4688 Etii
3045 4633 3312 4697 discessu,
3372 4633 3736 4703 :repatriavit,

2117 4733 2326 4778 mature
2355 4723 2633 4778 rediturus
2662 4723 2918 4793 suppleto
2941 4722 3182 4778 exercitu
3239 4721 3400 4793 (160).
3431 4723 3564 4791 (1b.)
3600 4723 3740 4777 Thu-

2115 4815 2390 4870 rismodus
2441 4814 2588 4869 ﬁlius
2641 4814 2953 4869 Theoderiti
3011 4830 3243 4888 regnum
3301 4812 3736 4888 Wisigotharum

2113 4909 2378 4980 suscepit,
2433 4909 2708 4981 annisque
2754 4909 2787 4963 3
2843 4909 3092 4982 regnavit
3139 4914 3202 4972 (ν
3250 4907 3486 4975 Servat.)
3526 4908 3715 4980 Nycha

1750 5006 1970 5062 νΑΒΙιιΕ
1989 5006 2364 5063 LECTIONES.

471 5108 517 5142 ⁸ο
547 5112 625 5163 ita
659 5123 798 5162 corr.
827 5105 999 5174 Sigeb.
1035 5105 1171 5179 qaod
1191 5107 1365 5173 primo
1394 5105 1564 5179 XLXV
1588 5111 1919 5178 scripserunt
1947 5109 2129 5163 XLllll
2161 5111 2358 5164 habent
2411 5108 2502 5163 Cl.
2559 5109 2647 5163 2*.
2697 5107 2747 5164 3.
2785 5108 2842 5161 D.
2897 5107 2954 5162 E.
3001 5107 3304 5162 Germanus
3334 5137 3398 5146 -—
3432 5107 3717 5179 confligun

399 5181 591 5234 desunt
615 5181 696 5234 ed.
721 5196 809 5249 pr.
835 5184 887 5232 et
911 5181 1027 5231 sine
1055 5176 1214 5251 dubio
1233 5181 1356 5246 ja-m
1387 5178 1514 5232 Dl".
1551 5181 1666 5233 1".
1693 5176 1838 5234 'E8h.
1881 5181 1924 5214 ³ί
1954 5181 2110 5251 Apud
2139 5212 2208 5220 —
2249 5179 2464 5234 Christo
2502 5183 2745 5249 primum
2798 5183 2964 5233 unius
3012 5185 3064 5251 et
3115 5179 3352 5251 dimidim
3389 5179 3548 5232 linea:
3575 5176 3723 5248 spati

399 5253 796 5320 comprehensa,
825 5253 882 5302 in
920 5263 1119 5302 rasura
1159 5250 1237 5302 ita
1272 5253 1552 5319 ampliavit
1581 5267 1779 5306 manus
1807 5249 2035 5318 incerta,
2070 5255 2182 5307 rell.
2218 5258 2412 5320 praeter
2437 5251 2520 5316 A.,
2548 5254 2642 5319 qui
2669 5254 2746 5304 ita
2794 5251 2950 5304 habet
2980 5268 2996 5302 :
3030 5250 3184 5318 Apud
3221 5249 3256 5302 Ε
3303 5251 3494 5302 hesum
3529 5257 3744 5320 septem

399 5322 742 5374 dormientes
783 5335 814 5372 a
845 5327 1091 5374 tempore
1123 5317 1270 5374 Decii
1296 5329 1418 5374 post
1443 5337 1618 5374 annos
1655 5339 1768 5374 suae
1797 5323 2148 5374 dormitionis
2180 5324 2284 5374 382
2320 5340 2350 5374 a
2376 5337 2572 5374 sumno
2611 5329 2864 5374 surgunt.
2910 5328 2964 5374 et
2995 5329 3205 5374 asserta
3249 5267 3357 5374 fyde
3389 5319 3744 5374 resurrectio-

398 5317 742 5396 .dorinientes
783 5335 814 5396 εξ
845 5327 1091 5389 tempore
1123 5317 1418 5396 Decii_po'st
1443 5337 1618 5396 annos
1649 5339 1768 5396 suae
1797 5317 2148 5396 doriniti’onis
2180 5317 2284 5396 382
2320 5340 2350 5396 a
2376 5317 2572 5396 sumno
2611 5329 2864 5396 surgunt.
2910 5328 2964 5375 et
2995 5317 3205 5396 asserta

3289 5321 3357 5374 de
3389 5319 3748 5375 resurrectio-

402 5392 489 5445 nis
519 5400 744 5458 nostraz,
776 5390 846 5444 de
870 5406 979 5460 qua
1019 5396 1149 5443 tunc
1185 5390 1416 5446 multum
1451 5392 1829 5460 dubitabatur,
1869 5395 2067 5448 iterum
2119 5393 2174 5447 in
2232 5393 2438 5448 Christo
2496 5390 2802 5447 dormiunt.
2859 5397 2942 5446 Ita
2992 5394 3159 5460 igitur
3215 5393 3516 5461 .S‘igebertus
3567 5395 3742 5461 primo

399 5466 705 5533 scripserat.
735 5463 781 5496 ³³
810 5461 873 5515 Vl
901 5462 1097 5516 habent
1131 5461 1255 5518 83'.
1296 5464 1386 5518 (11.
1415 5464 1482 5516 2⁵
1517 5465 1567 5518 3.
1594 5465 1679 5519 4*.
1708 5465 1768 5518 D.

1958 5534 2166 5589 NOTAE.

408 5702 432 5756 1
469 5628 622 5759 ἔξω)
662 5631 779 5687 Non
821 5631 925 5687 hoc
950 5645 1117 5698 anno,
1150 5631 1247 5686 sed
1283 5631 1386 5686 457
1417 5648 1431 5697 ;
1463 5629 1532 5686 cf.
1564 5631 1690 5687 Acta
1751 5632 1846 5688 SS.
1896 5632 2012 5688 Oct.

2196 5632 2344 5702 (160)
2378 5632 2498 5689 Haec
2523 5649 2580 5688 a.
2619 5633 2716 5687 451
2776 5639 2896 5687 acta
2929 5638 3161 5688 constat.
