3894 6220
146 261 210 315 35
1628 240 1985 298 CHRONICA.
2846 254 2851 261 -
3400 238 3472 294 86

144 389 248 443 sius
284 381 589 440 Remensis
616 379 914 451 episcOpus
954 390 1075 431 cum
1138 371 1400 444 Eutropia
1451 385 1642 428 sorore
1687 369 1735 425 al

1868 386 2135 443 Coloniam
2168 384 2414 456 appulsae
2453 389 2599 439 sunt.
2632 382 2824 456 Ibique
2886 400 2952 439 ex
3026 383 3209 459 angeli
3256 384 3470 441 monitu

150 475 308 532 Hunis
361 472 809 544 martyrizantur.
865 468 1065 523 Auctor
1119 464 1402 521 Mettensis
1458 464 1735 536 episcopu:

1868 479 2082 534 Romam
2132 476 2446 541 tendentes,
2506 475 2577 530 ad
2607 474 2799 530 urbem
2855 473 3120 529 Basileam
3153 473 3407 542 navibus,
3438 489 3471 529 a

148 572 456 643 captivatur,
488 568 593 623 sed
624 565 797 622 Hunis
826 563 1070 620 caecitate
1086 561 1384 635 percussis,
1416 576 1537 615 cum
1570 558 1735 629 capti!

1868 571 2066 625 Basilea
2107 569 2333 625 Romam
2390 583 2566 641 usque
2633 567 2867 639 pedibus
2932 566 3215 638 profectae,
3270 567 3469 623 eodem

146 662 221 717 vis
246 676 355 716 suae
398 657 562 714 urbis
593 655 886 711 relaxatur.
938 653 1048 709 Hoc
1104 651 1376 707 excidium
1411 648 1600 703 Galliis
1645 647 1755 701 im-
1855 662 2025 719 eundi
2057 669 2248 718 ιεηοιιθ
2282 661 2562 717 coloniam
2596 666 2725 715 sum
2765 675 3023 726 reversm,
3056 659 3125 714 ab
3156 658 3327 714 Hunis
3355 675 3467 714 υη..

148 748 372 822 pendere
401 745 689 801 Servatius
716 741 1053 818 Tungrensis
1100 741 1394 813 episcopus
1424 739 1588 813 longe
1624 744 1735 792 ante

1868 755 2021 828 lique
2049 754 2331 810 obsessam
2385 753 2421 807 Α
2455 753 2658 825 quibus
2675 766 2885 807 cunctae
2915 750 3298 822 martyrizatae,
3324 766 3469 806 novo

148 840 196 893 in
224 837 417 910 spiritu
450 834 794 908 previderat,
825 839 880 889 et
907 832 1092 887 Romae
1119 847 1150 885 a
1181 830 1338 886 Petro
1365 829 1613 901 apostolo
1646 828 1735 884 ho<

1868 854 1908 903 δι
1939 846 2176 902 mirabili
2218 845 2384 902 modo
2419 845 2851 917 triumpharunt,
2910 849 2964 899 et
3009 842 3291 898 Coloniam
3339 858 3469 897 san-

144 926 395 998 judicium
428 923 529 979 Dei
562 921 882 979 inevitabile
911 919 1025 976 fore
1052 920 1350 985 didicerat;
1393 917 1749 1009 ideoque_re-
1850 934 2023 1009 guine
2053 943 2107 989 ει
2131 933 2411 1004 sepultura
2442 949 2542 988 sua
2570 932 2859 988 clariorem
2892 930 3335 987 reddiderunt”.

147 1016 263 1070 licta
307 1011 622 1084 Tungrensi
650 1011 807 1077 urbe,
865 1025 986 1083 qua:
1016 1008 1319 1066 evertenda
1357 1014 1495 1073 erat,
1527 1004 1596 1060 ad
1620 1004 1735 1059 Tra-

1868 1004 1882 1008 ”
1958 1024 2082 1079 454.
2162 1021 2321 1077 11.3.
2400 1020 2599 1077 v.12.
2679 1020 2736 1076 [κ’.
2775 1020 2829 1078 6.
2911 1020 2965 1077 Β.
3008 1019 3061 1076 8.
3138 1019 3358 1076 w.25.

140 1104 331 1172 jectum
372 1102 571 1157 sedem
621 1098 992 1172 episcopalem
1048 1096 1400 1168 transposuit.
1464 1094 1647 1166 (Cano.
1678 1098 1749 1149 De

142 1200 189 1266 gl
230 1213 283 1249 τη
324 1213 362 1262 ι,
393 1196 509 1267 13.)
552 1195 865 1251 Pullulante
918 1194 1061 1248 intra
1117 1192 1318 1248 Gallias
1364 1190 1591 1245 Arriana
1644 1190 1750 1245 he-

143 1292 262 1362 resi,
293 1306 414 1363 qua;
470 1291 785 1364 inaequales
829 1291 1065 1347 credens
1102 1305 1226 1344 esse
1252 1303 1520 1359 personas
1549 1296 1751 1342 sanctae

145 1378 427 1447 Trinitatis,
460 1378 709 1445 dicebat,
735 1378 929 1435 Filium
962 1378 1232 1434 minorem
1257 1392 1377 1432 esse
1409 1376 1584 1442 Patre,
1616 1375 1748 1447 Spi-

142 1471 291 1526 ritum
322 1487 455 1527 vero
500 1478 758 1528 sanctum
792 1471 1063 1527 minorem
1097 1470 1254 1526 Patre
1288 1478 1342 1525 et
1371 1468 1536 1525 Filio:
1565 1468 1751 1525 Domi-

144 1584 235 1622 nus
278 1575 528 1623 errantes
588 1567 838 1641 corrigit,
895 1567 1198 1623 ostendens
1241 1566 1406 1638 plano
1460 1564 1747 1631 miraculo,

2247 1115 2329 1171 W.
2374 1116 2422 1170 1.
2502 1114 2561 1171 Ο.
2601 1116 2693 1170 24.
2772 1115 2832 1169 Η.
2873 1116 2929 1169 5.

1927 1208 2010 1280 (Α.
2038 1209 2137 1279 m.)
2168 1207 2328 1263 Attila
2358 1206 2567 1262 Italiam
2599 1223 2910 1281 aggressus,
2954 1222 3148 1263 omnes
3174 1222 3318 1278 pene
3345 1207 3467 1280 ejus

1852 1303 2103 1359 civitates
2134 1311 2228 1358 aut
2276 1301 2466 1369 diruit,
2495 1308 2591 1357 aut
2618 1301 2865 1372 diripuit,
2926 1309 3019 1355 aut
3063 1300 3329 1355 incendit.
3385 1300 3464 1355 Ad

1852 1408 1978 1447 enm
2036 1391 2142 1447 Leo
2176 1407 2318 1463 papa
2356 1390 2528 1458 venit,
2577 1398 2633 1445 et
2690 1405 2797 1445 non
2843 1388 3020 1444 solum
3070 1390 3323 1454 salutem,
3363 1389 3462 1443 sed

1851 1485 2016 1539 etiam
2049 1492 2107 1539 ut
2164 1483 2370 1538 rediret
2410 1481 2667 1539 obtinuit.
2726 1482 2836 1536 Rex
2892 1480 3056 1536 Attila
3097 1481 3393 1551 requisitas
3433 1497 3465 1536 a

1852 1576 1987 1643 suis,
2021 1592 2118 1631 cur
2147 1574 2198 1630 ei
2222 1583 2330 1630 tam
2358 1575 2551 1630 fuisset
2576 1573 2881 1645 placabilis,
2916 1573 3224 1643 respondit,
3259 1589 3320 1627 se
3350 1588 3460 1628 non

144 1662 294 1716 Deum
333 1662 390 1716 in
421 1661 604 1717 tribus
640 1661 895 1732 personis
935 1660 1100 1716 unius
1126 1667 1180 1716 et
1216 1658 1444 1732 aequalis
1473 1673 1593 1713 esse
1624 1656 1752 1713 sub-
1776 1699 1828 1768 Β
1852 1681 1978 1721 eum
2011 1680 2133 1719 esse
2163 1663 2479 1729 reveritum,
2515 1662 2612 1716 sed
2643 1677 2833 1716 senem
2857 1661 3150 1732 quemdam
3173 1660 3465 1715 veneram-

144 1758 201 1768 4-.
253 1750 328 1768 A'u
374 1765 435 1768 μμ
458 1766 469 1768 ς
518 1749 609 1768 γὶλι-
637 1766 711 1768 ςνμ-
753 1749 805 1768 -L
841 1749 885 1768 Β»-
918 1750 975 1768 19.
999 1748 1079 1768 μέ-
1104 1749 1157 1768 -ΙΑ
1194 1747 1471 1768 J!--!_!A-n-
1502 1747 1717 1768 n---n-_!
1851 1758 1864 1768 ι
2151 1756 2161 1766 .
2247 1762 2255 1768 ,
2366 1754 2379 1768 ι
2439 1754 2474 1768 ι.
2588 1754 2619 1768 η
2645 1752 2656 1764 .
2814 1759 2824 1768 _
3012 1753 3022 1763 .
3072 1752 3103 1768 ,ι
3191 1759 3201 1768 ι
3396 1752 3406 1763 ,
3446 1752 3459 1763 ,

140 1750 355 1812 stantiae,
373 1765 478 1805 nec
505 1749 718 1805 debere
744 1749 812 1804 ab
839 1748 1083 1825 indignis
1095 1749 1164 1804 de
1186 1747 1475 1804 divinitate
1502 1747 1742 1804 tractari.

140 1837 256 1891 Nam
287 1837 570 1893 Vasatensi
612 1837 754 1892 urbe
783 1837 851 1892 ab
882 1837 1160 1893 Hunorum
1188 1835 1482 1892 obsidione
1512 1834 1744 1889 liberata

140 1949 228 2003 per
248 1932 491 1989 divinum
525 1932 955 2000 auxilium,cum
986 1932 1287 2004 episcopus
1316 1946 1415 2003 pro
1444 1929 1742 2005 gratiarum

139 2023 336 2077 actione
358 2023 585 2077 missam
613 2023 820 2094 populo
843 2021 1169 2088 celebraret,
1192 2020 1500 2092 respiciens
1521 2034 1738 2074 sursum

139 2114 260 2170 vidit
283 2114 520 2185 desuper
548 2114 725 2169 altare
781 2114 937 2186 quasi
968 2113 1038 2168 de
1068 2129 1285 2168 camera
1317 2111 1506 2184 templi
1540 2112 1739 2167 cadere

139 2207 402 2278 aequaliter
452 2215 570 2263 tres
622 2213 805 2281 guttas
860 2206 1091 2278 aequalis
1141 2205 1564 2280 magnitudinis,
1636 2205 1740 2261 cri-

139 2296 279 2352 stallo
308 2297 607 2364 clariores;
641 2312 764 2369 qua:
817 2296 981 2351 simul
1022 2294 1332 2351 detinentes
1361 2302 1417 2351 et
1460 2295 1516 2351 in
1566 2311 1737 2351 unum

140 2389 441 2457 conjunctae,
470 2389 639 2461 Quasi
668 2405 834 2443 unam
884 2404 1156 2463 gemmam
1197 2386 1623 2459 pulcherrimam
1655 2386 1734 2442 ef-

139 2478 377 2536 fecerunt.
412 2482 586 2547 Quam
619 2497 745 2537 cum
786 2480 837 2534 in
875 2480 1059 2535 medio
1091 2479 1272 2535 crucis
1301 2495 1483 2535 aureae
1515 2486 1571 2535 et
1589 2495 1738 2552 gem-

140 2578 276 2625 mata:
299 2572 651 2643 posuissent;
684 2571 806 2626 aliae
845 2586 1078 2645 gemmae
1108 2569 1452 2637 ceciderunt,
1483 2585 1732 2625 seorsum

138 2674 247 2713 vero
278 2661 469 2731 posita,
519 2658 762 2714 inﬁrmis
814 2658 981 2713 dabat
1029 2658 1345 2727 sanitatem,
1377 2657 1737 2714 adorantibus

140 2764 249 2804 vero
275 2750 569 2824 imaginem
629 2756 832 2806 sanctae
861 2750 1039 2806 crucis
1087 2750 1328 2825 augebat
1357 2750 1733 2818 devotionem,

139 2843 247 2913 quia
274 2845 376 2917 piis
401 2853 457 2902 et
503 2848 734 2903 mundis
764 2848 930 2916 clara,
980 2847 1168 2920 impiis
1197 2853 1252 2902 et
1287 2844 1586 2902 immundis
1632 2845 1733 2901 ob-

136 2947 274 2988 scura
302 2935 615 2993 videbatur.
656 2938 730 3009 (V.
787 2936 842 2993 S.
880 2938 1013 3009 Urs.)
1068 2936 1335 2993 Omnibus
1367 2935 1529 2990 bellis
1559 2934 1732 2991 famo-

136 3024 237 3079 sius
262 3024 356 3081 fuit
382 3027 625 3096 bellum,
658 3029 809 3100 quod
845 3029 1171 3085 candidatus
1197 3035 1506 3085 sanctarum
1539 3027 1722 3083 unde-

133 3119 223 3173 cim
248 3120 452 3177 milium
481 3122 766 3198 virginum
798 3124 1070 3179 exercitus
1089 3122 1333 3191 bellavit,
1376 3122 1517 3177 duce
1542 3128 1730 3177 sancta

131 3212 317 3286 virgine
346 3215 558 3273 Ursula.
596 3217 730 3282 Quae
762 3215 874 3273 ﬁlia
896 3218 1061 3274 unica
1092 3218 1275 3283 Nothi,
1309 3216 1644 3274 nobilissimi
1677 3222 1734 3271 et

130 3303 358 3361 ditissimi
407 3308 799 3365 Britannorum
860 3309 1151 3382 principis,
1190 3327 1315 3366 cum
1346 3309 1591 3366 nondum
1623 3326 1732 3365 nu-

129 3397 238 3453 bilis
262 3416 291 3454 a
324 3400 435 3458 ﬁlio
464 3403 767 3472 cujusdam
816 3403 1075 3460 ferissimi
1112 3404 1329 3477 tyranni
1394 3406 1463 3461 ad
1504 3406 1729 3477 nuptias

131 3494 472 3558 expeteretur,
505 3499 563 3547 et
621 3496 833 3563 patrem
865 3507 1027 3547 suum
1084 3508 1253 3564 super
1279 3493 1387 3548 hoc
1415 3492 1625 3548 anxiari
1657 3493 1730 3547 vi-

131 3575 286 3645 deret,
312 3579 401 3651 qui
441 3580 624 3636 Deum
656 3580 962 3651 metuebat,
998 3580 1045 3636 si
1075 3579 1244 3637 ﬁliam
1280 3583 1391 3639 Deo
1419 3581 1529 3652 jam
1561 3582 1733 3638 devo-

133 3669 224 3719 tam
252 3667 454 3724 nubere
484 3677 753 3745 cogeret;
787 3675 842 3724 et
887 3674 1176 3741 tyrannum
1205 3669 1454 3735 timebat,
1482 3670 1528 3725 si
1562 3670 1731 3726 ﬁliam

134 3754 175 3810 ei
202 3756 524 3832 denegaret:
587 3759 858 3816 divinitus
889 3761 1154 3833 inspirata
1185 3762 1398 3818 nutanti
1434 3763 1572 3834 patri
1604 3779 1725 3818 sua-

133 3846 210 3913 sit,
235 3856 290 3904 ut
316 3856 549 3921 tyranno
592 3852 975 3919 assentiretur,
1009 3868 1075 3908 ea
1115 3861 1303 3909 tamen
1332 3854 1411 3909 illi
1441 3854 1725 3926 proposita

132 3943 441 4014 conditione,
497 3954 562 4004 ut
593 3947 714 4019 ipse
743 3955 798 4003 et
823 3953 1087 4020 tyrannus
1128 3948 1319 4005 decem
1350 3949 1596 4025 virgines
1625 3966 1721 4023 ge-

1851 1758 1979 1825 lem,
2008 1756 2298 1829 evaginato
2329 1754 2515 1828 gladio
2555 1752 2659 1809 sibi
2687 1759 2918 1809 mortem
2952 1752 3321 1821 minitantem,
3354 1752 3459 1807 nisi

1844 1847 1965 1917 ejus
1995 1846 2049 1901 in
2068 1845 2325 1902 omnibus
2355 1845 2602 1916 expleret
2631 1844 2992 1899 voluntatem.

1912 1938 2036 1994 455.
2155 1940 2213 1994 4.
2306 1938 2390 1992 13.
2504 1937 2533 1991 7
2668 1936 2723 1993 9.
2798 1936 2889 1991 26.
3000 1935 3053 1991 2.
3131 1934 3219 1991 25.
3331 1935 3384 1992 6.

1913 2032 2111 2103 (Joao.)
2158 2032 2319 2088 Attila
2359 2031 2697 2103 Wisigothos
2746 2030 3025 2086 debellare
3068 2047 3382 2106 aggressus,
3427 2048 3459 2086 a

1838 2127 2200 2184 Thurismodo
2246 2126 2425 2183 victus
2460 2125 2627 2181 rediit
2676 2124 2962 2197 inglorius.
3020 2125 3104 2198 (Η.
3156 2127 3260 2192 m)
3315 2123 3459 2181 Mar-

1839 2218 1990 2274 tiano
2032 2215 2351 2287 imperatori
2392 2230 2668 2286 apparens
2716 2213 2983 2269 Dominus
3012 2213 3069 2269 in
3100 2212 3333 2281 somnis,
3363 2228 3456 2268 ar-

1838 2322 1963 2362 cum
2018 2304 2190 2360 Attilae
2242 2303 2474 2359 fractum
2527 2317 2650 2357 esse
2689 2300 2951 2357 ostendit.
3008 2300 3118 2354 Nec
3162 2299 3217 2353 id
3255 2316 3454 2355 vanum

1841 2399 1965 2455 fuit.
2006 2397 2204 2453 Eadem
2236 2398 2442 2469 quippe
2464 2404 2626 2451 nocte
2679 2394 2840 2450 Attila
2869 2395 2926 2449 in
2958 2394 3170 2465 nuptiis
3197 2394 3312 2449 suis
3342 2410 3458 2449 cra-

1840 2495 2081 2566 pulatus,
2100 2498 2425 2564 erumpente
2454 2507 2555 2563 per
2579 2489 2928 2562 ap0plexiam
2954 2489 3225 2564 sanguine
3256 2489 3324 2543 de
3355 2505 3453 2543 na-

1840 2586 2017 2657 ribus,
2047 2585 2103 2639 in
2132 2584 2276 2640 lecto
2308 2589 2391 2639 est
2418 2582 2708 2639 oﬁ‘ocatus.
2743 2581 2956 2635 Hernac
2986 2579 3133 2635 ﬁlius
3179 2579 3299 2649 ejus
3327 2586 3456 2651 post

1841 2695 1966 2734 eum
2016 2684 2229 2752 regnat.
2262 2674 2677 2732 Valentinianus
2728 2674 3029 2755 imperator
3056 2662 3246 2727 ‘Etium
3280 2671 3455 2743 patri-

1837 2771 1983 2827 cium
2014 2767 2293 2825 interﬁcit.

1905 2863 2028 2918 456.
2140 2862 2192 2916 5.
2278 2862 2361 2916 14.
2474 2858 2528 2916 8.
2616 2859 2699 2913 10.
2777 2858 2867 2915 27.
2982 2857 3033 2911 3.
3111 2857 3204 2915 26.
3320 2859 3374 2914 1.

1904 2953 2078 3023 (lsm)
2133 2951 2531 3008 Thurismodus
2587 2966 2676 3006 rex
2729 2949 3219 3024 Wisigotltaruma
3272 2949 3453 3006 fratri-

1755 3065 1804 3134 Ο
1827 3043 1932 3134 bu‘s
1959 3043 2075 3134 suis
2105 3041 2449 3134 Friterico‘et
2474 3041 2818 3134 Theoderico
2861 3040 3164 3134 jugulatur.
3192 3040 3452 3097 Theode-

1831 3131 1980 3187 ricus
2007 3131 2172 3187 frater
2220 3131 2339 3200 ejus
2368 3129 2424 3184 in
2453 3146 2685 3205 regnum
2738 3129 2789 3185 ei
2814 3129 3141 3197 succedens,
3196 3130 3451 3204 regnavit

1834 3226 1995 3281 annis
2050 3225 2136 3283 13.
2171 3228 2254 3293 (II.
2288 3226 2383 3294 γη.)
2413 3224 2536 3280 Filii
2586 3224 2763 3280 Attilae
2794 3224 2924 3279 dum
2981 3223 3329 3279 contendunt
3381 3224 3452 3280 de

1834 3330 2027 3388 regno,
2059 3316 2321 3385 subjecta
2355 3315 2525 3370 Hunis
2550 3322 2747 3390 gentes
2776 3314 2845 3370 ab
2879 3314 3162 3369 Hunorum
3193 3328 3253 3368 se
3281 3328 3451 3369 excu-

1837 3408 1980 3463 tiunt
2013 3407 2172 3483 jugo.
2235 3409 2314 3476 (Η.
2367 3409 2465 3475 m.)
2522 3407 2763 3463 Consilio
2824 3405 3041 3463 Maximi
3103 3405 3449 3477 tyrannidem

1832 3499 2153 3554 meditantis
2204 3499 2625 3555 Valentinianus
2672 3499 2975 3571 imperator
3004 3514 3036 3552 a
3064 3496 3312 3553 Transila
3340 3496 3449 3553 mi-

1832 3591 1925 3645 lite
1952 3588 2095 3644 Ethii
2127 3588 2435 3660 perimitur.

1902 3683 2029 3738 457.
2141 3681 2194 3737 6.
2278 3682 2361 3737 15.
2473 3682 2528 3736 9.
2607 3682 2695 3736 11.
2781 3680 2875 3736 28.
2987 3681 3038 3735 1.
3116 3680 3209 3738 27.
3318 3680 3374 3735 2.

1896 3772 1975 3844 (ν.
2007 3772 2163 3841 Gen.)
2211 3770 2488 3827 Geuovefa
2526 3771 2680 3845 virgo
2726 3771 3053 3826 Parisiensis
3091 3771 3265 3826 multa
3308 3787 3447 3826 san-

1824 3866 2010 3922 ctitate
2039 3864 2209 3921 claret
2260 3879 2360 3935 per
2385 3862 2601 3918 Gallias.
2635 3863 2719 3935 (11.
2759 3863 2854 3931 m.)
2888 3863 3154 3918 Maximus
3197 3863 3446 3933 tyranni-

1825 3952 1949 4007 dem
2008 3951 2231 4023 arripit:
2276 3950 2599 4017 Eudoxiam,
2662 3950 2907 4006 relictam
2960 3950 3347 4018 Valentiniani,
3392 3952 3445 4009 vi

134 4047 265 4101 nere,
295 4034 486 4107 forma,
518 4044 580 4093 et
616 4044 778 4093 aetate
806 4038 1011 4094 electas
1038 4038 1144 4094 sibi
1175 4039 1476 4107 traderent,
1533 4046 1587 4094 et
1614 4049 1723 4095 tam
1826 4044 1985 4116 rapit.
2049 4043 2146 4099 llla
2196 4042 2551 4099 Gensericum
2606 4058 2672 4097 ex
2744 4041 2914 4099 Africa
2963 4041 3178 4111 invitat,
3220 4049 3280 4099 ut
3307 4059 3367 4099 se
3413 4060 3447 4100 a

133 4122 223 4178 sibi
242 4142 393 4197 quam
425 4128 672 4205 singulis
700 4128 919 4185 illarum
960 4130 1108 4186 mille
1133 4130 1380 4204 virgines
1408 4130 1728 4186 subscribe-
1825 4137 2057 4192 Maximo
2089 4135 2290 4208 eripiat
2318 4135 2379 4191 ³⁸.
2439 4134 2766 4191 Genserieus
2793 4134 3020 4191 Romam
3048 4143 3218 4206 caput,
3258 4134 3446 4191 omnia

133 4224 253 4286 rent,
277 4228 330 4277 et
358 4224 703 4296 comparatis
757 4224 826 4279 ad
866 4241 1156 4281 numerum
1198 4226 1438 4297 ipsarum
1467 4225 1724 4281 undecim
1826 4228 2048 4300 diripit;
2080 4237 2142 4285 ut
2170 4238 2354 4284 tamen
2385 4227 2454 4284 ab
2486 4227 2637 4302 igne,
2668 4227 2820 4284 caede
2846 4234 2902 4284 et
2929 4227 3220 4299 suppliciis
3252 4226 3441 4283 homi-

133 4307 379 4379 trieribus,
410 4312 676 4370 inducias
716 4314 941 4370 triennii
959 4315 1065 4370 sibi
1088 4316 1285 4371 darent
1308 4316 1377 4371 ad
1403 4315 1723 4372 exercitium
1827 4335 1957 4374 num
1986 4319 2310 4386 abstineret,
2345 4318 2451 4375 Leo
2485 4334 2625 4389 papa
2654 4317 2723 4373 ab
2780 4332 2847 4373 eo
2885 4316 3144 4374 obtinuit.
3179 4315 3444 4371 Maximus

133 4396 429 4470 virginitatis
457 4419 608 4471 suae,
656 4418 800 4460 novo
825 4420 925 4460 usa
952 4406 1208 4476 consilio,
1244 4413 1305 4462 ut
1334 4414 1427 4462 aut
1480 4405 1722 4463 difﬁcul-
1744 4439 1801 4508 D
1826 4416 2140 4482 tyrannusa
2167 4409 2373 4481 populo
2406 4408 2751 4465 membratim
2779 4407 3131 4478 discerpitur.
3165 4406 3267 4461 Per
3294 4422 3441 4477 qua-

134 4495 227 4543 lale
252 4495 540 4564 prepositae
570 4496 914 4552 conditionis
942 4498 1185 4554 animum
1218 4499 1341 4570 ejus
1370 4516 1402 4555 a
1430 4515 1489 4555 se
1517 4505 1726 4555 averte-
1744 4495 1795 4508 "
1826 4502 2130 4558 tuordecim
2158 4503 2279 4558 dies
2323 4501 2493 4557 Roma
2531 4500 2853 4572 despoliata,
2889 4499 3217 4554 Genserieus
3260 4497 3444 4553 Eudo-

132 4592 219 4648 ret,
243 4589 450 4645 authae
478 4590 869 4663 oportunitate
904 4608 1098 4650 omnes
1126 4610 1339 4650 coaevas
1372 4610 1504 4650 suas
1533 4609 1723 4649 secum
1826 4590 1969 4647 xiam
1996 4606 2119 4645 cum
2160 4590 2375 4645 duabus
2406 4588 2627 4645 ﬁliabus
2655 4595 2709 4644 et
2736 4588 2910 4645 multo
2960 4587 3160 4659 pepulo
3186 4585 3442 4658 captivat,

134 4670 229 4726 Deo
250 4675 467 4734 dicaret.
502 4681 567 4736 Et
598 4696 667 4735 ex
698 4680 803 4736 hoc
830 4682 1085 4739 condicto
1110 4682 1423 4758 virginibus
1469 4682 1729 4739 trieribus

124 4768 179 4815 .ct
203 4770 499 4840 sumptibus
523 4772 866 4843 comparatis
895 4790 994 4844 per
1018 4774 1337 4843 triennium,
1370 4775 1500 4831 belli
1532 4775 1728 4847 prelu-

136 4850 212 4905 dia
234 4860 438 4914 cunctis
466 4861 827 4925 mirantibus,
867 4863 1091 4919 tandem
1139 4864 1243 4920 sub
1269 4881 1381 4922 uno
1408 4866 1499 4922 die
1529 4874 1727 4941 agente

137 4950 276 5000 vento
318 4948 384 5001 ad
431 4958 658 5022 portum
688 4949 897 5019 Galliae,
928 4952 1023 5024 qui
1074 4951 1223 5009 Tiela
1259 4953 1483 5024 dicitur,
1512 4962 1567 5012 et
1597 4955 1729 5013 inde

1828 4686 1884 4735 et
1912 4677 2224 4750 Campaniae
2256 4678 2424 4734 urbes
2471 4678 2622 4734 omni
2660 4676 2981 4734 vastationis
3026 4692 3234 4752 genere
3259 4684 3444 4732 exter-

1829 4771 2019 4826 minat.
2047 4772 2162 4841 (1b.)
2217 4770 2366 4825 Inter
2412 4770 2529 4825 haec
2549 4768 2811 4824 Paulinus
2863 4769 3127 4839 Nolanus,
3164 4769 3296 4824 dum
3344 4783 3443 4840 pro

1831 4862 2048 4935 captivo
2071 4860 2185 4918 ﬁlio
2215 4861 2395 4923 viduae
2423 4877 2482 4917 se
2507 4861 2772 4916 vicarium
2796 4861 2850 4916 in
2871 4861 3195 4917 servitutem
3226 4859 3445 4916 barbari

1833 4957 2075 5027 subjicit,
2089 4972 2285 5013 omnes
2307 4956 2553 5028 captivos
2563 4971 2678 5011 suae
2691 4955 2847 5014 urbis
2858 4955 3056 5028 recipit
3071 4973 3085 5027 ι
3100 4959 3114 5010 t
3127 4956 3238 5025 61).
3257 4955 3447 5012 Avitus

1473 5094 1693 5149 VABl/E
1714 5095 2093 5152 LECTIONES.

204 5180 543 5267 HOmnibus‘
573 5188 760 5267 bellis
798 5219 858 5267 -_—
915 5191 1280 5267 reddiderunt
1326 5197 1385 5249 in
1438 5196 1654 5250 scedula
1700 5203 1885 5252 assuta
1915 5200 2062 5253 curis
2112 5199 2358 5253 secundis
2391 5197 2500 5267 Sig.
2543 5196 2841 5265 addiderat,
2875 5199 3027 5266 signa
3047 5204 3103 5259 ate
3125 5196 3360 5265 apposito
3386 5197 3448 5250 in

150 5256 423 5340 εξῇιιείβεά
444 5263 614 5340 ΙταῙρε
638 5262 868 5340 scedan
893 5263 1175 5340 (teper-diue
1198 5268 1258 5340 in
1288 5267 1334 5318 t.
1366 5268 1586 5340 nultum
1617 5272 1742 5338 jam
1767 5272 2051 5338 vestigium
2089 5276 2332 5340 apparet,
2360 5256 2474 5325 ηἰδῖ
2487 5256 2860 5339 per-foramina
2884 5256 3013 5324 acus
3038 5256 3451 5340 pauit-illamque

150 5321 459 5414 ξίίίμίτιευέ
486 5321 671 5414 ᾳξυιςισ
694 5334 833 5414 pidit
1168 5336 1374 5414 (reliqui
1392 5338 1597 5414 codices
1617 5321 2052 5408 temtatas,
2078 5321 2279 5411 Ms;
2296 5321 2513 5396 ante:
2527 5321 2623 5395 F3.
2651 5341 2746 5409 qui
2769 5321 2957 5395 tam
2974 5321 3202 5409 tam...
3236 5321 3377 5392 ξιιυᾶ
3398 5349 3451 5403 διε

153 5395 348 5455 exhibet.
420 5395 1437 5478 “Eudoxiam—eripiatdesuhtA.
1682 5480 1873 5536 NOTAE
2222 5395 2231 5397 ἡ
2338 5395 2342 5396 ν
2661 5395 2679 5409 ⁵
3031 5395 3055 5409 ”
3187 5414 3212 5433 ⁸

161 5563 784 5685 (1136ἷέ1112οὲγῇῗέἑῆ
803 5573 1038 5685 ﬁli-:17
1077 5574 1297 5633 factum.
1346 5578 1557 5634 Erroris
1614 5579 1739 5635 fons
1789 5579 1903 5650 jam
1943 5586 2027 5634 est
2073 5579 2208 5636 Hist.
2264 5579 2445 5649 misc.,
2477 5597 2599 5654 qua:
2643 5596 2759 5636 rem
2814 5579 2997 5635 hausit
3040 5596 3106 5636 ex
3163 5580 3350 5656 Greg.,
3381 5578 3450 5634 Μ.

210 5633 268 5687 al.
296 5638 382 5708 Ill,
415 5644 464 5699 1.
487 5644 558 5701 cf.
593 5644 857 5715 Hirschp.
891 5646 978 5703 65.
