3894 6220
379 304 450 357 87
1616 302 1956 358 SIGEBERTI
1997 305 2491 364 GEMBLACENSIS
3646 321 3721 374 88

382 430 687 485 aRomanis
714 428 1011 500 imperator
1028 427 1395 484 constituitur.
1417 429 1607 499 (lose)
1629 430 1997 486 Theodericus
2023 438 2067 505 Α
2100 433 2394 490 medietate
2424 435 2601 492 amico
2631 452 2732 492 suo
2754 437 3116 507 Widiomaro,
3147 440 3294 511 quod
3328 448 3475 497 esset
3493 442 3718 515 signum

384 536 478 576 rex
508 519 934 593 Wisigotharum
974 520 1182 575 Suevos
1210 520 1263 573 in
1320 520 1576 592 Hispania
1605 520 1793 587 vincit,
1826 528 1879 576 et
1905 538 1995 576 re-
2099 523 2462 579 revocationis
2490 540 2625 591 suae,
2668 524 2715 580 si
2742 526 3039 598 aliquando
3071 528 3440 584 intercederet
3471 533 3722 587 reconci-

382 625 493 684 gno
514 624 705 665 eorum
734 609 1036 674 destructo,
1065 624 1294 680 regnum
1320 624 1479 662 suum
1509 624 1576 664 eo
1601 626 1775 681 usque
1804 619 1997 664 exten-
2096 613 2267 680 liatio,
2299 614 2445 685 apud
2480 616 2738 672 Basinum
2786 634 2969 692 regem
3002 618 3408 694 Thuringorum
3440 622 3600 677 latuit
3618 640 3718 678 an-

386 705 481 759 dit.
511 703 830 775 (ΒευΑ.)Ηίδ
849 703 1093 758 Martiani
1122 704 1467 775 temporibus
1492 705 1794 759 Joliannem
1824 706 1996 776 bapti-
2096 708 2182 762 nis
2217 709 2270 763 8.
2316 709 2508 764 Franci
2538 725 2669 766 vero
2698 711 2950 786 Egidium
2986 713 3181 769 ducem
3216 714 3587 772 Romanorum
3629 734 3718 772 re-

384 802 521 850 stam
552 803 717 868 caput
736 812 894 850 suum
927 795 1144 850 duobus
1165 797 1450 851 monachis
1472 797 1742 851 revelasse
1771 798 1991 868 quidam
2094 811 2217 869 gem
2253 796 2360 849 sibi
2398 796 2711 867 proﬁciunt.
2760 800 2971 871 (εἰσίω.)
3005 802 3392 858 Hunimundus
3433 820 3528 860 rex
3577 805 3722 861 Sue-

386 886 654 941 scribunt.
690 887 893 956 (Joan.)
923 886 1178 943 Ardarico
1212 889 1327 961 regi
1360 888 1715 956 Gepidarum,
1749 888 1840 959 qui
1880 889 1996 960 pri~
2098 900 2315 951 vorum,
2366 884 2538 940 fultus
2568 888 2899 959 Schyrorum
2940 889 3166 958 auxilio,
3208 892 3567 964 Ostrogothos
3609 910 3715 969 ag-

387 995 555 1033 musa
595 979 819 1034 servitio
855 981 1131 1036 Hunorum
1163 980 1395 1044 resiluit,
1434 980 1619 1036 lletlac
1642 981 1787 1036 ﬁlius
1818 982 1993 1037 Attilae
2094 976 2360 1049 greditur.
2417 978 2473 1031 in
2505 994 2615 1049 quo
2665 978 2813 1035 bello
2854 997 2944 1035 rex
2972 979 3242 1038 Walamer
3274 984 3587 1055 perimitur.
3623 986 3721 1040 Cui

389 1066 596 1121 bellum
626 1066 838 1123 indixit.
889 1069 1014 1123 Cum
1048 1084 1157 1139 quo
1210 1068 1497 1123 Ardaricus
1522 1070 1786 1135 conﬂixit,
1818 1087 1995 1142 eoque
2095 1068 2399 1123 succedens
2448 1069 2612 1125 frater
2650 1071 2772 1142 ejus
2826 1072 3158 1129 Thiudemer
3191 1083 3380 1147 regnat
3424 1077 3588 1131 annis
3632 1080 3716 1131 tt.

391 1174 513 1213 cum
564 1158 786 1233 triginta
836 1159 1058 1214 milibus
1117 1160 1391 1214 Hunorum
1452 1168 1757 1231 perempto,
1816 1162 2002 1218 Hunos
2104 1155 2241 1210 Huni
2271 1172 2440 1230 regno
2465 1172 2566 1213 suo
2600 1157 2872 1215 diminuto
2904 1177 3025 1216 cum
3059 1178 3124 1217 ex
3163 1163 3408 1237 gentium
3429 1164 3719 1235 subjecta—

389 1246 628 1319 graviter
663 1246 887 1313 afﬂixit;
912 1246 1101 1318 sicque
1129 1255 1347 1319 recepta
1380 1248 1629 1305 libertate
1659 1250 1839 1324 gentis
1864 1268 1997 1320 sum,

2171 1260 2221 1298 m
2255 1244 2618 1312 discessione,
2670 1257 2784 1302 tum
2818 1264 2884 1303 ex
2938 1250 3219 1323 pugnandi
3252 1250 3597 1318 infelicitate,
3628 1269 3723 1308 re-

398 1345 454 1393 et
486 1337 645 1392 terris
676 1354 866 1393 corum
898 1339 1120 1406 invasis,
1153 1340 1370 1394 caeteris
1399 1341 1660 1416 gentibus
1689 1345 1997 1414 exemplum

2165 1342 2407 1388 laverunt
2433 1334 2680 1405 quidem,
2735 1336 2832 1391 sed
2891 1352 3001 1392 non
3051 1337 3108 1392 in
3162 1337 3328 1409 priori
3372 1338 3722 1407 fortitudine,

391 1430 544 1485 dedit
575 1431 889 1501 repetenda;
916 1431 1190 1487 libertatis
1246 1433 1412 1498 (Bsna
1443 1434 1459 1503 )
1504 1434 1710 1490 Mortuo
1738 1436 1997 1493 Martiano

2165 1442 2285 1481 mcc
2321 1425 2485 1500 longo
2542 1435 2663 1498 post
2708 1435 2955 1500 tempore
2998 1446 3028 1484 a
3082 1430 3273 1486 Carolo
3321 1432 3514 1507 Magno
3567 1433 3723 1501 victi,

389 1523 695 1579 succedens
743 1525 848 1579 Leo
880 1526 1128 1600 regnavit
1179 1528 1341 1581 annis
1404 1529 1461 1581 t7
1503 1528 1567 1582 ³⁵.
1606 1529 1698 1583 Hic
1719 1546 1887 1601 super
1911 1548 2001 1603 sy-

393 1617 537 1672 nodo
566 1614 978 1672 Calcedonense
1004 1616 1351 1691 singulorum
1385 1625 1597 1689 patrum
1616 1621 1863 1695 singulas
1882 1639 2002 1676 sen-

393 1707 594 1762 tentias
641 1707 950 1778 requisivit,
1008 1715 1064 1762 et
1104 1708 1234 1779 quia
1272 1709 1516 1764 omnium
1548 1727 1710 1765 unam
1752 1729 1872 1767 esse
1903 1730 1999 1769 ro-

390 1795 601 1867 gnovit,
628 1811 748 1850 eam
782 1794 1019 1850 ﬁdeliter
1061 1798 1239 1851 tenuit
1301 1798 1384 1867 (Η.
1414 1801 1509 1866 m.)
1565 1800 1658 1855 Hic
1696 1817 1816 1856 cum
1876 1803 2004 1857 Wa-

394 1884 595 1937 lamare
618 1882 1067 1955 Ostrogotliorum
1108 1901 1237 1960 rege
1264 1885 1443 1941 fmdus
1473 1888 1701 1962 pepigit,
1727 1896 1781 1944 et
1826 1890 2003 1946 Theo-

393 1972 639 2026 dericum
672 1972 987 2027 lratruelem
1029 1973 1149 2042 ejus
1179 1991 1410 2045 puerum
1430 1984 1720 2032 octennem
1752 1979 2000 2034 obsidem

393 2062 623 2132 accepit.
659 2061 953 2134 Hucusque
980 2063 1215 2135 Prosper
1243 2064 1501 2121 chronica
1532 2083 1630 2122 sua
1656 2069 1928 2138 perduxit.

464 2157 588 2212 458.
670 2157 731 2212 Β.
774 2159 824 2213 1.
906 2158 963 2214 P.
1019 2159 1103 2214 16.
1182 2159 1235 2215 F.
1282 2158 1368 2215 10.
1448 2160 1505 2215 Β.
1552 2162 1635 2218 12.
1714 2163 1928 2221 W.29.

853 2246 938 2303 W.
979 2248 1033 2301 2.
1112 2248 1171 2303 0.
1213 2249 1303 2303 28.
1382 2248 1443 2303 H.
1485 2250 1536 2307 3.

464 2340 554 2409 (G.
607 2358 652 2396 r.
685 2344 770 2410 F.)
820 2342 1144 2399 Mcroveclio
1196 2344 1524 2402 Francorum
1581 2363 1710 2422 rege
1765 2354 2004 2416 mortuo,

399 2432 704 2489 Hildericus
735 2432 880 2489 ﬁlius
911 2434 1031 2504 ejus
1062 2437 1313 2511 regnavit
1341 2438 1501 2494 annis
1526 2440 1615 2495 26.
1646 2440 1839 2509 (Joan.)
1876 2441 2009 2495 Her-

393 2542 496 2581 nac
534 2524 679 2579 lilius
717 2524 912 2591 Attilae,
947 2527 1224 2582 Hunorum
1285 2544 1397 2596 rex,
1444 2530 1799 2603 Ostrogothos
1851 2532 2004 2604 quasi

392 2613 612 2689 refugas
636 2613 1032 2670 dominationis
1056 2632 1170 2670 suae
1202 2616 1349 2672 bello
1388 2626 1665 2689 repetens,
1691 2636 1858 2690 super
1881 2621 2008 2675 Wa-

393 2701 653 2756 lamerem
713 2702 905 2766 irruit;
961 2719 992 2756 a
1020 2719 1130 2774 quo
1160 2702 1287 2759 victi
1322 2705 1483 2772 Huni,
1536 2707 1587 2761 in
1622 2708 1843 2764 ultimas
1874 2710 2007 2781 Scy-

393 2789 522 2846 thia:
580 2795 761 2859 partes
807 2789 995 2863 fugere
1026 2800 1161 2845 sunt
1208 2794 1501 2862 compulsi.
1546 2796 1630 2865 (11.
1662 2798 1762 2865 m.)
1795 2797 2005 2853 Mortuo

394 2878 575 2946 Avito,
602 2877 963 2946 Marjorianus
1005 2879 1239 2948 imperat
1293 2881 1454 2935 annis
1510 2883 1564 2935 4.
1611 2884 1870 2953 Symcon,
1914 2885 2006 2958 qui

393 2968 464 3025 40
488 2967 650 3023 annis
678 2968 929 3022 inclusus
977 2968 1025 3003 ³⁸
1057 2969 1111 3022 in
1143 2971 1400 3025 columna
1430 2973 1597 3038 stetit,
1643 2975 1779 3029 mira
1809 2978 2009 3031 sancti-

2102 1533 2224 1570 cum
2258 1516 2379 1587 ipso
2433 1534 2533 1573 suo
2574 1519 2799 1575 nomine
2853 1520 3178 1592 disperiere.
3230 1522 3322 1578 llis
3373 1524 3578 1580 abhinc
3620 1524 3725 1580 ﬁlii

2102 1612 2295 1678 Attilae,
2329 1621 2383 1667 et
2414 1620 2535 1682 post
2558 1630 2655 1668 eos
2678 1614 2927 1670 Zeliobes
2962 1626 3329 1691 regnaverunt
3351 1635 3528 1674 annos
3556 1620 3627 1676 50
3651 1622 3721 1677 ³⁷.

2104 1697 2297 1767 (laxe)
2332 1697 2510 1769 [Apud
2541 1700 2792 1756 Tolosam
2825 1702 3015 1757 urbem
3049 1705 3254 1773 Calliae,
3287 1723 3351 1760 ex
3382 1708 3504 1775 ejus
3531 1709 3723 1764 medio

2103 1796 2214 1844 tota
2245 1788 2334 1843 die
2367 1791 2595 1864 sanguis
2635 1792 2939 1868 largissimo
2980 1795 3134 1850 ﬂuxit
3173 1797 3323 1864 rivo;
3377 1800 3526 1871 quod
3560 1801 3723 1857 Gothi

2106 1897 2203 1951 pro
2225 1889 2479 1953 portento
2510 1898 2622 1937 suae
2654 1885 2981 1954 perditionis
3005 1897 3337 1959 acceperunt
3374 1890 3439 1945 ³⁸.

2244 1974 2367 2029 462.
2480 1975 2533 2028 5.
2619 1975 2709 2030 20.
2784 1976 2841 2030 4.
2935 1977 3017 2033 16.
3095 1979 3182 2034 33.
3259 1980 3312 2036 6.
3389 1980 3443 2037 1.
3529 1987 3579 2039 1.

2177 2065 2252 2135 (G.
2287 2071 2461 2134 Pent).
2498 2065 2748 2137 Hylarius
2792 2068 3050 2124 Romanae
3080 2071 3341 2126 mcclesiaa
3380 2073 3507 2128 44ιιε
3546 2076 3732 2145 presi—

2105 2158 2216 2212 det.
2261 2158 2467 2225 (Dens)
2518 2158 2629 2214 Hoc
2674 2158 2904 2229 jubente
2951 2161 3222 2218 Victorius
3267 2165 3478 2236 cyclum
3536 2167 3726 2241 magni

2105 2244 2235 2299 anni
2268 2246 2587 2301 conscribit.
2632 2246 2829 2317 (Ιοκυ.)
2859 2248 3201 2305 Theudemer
3255 2253 3466 2311 Suevos
3496 2261 3552 2310 et
3582 2255 3723 2328 Scy-

2108 2349 2197 2388 ros
2238 2333 2293 2387 in
2352 2334 2618 2389 ultionem
2658 2335 2840 2391 fratris
2890 2338 3059 2394 occisi
3094 2354 3268 2411 usque
3297 2341 3365 2395 ad
3398 2342 3730 2400 internetio-

2109 2437 2232 2477 nem
2267 2422 2526 2478 debellat.

2266 2519 2391 2574 463.
2476 2519 2531 2576 6.
2606 2520 2696 2577 21.
2772 2521 2826 2577 5.
2906 2524 2990 2579 17.
3069 2524 3156 2579 34.
3238 2525 3292 2580 7.
3364 2525 3421 2581 2.
3497 2527 3554 2582 2.

2178 2610 2261 2676 (II.
2302 2610 2401 2676 φη.)
2456 2608 2638 2665 Pictor
2679 2610 2904 2682 quidam
2962 2628 3085 2667 cum
3143 2613 3477 2670 Salvatorem
3529 2631 3730 2672 secun.

2106 2697 2236 2751 dum
2295 2697 2712 2753 similitudinem
2753 2699 2903 2755 Jovis
2961 2701 3190 2776 pingere
3240 2703 3525 2770 voluisset,
3585 2706 3733 2760 aruit

2106 2802 2302 2841 manus
2331 2787 2469 2856 ejus.
2524 2790 2693 2853 Quem
2726 2791 2944 2860 culpam
2993 2790 3308 2846 confessum
3341 2793 3554 2848 sanavit
3584 2794 3729 2849 Gen—

2111 2879 2308 2934 nadius
2337 2880 2635 2952 episcopus
2690 2879 3265 2952 Constantinopoleos.
3309 2880 3509 2956 um.)
3555 2884 3731 2941 Theu-

2109 2968 2321 3035 demer,
2353 2968 2557 3040 glatiali
2589 2968 2675 3023 via
2700 2970 2930 3026 transito
2960 2971 3229 3039 Danubio,
3262 2972 3426 3028 etiam
3462 2973 3539 3029 ibi
3573 2975 3721 3030 Sue-

395 3067 505 3115 tate
537 3058 837 3115 Antiochiae
888 3057 1085 3114 claruit
1127 3060 1260 3132 (qui
1297 3061 1439 3117 inter
1476 3071 1676 3118 caetera
1727 3066 2004 3131 monebat,
2040 3076 2207 3154 CV08
2237 3062 2482 3154 proterit.

397 3167 467 3208 ne
498 3150 622 3223 quis
649 3166 746 3222 per
775 3149 871 3204 Dei
901 3156 995 3205 aut
1015 3152 1187 3206 sancti
1221 3152 1454 3222 alicujus
1496 3170 1720 3224 nomen,
1754 3156 1863 3213 imo
1914 3175 2011 3229 per

398 3256 599 3296 nomen
644 3239 933 3311 Syineonis
970 3240 1207 3310 juraret:
1248 3244 1577 3314 promittens
1627 3246 2008 3319 impunitatem

397 3332 453 3385 in
484 3347 543 3386 se
572 3329 847 3400 pejuranti
875 3345 933 3384 se
954 3346 986 3384 a
1012 3330 1124 3387 Deo
1154 3334 1579 3403 postulaturum.

475 3421 602 3478 469.
711 3421 935 3476 2.17.
1049 3425 1100 3479 1.
1182 3424 1263 3481 13.
1340 3426 1429 3481 30.
1540 3427 1574 3484 3
1669 3429 1758 3484 29.
1872 3432 1925 3485 4.

469 3510 675 3580 (1030.)
706 3509 1016 3582 Ostrogothi
1060 3511 1201 3567 duce
1232 3513 1597 3571 Thiudemcre
1626 3518 1834 3574 Suevos
1861 3519 2009 3576 bello

396 3608 642 3668 Vincunt,
673 3607 728 3656 et
758 3601 1168 3658 Hunimundum
1194 3621 1377 3679 regem
1409 3622 1600 3663 eorum
1630 3610 1877 3685 capiunt,
1909 3613 2008 3667 sed

399 3710 523 3749 eum
556 3692 789 3748 liberum
822 3694 1123 3750 remittunt.

469 3784 594 3840 460.
718 3784 771 3841 3.
853 3786 936 3841 18.
1048 3787 1102 3841 2.
1182 3787 1268 3843 14.
1346 3790 1435 3847 31.
1547 3793 1599 3847 4.
1678 3792 1749 3849 30
1880 3794 1935 3849 5.

466 3880 549 3948 (Η.
575 3883 676 3945 m)
708 3879 938 3936 Romani
992 3880 1251 3952 Biorgum
1310 3882 1627 3939 Alanorum
1660 3901 1842 3959 regem
1885 3903 2008 3942 cum

395 3972 635 4027 exercitu
676 3988 777 4028 suo
805 3973 857 4027 in
889 3972 1115 4029 Venetia
1145 3974 1491 4050 extinguunt.
1539 3977 1734 4048 (June)
1768 3978 2008 4033 Dintzich

400 4058 544 4114 ﬁlius
569 4060 767 4127 Attilae,
798 4061 1078 4116 Hunorum
1110 4078 1223 4129 rex,
1246 4063 1605 4137 Ostrogothos
1636 4065 1831 4120 iterum
1861 4066 2009 4123 bello

398 4158 685 4223 provocat;
741 4168 772 4206 a
824 4152 1027 4224 quibus
1073 4153 1213 4207 Huni
1255 4153 1328 4208 ita
1383 4162 1513 4209 sunt
1568 4154 1789 4222 devicti,
1824 4163 1883 4211 ut
1931 4158 2012 4213 eis

399 4243 590 4309 postea
614 4253 836 4309 semper
874 4235 1186 4310 Ostrogothi
1225 4239 1431 4295 fuerint
1458 4242 1675 4296 terrori.

469 4326 594 4380 461.
716 4326 749 4380 4
868 4326 929 4382 19
1036 4327 1090 4381 2.
1179 4334 1264 4381 15.
1340 4328 1428 4383 32.
1538 4331 1595 4383 5.
1683 4330 1771 4384 31.
1884 4333 1919 4388 6

469 4418 672 4489 (ΙοΑο.)
700 4418 887 4475 Occiso
904 4419 1229 4489 Majoriano,
1250 4421 1488 4475 Severus
1510 4420 1744 4492 imperat
1770 4425 1930 4480 annis
1954 4428 2007 4481 4.

404 4508 482 4570 tG.
531 4523 577 4563 r.
630 4511 712 4577 Γ.)
772 4508 1102 4564 Hildericum
1158 4508 1460 4563 insolenter
1520 4516 1575 4564 et
1627 4510 1904 4567 luxuriose
1953 4530 2011 4569 se

399 4606 655 4671 agentem
697 4600 886 4658 Franci
954 4618 1129 4676 regno
1186 4600 1501 4656 deturbant.
1539 4602 1637 4667 Qui
1688 4604 1813 4660 data
1858 4607 2011 4663 aurei

2275 3151 2399 3205 461.
2476 3151 2523 3203 ’7η
2606 3147 2697 3205 22.
2773 3151 2827 3207 6.
2908 3153 2996 3208 15.
3073 3151 3162 3209 35.
3240 3154 3294 3209 8.
3371 3154 3404 3208 3
3504 3154 3558 3210 3.

2182 3241 2266 3312 (Η.
2294 3241 2394 3311 m.)
2419 3242 2670 3298 Heliseus
2696 3243 2985 3314 propheta,
3027 3245 3121 3316 qui
3166 3245 3373 3316 duplici
3418 3246 3586 3303 Heliae
3615 3249 3734 3318 spi-

2110 3330 2213 3385 ritu
2244 3331 2461 3401 plenus,
2492 3332 2681 3387 multis
2712 3332 2766 3387 in
2798 3332 2910 3388 vita
2935 3333 3132 3390 claruit
3155 3335 3452 3391 virtutibus
3494 3345 3550 3392 et
3581 3353 3735 3393 mor-

2112 3427 2237 3474 tuus
2274 3429 2548 3475 mortuum
2601 3421 2882 3476 hominem
2936 3437 3104 3493 supra
3142 3438 3345 3495 corpus
3382 3440 3544 3479 suum
3598 3442 3730 3482 casu

2112 3514 2388 3581 iactatum,
2439 3513 2559 3569 solo
2594 3515 2841 3586 corporis
2884 3514 2968 3568 sui
3019 3522 3224 3571 attactu
3264 3516 3636 3587 resuscitavit,
3670 3525 3730 3573 et

2111 3604 2281 3658 multo
2317 3610 2568 3675 tempore
2601 3604 2656 3659 in
2688 3606 2953 3672 Samaria,
2994 3606 3089 3660 ubi
3120 3607 3371 3676 sepultus
3401 3613 3507 3674 est,
3541 3609 3733 3663 multis

2110 3693 2381 3747 claruerat
2406 3692 2704 3759 miraculis,
2732 3701 2790 3749 ut
2821 3702 3021 3765 praeter
3040 3704 3236 3750 caetera
3262 3696 3425 3751 etiam
3462 3696 3733 3753 demones

2115 3783 2189 3838 ibi
2234 3783 2534 3839 frementes
2562 3784 2833 3841 variarum
2874 3786 3111 3841 ferarum
3141 3787 3392 3854 vocibus,
3427 3786 3497 3842 ab
3528 3788 3739 3844 invasis

2114 3876 2431 3949 fugarcntur
2505 3878 2852 3949 corporibus,
2927 3879 3311 3934 Alexandriam
3382 3882 3733 3937 transfertur.

2113 3970 2193 4037 (Ib
2221 3969 2237 4040 )
2266 3968 2612 4025 Theudemer
2642 3968 2814 4025 ﬁlium
2860 3986 3018 4027 suum
3058 3970 3457 4028 Theodericum
3491 3990 3523 4028 a
3547 3973 3732 4031 Leone

2112 4065 2345 4131 augusto
2371 4058 2477 4113 sibi
2507 4058 2708 4113 remitti
2736 4066 3001 4132 gratatur.

2279 4148 2403 4203 465.
2480 4147 2535 4203 8.
2612 4149 2702 4204 23.
2779 4151 2831 4204 7.
2912 4150 2998 4206 19.
3076 4150 3165 4206 36.
3241 4150 3292 4205 9.
3372 4152 3425 4207 4.
3505 4153 3558 4208 4.

2183 4239 2268 4310 (II.
2308 4239 2411 4310 τη.)
2468 4240 2671 4296 Severo
2728 4248 2968 4310 mortuo,
3028 4242 3311 4298 Antemius
3359 4242 3599 4315 imperat
3630 4261 3733 4300 an-

2037 4335 2201 4427 Dnis
2231 4335 2285 4390 4.
2346 4334 2549 4405 (Joan.)
2577 4335 2955 4392 Theodericus
2988 4336 3312 4393 adolescens
3337 4353 3612 4393 annorum
3646 4340 3733 4408 t8,

2113 4428 2342 4484 transito
2372 4427 2647 4495 Danubio,
2702 4444 2872 4500 super
2928 4429 3203 4485 Sarmatas
3232 4430 3412 4495 irruit,
3462 4437 3518 4485 et
3548 4447 3735 4505 regem

2112 4534 2304 4574 eorum
2356 4519 2533 4573 Babaz
2588 4519 2810 4589 perimit
2890 4526 2945 4576 et
2994 4536 3117 4576 cum
3173 4520 3393 4577 bellicis
3453 4522 3739 4577 manubiis

2113 4609 2290 4665 victor
2319 4609 2387 4665 ad
2417 4616 2628 4680 patrem
2660 4609 2805 4665 redit
2828 4610 2894 4665 ³⁸.

1746 4795 1965 4853 VARI/’8
2004 4798 2275 4855 LECTION
2286 4799 2383 4854 ES.

474 4956 672 5012 3"XVI.
716 4954 775 5033 Cl
823 4955 939 5033 Δ2¹¹.
995 4953 1145 5033 3.__D_.
1226 4953 1274 5033 δέ
1299 4954 1536 5033 Symeon
1583 4989 1654 5033 _—-
1716 4960 1964 5017 inclusus
2006 4968 2067 5018 in
2116 4966 2365 5033 margine
2420 4970 2472 5019 et
2522 4968 2583 5019 in
2640 4979 2837 5020 rasura
2891 4980 2916 5021 s

403 5029 641 5132 Symeon
671 5026 973 5132 aqu'i'fu’isse
998 5025 1504 5132 videturin'clusps
1558 5031 1697 5087 deest
1725 5033 1783 5085 A.
1808 5033 2099 5132 c.37'LV‘lll
2145 5025 2343 5090 habent
2393 5035 2481 5120 Ct.
2542 5036 2741 5132 2".033
2778 5037 2845 5120 4⁸
2877 5037 2915 5090 D

747 5102 831 5179 _Ita
855 5099 1002 5179 hanc
1029 5102 1079 5150 et
1105 5103 1375 5179 sequentes
1423 5101 1551 5179 duos
1576 5117 1747 5158 annos
1800 5103 2101 5179 Sigebertus
2153 5123 2269 5179 ipse
2301 5110 2588 5176 scripserat
2640 5109 2741 5163 Sed
2767 5110 2832 5163 iis
2860 5110 3028 5163 erasis
3057 5111 3116 5163 in
3155 5112 3224 5175 1.,
3256 5099 3457 5163 manus

404 5102 506 5155 uni
535 5100 594 5153 A.

3298 4973 3465 5022 antea
3505 4972 3734 5024 tantum

3025 5038 3070 5072 ³⁸
3090 5038 3240 5092 addit
3268 5038 3329 5103 1γ
3363 5040 3507 5103 rctL;
3539 5041 3738 5095 desunt

2919 4968 3105 5036 cripsit
3160 4969 3240 5036 ιβ.

400 5171 683 5249 δίιηὶιζρθζιέι
731 5169 824 5249 1ηζ
870 5173 1068 5249 (tam
1095 5171 1211 5237 ipsa
1241 5171 1561 5249 |n_._scripsit
1608 5189 1794 5249 eorum
1821 5169 1957 5249 loco:
1991 5169 2183 5249 (ϐειεᾷ
2208 5176 2360 5249 Tua.
2394 5169 2484 5249 νίι,
2538 5179 2644 5249 14.)
2696 5180 2885 5249 Annus
2916 5194 3167 5249 presens,
3195 5169 3291 5249 qui
3324 5186 3407 5235 est
3435 5196 3466 5235 a
3492 5169 3732 5237 transitu

402 5240 579 5321 sancti
611 5237 828 5325 M‘artini
883 5238 1030 5325 64:18.
1061 5237 1783 5325 reverentissiin—i.corporis
1812 5237 2337 5325 ejus_translatione_
2388 5237 2702 5325 insignitur.
2735 5237 3101 5325 _Cum‘cnim_
3133 5237 3602 5325 éa'prerogativa,
3630 5269 3743 5325 qua

401 5310 592 5391 vivens
621 5307 783 5388 etiam
829 5316 1079 5391 mortuus
1108 5307 1859 5391 incomparabilisig'norum:
1879 5314 2182 5391 fulguraret
2208 5319 2476 5386 claritate,
2497 5307 2707 5376 beatus
2734 5320 3040 5391 Perpetuus
3064 5307 3349 5378 Turoriicte
3388 5307 3744 5379 civitatis‘an-r

403 5381 560 5461 tistes
575 5393 682 5465 pro.
703 5378 871 5460 priori
900 5380 1118 5465 edicula
1148 5378 1414 5453 templum
1443 5378 1640 5465 multa?
1662 5378 2005 5455 ambitionis,
2034 5388 2175 5465 adeo
2205 5397 2265 5465 ut
2294 5378 2518 5446 centum
2550 5403 2605 5446 et
2630 5378 3287 5465 vigenti-columpnarum
3330 5393 3471 5447 mira
3502 5378 3745 5465 disposi-

403 5450 557 5534 tione
598 5449 894 5534 subnixum
924 5458 1095 5534 totum
1132 5449 1587 5534 _concameraret,_
1620 5472 1946 5534 super_eur_n
1992 5449 2301 5534 ediﬁcavit,
2338 5476 2649 5534 corpusque
2686 5449 2952 5534 'sanctum
3001 5478 3031 5516 a
3054 5449 3322 5534 'sepulcro
3370 5449 3742 5532 elevatuin,4

404 5521 587 5611 ροηδε
611 5519 768 5611 Julii,
792 5538 974 5611 annuo
994 5524 1261 5611 videlicet
1288 5519 1718 5611 consecrationis
1756 5526 1879 5597 ejus
1908 5528 1963 5611 i_n
1994 5519 2454 5611 cpiscopumdie,
2484 5533 2541 5611 in
2560 5519 2727 5611 'loco,
2747 5532 2801 5586 in
2830 5547 2941 5611 quo
2960 5519 3455 5611 ιιιμιιξ-ἶοίξῐιςξιυειεμιυ,⁸
3477 5519 3739 5611 angelico

404 5592 577 5650 fretus
604 5592 808 5649 auxilio
842 5594 1137 5663 transtulit,
1182 5595 1475 5669 ipsumque
1532 5592 1802 5668 templum
1828 5592 2451 5659 eodem’nichilominus
2488 5604 2579 5660 die
2612 5592 2961 5675 postmodum
3002 5603 3298 5661 dedicavit.
3338 5592 3495 5661 Unde
3533 5592 3620 5675 fit,
3677 5614 3741 5665 ut
