3894 6220
347 244 405 296 91
1518 240 1864 295 SIGEBERTI
1904 237 2424 294 GEMBLACENSIS.
3605 235 3677 290 92

417 360 538 416 479.
647 360 806 414 11.6.
890 361 947 416 Ρ.
998 362 1084 414 37.
1167 361 1201 415 F
1283 360 1370 416 21.
1455 361 1510 416 Β.
1544 362 1631 417 33.
1711 363 1793 417 W.
1826 363 1881 416 2.

799 447 883 504 W.
940 447 1020 504 10.
1100 449 1237 506 0.7.
1322 448 1480 502 11.18

417 540 597 608 (PAUL.
627 539 799 608 Duc.)
831 539 1075 594 Odoacer
1106 556 1198 594 rex
1227 540 1396 594 Italiae
1420 539 1735 595 Feletheum
1771 557 1954 614 regem

347 632 625 703 Rugorum
667 631 816 686 bello
836 647 1160 703 Oppressum
1194 633 1484 707 extinguit.
1538 632 1672 687 Huic
1704 632 1956 688 Feletheo

348 732 402 777 et
428 723 581 778 uxori
614 723 735 790 ejus
766 723 907 777 Gisaa
960 732 1186 778 sanctus
1242 724 1536 778 Severinus
1578 725 1696 779 haec
1725 731 1957 780 ventura

348 814 683 884 predixerat,
705 814 834 886 quia
865 830 961 870 eos
991 831 1020 869 a
1061 815 1217 870 malis
1273 830 1627 886 compescere
1660 831 1767 870 non
1799 821 1954 886 pote-

352 914 450 960 rat.
486 907 569 975 (Η.
602 910 698 976 m)
755 909 812 960 In
861 907 1036 961 Africa
1097 907 1401 962 l-lonoricus
1436 922 1528 960 rex
1568 907 1957 962 Wandalorum

351 997 554 1053 multos
581 999 915 1054 orthodoxos
957 999 1160 1054 diversi
1206 999 1438 1065 ordinis,
1497 999 1725 1054 diversze
1758 1000 1955 1066 inlatis,

354 1105 526 1160 usque
550 1091 614 1144 ad
643 1091 782 1144 4975
812 1091 868 1144 in
897 1091 1120 1145 exilium
1155 1097 1332 1146 trusos
1388 1091 1621 1146 diversis
1678 1091 1730 1146 in
1804 1092 1956 1159 locis,

350 1178 585 1232 diversis
615 1180 972 1249 temporibus,
1006 1179 1239 1233 diversis
1283 1179 1459 1250 pmnis
1507 1179 1571 1234 ad
1606 1189 1837 1234 mortem
1861 1195 1954 1234 ex-

351 1273 631 1327 cruciavit.
687 1274 853 1338 (Pam.
932 1274 1103 1341 DIAC.)
1162 1274 1546 1329 Exterminatis
1596 1275 1763 1349 Rugis
1809 1275 1955 1330 Lan-

349 1361 574 1432 gobardi
602 1362 878 1434 Rugilant,
911 1363 964 1416 id
990 1371 1073 1418 est
1099 1363 1376 1435 Rugorum
1395 1364 1624 1434 patriam
1650 1365 1953 1431 invadunt;

348 1449 546 1520 quibus
577 1455 708 1505 tunc
737 1451 1002 1521 temporis
1033 1452 1259 1522 quintus
1310 1468 1404 1506 rex
1445 1451 1702 1506 Gudeoch
1753 1452 1956 1522 princi-

349 1539 597 1608 pabatur.
633 1539 768 1603 Quia
793 1555 924 1614 ergo
977 1539 1460 1613 Langobardorum
1495 1540 1831 1595 mentionem
1863 1541 1954 1596 fe-

345 1630 539 1691 cimus.
573 1630 790 1684 illorum
831 1640 1080 1702 tempora
1137 1637 1361 1702 propter
1420 1631 1724 1704 ignoratam
1769 1632 1954 1703 hysto-

347 1723 473 1778 ricze
500 1725 829 1780 narrationis
885 1725 1292 1780 distinctionem
1350 1727 1595 1780 nondum
1649 1726 1952 1798 attigimus.

348 1815 463 1868 Jam
486 1830 634 1868 nunc
683 1815 1050 1869 narrationem
1095 1830 1308 1882 eorum,
1349 1816 1648 1883 ordiamur,
1684 1823 1737 1871 et
1766 1817 1959 1888 paula-

353 1905 447 1959 tim
481 1906 547 1958 ad
581 1907 799 1976 plenam
827 1915 881 1963 et
934 1909 1250 1964 distinctam
1283 1924 1471 1965 eorum
1518 1911 1814 1981 hystoriam
1863 1928 1958 1966 as-

357 1996 594 2051 cendere
627 1997 872 2052 nitamur
926 1999 1144 2062 Horum,
1202 2008 1260 2054 ut
1299 1999 1556 2063 diximus,
1593 2001 1712 2073 post
1747 2001 1873 2057 lbor
1909 2009 1965 2057 et

360 2085 532 2159 Agion
565 2085 776 2156 primus
821 2087 923 2141 fuit
977 2104 1068 2142 rex
1107 2089 1503 2163 Agclmundus,
1563 2090 1843 2145 secundus
1871 2091 1972 2145 la-

362 2176 674 2242 missio,sic
730 2178 927 2236 dictus.
989 2179 1134 2250 quod
1183 2196 1213 2234 a
1257 2179 1418 2247 lama,
1455 2181 1508 2234 id
1567 2189 1651 2235 est
1689 2182 1970 2253 voragine,

361 2268 774 2324 fuitextractus.
837 2270 968 2324 Nam
1029 2277 1202 2326 matre
1251 2271 1371 2340 ejus
1423 2279 1635 2342 septem
1666 2289 1776 2328 uno
1818 2283 1974 2345 partu

359 2363 540 2428 enixa,
570 2379 692 2418 cum
725 2380 820 2418 eos
844 2365 896 2418 in
919 2366 1184 2436 piscinam
1216 2367 1555 2437 projecisset,
1610 2375 1664 2422 et
1689 2384 1782 2422 rex
1815 2369 1977 2441 Agel—

361 2451 604 2505 mundus
636 2451 740 2505 iter
762 2452 970 2507 faciens
999 2469 1094 2508 eos
1143 2455 1296 2508 hasta
1324 2455 1650 2522 revolveret,
1686 2457 1731 2510 is
1763 2457 1974 2511 hastam

361 2539 482 2606 ejus
526 2539 754 2594 firmiter
803 2541 984 2595 tenuit
1029 2549 1082 2596 et
1136 2543 1204 2597 ab
1243 2559 1309 2598 eo
1359 2544 1619 2610 nutritus,
1653 2560 1718 2600 eo
1758 2545 1978 2601 virtutis

363 2633 649 2701 processit,
679 2641 736 2688 ut
770 2634 823 2687 in
879 2651 1048 2709 regno
1095 2638 1144 2691 ei
1188 2639 1539 2705 successerit,
1573 2647 1625 2694 et
1646 2656 1837 2695 necem
1860 2642 1981 2710 ejus

362 2725 415 2777 in
442 2725 700 2798 Bulgares
723 2727 868 2780 ultus
894 2728 982 2782 sit.
1018 2728 1188 2783 Lethu
1235 2731 1716 2798 tertius,Hildeoch
1735 2741 1980 2804 quartus,

365 2818 624 2873 Gndeoch
664 2819 763 2874 fuit
795 2821 1040 2892 quintus.
1091 2823 1160 2877 Ex
1189 2839 1298 2895 quo
1326 2841 1457 2898 ergo
1479 2825 1536 2879 in
1568 2826 1823 2901 Rugilant
1853 2843 1983 2898 pro-

363 2908 488 2963 fecti
511 2919 659 2976 sunt,
695 2927 868 2982 usque
902 2913 969 2965 ad
1000 2928 1174 2968 annos
1219 2914 1310 2980 40,
1344 2915 1470 2969 talis
1511 2915 1614 2970 fuit
1644 2932 1823 2971 rerum
1856 2933 1982 2991 ges-

365 3010 539 3055 tarum
561 3002 754 3058 horum
814 3006 1227 3076 consequentia.
1291 3006 1404 3061 Sub
1457 3007 1719 3065 Gudeoch
1777 3008 1977 3066 ctfilio

365 3093 484 3159 ejus
498 3091 738 3150 Claﬁ‘one
769 3103 922 3151 sexto
950 3112 1078 3171 rege
1109 3097 1163 3150 in
1197 3098 1452 3172 Rugilant
1484 3099 1824 3157 habitavere.
1860 3101 1972 3156 Sub

363 3181 590 3237 Tattone
619 3183 856 3254 septimo
891 3199 1018 3256 rege
1058 3185 1114 3239 in
1162 3186 1373 3257 campis
1403 3186 1585 3243 Asfeld
1619 3189 1974 3257 habitavere;

367 3273 462 3328 ubi
485 3275 645 3329 tertio
664 3291 830 3343 anno,
886 3275 1121 3332 Bodulfo
1154 3277 1476 3334 Herulorum
1524 3295 1651 3354 rege
1690 3297 1720 3336 a
1749 3282 1978 3338 Tattone

373 3370 656 3434 perempto
686 3371 740 3418 et
761 3380 931 3437 regno
987 3365 1307 3422 Herulorum
1340 3369 1640 3435 destructo,
1675 3370 1980 3444 Langobar-

369 3453 562 3508 dorum
589 3452 761 3508 crevit
797 3453 1062 3524 potentia.
1120 3456 1404 3511 Tattonem
1464 3457 1670 3514 Wacho
1719 3459 1976 3531 peremit,

368 3553 420 3601 et
449 3547 571 3616 ipse
601 3555 826 3603 octavth
854 3551 1123 3624 regnavit,
1159 3550 1444 3626 filiumque
1497 3570 1655 3609 suum
1715 3554 1978 3611 Walthari

369 3653 751 3693 successorem
783 3639 935 3712 regni
970 3640 1212 3710 reliquit.

372 3731 496 3788 480.
576 3733 629 3788 7.
704 3733 792 3789 38.
867 3732 957 3792 22.
1038 3737 1093 3794 L.
1163 3741 1211 3793 1.
1289 3737 1359 3791 34
1457 3737 1508 3791 3.
1595 3740 1676 3792 11.
1755 3738 1788 3793 8
1889 3738 1973 3794 19.

443 3826 524 3892 (Η.
575 3827 672 3896 m.)
727 3827 909 3883 Persis
990 3830 1226 3902 imperat
1309 3829 1522 3885 Cuades
1577 3830 1740 3884 annis
1791 3830 1862 3885 42
1913 3830 1977 3885 ⁸⁵.

373 3918 454 3974 tG.
508 3935 554 3972 r.
591 3921 676 3991 F.)
731 3922 1144 3979 Audovacbrius
1191 3923 1298 3979 dux
1354 3924 1630 3979 Saxonum
1673 3923 1850 3979 navali
1879 3923 1982 3979 ho-

373 4006 509 4062 stico
540 4008 847 4084 Andegavis
903 4013 1217 4084 populatur.
1275 4013 1444 4082 (Vicr.
1489 4014 1626 4080 Vrr.)
1656 4012 1980 4085 Carthagine

375 4099 659 4157 Liberatus
695 4103 864 4159 abbas
927 4120 1051 4160 cum
1080 4105 1338 4161 fratribus
1375 4121 1469 4161 sex
1495 4122 1526 4160 a
1555 4120 1682 4179 rege
1711 4103 1981 4160 Honorico

374 4206 612 4260 carcere,
647 4195 876 4263 catenis,
910 4195 1024 4271 igni
1059 4205 1113 4252 et
1141 4196 1395 4252 vectibus
1424 4194 1864 4266 martyrizantur.

444 4283 566 4339 481.
645 4286 695 4339 8.
783 4292 828 4340 1.
903 4285 994 4341 23.
1070 4285 1124 4342 2.
1201 4288 1289 4341 35.
1369 4288 1423 4340 4.
1521 4283 1606 4338 12.
1684 4284 1738 4337 9.
1813 4282 1904 4338 20.

1980 361 2179 438 A483.
2260 360 2345 414 10.
2425 357 2477 414 3.
2553 356 2626 412 25
2723 359 2772 410 4.

2883 355 2968 412 37.
3047 356 3097 410 6.
3187 358 3269 421 ιιι,
3350 358 3436 422 11,
3512 354 3601 420 se,

2127 460 2207 523 (II.
2262 455 2361 525 m.)
2420 455 2475 507 In
2535 452 2712 508 Africa
2769 451 3074 508 Honoricus
3129 466 3225 507 rex
3282 451 3673 506 Wandalorum

2058 541 2113 596 in
2145 541 2448 597 aacclesiam
2500 539 2594 594 Dei
2649 539 2874 614 gravius
2927 538 3089 594 solito
3146 537 3424 601 efferatus,
3480 553 3678 593 omnes

2056 631 2247 686 Africa:
2273 631 2563 701 cpiscOpos
2615 630 2773 702 quasi
2831 630 2898 685 ad
2957 630 3214 685 sinodum
3276 636 3566 696 convocat,
3622 637 3680 683 et

2057 720 2260 792 fugatis
2297 725 2350 774 et
2379 719 2612 774 exiliatis
2642 720 2746 774 444
2798 718 3077 790 episcopis
3132 719 3438 785 catholicis,
3479 717 3678 773 azccle-

2059 812 2168 866 sias
2204 811 2398 866 clausit
2425 818 2517 865 aut
2538 809 2755 865 Arianis
2785 810 2959 876 dedit,
2989 810 3324 882 plebemque
3349 811 3517 866 variis
3549 827 3680 882 sup-

2060 901 2242 972 pliciis
2262 900 2472 956 afflixit.
2509 901 2698 956 Letum
2738 915 2869 955 vero
2893 900 3216 971 episcOpum
3246 898 3507 954 incendio
3539 915 3680 955 con-

2059 993 2322 1048 cremavit
2351 992 2686 1068 ;Eugenium
2719 1007 2941 1065 quoque
2973 991 3316 1062 Carthaginis
3349 991 3680 1062 episcOpum

2060 1105 2182 1143 cum
2215 1087 2430 1143 clericis
2457 1087 2572 1142 suis
2627 1088 2752 1158 plus
2803 1103 2966 1160 quam
3039 1086 3362 1162 quingentis
3402 1087 3684 1143 cruciatos

2061 1176 2251 1231 multis
2281 1176 2460 1231 modis
2491 1175 2754 1230 exiliavit.

2129 1269 2253 1324 484.
2332 1270 2417 1324 11.
2495 1269 2545 1322 4.
2625 1266 2714 1323 26.
2818 1268 2871 1322 5.
2948 1266 3036 1322 38.
3119 1269 3166 1322 1.
3250 1266 3334 1322 15.
3415 1267 3501 1321 12.
3581 1267 3657 1325 23

2133 1357 2283 1428 (G.r.
2318 1356 2402 1427 F.)
2430 1355 2668 1412 Hildrico
2702 1372 2831 1430 rege
2863 1362 3102 1422 mortuo,
3159 1347 3492 1410 Ludowicus‘
3529 1343 3685 1410 filius

2058 1459 2249 1524 regnat
2276 1452 2437 1507 annis
2469 1452 2707 1526 triginta.
2753 1451 2851 1507 Hic
2881 1451 3034 1506 duxit
3095 1466 3319 1507 uxorem
3362 1451 3681 1507 Rothildem

2057 1541 2224 1597 filiam
2259 1542 2548 1614 Chilperici
2599 1543 2745 1616 regis
2791 1542 3266 1618 Burgundionum,
3307 1558 3472 1614 quem
3523 1543 3680 1597 Gun-

2058 1637 2344 1693 debaudus
2376 1653 2470 1692 rex
2505 1637 2672 1693 frater
2701 1638 2821 1706 ejus
2835 1644 3516 1708 peremerat,uxoremque
3533 1637 3681 1705 ejus,

2058 1737 2288 1785 matrem
2314 1728 2525 1784 scilicet
2579 1729 2874 1796 Rothildis,
2926 1729 3092 1804 ligato
3144 1729 3212 1783 ad
3265 1727 3468 1784 collum
3521 1744 3680 1795 saxo,

2061 1823 2218 1894 aquis
2246 1822 2611 1877 immerserat.

2132 1907 2256 1965 485.
2340 1913 2424 1968 12.
2497 1914 2550 1968 5.
2630 1914 2682 1969 1.
2758 1912 2810 1968 6.
2887 1911 2973 1967 39.
3043 1913 3097 1966 8.
3179 1913 3266 1968 16.
3345 1913 3432 1968 13.
3509 1912 3600 1966 24.

2137 1999 2376 2073 (Paean,
2422 2005 2566 2077 app,)
2615 2004 2919 2061 Honoricus
2979 2020 3070 2060 rex
3126 2003 3524 2060 Wandalorum
3584 2004 3684 2074 ju-

2073 2089 2220 2146 dicio
2251 2092 2344 2147 Dei
2393 2109 2708 2165 percussus,
2767 2103 2986 2149 scatens
3050 2095 3328 2149 vermibus
3385 2093 3688 2149 miserabi-

2075 2181 2200 2236 liter
2228 2184 2466 2255 exspirat
2496 2202 2510 2251 ;
2545 2192 2668 2256 post
2706 2200 2869 2257 quem
2937 2185 3399 2241 Gunthamundus
3454 2185 3618 2240 annis
3649 2185 3686 2239 9

2077 2281 2286 2347 regnat.

2146 2364 2277 2418 486.
2352 2365 2435 2420 13.
2513 2365 2566 2418 6.
2643 2364 2695 2418 2.
2773 2365 2826 2418 7.
2904 2364 2991 2418 40.
3063 2365 3112 2418 1.
3197 2361 3279 2416 17.
3360 2361 3443 2415 14.
3521 2360 3595 2414 25

2151 2456 2369 2512 Clarent
2392 2457 2447 2510 in
2483 2455 2668 2511 Galliis
2707 2454 2994 2528 Remigius
3053 2453 3340 2509 Remensis
3386 2459 3439 2507 et
3489 2452 3701 2506 Princi-

2080 2550 2202 2621 pius
2233 2549 2399 2603 frater
2424 2549 2545 2617 ejus
2573 2547 2910 2603 Suessonum
2968 2546 3288 2617 episcopus,
3344 2551 3397 2599 et
3425 2543 3698 2599 Vedastus

2083 2651 2207 2718 post
2233 2628 2528 2715 episcopus
2558 2642 2928 2699 Atrabatensis
2977 2641 3078 2708 ;in
3138 2640 3319 2695 Africa
3373 2639 3698 2712 Fulgentius

2082 2740 2378 2810 episcopus
2417 2737 2722 2809 Ruspensis
2752 2755 2766 2804 ;
2800 2737 2855 2792 in
2880 2736 3034 2792 Italia
3064 2735 3369 2790 Germanus
3405 2733 3703 2804 Capuanus

2084 2838 2138 2886 et
2187 2828 2526 2901 Epiphanius
2575 2827 2883 2884 Ticinensis
2937 2826 3013 2898 (C1
3091 2827 3226 2895 Greg
3308 2830 3486 2884 Tur.;
3553 2828 3699 2878 Ann.

2086 2923 2273 2992 Leod.).

2153 3012 2279 3067 487.
2365 3013 2446 3066 14.
2522 3011 2577 3064 7.
2656 3009 2706 3062 3.
2785 3008 2837 3062 8.
2916 3007 3004 3062 41.
3080 3007 3115 3060 2
3210 3005 3291 3060 18.
3373 3005 3458 3059 13.
3536 3004 3628 3058 26.

2155 3105 2234 3176 (G.
2263 3104 2436 3173 pom.)
2464 3100 2712 3157 Gelasius
2762 3099 3020 3154 Romanae
3063 3095 3328 3152 aecclesiae
3360 3095 3488 3151 4708
3519 3093 3703 3164 presi-

2079 3193 2172 3248 det
2217 3193 2311 3247 Hic
2332 3191 2647 3246 Manicheos
2690 3189 2874 3243 Romae
2933 3186 3186 3240 inventos
3240 3183 3297 3238 in
3341 3183 3567 3238 exilium
3601 3183 3704 3238 de-

2080 3282 2284 3353 portari
2307 3281 2454 3346 fecit,
2487 3287 2540 3334 et
2571 3278 2794 3334 codices
2817 3291 3005 3332 eorum
3027 3274 3296 3330 incendit.
3355 3272 3452 3328 Hic
3500 3278 3706 3328 tracta-

2080 3377 2168 3426 tus
2198 3377 2252 3424 et
2267 3383 2462 3441 ymnos
2486 3367 2798 3437 composuit
2831 3384 2846 3432 ;
2877 3364 2968 3420 hic
2998 3363 3146 3418 inter
3167 3372 3349 3419 cetera
3376 3377 3701 3416 sacramen-

2081 3468 2259 3518 torum
2280 3457 2615 3530 prefationes
2663 3465 2720 3510 et
2771 3454 3054 3510 orationes
3094 3459 3254 3508 cauto
3280 3461 3335 3507 et
3376 3451 3566 3507 limato
3589 3468 3708 3506 ser-

2080 3565 2245 3606 mone
2277 3547 2424 3602 fecit.
2456 3551 2536 3616 (Η.
2570 3545 2668 3615 m.)
2721 3543 2906 3598 Zenon
2964 3542 3264 3614 imperator
3318 3556 3548 3614 regnum
3582 3540 3699 3594 lta-

2081 3645 2167 3699 liae
2194 3643 2363 3698 donat
2390 3637 3196 3712 TheodericoOstrogothorum
3220 3635 3356 3710 regi.
3394 3635 3490 3689 Hic
3520 3633 3700 3690 Theo-

2081 3733 2298 3789 dericus
2326 3731 2629 3802 Trapsilam
2679 3727 3013 3799 Gepidarum
3045 3741 3232 3799 regem
3263 3731 3318 3779 et
3359 3723 3538 3778 Busan
3571 3723 3704 3778 Bul-

2080 3840 2273 3898 garum
2301 3837 2484 3895 regem
2541 3819 2688 3876 bello
2717 3819 2892 3874 victos
2949 3816 3221 3890 extinguit
3273 3814 3515 3885 (Paosm,
3548 3815 3704 3883 app.)

2083 3916 2540 3974 Gunthamundus
2591 3914 2660 3969 ab
2701 3912 2865 3969 exilio
2923 3917 3143 3967 revocat
3200 3907 3509 3984 Eugenium
3569 3905 3701 3976 epi-

2082 4027 2338 4083 scOpum.

2153 4106 2275 4162 488.
2360 4103 2444 4160 15.
2518 4103 2571 4158 8.
2648 4102 2701 4158 4.
2768 4102 2821 4154 9.
2899 4098 2970 4153 42
3065 4097 3119 4152 3.
3201 4095 3285 4151 19.
3373 4093 3458 4150 16.
3533 4092 3625 4148 27.

2156 4203 2328 4272 (ιειυ.)
2362 4200 2552 4257 Eorico
2582 4195 3016 4272 Wisigotharum
3048 4208 3179 4266 rege
3225 4199 3466 4257 mortuo,
3504 4195 3702 4263 regnat

2083 4299 2207 4365 post
2229 4307 2353 4346 eum
2387 4289 2531 4344 filius
2569 4287 2690 4357 ejus
2744 4285 2988 4340 Alaricus
3043 4282 3203 4338 annis
3250 4281 3321 4335 22
3376 4280 3438 4334 ⁸⁸.
3471 4282 3552 4349 (II.
3605 4275 3709 4345 m.)

451 4375 511 4442 1G
561 4393 592 4431 1'
640 4379 718 4447 Κ)
779 4377 1005 4453 Egidius
1035 4377 1144 4433 dux
1198 4379 1254 4432 in
1315 4376 1504 4431 Galliis
1552 4374 1784 4432 moritur
1815 4392 1829 4431 ε
1861 4352 2058 4430 Sia-D
2083 4352 2456 4437 :I‘heodericus
2476 4352 2616 4434 cum'
2656 4375 2723 4432 16
2777 4373 2938 4429 annis
2976 4369 3427 4443 Ostrogothorum
3466 4381 3703 4442 regnum

376 4466 527 4540 grius
550 4467 696 4523 filius
743 4469 864 4537 ejus
919 4470 1287 4524 substituitur.
1337 4467 1748 4522 Audovachrius
1804 4466 1988 4522 Ande-

377 4555 530 4627 gavis
561 4563 615 4612 et
644 4557 780 4613 alias
819 4559 984 4614 urbes
1023 4559 1128 4614 sibi
1184 4557 1472 4629 subigens,
1516 4555 1740 4611 obsides
1769 4556 1982 4628 recipit.

382 4646 688 4704 Hildericus
728 4665 821 4704 rex
862 4648 1170 4723 Andegavis
1225 4645 1492 4715 incendit,
1535 4654 1589 4702 et
1633 4647 1858 4703 Paulum
1893 4663 1988 4704 co-

378 4738 566 4794 mitem
622 4738 780 4794 urbis
834 4739 1074 4810 perimit.
1124 4735 1432 4791 Hildericus
1479 4752 1572 4792 rex
1623 4742 1678 4792 et
1728 4737 1986 4792 Audova-

379 4833 568 4889 chrius
614 4832 998 4898 confaaderati,
1080 4830 1414 4885 Alamannos
1480 4829 1587 4884 sibi
1666 4827 1983 4905 Subjugant.

379 4925 565 4995 (Gneo.
597 4925 745 4984 Tua.)
795 4923 974 4978 Famis
1011 4928 1255 4992 tempore
1312 4921 1368 4976 in
1409 4922 1724 4998 Burgundia
1764 4930 1988 4978 senator

380 5015 606 5070 Ectitius
634 5023 870 5087 quatuor
885 5011 1037 5066 milia
1082 5025 1355 5082 pauperes
1383 5019 1720 5080 sustentans,
1752 5013 1987 5069 czelestis

381 5107 766 5180 promissionis
800 5119 992 5160 vocem
1023 5103 1250 5159 audivit.

451 5201 577 5256 482.
655 5202 709 5256 9.
785 5200 837 5254 2.
916 5199 1004 5256 24.
1083 5199 1137 5254 3.
1198 5199 1285 5257 36.
1363 5200 1414 5258 5.
1497 5199 1582 5258 13.
1661 5199 1746 5258 10.
1822 5201 1914 5255 2|.

454 5291 532 5359 (G.
559 5295 736 5361 pom)
765 5290 916 5346 Felix
973 5290 1228 5347 Romana:
1281 5293 1546 5349 aecclesiae
1609 5293 1756 5348 46¢us
1812 5291 1991 5363 presi-

381 5385 492 5438 det.
520 5382 616 5437 Hic
653 5383 935 5439 Acathium
976 5385 1297 5457 episcOpum
1321 5383 1987 5456 Constantinopolitanum

382 5471 681 5540 damnavit,
713 5473 1104 5530 assentientem
1137 5474 1295 5530 Petro
1311 5473 1683 5529 Alexandrino
1705 5473 1986 5529 damnato.

2087 4475 2380 4542 tenuisset,
2409 4489 2439 4528 a
2469 4471 2639 4528 Mesia
2669 4484 2925 4544 egressus
2973 4465 3182 4522 Italiam
3232 4463 3410 4535 petiit,
3443 4468 3500 4517 et
3529 4462 3710 4518 Odoa-

2088 4583 2236 4626 crem
2269 4565 2440 4622 ltalite
2472 4579 2658 4637 regem
2690 4561 2777 4616 bis
2799 4561 2905 4616 sibi
2927 4572 3284 4633 congressum
3312 4554 3401 4610 bis
3433 4553 3492 4608 in
3521 4553 3705 4626 fugam

2088 4659 2272 4725 vertit,
2303 4665 2357 4713 et
2377 4655 2557 4728 Papiae
2581 4654 2857 4710 inclusum
2887 4650 3106 4707 obsidet
3131 4646 3392 4704 triennio.

2159 4749 2284 4807 489.
2366 4749 2449 4804 16.
2525 4748 2560 4802 9
2659 4745 2712 4803 5.
2791 4745 2878 4802 ⁴ΙΟ.
2957 4742 3048 4798 43.
3113 4742 3168 4795 4.
3243 4743 3295 4794 1.
3375 4737 3465 4793 11.
3542 4737 3632 4791 28.

2163 4841 2439 4897 Barnabas
2479 4837 2782 4910 apostolus,
2834 4835 2929 4909 qui
2975 4833 3123 4905 apud
3161 4831 3494 4888 Salaminam
3545 4829 3703 4902 Cypri

2089 4951 2120 4990 a
2149 4931 2402 4988 Bar—Jesu
2424 4944 2584 5004 mago
2622 4935 2677 4983 et
2703 4943 2732 4982 a
2781 4925 2976 4983 Judeis
3000 4939 3098 4996 pro
3164 4921 3385 4978 Christo
3437 4919 3552 4993 igni
3588 4934 3710 4974 cre-

2088 5029 2268 5079 matus
2307 5027 2410 5081 est.
2463 5033 2665 5091 corpus
2711 5033 2896 5084 suum,
2955 5013 3104 5087 quod
3134 5028 3167 5067 a
3217 5012 3478 5069 Johanne
3526 5009 3705 5064 Marco

2089 5109 2422 5167 consobrino
2448 5122 2549 5162 suo
2580 5106 2636 5162 in
2677 5105 2850 5178 cripta
2878 5103 3206 5160 occultatum
3265 5098 3448 5153 adhuc
3477 5095 3705 5162 latebat,

2090 5200 2425 5258 revelatione
2465 5213 2566 5252 sua
2631 5195 2866 5252 inveniri
2926 5192 3053 5248 fecit
3105 5190 3208 5260 (Cf.
3237 5186 3499 5257 Mariam)
3571 5185 3698 5241 Cum

2090 5309 2200 5368 quo
2231 5292 2397 5348 etiam
2449 5289 2796 5365 evangelium
2844 5284 3065 5352 Mathei,
3099 5283 3275 5355 ipsius
3300 5279 3559 5336 manibus
3589 5277 3708 5368 Ma-

2089 5366 2491 5438 theiHebraice
2531 5377 2817 5449 scriptum,
2862 5375 3010 5448 quod
3058 5379 3175 5429 erat
3225 5369 3388 5426 simul
3438 5366 3706 5423 recondi-

2087 5480 2228 5537 tum,
2259 5469 2554 5525 invenitur.
2586 5466 2742 5533 Quod
2777 5462 3125 5537 evangelium
3181 5461 3302 5532 ipse
3327 5455 3610 5514 Barnabas
3640 5471 3705 5512 ex

1725 5578 1948 5633 VARIA'I
1975 5574 2353 5633 LELTIONES.

455 5677 497 5711 “
527 5674 628 5731 XLI
659 5677 740 5732 C1.
772 5679 860 5734 2‘.
893 5680 945 5735 3.
975 5681 1035 5735 D.
1071 5680 1114 5713 ‘5
1141 5678 1250 5734 XXI
1280 5676 1404 5734 83*.
1441 5676 1522 5733 Cl.
1547 5678 1599 5733 3.
1628 5677 1714 5732 4⁸.
1749 5677 1808 5731 D.
