3894 6220
149 269 212 324 93
1650 276 1992 334 CHRONICA.
3423 286 3493 340 91

157 399 403 455 doctrina
451 401 838 472 apostolorum
891 414 1078 456 secum
1101 415 1321 472 semper
1359 401 1500 458 ferre
1538 406 1774 472 solebat,
1802 411 1852 480 Α
1879 415 1965 464 tus
1993 407 2188 477 fuerat,
2217 409 2379 482 eique
2436 427 2560 482 pars
2589 412 2823 468 maxima
2862 412 3089 468 faveret.
3125 413 3307 482 (Gneo.
3341 415 3453 470 dial
3483 417 3497 482 )

159 493 211 543 et
236 487 563 560 ubicunque
599 488 922 544 inveniebat
971 488 1219 544 inﬁrmos
1247 491 1488 561 ponebat
1515 492 1649 548 illud
1680 510 1777 549 su-
1879 501 1980 557 Pro
2007 501 2166 571 cujus
2196 501 2562 556 dissensionis
2593 504 2754 574 culpa
2795 505 3032 558 animam
3067 504 3342 561 Paschasii
3373 506 3495 561 dia-

156 597 256 652 per
285 596 404 646 eos,
435 589 492 636 et
515 589 626 636 tam
653 582 763 638 ﬁde
794 577 1074 649 Barnabas,
1134 601 1298 655 quam
1349 587 1546 642 merito
1578 587 1776 644 Mathei
1877 589 2022 656 coni,
2054 591 2149 662 qui
2181 591 2505 662 pertinatius
2545 591 2836 648 Laurentio
2867 591 3092 658 faverat,
3125 593 3259 648 alias
3280 610 3492 667 magna:

150 691 348 730 omnes
375 677 738 732 sanabantur.
799 678 880 747 (G.
913 695 956 732 r.
990 678 1074 749 ιη’)
1140 678 1464 736 Ludowicus
1500 697 1591 736 rex
1610 683 1777 738 Fran—
1876 677 2182 732 sanctitatis
2235 678 2358 744 viri,
2404 679 2705 734 Germanus
2750 679 3042 751 Capuanus
3070 681 3364 752 episc0pus
3403 682 3491 736 in-

151 781 344 819 corum
390 765 714 821 Suessionis
767 766 982 841 Siagrio
1027 767 1152 822 duci
1211 768 1584 826 Romanorum
1642 787 1777 827 con-
1879 770 2028 824 venit
2056 770 2110 826 in
2175 771 2404 827 thermis
2459 773 2513 826 in
2575 773 2702 848 igne
2757 772 3074 844 purgatorio
3118 773 3372 844 positam.
3404 775 3494 843 (G.

149 856 425 926 greditur.
467 856 718 932 Siagrius
775 858 1026 914 Tolosam
1095 859 1163 914 ad
1226 860 1495 916 Alaricum
1538 863 1676 938 fugit
1709 880 1776 917 :a
1874 863 2044 929 pom.)
2083 859 2178 914 llic
2205 860 2553 916 Simmachus
2603 862 2888 917 constituit
2914 861 3367 918 omnidominico
3399 862 3491 918 die

145 960 257 1014 quo
300 943 602 1000 Ludowieo
633 947 941 1016 reposcenti
993 948 1274 1013 remissus,
1319 949 1627 1021 perimitur.
1672 951 1775 1005 Lu-
1878 949 1960 1001 vel
2007 948 2252 1003 natalitio
2313 960 2609 1020 martyrum
2665 951 2842 1006 Gloria
2892 955 2951 1005 in
3006 953 3220 1007 excelsis
3279 957 3378 1007 Deo
3425 951 3494 1006 ad

147 1035 399 1092 dowicus
425 1037 692 1109 quicquid
724 1039 1017 1094 Galliarum
1061 1041 1165 1095 sub
1194 1042 1321 1111 jure
1343 1049 1461 1097 erat
1492 1043 1772 1098 Romano-
1879 1039 2074 1093 missas
2121 1043 2330 1096 cantari
2365 1059 2379 1108 ;
2421 1059 2586 1114 quem
2644 1059 2869 1114 ymnum
2898 1043 3272 1113 Telesphorus
3310 1043 3491 1114 septi-

152 1147 298 1195 rum,
326 1131 398 1186 ad
419 1132 515 1200 jus
547 1132 882 1189 Francorum
923 1133 1199 1190 transfert.
1882 1144 2002 1182 mus
2026 1145 2056 1183 a
2089 1129 2248 1186 Petro
2273 1138 2613 1200 papa,noete
2659 1139 2870 1187 tantum
2923 1132 3120 1186 natalis
3169 1132 3384 1188 Domini
3425 1131 3494 1186 ad

222 1220 333 1276 490
435 1221 500 1275 Β.
563 1223 643 1277 17.
721 1222 780 1278 P.
839 1223 919 1278 10.
1001 1223 1058 1278 F.
1120 1224 1173 1278 6.
1255 1225 1293 1279 L
1359 1227 1443 1280 11.
1520 1226 1704 1280 Α.44.
1880 1217 2221 1274 missasase
2255 1219 2309 1273 in
2356 1219 2478 1290 ipsa
2509 1229 2670 1276 nocte
2721 1221 3002 1276 institutas
3068 1220 3275 1276 cantari
3327 1220 3493 1275 insti-

483 1309 568 1366 W.
601 1311 653 1366 5.
735 1311 818 1366 W.
850 1312 905 1366 2.
985 1313 1044 1367 Ο.
1108 1312 1193 1368 18.
1273 1313 1334 1367 ll.
1365 1312 1455 1369 29.
1879 1308 2000 1375 tuit,
2029 1315 2082 1364 et
2130 1309 2185 1364 in
2239 1325 2305 1366 eo
2346 1311 2414 1366 ad
2467 1312 2789 1387 angelorum
2821 1312 2991 1368 verba
3038 1329 3160 1386 qua;
3190 1317 3496 1384 sequuntur

225 1401 418 1466 (Gneo.
456 1402 613 1471 Tua.)
647 1404 840 1459 Avitus
873 1405 1205 1460 Viennensis
1236 1406 1536 1477 episcopus
1566 1403 1781 1470 claruit,
1885 1403 2105 1471 adjecit.

160 1490 255 1560 qui
287 1489 497 1544 Gallias
522 1491 592 1546 ab
640 1492 865 1546 Arriana
893 1493 1074 1549 heresi
1131 1492 1401 1548 defendit.
1435 1492 1529 1546 Hic
1557 1490 1784 1545 metrice
1956 1497 2061 1550 494
2158 1497 2209 1552 2.
2297 1501 2372 1554 14.
2457 1499 2521 1556 10
2645 1499 2724 1556 15.
2805 1502 2855 1556 3.
2933 1501 2987 1556 9.
3064 1503 3119 1566 6,
3195 1499 3248 1554 3.
3329 1499 3418 1556 33.

153 1585 221 1640 de
253 1587 579 1642 conditione
630 1587 820 1642 mundi
873 1587 1046 1643 libros
1095 1589 1426 1659 composuit.
1475 1584 1772 1641 Sollemnis
1959 1588 2153 1660 Paosr,
2215 1596 2363 1662 app.)
2415 1593 2842 1649 Gunthamundo
2907 1593 3295 1649 Wandalorum
3362 1607 3492 1664 rege

153 1675 514 1729 Carnotensis
564 1675 859 1745 episcopus
911 1676 1098 1741 claret,
1159 1676 1252 1747 qui
1305 1676 1358 1729 in
1420 1671 1844 1758 praedicandon
1886 1679 2169 1749 defuncto,
2219 1684 2622 1741 Trasamundus
2674 1685 2844 1742 frater
2893 1685 3012 1755 ejus
3071 1685 3320 1758 regnavit
3369 1691 3492 1755 post

159 1768 384 1822 Francis
434 1741 708 1821 Christum
757 1741 880 1822 inon
932 1741 1192 1840 segniter-
1230 1741 1450 1822 institit.
1515 1767 1572 1820 In
1605 1741 1848 1820 MineoB
1878 1783 2002 1824 cum
2025 1741 2287 1845 annis26.

154 1858 448 1930 Hispania
481 1857 649 1913 ﬂuvio
679 1857 858 1928 pisces
901 1859 1043 1929 capti
1073 1866 1218 1927 sunt,
1251 1859 1305 1912 in
1352 1874 1582 1930 quorum
1615 1872 1779 1928 squa-
1949 1862 2056 1918 495
2151 1864 2204 1918 2.
2286 1864 2352 1919 15
2449 1864 2538 1920 ll.
2617 1865 2702 1921 16.
2779 1867 2832 1920 4.
2928 1866 2972 1919 1.

153 1953 257 2006 mis
290 1951 590 2006 videbatur
627 1950 892 2021 inscripta
921 1967 1028 2006 aera
1061 1951 1334 2022 presentis
1361 1951 1514 2006 anni.
1573 1949 1780 2004 ldatius
1953 1952 2032 2020 (G.
2063 1957 2213 2022 r.F.)
2231 1954 2558 2010 Ludowicus
2605 1971 2700 2010 rex
2751 1954 3066 2029 Turingiam
3121 1952 3227 2009 sibi
3283 1951 3484 2022 subju-

161 2043 398 2099 Lemicaa
432 2041 819 2113 Hispaniarum
851 2042 1002 2097 urbis
1031 2043 1324 2114 episcopus
1371 2042 1590 2098 cronica
1617 2055 1720 2096 sua
1748 2057 1778 2095 a
1878 2047 1986 2113 gat.
2015 2042 2092 2109 (II.
2123 2044 2222 2111 m.)
2254 2041 2622 2098 Theodericus
2665 2059 2758 2097 rex
2786 2057 2982 2098 omnes
3009 2041 3313 2094 vicinarum
3340 2055 3486 2115 gen-

152 2134 335 2205 primo
361 2133 659 2189 Theodosii
698 2134 985 2190 consulatu
1031 2134 1284 2190 inchoata
1330 2135 1613 2205 hucusque
1645 2149 1772 2204 per—
1874 2128 2006 2184 tium
2041 2144 2201 2201 reges
2226 2137 2281 2185 et
2312 2131 2596 2202 principes
2641 2139 2733 2186 aut
2791 2129 3031 2185 amicitia
3087 2135 3180 2183 aut
3218 2126 3488 2184 afﬁnitate

3065 1867 3120 1919 7.
3194 1866 3247 1919 4.
3325 1863 3413 1921 34.

150 2226 328 2280 duxit.
356 2225 504 2296 (162)
545 2225 864 2280 Gennadius
911 2227 1205 2297 episcopus
1245 2225 1447 2280 librum
1500 2241 1660 2280 suum
1701 2225 1769 2279 de

149 2317 458 2372 illustribus
478 2317 614 2372 viris
636 2317 921 2390 hucusque
941 2317 1211 2388 perduxit.

181 2406 308 2461 491.
389 2405 478 2459 18.
559 2405 646 2460 11.
727 2405 777 2460 7.
875 2405 944 2460 12
1041 2406 1131 2461 45.
1208 2404 1262 2460 6.
1341 2405 1394 2459 3.
1477 2403 1564 2460 19.
1639 2403 1726 2460 30.

215 2497 308 2564 (G.
337 2502 516 2567 pont.)
547 2497 866 2552 Anastasius
897 2498 1154 2553 Romana;
1175 2497 1438 2554 tecclesiae
1477 2497 1604 2553 48ιιει
1643 2512 1770 2568 pre-

150 2591 307 2645 sidet.
361 2591 500 2646 Huic
547 2590 792 2646 Acatium
852 2591 1168 2646 damnatum
1227 2606 1486 2647 revocare
1538 2592 1766 2658 volenti,

150 2681 305 2735 multi
331 2680 709 2735 Romanorum
752 2695 863 2735 non
897 2680 1380 2736 communicabant
1405 2683 1594 2750 (BBDA,
1619 2684 1769 2749 11.θ)

154 2773 399 2828 Britanni
436 2789 548 2828 non
577 2773 826 2829 valentes
865 2773 1102 2844 amplius
1160 2773 1303 2828 ferre
1347 2773 1600 2829 virtutem
1658 2775 1770 2828 An-

150 2867 391 2939 glorum,
428 2873 490 2920 ut
516 2865 645 2921 victi
664 2880 987 2922 concessere
1017 2865 1073 2919 in
1125 2865 1214 2934 jus
1241 2873 1295 2921 et
1322 2860 1525 2922 nomen
1553 2881 1764 2921 eorum.

151 2957 365 3011 Primus
392 2957 463 3012 de
525 2963 690 3032 gente
738 2957 1034 3031 Anglorum
1077 2957 1197 3024 Elli,
1254 2964 1308 3013 et
1358 2958 1636 3014 secundus
1667 2958 1767 3013 Ce-

150 3052 246 3117 liu,
307 3049 449 3105 alter
488 3049 646 3105 alteri
703 3056 919 3105 mortuo
988 3049 1361 3118 succedendo,
1407 3058 1771 3125 regnaverunt

149 3143 295 3213 apud
323 3157 425 3198 eos
454 3157 554 3213 per
572 3156 749 3197 annos
775 3141 842 3197 '70
887 3142 1052 3212 (163).
1101 3142 1372 3213 (Mature)
1405 3142 1638 3198 Sanctus
1670 3143 1768 3198 Pa-

149 3237 344 3292 tricius
403 3237 685 3291 secundus
735 3235 1009 3292 Hiberniae
1095 3236 1566 3308 archiepiscOpus,
1623 3252 1768 3293 anno

148 3327 322 3381 aatatis
354 3342 473 3380 suae
537 3325 643 3380 122
697 3325 752 3379 in
796 3324 1008 3381 Christo
1040 3325 1266 3398 quievit.
1318 3327 1492 3395 (Isne)
1524 3325 1769 3382 Odoacer

147 3436 173 3472 a
198 3417 542 3473 Theoderico
574 3417 630 3471 in
663 3415 770 3472 ﬁde
819 3425 1132 3490 susceptus,
1180 3417 1247 3472 ab
1280 3433 1347 3474 eo
1375 3418 1690 3490 perimitur,
1712 3425 1768 3474 et

146 3507 524 3563 Theodericus
551 3506 709 3562 ltalia
765 3507 988 3578 potitur,
1019 3514 1075 3562 et
1120 3506 1374 3578 deposito
1426 3507 1638 3578 privato
1668 3510 1764 3566 ha-

150 3598 288 3662 bitu,
318 3596 570 3652 induitur
598 3596 770 3670 regali
794 3603 1058 3662 scemate,
1113 3603 1168 3652 et
1221 3598 1467 3672 regnavit
1526 3599 1582 3653 in
1612 3599 1766 3656 Italia

149 3687 306 3741 annis
319 3686 462 3740 36“.

215 3776 341 3832 492.
427 3776 514 3831 19.
593 3775 680 3830 12.
755 3775 809 3831 8.
890 3775 974 3832 13.
1079 3777 1104 3832 1
1211 3777 1262 3831 7.
1339 3779 1391 3833 4.
1477 3780 1524 3833 1.
1603 3778 1692 3835 31.

217 3871 295 3937 (II.
325 3867 427 3936 νη.)
471 3866 692 3921 Zenone
754 3865 1104 3936 imperatore.
1144 3875 1382 3933 mortuo.
1450 3870 1768 3929 Anastasius

149 3963 380 4030 imperat
410 3957 575 4013 annis
604 3958 694 4024 25,
723 3957 807 4013 vel
857 3965 915 4013 ut
964 3959 1186 4031 quidam
1239 3963 1451 4030 volunt,
1505 3964 1594 4020 27.
1626 3966 1768 4021 Gun-

149 4051 491 4107 thamundus
533 4066 629 4104 rex
679 4050 734 4104 in
765 4049 940 4106 Africa
991 4053 1272 4109 ecclesias
1302 4057 1701 4114 catholicorum
1734 4078 1765 4116 a

146 4156 334 4218 patruo
347 4162 452 4201 suo
481 4145 755 4201 Hunerico
779 4146 865 4200 vel
891 4163 992 4203 avo
1046 4149 1346 4206 Genserico
1386 4152 1600 4208 clausas
1629 4171 1766 4226 ape-

146 4237 268 4303 ruit,
293 4244 350 4290 et
373 4250 574 4290 omnes
606 4233 701 4289 Dei
727 4235 1044 4291 sacerdotes
1076 4244 1298 4308 petente
1357 4241 1602 4316 Eugenio
1637 4243 1762 4298 Car-

145 4326 441 4399 taginiensi
473 4325 738 4397 episc0po
779 4327 847 4380 ab
907 4327 1073 4384 exilio
1132 4333 1421 4389 revocavit.
1475 4334 1762 4406 [Achacius

1793 3095 1842 3164 C

1870 2217 1977 2272 sibi
2007 2219 2286 2285 conciliat,
2319 2228 2374 2275 et
2411 2220 2642 2291 paciﬁee
2691 2236 2862 2295 agens
2907 2221 2963 2274 in
3007 2219 3144 2274 locis
3169 2217 3489 2273 celebribus

1872 2307 2075 2378 regalia
2105 2306 2420 2363 habitacula
2455 2308 2692 2364 aediﬁcat
2763 2309 3074 2380 [Florebant
3103 2307 3209 2363 hoc
3240 2313 3489 2377 tempore

1873 2395 2248 2451 Launomarus
2276 2395 2647 2466 Carnotensis,
2708 2398 2967 2454 fundator
3007 2396 3226 2452 cenobii
3254 2394 3486 2450 Curbio-

1873 2495 2082 2561 nensis,
2114 2505 2173 2551 ut
2194 2495 2516 2551 Maximinus
2561 2496 2992 2563 Aurelianensis,
3031 2496 3291 2552 fundator
3314 2510 3486 2550 ceno-

1872 2589 1947 2642 bii
1983 2587 2362 2655 Miciacensis;
2395 2589 2550 2659 cujus
2575 2589 2831 2660 discipuli
2863 2588 3084 2644 fuerunt
3118 2586 3402 2643 Carileffus
3432 2593 3488 2642 et

1869 2679 2055 2733 Avitus
2086 2678 2314 2734 abbates
2342 2679 2430 2750 "].

1940 2771 2062 2826 496.
2143 2772 2194 2826 4.
2273 2771 2341 2826 16
2440 2771 2527 2826 12.
2607 2772 2694 2825 17.
2771 2773 2822 2826 5.
2901 2772 2954 2825 2.
3053 2772 3107 2826 8.
3184 2771 3240 2826 5.
3317 2769 3407 2826 35.

1942 2863 2025 2933 (6.
2068 2879 2113 2918 r.
2139 2865 2218 2930 ιιι)
2261 2862 2584 2919 Ludowicus
2639 2879 2870 2937 regnum
2921 2863 3253 2919 Francorum
3303 2877 3481 2933 usque

1869 2953 2178 3024 Sequanam
2251 2952 2442 3007 dilatat
2514 2953 2602 3023 (G.
2652 2955 2826 3022 pom.)
2882 2951 3062 3022 Aliqui
3113 2951 3482 3008 Romanorum

1871 3047 2190 3102 subornatis
2222 3046 2371 3102 falsis
2427 3047 2660 3102 testibus
2702 3047 3124 3103 incriminantes
3150 3046 3481 3104 Simmacum

1872 3156 2090 3210 papam,
2122 3139 2354 3194 latenter
2388 3139 2737 3194 Laurentium
2781 3139 2834 3193 in
2889 3146 3148 3210 papatum
3201 3137 3485 3193 subintro-

1869 3233 2143 3287 duxerunt
2172 3246 2270 3302 pro
2302 3247 2412 3303 quo
2465 3232 2719 3287 scismate
2775 3231 3088 3286 dirimendo
3115 3245 3207 3285 rex
3240 3229 3487 3284 Theode-

1869 3325 2013 3381 ricus
2043 3326 2366 3396 episcopum
2404 3326 2621 3381 Petrum
2653 3332 2844 3382 contra
2869 3341 3113 3381 canones
3142 3323 3484 3379 visitatorem

1867 3416 2016 3472 sedis
2040 3416 2360 3488 apostolicae
2394 3415 2646 3471 instituit.

1937 3509 2061 3564 497.
2141 3509 2176 3565 5
2280 3510 2363 3566 17.
2443 3511 2531 3566 13.
2634 3511 2720 3565 18.
2796 3511 2846 3566 6.
2926 3511 2979 3564 3.
3055 3508 3108 3564 9.
3187 3509 3238 3562 6.
3319 3508 3408 3565 36.

1938 3599 2024 3665 (G.
2079 3617 2126 3653 r.
2162 3599 2249 3655 ι’.)
2283 3599 2609 3655 Ludowicus
2654 3615 2882 3673 regnum
2936 3599 3261 3653 Francorum
3306 3611 3483 3668 usque

1868 3691 2102 3765 Ligerim
2143 3690 2458 3760 ampliﬁcat.
2521 3691 2610 3758 (G.
2663 3692 2835 3761 pont.)
2879 3690 3188 3746 Simmacus
3236 3705 3380 3760 papa
3425 3689 3480 3743 in

1869 3778 2104 3834 consilio
2137 3777 2236 3834 H5
2267 3778 2651 3849 episc0porum
2699 3794 2758 3833 se
2797 3785 2994 3850 purgat
3019 3779 3088 3832 de
3113 3777 3332 3846 objecto
3359 3778 3478 3833 cri-

1869 3870 2040 3936 mine,
2065 3876 2120 3924 et
2148 3867 2423 3923 damnatis
2447 3867 2605 3923 Petro
2628 3874 2682 3922 et
2721 3867 3036 3934 Laurentio,
3093 3869 3212 3938 ipse
3251 3867 3478 3938 quidem

1867 3961 1986 4017 sedi
2009 3975 2125 4016 sua:
2155 3959 2460 4016 restituitur
2488 3975 2500 4013 :
2535 3959 2818 4015 contentio
2866 3967 3046 4013 autem
3086 3973 3260 4030 usque
3289 3958 3357 4012 ad
3387 3973 3480 4013 ce-

1867 4055 1966 4109 des
1997 4061 2053 4110 et
2075 4052 2375 4110 homicidia
2420 4052 2563 4107 intra
2592 4060 2646 4107 et
2697 4059 2850 4107 extra
2899 4049 3205 4106 tecelesiam
3234 4049 3330 4105 diu
3353 4065 3483 4120 pro-

1866 4149 2120 4204 trahitur.

1933 4236 2058 4291 498.
2133 4237 2188 4294 6.
2269 4237 2350 4293 18.
2435 4236 2515 4291 14.
2595 4234 2682 4291 19.
2759 4237 2812 4290 7.
2889 4235 2940 4289 4.
3023 4235 3109 4290 10.
3183 4233 3233 4288 7.
3312 4234 3400 4288 37.

1936 4329 2021 4399 (G.
2085 4345 2134 4384 r.
2183 4330 2267 4397 F.)
2324 4327 2648 4385 Ludowicus
2695 4341 2789 4381 rex
2839 4331 3075 4381 castrum
3127 4323 3480 4379 Meledunum

143 4383 442 4490 episcopus
469 4420 1117 4492 ConstantinOpolitanus
1147 4423 1334 4482 divino
1366 4383 1504 4482 nutu
1559 4383 2029 4500 percu-Despit.
2089 4425 2303 4497 (81mm)
2363 4423 2770 4479 Trasamundus
2824 4437 2918 4477 rex
2976 4420 3368 4476 Wandalorum
3422 4417 3478 4472 in

146 4509 275 4564 titur
301 4510 344 4543 ⁸⁷
373 4508 465 4578 (cf.
490 4508 614 4563 Man
645 4509 789 4564 BEDA
817 4509 876 4582 )].
1868 4516 2065 4582 Africa,
2090 4515 2292 4571 clausis
2346 4515 2742 4570 catholicorum
2770 4511 3060 4578 3360183118,
3104 4509 3209 4565 220
3247 4508 3477 4580 episco-

210 4599 335 4653 493.
421 4601 471 4654 1.
549 4600 638 4653 13.
717 4601 770 4656 9.
868 4602 952 4656 14.
1027 4603 1081 4656 2.
1181 4604 1233 4658 8.
1330 4605 1382 4662 5.
1461 4608 1515 4661 2.
1596 4609 1688 4664 32.
1866 4608 2488 4679 posexiliavitzcontra
2535 4623 2674 4680 quos
2727 4607 3030 4661 Simmacus
3082 4620 3225 4676 papa
3256 4617 3476 4657 manum

214 4688 274 4744 G.
333 4689 508 4758 pom.)
570 4688 916 4746 Simmaclius
982 4693 1236 4748 Romanae
1319 4697 1582 4752 tecclesiae
1641 4697 1767 4754 49υε
1865 4718 1978 4758 suae
2010 4700 2354 4756 liberalitatis
2403 4700 2664 4756 benivole
2720 4699 2955 4755 exeruit.
2986 4699 3164 4770 (Aoo,)
3204 4697 3312 4751 Hac
3343 4711 3476 4768 per-

147 4781 407 4848 presidet,
464 4779 718 4836 ordinato
767 4790 958 4838 contra
1021 4800 1147 4840 eum
1195 4803 1292 4856 per
1348 4789 1762 4846 contentionem
1862 4791 2150 4846 sceutione
2181 4789 2499 4862 Fulgentius
2526 4787 3172 4859 episc0pus,sanctitate,
3201 4783 3479 4857 sapientia

149 4869 457 4924 Laurentio.
521 4869 649 4934 Quae
701 4885 787 4924 res
837 4887 1001 4944 grave
1027 4873 1319 4929 discidium
1376 4877 1640 4934 ecclesiae
1667 4879 1760 4935 diu
1861 4890 1917 4936 et
1944 4879 2194 4945 scientia,
2244 4879 2370 4934 stilo
2419 4885 2474 4934 et
2520 4877 2778 4933 facundia
2836 4877 3133 4949 preelarus,
3183 4875 3356 4931 multa
3409 4874 3478 4930 ab

147 4973 314 5028 usque
345 4957 415 5012 ad
466 4956 586 5028 ipsa
634 4959 898 5028 protraxit
951 4961 1249 5018 homicidia
1284 4983 1297 5031 ;
1331 4965 1508 5023 donec
1537 4969 1758 5025 tandem
1864 4973 2108 5029 Arrianis
2140 4988 2236 5044 pro
2268 4987 2396 5027 vera
2434 4970 2545 5027 ﬁde
2585 4987 2902 5043 perpessus,
2955 4969 3173 5026 diutino
3202 4970 3258 5024 in
3291 4967 3481 5024 Sardi-

151 5051 285 5106 hanc
335 5051 759 5108 altercationem
813 5057 1145 5125 compressit
1225 5059 1550 5117 Theoderici
1595 5065 1760 5138 regis,
1865 5063 2011 5118 niam
2041 5062 2208 5119 exilio
2237 5070 2566 5118 maceratur.
2616 5059 2700 5126 (G.
2753 5078 2801 5117 r.
2854 5066 2936 5126 F.)
2968 5059 3243 5116 Rothildis
3289 5060 3483 5136 regina

149 5141 393 5208 quamvis
421 5141 624 5206 Ariani,
657 5143 926 5213 potentia,
957 5145 1058 5202 hoc
1084 5149 1359 5220 aequitatis
1373 5151 1587 5219 judicio
1614 5155 1764 5225 Opti-
1863 5155 2174 5212 orthodoxa
2214 5154 2566 5211 Ludowicum
2625 5169 2809 5229 regem
2841 5169 2872 5208 a
2922 5153 3250 5227 gentilitatis
3295 5167 3482 5210 errore

154 5236 333 5298 nente,
364 5239 425 5286 ut
447 5231 758 5288 Simmacus
787 5249 930 5305 papa
968 5243 1131 5300 esset,
1185 5238 1315 5310 quia
1364 5241 1514 5311 prior
1538 5244 1763 5300 ordina-
1865 5263 2095 5303 avocare
2120 5246 2443 5315 conabatur,
2461 5246 2557 5302 sed
2589 5245 2788 5302 frustra
2809 5245 2994 5303 conari
3025 5243 3334 5303 videbatur.

1506 5383 1725 5440 VARI/E
1744 5386 2115 5443 LECTIONES.

215 5467 507 5564 ξξξςὶξῇιιξ
533 5471 936 5564 ἦξοίξιξξ
960 5479 1190 5564 οοννξκῐ)ἶ
1223 5479 1267 5515 ⁸⁷
1296 5485 1377 5564 fta
1401 5487 1684 5564 infusum
1723 5495 1795 5564 l.,_
1824 5496 1886 5545 ut
1911 5491 2142 5558 videtur,
2175 5497 2226 5546 et
2254 5493 2396 5558 rell.;
2431 5492 2748 5547 Anastasius
2783 5507 2924 5564 papa
2957 5489 3146 5545 divino
3178 5497 3316 5545 nutu
3348 5501 3479 5560 per-

156 5553 332 5595 cussus
359 5543 442 5597 est
466 5546 525 5597 A.
557 5543 602 5578 “
633 5544 932 5601 Florebant
959 5549 1260 5606 ——abbates
1289 5552 1368 5619 1.,
1395 5557 1511 5612 rell.
1543 5562 1741 5614 Desunt
1771 5543 1832 5615 A.

1712 5656 1930 5713 NOTJE.

1712 5657 1754 5711 N
1918 5701 1930 5713 .

219 5732 351 5804 (162;
379 5735 526 5792 Errat
555 5737 928 5814 Sigebertus;
962 5744 1165 5802 desinit
1194 5744 1412 5804 ldacius
1441 5765 1492 5808 a.
1524 5752 1649 5809 467.
1759 5657 2074 5826 ΟΤᾹζ(163)
2096 5755 2250 5812 Errat
2278 5759 2386 5832 Sig.
2425 5759 2480 5813 in
2503 5766 2787 5829 tempore;
2827 5755 2896 5811 cf.
2940 5753 3130 5809 Hirsch
3151 5769 3205 5822 p.
3237 5752 3326 5806 62.
