3894 6220
394 291 464 344 95
1593 291 1936 349 SIGEBERTI
1985 291 2508 351 GEMBLACENSIS.
3653 309 3724 364 96

457 421 582 476 499.
662 422 723 476 R.
778 423 830 478 7.
909 423 1107 480 P.19.
1219 425 1274 480 Ρ.
1329 426 1412 482 15.
1509 427 1566 482 L.
1597 426 1686 482 20.
1765 426 1900 483 Α.8

705 512 872 568 W.5.
950 513 1034 568 W.
1085 516 1168 570 11.
1247 515 1306 571 0.
1359 517 1410 571 8.
1493 517 1674 574 11.38.

459 601 546 666 (G.
581 618 626 656 r.
662 608 704 656 Ρ
727 603 742 673 )
764 602 1089 660 Ludowicus
1118 621 1209 660 rex
1242 607 1556 662 Alemannis
1586 607 1733 664 bello
1772 624 1999 683 congre-

390 689 564 754 ditur;
608 690 791 762 ibique
832 691 1116 749 laborante
1159 696 1424 762 exercitu,
1474 704 1602 752 voto
1651 698 1994 770 suscipiendi

389 783 775 839 christianismi
804 802 863 841 se
914 788 1161 862 obligare
1208 790 1425 861 cogitur
1458 791 1687 863 ;sicque
1706 799 1996 866 perempto

387 872 811 931 Alemannorum
845 893 994 950 rege,
1028 886 1083 934 et
1103 880 1425 936 Alemannia
1467 883 1572 936 sub
1601 883 1806 938 tributo
1837 883 1996 938 reda-

384 967 491 1027 cta,
525 963 828 1034 baptizatus
854 983 883 1020 a
910 967 1156 1042 Remigio
1187 969 1452 1041 episcOpo
1493 971 1787 1026 Remorum
1807 987 1996 1026 exem-

384 1048 476 1117 plo
503 1058 556 1104 et
587 1052 767 1107 edicto
794 1069 894 1110 suo
921 1056 1175 1125 perducit
1210 1058 1278 1112 ad
1311 1056 1477 1114 ﬁdem
1509 1059 1703 1114 Christi
1723 1060 1989 1131 pupulum

384 1138 734 1196 Francorum.

452 1229 572 1286 500.
650 1232 704 1286 8.
780 1234 867 1288 20.
951 1236 1032 1292 16.
1106 1236 1195 1292 21.
1272 1239 1323 1294 9.
1396 1239 1449 1293 6.
1530 1241 1615 1295 12.
1691 1241 1744 1296 9.
1823 1241 1911 1295 39.

451 1319 531 1389 (V.
575 1323 632 1377 S.
665 1327 834 1391 Rem.)
897 1325 1115 1382 Collatis
1181 1345 1213 1383 a
1259 1328 1550 1386 Ludowico
1615 1345 1746 1402 rege
1802 1329 1989 1384 multis

382 1412 588 1480 prediis
608 1416 871 1470 zecclesiae
921 1417 1201 1488 Remensi,
1250 1421 1554 1498 Remigius,
1605 1422 1776 1477 multa
1798 1437 1987 1478 eorum

381 1509 532 1568 parte
558 1502 680 1556 data
701 1506 966 1559 secetesiae
1014 1507 1392 1571 Laudunensi,
1418 1511 1606 1564 sedem
1633 1511 1989 1581 episcopatus

379 1587 454 1641 ibi
487 1605 608 1644 esse
641 1594 962 1658 constituit;
999 1595 1351 1668 primumque
1381 1598 1494 1652 illic
1526 1599 1848 1669 episcOpum
1883 1599 1989 1652 Ge-

2018 428 2073 496 Α
2134 425 2261 482 507.
2343 428 2424 482 15.
2501 427 2590 484 27.
2656 429 2748 484 23.
2815 429 2903 485 28.
2969 430 3061 487 16.
3121 432 3210 488 13.
3267 434 3356 490 19.
3429 437 3513 491 16.
3590 439 3683 492 46.

2173 517 2254 588 (Η.
2285 519 2388 590 m)
2441 519 2740 575 Vitalianus
2804 521 3064 578 instinctu
3116 525 3308 595 pepuli
3352 526 3592 603 insurgit
3665 529 3719 582 in

2100 605 2488 676 imperatorem
2520 608 2887 676 Anastasium,
2919 619 3146 684 propter
3178 614 3508 671 Eutitianam
3550 619 3716 674 here-

2099 696 2200 750 sim
2229 697 2338 751 Deo
2365 703 2420 752 et
2446 697 2767 753 hominibus
2791 714 3038 756 exosum.

2169 789 2291 843 508.
2365 788 2448 842 16.
2516 788 2604 842 28.
2672 789 2760 842 24.
2826 790 2916 846 29.
2990 793 3074 848 17.
3152 794 3234 848 14.
3301 795 3393 849 20.
3465 796 3553 852 17.
3624 799 3716 853 47.

2168 874 2248 944 (G.
2272 876 2444 946 poni.)
2476 875 2761 931 Hormisda
2807 878 3064 934 Romanae
3112 882 3380 938 aecclesize
3410 884 3539 940 50M
3579 903 3717 957 pre—

2096 962 2257 1018 sidet.
2309 964 2403 1019 Hic
2445 963 2650 1019 clerum
2701 968 3035 1038 composuit,
3093 976 3146 1024 et
3185 972 3414 1040 psalmis
3451 974 3697 1030 erudivit

2097 1054 2191 1110 Hic
2233 1062 2486 1126 respectu
2519 1057 2836 1127 apostolicus
2881 1059 3241 1116 humanitatis
3297 1063 3500 1120 Grecos
3530 1068 3720 1122 convi-

2091 1154 2179 1201 ctu
2207 1147 2570 1202 hereticorum
2595 1149 2894 1205 maculatos
2910 1151 3148 1208 absolvit
3181 1170 3280 1224 per
3301 1171 3433 1211 suos
3466 1159 3716 1214 nuntios.

2094 1237 2168 1306 (G.
2212 1255 2261 1294 r.
2281 1241 2363 1305 F.)
2395 1239 2639 1294 Alaricus
2667 1256 2759 1295 rex
2787 1242 3077 1299 Ludowico
3146 1245 3259 1320 regi
3316 1246 3550 1303 insidias
3581 1265 3712 1304 mo-

2094 1330 2243 1397 litus,
2277 1330 2462 1385 foedus
2497 1331 2686 1387 violat.

2161 1418 2286 1472 509.
2355 1419 2438 1472 17.
2514 1418 2604 1475 29.
2670 1421 2758 1474 25.
2823 1422 2913 1476 30.
2989 1423 3071 1477 18.
3144 1424 3228 1480 15.
3297 1425 3385 1481 21.
3458 1427 3544 1482 18.
3617 1431 3690 1483 48

2163 1509 2245 1574 (G.
2277 1527 2307 1564 r
2358 1511 2436 1580 F.)
2479 1510 2805 1567 Ludowicus
2835 1529 2926 1567 rex
2953 1514 3126 1588 signis
3177 1516 3348 1572 divini
3377 1519 3566 1573 auxilii
3592 1521 3714 1575 ani-

2091 1605 2271 1653 matus
2294 1598 2362 1652 ad
2394 1598 2712 1653 bellandum
2757 1630 2827 1640 -—
2864 1601 3098 1656 Turonis
3146 1604 3354 1675 quippe
3408 1607 3710 1673 transiens,

380 1679 694 1735 nebaudum
719 1686 1026 1750 constituit,
1049 1689 1374 1744 eteumdem
1399 1689 1452 1744 in
1477 1689 1838 1748 fornicatione
1865 1709 1986 1748 cum
2020 1743 2063 1767 η
2090 1706 2292 1762 equum
2325 1707 2484 1745 suum
2513 1692 2712 1747 Sancto
2780 1693 3004 1748 Martino
3056 1695 3203 1750 misit
3235 1715 3249 1761 ;
3282 1712 3446 1767 quem
3478 1706 3706 1753 centum

381 1785 479 1824 sua
506 1774 782 1841 quondam
814 1791 980 1830 uxore
1003 1779 1351 1848 prolapsum,
1385 1781 1480 1835 scd
1521 1783 1849 1852 septemnali
1882 1800 1994 1854 ρω-
2020 1743 2067 1810 Β
2092 1781 2283 1835 solidis
2310 1781 2655 1852 redemptum
2723 1784 2972 1853 recipere
3002 1800 3114 1840 non
3135 1787 3334 1856 potuit,
3365 1788 3550 1842 missis
3585 1789 3712 1843 aliis

383 1861 614 1916 nitentia
643 1871 931 1938 purgatum
964 1875 1020 1922 et
1050 1869 1118 1923 de
1151 1869 1832 1941 reclusionedivinojussu
1855 1874 1992 1928 edu-

383 1959 552 2013 ctum,
579 1953 696 2007 sedi
715 1970 827 2009 suae
853 1956 1110 2023 restituit,

417 2037 513 2094 501
618 2042 671 2096 9.
745 2044 833 2098 21.
914 2045 1001 2100 17.
1077 2047 1165 2100 22.
1251 2050 1333 2103 10.
1413 2050 1464 2104 7.
1539 2051 1622 2105 13.
1703 2051 1787 2106 10.
1865 2051 1936 2107 40

455 2130 534 2196 (G.
568 2148 614 2184 ν·
641 2133 715 2193 F.)
744 2132 1068 2191 Ludowicus
1133 2153 1228 2192 rex
1273 2139 1650 2196 Gundebaudo
1709 2142 1822 2217 regi
1856 2143 1990 2197 Bur-

381 2221 720 2291 gundionum
746 2238 1092 2298 congressus,
1126 2243 1192 2283 eo
1225 2229 1386 2299 victo,
1418 2231 1809 2305 Burgundiam,
1844 2234 1991 2287 redi-

383 2306 461 2378 git
476 2306 578 2360 sub
597 2309 797 2365 tributo

412 2397 534 2450 502.
623 2399 700 2454 10.
777 2402 866 2455 22.
941 2405 1018 2459 18.
1088 2407 1324 2464 23.11.
1391 2410 1444 2463 8.
1530 2411 1614 2464 14.
1697 2411 1780 2465 11.
1861 2413 1947 2466 41.

451 2494 520 2556 (Η
567 2495 997 2563 m.)Simmacus
1043 2502 1306 2572 patricius
1367 2521 1476 2558 rem
1531 2507 1812 2576 publicam
1862 2508 1990 2562 illu-

383 2586 535 2648 strat,
584 2590 780 2638 etcum
818 2602 885 2642 eo
913 2605 1084 2660 gener
1117 2591 1235 2658 ejus
1283 2592 1506 2648 Boetius
1553 2594 1636 2648 vir
1661 2596 1988 2666 consularis,

379 2671 712 2742 conspicuus
745 2675 798 2729 in
832 2685 1063 2749 utraque
1115 2679 1318 2750 lingua,
1375 2683 1686 2738 eruditione
1737 2683 1986 2740 omnium

376 2760 685 2818 liberalium
717 2768 938 2833 artium,
967 2787 1106 2841 quas
1135 2787 1278 2841 pene
1305 2788 1498 2829 omnes
1527 2791 1559 2829 a
1585 2776 1756 2832 Greco
1790 2777 1843 2831 in
1880 2777 1983 2833 La-

379 2852 552 2907 tinum
572 2859 848 2913 transtulit
873 2868 928 2914 et
953 2863 1228 2932 exposuit.

409 2945 532 3000 503.
610 2948 699 3004 11.
773 2950 861 3007 23.
941 2953 1025 3010 19.
1101 2955 1190 3009 24.
1276 2956 1358 3011 12.
1435 2958 1487 3012 9.
1572 2960 1653 3012 15.
1734 2961 1820 3014 12.
1898 2963 1985 3017 42.

446 3037 525 3099 (Η.
555 3051 631 3090 m.
662 3036 721 3090 1n
752 3038 932 3094 Africa
960 3040 1230 3112 Olimpius
1284 3044 1532 3115 quidam,
1586 3047 1714 3101 dum
1772 3048 1828 3103 in
1860 3049 1985 3105 bal-

378 3124 498 3178 neis
529 3125 584 3179 in
641 3138 885 3184 sanctam
947 3108 1263 3188 Trinitatem
1302 3108 1753 3207 blasphemaret,
1814 3141 1988 3217 ignito
2016 3108 2063 3176 Ο

374 3211 559 3279 jaculo
585 3218 796 3272 caelitus
827 3220 1106 3286 veniente,
1137 3223 1428 3278 visibiliter
1457 3226 1780 3284 combustus
1808 3211 1910 3287 est.

379 3305 502 3360 504.
590 3309 669 3364 I2.
747 3309 834 3365 24.
910 3313 998 3368 20.
1076 3315 1164 3369 25.
1234 3316 1319 3372 13.
1403 3316 1466 3374 10
1569 3320 1648 3374 16.
1732 3323 1796 3376 13
1893 3325 1981 3380 43.

451 3400 656 3469 (ILm)
714 3401 1190 3475 Constantinopoli
1247 3406 1377 3461 dum
1429 3408 1696 3462 Deuterus
1753 3409 1986 3466 Arianus

379 3489 673 3560 episcOpus
712 3492 940 3548 Barbam
970 3498 1245 3566 quendam
1278 3499 1601 3569 baptizaret,
1623 3507 1676 3555 et
1708 3502 1850 3555 male
1872 3501 1987 3556 dis-

379 3581 637 3653 tinguens
675 3585 1012 3654 Trinitatem,
1071 3590 1281 3646 diceret
1336 3598 1600 3664 :Baptizo
1662 3602 1730 3662 te,
1786 3597 1982 3664 Barba,

379 3676 439 3726 in
464 3678 681 3730 nomine
708 3682 884 3743 Patris
906 3695 1004 3749 per
1028 3684 1226 3737 Filium
1254 3687 1312 3738 in
1341 3685 1549 3754 Spiritu
1601 3693 1810 3754 sancto,
1843 3703 1984 3760 aqua

381 3760 670 3831 disparuit.

447 3850 570 3905 505.
651 3854 733 3909 13.
815 3855 904 3911 25.
971 3858 1061 3912 21.
1130 3860 1217 3916 26.
1290 3862 1372 3916 14.
1448 3863 1529 3915 11.
1606 3860 1688 3917 17.
1751 3865 1835 3918 14.
1893 3864 1982 3920 44.

445 3941 528 4010 (Η.
560 3949 652 4004 m.l
694 3946 1094 4006 Alamundarus
1145 3968 1238 4006 rex
1269 3952 1666 4008 Saracenorum
1701 3954 1770 4007 ab
1793 3955 1986 4010 ortho-

376 4032 532 4088 doxis
582 4035 910 4107 baptizatus,
955 4058 1076 4097 cum
1109 4059 1236 4098 eum
1286 4043 1490 4098 vellent
1521 4045 1791 4100 Euticiani
1818 4046 1984 4101 sedu-

375 4135 520 4188 cere,
554 4124 752 4182 refellit
787 4144 886 4184 eos
941 4131 1044 4185 hac
1106 4130 1356 4186 fabulosa
1412 4131 1758 4199 inductione,
1791 4133 1982 4190 dicens

374 4213 520 4284 quod
581 4215 794 4273 litteras
858 4222 1136 4291 acceperit
1201 4221 1522 4276 Michaelem
1585 4224 1978 4299 archangelum

371 4314 643 4364 mortuum
680 4326 840 4376 esse;
874 4312 1094 4384 illisque
1128 4314 1608 4385 respondentibus,
1645 4316 1747 4371 hoc
1774 4317 1980 4388 impos-

369 4395 480 4450 bile
509 4414 654 4464 esse,
712 4401 861 4472 quod
910 4403 1091 4479 angeli
1141 4405 1250 4458 sint
1297 4405 1651 4474 impassibilis
1706 4414 1914 4464 naturae
1959 4428 1973 4465 :

368 4487 628 4547 Quomodo
653 4504 792 4558 ergo,
818 4491 1015 4562 inquit,
1044 4495 1340 4548 secundum
1366 4509 1452 4549 vos
1481 4497 1659 4550 nudus
1683 4501 1978 4564 cruci/itus

367 4584 444 4632 est
467 4582 725 4650 Christus,
756 4587 865 4638 nisi
912 4586 1153 4640 duarum
1203 4594 1537 4642 naturarum
1565 4597 1716 4657 esset,
1744 4593 1979 4660 quando—

367 4667 579 4733 quidem
602 4685 701 4725 nec
723 4673 946 4740 angelus
969 4680 1218 4729 mortuus
1249 4681 1324 4728 est
1357 4676 1383 4728 ?

404 4754 529 4810 506.
606 4759 694 4812 14.
761 4761 848 4814 26.
918 4762 1013 4817 22.
1075 4763 1164 4818 27.
1239 4765 1300 4820 15
1386 4765 1470 4819 12.
1545 4767 1624 4821 18.
1702 4770 1786 4824 15.
1849 4773 1946 4825 45.

442 4846 519 4912 (G.
556 4866 602 4903 r.
631 4851 716 4920 F.)
761 4852 1089 4909 Ludowicus
1119 4861 1174 4910 et
1215 4855 1459 4912 Alaricus
1488 4874 1648 4933 reges
1699 4861 1983 4919 confoede-

370 4945 577 4996 rantur.
605 4941 787 5011 (GREG.
821 4945 980 5017 Tun.)
1024 4946 1354 5018 Quintianus
1399 4950 1736 5008 Rutenensis
1763 4956 1982 5026 episco-

370 5046 475 5101 pus
499 5037 553 5087 et
582 5032 883 5092 Maxentius
912 5037 1249 5095 Pictavensis
1305 5041 1479 5097 abbas
1529 5043 1744 5102 clarent
1771 5047 1828 5102 in
1858 5047 1981 5103 Gal-

369 5116 461 5174 lia.

2005 4375 2060 4444 D

2094 1877 2312 1922 centum
2343 1868 2534 1924 solidis
2574 1870 2783 1940 recepit
2813 1889 2828 1934 ;
2862 1872 3096 1926 credens
3151 1873 3304 1928 illum
3348 1874 3556 1930 bonum
3583 1892 3710 1932 esse

2096 1956 2149 2009 in
2181 1956 2405 2023 auxilio,
2433 1957 2527 2026 qui
2555 1967 2662 2010 tam
2694 1973 2852 2012 carus
2883 1959 3071 2014 eratin
3105 1961 3328 2035 negotio
3361 1993 3424 2001 —
3476 1963 3712 2034 insuper

2093 2051 2320 2114 accepto
2372 2044 2615 2100 victoriae
2661 2047 2912 2120 presagio
2961 2063 2992 2100 a
3048 2047 3264 2104 clericis
3317 2051 3710 2107 cantantibus:

2095 2139 2434 2190 Prwcinxisti
2457 2152 2544 2190 me
2600 2140 2803 2191 virtute
2859 2139 2929 2192 ad
2980 2139 3198 2207 bel’um,
3231 2139 3443 2196 Alarico
3469 2141 3715 2218 Wisigo-

2094 2223 2310 2277 thorum
2348 2224 2465 2297 regi
2489 2225 2871 2298 congreditur,
2896 2241 3074 2297 eoque
3107 2236 3414 2298 perempto,
3443 2230 3714 2302 quicquid

2095 2315 2389 2368 Galliarum
2412 2315 2705 2385 Wisigothi
2767 2317 3142 2386 possidebant,
3198 2319 3267 2373 ad
3327 2331 3514 2390 partes
3544 2322 3718 2377 Fran-

2092 2419 2279 2458 corum
2315 2405 2593 2458 transtulit
2625 2423 2639 2469 ;
2671 2412 2724 2460 et
2753 2405 3022 2462 invadens
3038 2409 3288 2464 Tolosam
3321 2411 3510 2466 sedem
3556 2415 3712 2486 regni

2092 2494 2413 2561 Gothorum,
2436 2511 2614 2567 usque
2645 2496 2712 2550 ad
2746 2496 3011 2567 Pyrineos
3043 2508 3258 2556 montes
3288 2518 3521 2576 regnum
3543 2505 3715 2559 Fran-

2093 2601 2281 2640 corum
2310 2587 2575 2640 dilatavit.
2638 2589 2828 2642 Fertur
2857 2590 3022 2644 etiam
3082 2608 3266 2648 muros
3296 2593 3588 2651 Ecolismae
3619 2613 3714 2652 ur-

2093 2677 2179 2731 bis
2235 2687 2360 2733 ante
2421 2678 2614 2734 faciem
2682 2680 2804 2749 ejus
2857 2683 3150 2738 corruisse.
3204 2686 3510 2743 Amalricus
3567 2689 3717 2745 filius

2090 2772 2284 2827 Alarici
2320 2771 2617 2844 fugiensin
2649 2775 2985 2846 Hispaniam,
3033 2786 3227 2853 regnat
3280 2780 3354 2834 ibi
3407 2782 3573 2836 annis
3628 2784 3712 2838 16.

2093 2867 2876 2941 (Ριουολιω.)8ἱείεωυηάυε,
2929 2880 3146 2927 mortuo
3196 2880 3349 2943 patre
3398 2890 3500 2930 suo
3563 2877 3716 2931 Gun-

2091 2960 2369 3028 dehaudo,
2413 2970 2609 3034 regnat
2641 2963 2695 3017 in
2756 2965 3086 3037 Burgundia.
3145 2967 3456 3036 [Gibrianus
3495 2970 3714 3026 Scottus

2091 3065 2214 3102 cum
2240 3048 2496 3104 fratribus
2553 3057 2608 3105 et
2663 3053 2950 3107 sororibus
3005 3054 3058 3108 in
3093 3055 3264 3110 Gallia
3293 3057 3708 3130 peregrinatus,

2087 3141 2280 3194 urbem
2308 3141 2635 3198 Remensem
2665 3149 2718 3198 et
2769 3145 2880 3200 vita
2908 3155 2963 3200 et
2992 3153 3167 3202 morte
3193 3163 3294 3202 sua
3341 3148 3581 3204 illustrat
3619 3151 3707 3222 ⁸⁹.]

2068 3229 2228 3295 ‘(Vz'ta
2257 3230 2312 3284 S.
2348 3230 2442 3296 Μ)
2479 3231 2706 3287 Faustus
2756 3233 2812 3287 S.
2856 3234 3136 3290 Benedicti
3193 3235 3600 3306 discipulus,et
3639 3240 3710 3293 ab

2086 3334 2152 3374 eo
2179 3335 2302 3374 cum
2361 3321 2545 3376 Mauro
2603 3323 2658 3376 in
2707 3323 2905 3380 Gallias
2954 3326 3058 3380 hoc
3116 3342 3260 3383 anno
3321 3329 3714 3396 transmissus,

2086 3413 2279 3468 scribit
2305 3414 2358 3468 in
2390 3415 2508 3469 Vita
2538 3415 2685 3471 illius
2734 3417 2924 3484 Mauri,
2955 3420 3010 3474 S.
3037 3421 3392 3476 Benedictum
3432 3423 3714 3481 claruisse

2086 3511 2428 3580 temporibus
2448 3512 2643 3568 Justini
2677 3515 2915 3570 senioris
2943 3523 2998 3572 et
3030 3517 3289 3574 llilderici
3310 3518 3710 3577 Wandalorum

2086 3601 2275 3673 regis;
2307 3603 2540 3665 addens.
2571 3605 2717 3676 quod
2755 3621 2820 3661 eo
2877 3615 3126 3678 tempore
3177 3624 3270 3664 rex
3325 3609 3711 3668 Theodericus

2085 3691 2458 3746 Simmachum
2492 3694 2778 3762 patricium
2833 3701 2886 3749 et
2909 3696 3215 3751 Johannem
3245 3713 3443 3768 papam
3473 3701 3703 3757 occide-

2087 3783 2174 3837 rit.
2225 3783 2425 3839 Scribit
2461 3800 2704 3856 quoque,
2758 3787 2998 3842 eundem
3050 3787 3404 3844 Benedictum
3463 3791 3572 3847 hoc
3607 3809 3709 3848 eo-

2086 3870 2211 3926 dem
2243 3887 2409 3936 anno,
2441 3887 2549 3943 quo
2580 3872 2797 3928 Maurus
2824 3874 2890 3926 ad
2909 3873 3108 3929 Gallias
3142 3877 3427 3943 tendebat,
3470 3880 3705 3946 obiisse,

2090 3961 2154 4016 12
2183 3961 2295 4016 Kal.
2330 3961 2524 4032 April.,
2565 3962 2698 4018 hora
2723 3963 2834 4018 diei
2865 3965 3020 4035 quasi
3055 3966 3215 4020 tertia
3247 3968 3425 4038 ;quod
3459 3985 3528 4024 eo
3559 3987 3710 4028 anno

2086 4053 2139 4107 in
2201 4052 2432 4110 sabbato
2489 4054 2706 4125 paschae
2772 4056 3124 4126 proveniens,
3188 4057 3426 4128 primum
3492 4063 3707 4130 pascha

2081 4141 2256 4197 fuisse
2302 4141 2662 4198 demonstrat.
2720 4142 2790 4198 Se
2845 4159 3066 4215 quoque
3121 4145 3254 4200 dicit
3285 4147 3342 4200 in
3371 4147 3574 4202 Gallias
3600 4165 3697 4204 ve-

2083 4230 2231 4286 nisse
2261 4237 2510 4302 tempore
2549 4232 2692 4304 regis
2720 4231 3106 4299 Theodeberti,
3138 4234 3354 4304 nepotis
3404 4235 3687 4294 Ludowici

2081 4320 2246 4394 regis,
2267 4321 2395 4392 quia
2420 4336 2551 4395 ergo
2583 4321 2661 4375 illi
2710 4321 2928 4391 scripsit
2981 4337 3103 4392 quae
3144 4321 3357 4378 viderat
3409 4328 3700 4396 quomodo

2081 4415 2186 4469 hoc
2223 4413 2632 4484 consequentiae
2664 4413 3029 4483 hystoriarum
3081 4416 3394 4481 conveniat,
3437 4419 3533 4490 qui
3556 4422 3705 4476 valet

2080 4501 2350 4567 advertat,
2380 4510 2434 4557 et
2465 4501 2558 4574 qui
2581 4502 2838 4567 advertit,
2862 4504 3320 4576 exponat(l63').

2150 4595 2276 4650 5⁸0.
2359 4593 2442 4649 18.
2519 4593 2609 4649 30.
2673 4593 2742 4648 26
2833 4595 2920 4648 31.
2995 4595 3078 4650 19.
3149 4596 3234 4651 16.
3305 4600 3354 4654 1.
3435 4599 3528 4654 19.
3606 4602 3678 4656 49

2149 4683 2237 4752 (G.
2265 4700 2314 4736 r.
2349 4681 2435 4751 F.)
2467 4680 2792 4738 Ludowicus
2818 4699 2911 4738 rex
2940 4683 3008 4738 ab
3041 4685 3325 4740 Anastasio
3358 4686 3701 4758 imperatore

2084 4771 2383 4829 co'licellos
2438 4770 2507 4825 de
2539 4771 2826 4826 consulatu
2872 4779 2925 4828 et
2985 4788 3244 4848 coronam
3286 4791 3512 4831 auream
3571 4795 3697 4834 cum

2084 4862 2319 4938 gemmis
2339 4867 2393 4917 et
2419 4861 2661 4916 tunicam
2713 4861 2970 4918 blatteam
3027 4865 3261 4935 accepit,
3306 4873 3363 4921 et
3417 4884 3485 4923 ex
3510 4885 3576 4924 ea
3607 4871 3706 4926 die

2084 4953 2279 5008 consul
2300 4959 2632 5024 etaugustus
2662 4959 2749 5006 est
2777 4953 3102 5023 appellatus.
3156 4954 3281 5025 Ipse
3306 4971 3439 5012 vero
3475 4974 3570 5012 rex
3603 4961 3708 5014 mi-

2084 5043 2359 5098 sitRomae
2391 5042 2447 5096 S.
2481 5041 2637 5096 Petro
2676 5056 2936 5096 coronam
2985 5059 3206 5099 auream
3259 5059 3381 5100 cum
3441 5049 3703 5122 gemmis,

2084 5151 2204 5207 quae
2235 5149 2462 5208 regnum
2491 5131 2759 5204 appellari
2781 5133 2942 5188 solet.

1721 5234 1945 5290 VARUS
1992 5235 2264 5291 LECTION
2272 5234 2370 5290 ES.

1921 5376 2134 5433 NOT/E.

437 5291 482 5326 ⁵³
514 5293 596 5362 1γ.
631 5300 695 5349 ut
716 5296 929 5353 videtur
956 5315 976 5367 ;
1007 5301 1121 5355 rell.
1162 5306 1364 5358 Desunt
1391 5305 1430 5358 A

429 5462 778 5548 (163fl_MJure
829 5486 928 5526 suo
981 5471 1193 5528 dubitat
1244 5475 1601 5548 Sigebertus.
1664 5475 1794 5543 Sed,
1852 5491 1974 5547 quae

2078 5475 2210 5553 Vitae
2249 5474 2824 5553 facereteditionem,
2856 5474 3386 5553 quam_Sigebertu_s
3435 5491 3557 5553 pro_
3595 5494 3701 5553 ge—

361 5532 922 5616 han‘cudifficultatem
957 5551 1143 5616 creant
1182 5532 1439 5600 notic‘ines
1469 5532 1808 5616 temporum',
1860 5532 1970 5600 non
2075 5547 2246 5601 nuina
2306 5547 2425 5601 Vita
2463 5545 2672 5602 habuit.
2734 5532 2822 5600 Ita,
2862 5532 2977 5600 rem
3033 5532 3174 5601 herile
3213 5532 3452 5616 explicat
3515 5532 3700 5604 v.°o.

356 5611 482 5684 sunt
511 5606 622 5684 illae
655 5627 684 5663 a
707 5611 900 5684 Fausto
959 5614 1236 5684 profectae,
1284 5617 1378 5671 sed
1419 5618 1488 5670 ab
1515 5606 1704 5671 Odone
1733 5606 1965 5670 Glanna-

357 5672 577 5732 foliensi
610 5672 972 5754 interpolatae;
1003 5701 1128 5740 cum
1185 5672 1559 5742 sieculo'nono
1591 5703 1788 5743 novam
1814 5687 1964 5742 illius

2073 5617 2282 5673 Hirsch.
