3894 6220
159 309 218 361 97
1641 303 1989 360 cuaomcx.
3404 314 3474 370 98

223 435 340 489 su.
421 433 614 489 n.19.
695 433 881 489 9.31.
963 433 1000 488 ιη’
1058 433 1146 491 27.
1227 433 1284 489 1..
1325 433 1414 490 32.
1493 434 1686 490 11.50.
1790 439 1835 505 Α

440 521 524 578 W.
566 522 656 576 20.
736 521 813 574 W.
865 523 951 576 17.
1030 522 1090 576 0.
1130 521 1184 576 2.
1267 522 1326 576 H.
1366 523 1456 577 20.

224 617 304 684 (Η.
334 615 433 682 m.)
461 612 842 668 Theodericus
891 629 987 668 rex
1017 613 1212 680 Italiae,
1244 612 1383 668 lbba
1431 613 1631 669 comite
1660 628 1762 670 suo

160 712 332 759 contra
358 704 599 759 Francos
630 703 818 771 misso,
861 705 1087 779 triginta
1118 705 1268 760 milia
1316 705 1522 761 occidit
1547 719 1758 771 eorum,

162 795 210 848 in
236 793 529 848 vindictam
572 793 724 848 necis
753 792 953 848 Alarici
993 793 1184 865 generi
1215 793 1322 849 sui.

223 886 338 940 512.
406 885 497 938 20.
581 885 669 940 32.
738 884 826 940 28.
906 885 994 940 33.
1057 885 1149 940 21.
1223 886 1307 941 18.
1372 885 1424 939 3.
1500 885 1588 940 21.
1667 883 1757 941 51.

220 975 392 1028 Prima
429 974 682 1046 synodus
739 990 770 1027 a
800 974 1024 1029 Francis
1071 975 1232 1043 jussu
1282 974 1562 1030 Ludowici
1616 974 1762 1047 regis

158 1062 450 1116 Aurelianis
502 1061 695 1116 habita
745 1068 847 1128 est,
893 1061 947 1115 in
1012 1077 1121 1132 qua
1172 1061 1545 1116 decernuntur
1590 1061 1762 1116 multa

157 1153 402 1208 ecclesiae
454 1151 634 1207 utilia.
665 1150 944 1206 Genovefa
973 1151 1127 1227 virgo
1181 1151 1504 1206 Parisiensis
1532 1159 1762 1226 octoge-

158 1241 297 1295 naria
327 1241 525 1295 transit
558 1240 627 1294 ad
657 1239 973 1294 Dominum.

217 1330 329 1384 513.
402 1329 494 1383 21.
568 1327 658 1384 33.
727 1327 814 1382 29.
895 1326 983 1382 34.
1052 1327 1141 1380 22.
1221 1325 1306 1382 19.
1374 1327 1426 1381 4.
1502 1326 1592 1382 22.
1668 1327 1756 1382 52.

215 1423 285 1488 (ν.
333 1421 485 1489 Arn.)
547 1419 784 1472 Sanctus
835 1417 1116 1485 Arnulfus,
1171 1417 1344 1472 sancti
1415 1416 1648 1488 Remigii
1704 1417 1758 1470 in

156 1509 409 1581 baptismo
440 1510 613 1576 lilius,
654 1511 711 1564 in
759 1511 928 1564 Gallia
958 1509 1150 1574 claret,
1181 1510 1274 1582 qui
1309 1517 1430 1580 post
1467 1511 1672 1564 multos
1705 1509 1760 1562 in

155 1601 476 1673 predicando
510 1603 791 1658 Christum
838 1618 1045 1676 agones
1085 1603 1482 1674 martyrizatus,
1521 1601 1576 1656 in
1625 1602 1761 1656 silva

1935 434 2016 501 (P.
2043 433 2132 503 D.)
2159 431 2439 488 Johannes
2471 431 2726 486 Romanae
2767 433 3029 488 aecclesiaa
3054 436 3180 491 51“s
3210 440 3471 509 presidet,

1864 525 2176 580 Wacheone
2226 523 2708 596 Langobardorum
2770 539 2900 597 rege
2981 526 3263 597 defuncto,
3330 530 3476 587 ﬁlius

1862 619 1981 688 ejus
2011 619 2312 674 Gualtarith
2343 619 2590 693 regnavit
2629 619 2791 673 annis
2816 620 2870 672 7.

1885 707 2009 761 520.
2087 708 2140 763 3.
2217 707 2306 763 40.
2384 708 2435 762 6.
2516 709 2566 761 1.
2645 707 2733 764 29.
2810 707 2899 762 26.
2981 709 3067 764 11.
3143 709 3279 767 29".
3355 713 3444 769 59.

1935 795 2014 863 (G.
2050 797 2208 862 r.F.)
2259 795 2665 862 fhlodomeris,
2698 795 2864 850 frater
2915 796 3151 852 Lotliarii
3203 801 3368 875 regis,
3421 813 3476 860 et

1861 885 2057 941 fratres
2095 887 2235 957 ejus,
2287 886 2550 942 instinctu
2592 887 2865 941 Rothildis
2914 889 3104 943 matris
3148 905 3262 946 suae
3292 893 3478 948 insur-

1861 983 2000 1047 gunt
2056 976 2110 1030 in
2147 975 2560 1050 Sigismundum
2603 983 2656 1030 et
2709 976 3095 1046 Godemarum,
3127 979 3270 1035 filios
3325 983 3474 1036 Gun-

1863 1070 2101 1125 debaudi
2147 1072 2312 1145 regis,
2342 1071 2409 1126 ad
2462 1071 2848 1126 vindicandam
2882 1089 3071 1128 necem
3113 1076 3251 1130 aviae
3276 1093 3390 1132 suae
3423 1087 3477 1133 et

1862 1163 1946 1217 avi
1987 1163 2069 1216 sui
2113 1163 2427 1233 Chilperici.
2480 1163 2536 1216 ln
2588 1179 2890 1236 congressu
2921 1165 3306 1240 Sigismundus
3331 1171 3476 1241 capi-

1864 1258 1973 1319 tur,
2021 1251 2356 1306 Goderamus
2407 1251 2536 1325 fuga
2569 1252 2822 1306 elabitur.
2871 1254 2956 1322 (H.
2993 1255 3100 1326 Vm.)
3158 1256 3308 1312 Bello
3355 1266 3475 1314 orto

1862 1342 2005 1396 inter
2039 1343 2313 1398 Romanos
2366 1349 2419 1396 et
2458 1343 2671 1408 Persas,
2733 1344 2980 1399 (lliuades
3040 1363 3131 1400 rex
3185 1347 3471 1403 Persarum

1862 1437 2139 1493 Zeliobem
2175 1453 2358 1511 regem
2415 1438 2716 1503 Hunorum,
2772 1440 3087 1496 venientem
3121 1457 3244 1496 cum
3276 1443 3472 1517 viginti

1863 1528 2087 1582 milibus
2151 1527 2398 1581 auxiliari
2463 1527 2568 1581 sibi
2653 1534 2840 1582 contra
2896 1528 3192 1597 Romanos,
3247 1531 3476 1588 inmisso

1861 1620 2102 1674 exercitu
2135 1619 2356 1684 occidit,
2397 1625 2449 1673 et
2493 1625 2663 1673 totum
2697 1635 2851 1689 paene
2879 1621 2998 1688 ejus
3050 1623 3348 1678 exercitum
3381 1624 3474 1680 de-

157 1695 468 1804 ῗδτίδίοπυῐη
522 1694 786 1804 Αίῐιυηίηδ
815 1711 846 1748 ³
903 1694 1246 1770 δοδτίδθΐὲειν
1291 1694 1526 1768 coniuge
1583 1709 1757 1766 quon-
1783 1735 1836 1804 Β
1861 1707 2009 1774 levit,
2037 1714 2353 1777 suspectum
2375 1723 2500 1761 eum
2535 1707 2763 1772 habens,
2793 1709 2941 1778 quod
2964 1709 3223 1782 utrinque
3247 1728 3476 1769 munera

157 1783 268 1836 dam
297 1799 409 1846 sua,
435 1782 743 1837 tumulatus
774 1790 875 1837 est.

217 1873 333 1926 514.
400 1871 490 1927 22.
562 1873 652 1926 34.
723 1870 810 1927 30.
879 1872 968 1928 33.
1035 1871 1125 1925 23.
1202 1871 1292 1925 20.
1370 1870 1421 1926 5.
1499 1871 1588 1928 23.
1666 1871 1755 1926 53.

219 1966 292 2035 (G.
321 1982 368 2018 ν.
403 1967 479 2032 F.)
534 1963 860 2018 Ludowicus
905 1979 1025 2031 rex,
1073 1978 1242 2036 regno
1296 1963 1626 2018 Francorum
1659 1980 1760 2034 per

158 2067 335 2106 omnes
364 2051 569 2105 Gallias
601 2050 829 2105 dilatato
861 2057 915 2105 et
956 2050 1200 2122 legitime
1233 2057 1285 2104 et
1306 2050 1534 2121 pacifice
1565 2050 1762 2106 conﬁr-

156 2152 306 2210 mato,
337 2145 588 2200 moritur.
627 2144 918 2199 Lotharius
956 2143 1104 2200 filius
1141 2145 1284 2214 ejus,
1325 2146 1651 2216 compartito
1678 2162 1761 2201 rc-

157 2251 252 2306 gno
287 2253 406 2291 cum
464 2236 732 2291 fratribus
777 2237 892 2290 suis
945 2235 1303 2302 Theoderico,
1333 2236 1654 2292 Clodomere
1702 2248 1758 2293 et

117 2315 120 2318 ’
161 2327 478 2395 Hildeberto,
539 2328 922 2402 regnatannis
971 2329 1042 2382 50
1069 2329 1134 2382 ⁵ο.
1191 2329 1446 2384 Sororem
1503 2329 1622 2398 ejus
1654 2329 1759 2385 Ro-

161 2418 366 2473 thildem
397 2417 711 2475 Amalricus
763 2434 856 2474 rex
904 2419 1337 2492 Wisigotborum
1389 2436 1612 2476 uxorem
1654 2422 1760 2476 du-

160 2509 248 2564 xit.

218 2602 336 2656 515.
404 2602 496 2657 23.
577 2602 670 2656 35.
755 2603 799 2657 1.
877 2601 968 2656 36.
1041 2601 1131 2658 24.
1207 2602 1297 2658 21.
1375 2603 1429 2658 6.
1506 2603 1596 2660 24.
1672 2605 1760 2660 54.

221 2693 299 2757 (G.
333 2710 378 2748 r.
423 2692 503 2762 F.)
560 2693 677 2748 Rex
708 2692 1041 2764 Burgundite
1081 2692 1489 2764 Sigismundus,
1519 2695 1614 2767 qui
1645 2711 1766 2752 mo-

158 2783 431 2836 nasterium
470 2782 887 2855 Agaunensium
935 2789 1338 2849 construxerat,
1394 2783 1567 2840 ﬁlium
1595 2802 1755 2841 suum

160 2872 436 2946 Sigericum
478 2873 740 2944 peremit,
790 2873 938 2929 malo
987 2889 1240 2929 novercae
1300 2874 1449 2929 illius
1526 2877 1758 2934 consilio

160 2981 291 3020 usus.
338 2968 436 3031 Qui
492 2967 838 3037 competenti
881 2967 1214 3037 paenitentiae
1252 2983 1313 3022 se
1365 2967 1650 3038 addicens,
1708 2978 1764 3027 et

159 3056 468 3126 martyribus
488 3055 919 3131 Agaunensibus
965 3073 1024 3112 se
1056 3063 1226 3112 totum
1277 3057 1580 3128 devovens,
1613 3059 1762 3131 quod

159 3148 341 3221 dignus
387 3150 557 3205 fuerit
622 3151 805 3217 venia,
861 3157 1093 3207 testatur
1131 3151 1324 3207 crebra
1379 3161 1502 3223 post
1532 3161 1761 3210 mortem

157 3242 262 3310 ejus
291 3261 382 3314 per
426 3261 552 3300 eum
598 3245 784 3300 multis
837 3262 1096 3302 concessa
1147 3249 1440 3303 sanitatum
1480 3251 1674 3324 gratia,
1709 3257 1764 3306 et

165 3353 256 3406 per
281 3355 398 3393 eum
447 3340 899 3395 febricitantibus
952 3342 1166 3398 indulta
1189 3345 1416 3401 curatio.
1465 3347 1596 3418 [Hoc
1623 3353 1765 3402 tem-

158 3444 276 3499 pore
306 3432 358 3485 in
398 3433 737 3488 Alexandria
788 3433 941 3489 multi
974 3435 1261 3507 utriusque
1299 3453 1462 3492 sexus
1488 3440 1691 3511 arrepti
1731 3457 1763 3495 a

156 3517 394 3587 demonc,
420 3529 655 3593 repente
687 3523 843 3593 quasi
872 3539 1038 3579 canes
1066 3524 1336 3580 latrabant
1363 3527 1453 3597 εί.)

218 3608 330 3663 516.
402 3612 492 3666 24.
579 3612 672 3666 36.
735 3613 789 3667 2.
868 3613 960 3667 37.
1037 3613 1128 3669 25.
1205 3614 1295 3668 25.
1369 3616 1424 3670 7.
1501 3617 1592 3672 25.
1668 3616 1758 3672 25.

219 3703 394 3771 (Casu.
453 3706 619 3776 Ten.)
675 3705 1046 3761 Theodericus
1093 3723 1208 3774 rex,
1265 3704 1434 3764 frater
1498 3711 1760 3777 Lotharii,

159 3792 564 3854 Chlochilaicum
625 3813 812 3872 regem
877 3799 1148 3854 Danorum
1203 3800 1402 3856 Gallias
1459 3810 1761 3859 vastantem

157 3886 379 3951 perimit.

219 3972 330 4028 517.
403 3976 496 4031 25.
581 3975 672 4030 37.
749 3975 781 4032 3
876 3977 944 4032 38
1041 3977 1131 4033 26.
1206 3978 1295 4034 23.
1374 3979 1427 4033 8.
1503 3980 1595 4036 26.
1673 3981 1759 4038 56.

217 4063 414 4134 (ΒεοΑ.)
447 4065 776 4120 Anastasius
816 4067 1114 4136 imperator
1160 4067 1392 4124 fulmine
1437 4086 1468 4124 a
1497 4071 1609 4126 Deo
1641 4087 1761 4142 per-

158 4171 331 4214 cussus
362 4161 544 4230 periit,
586 4168 713 4231 post
762 4177 926 4231 quem
964 4162 1216 4217 Justinus
1275 4164 1462 4219 senior
1499 4166 1662 4220 annis
1696 4167 1752 4221 11

159 4248 382 4320 regnavit
430 4249 665 4304 Boetius
697 4250 984 4306 annitente
1005 4251 1113 4305 sibi
1141 4252 1476 4319 Simmacho,
1509 4270 1632 4308 cum
1661 4271 1761 4309 au-

157 4335 438 4390 ctoritatem
471 4337 711 4392 Romani
753 4347 976 4392 senatus
1004 4345 1193 4394 contra
1242 4340 1641 4397 Theodericum
1675 4360 1762 4398 re-

1859 1797 2155 1866 acceperit,
2218 1804 2272 1850 et
2302 1812 2332 1850 a
2361 1811 2420 1848 se
2476 1801 2664 1850 contra
2704 1795 2997 1861 Romanos,
3040 1804 3094 1850 et
3131 1813 3162 1850 a
3217 1799 3477 1854 Romanis

1859 1894 2050 1940 contra
2079 1900 2138 1939 se
2191 1883 2404 1938 Abhinc
2453 1899 2681 1957 regnum
2743 1884 3020 1939 Hunorum
3062 1893 3328 1942 annotare
3357 1904 3477 1943 ces-

1859 1975 2016 2041 sabo,
2047 1975 2176 2046 quia
2205 1991 2400 2031 omnes
2429 1974 2610 2046 gentis
2641 1974 2788 2029 illius
2818 1992 2976 2048 reges
3005 1977 3254 2048 Kaganos
3312 1996 3476 2035 voca-

1861 2074 1946 2122 tos
1996 2067 2144 2139 lego,
2177 2074 2230 2122 et
2259 2066 2462 2120 nullam
2496 2066 2874 2138 distinguendi
2905 2068 3292 2138 prOprictalem
3322 2070 3478 2126 inve-

1864 2155 1976 2210 nio.
2009 2156 2129 2226 (1b.)
2157 2155 2565 2210 Trasamundus
2592 2170 2683 2209 rex
2714 2155 3107 2211 Wandalorum
3143 2157 3473 2214 llildericum

1859 2252 2030 2307 filium
2058 2269 2216 2306 suum
2271 2269 2335 2307 ex
2367 2253 2632 2318 Eudoxia,
2693 2251 2805 2307 filia
2837 2253 3198 2308 Valentiniani
3234 2254 3476 2325 impera-

1858 2341 1993 2396 toris
2016 2358 2049 2395 a
2079 2341 2373 2396 Genserico
2397 2341 2689 2411 captivata,
2723 2341 2977 2414 astringit
3006 2350 3371 2409 sacramento,
3405 2360 3477 2398 ne

1861 2435 2148 2490 catholicis
2179 2435 2233 2488 in
2265 2450 2433 2508 regno
2457 2449 2558 2489 suo
2586 2435 2930 2500 consuleret;
2963 2436 3055 2507 qui
3117 2443 3269 2506 patre
3335 2452 3480 2491 mor-

1865 2531 1980 2590 tuo,
2013 2529 2304 2593 antequam
2334 2537 2562 2596 regnum
2594 2523 2921 2592 susciperet,
2963 2537 3158 2578 omnes
3184 2525 3483 2580 catholicos

1865 2614 1934 2669 ab
1973 2613 2151 2669 exiliis
2174 2613 2334 2682 jussit
2367 2612 2634 2678 revocari,
2669 2619 2723 2668 et
2752 2612 3031 2684 episcOpis
3087 2614 3366 2669 ecclesias
3397 2632 3486 2670 re-

1868 2707 2111 2764 formari.
2158 2705 2358 2777 Sicque
2423 2715 2683 2776 suscepto
2761 2719 2956 2778 regno,
3016 2708 3264 2778 regnavit
3324 2709 3485 2763 annis

1860 2807 1984 2859 octo
2023 2797 2259 2854 evolutis
2323 2797 2672 2872 septuaginta
2729 2804 2964 2869 quatuor
3015 2799 3200 2866 annis,
3253 2816 3319 2855 ex
3370 2817 3482 2873 quo

1861 2890 2192 2948 Gensericus
2213 2905 2348 2944 avus
2385 2889 2508 2958 ejus
2544 2896 2743 2945 statum
2782 2889 3048 2946 tecclesite
3068 2891 3123 2945 in
3153 2892 3329 2948 Africa
3356 2909 3486 2965 pro-

1864 2980 2091 3038 fanavit.

1933 3069 2059 3124 521.
2137 3068 2191 3122 4.
2265 3067 2355 3123 41.
2431 3067 2485 3120 7.
2562 3065 2617 3121 2.
2694 3066 2782 3121 30.
2864 3068 2886 3121 1
2989 3068 3080 3123 42.
3157 3069 3227 3124 30

1934 3160 2056 3231 (1b.)
2117 3158 2335 3213 Chuade
2395 3158 2680 3213 Persarum
2750 3174 2878 3231 rege
2935 3167 3176 3228 mortuo,
3235 3159 3486 3218 Kabades

1865 3262 1989 3326 post
2033 3269 2158 3308 eum
2193 3251 2442 3326 regnavit
2477 3251 2638 3306 annis
2674 3251 2754 3306 16.
2818 3250 3197 3309 Chlodomeris
3247 3270 3362 3318 rex,
3397 3255 3482 3311 Si-

1864 3344 2159 3420 gismundo
2184 3358 2314 3417 rege
2338 3358 2464 3398 cum
2493 3359 2664 3398 uxore
2694 3351 2750 3399 et
2782 3341 2912 3397 filiis
2938 3352 3250 3416 perempto,
3285 3345 3485 3401 iterum

1863 3448 2163 3507 congressu
2195 3431 2347 3486 fratri
2403 3431 2524 3499 ejus
2571 3431 2899 3496 Godemaro,
2959 3433 3246 3503 perimitur
3284 3434 3352 3488 ab
3394 3451 3482 3490 eo.

1866 3521 2089 3578 Boetius
2121 3521 2286 3592 longo
2308 3519 2476 3575 exilio
2511 3519 2793 3594 fatigatus,
2841 3537 2874 3576 a
2901 3521 3242 3579 Theodorico
3271 3523 3484 3580 Gotho-

1863 3629 1985 3668 rum
2018 3628 2148 3686 rege
2183 3611 2493 3682 perimitur.

1933 3701 2062 3757 522.
2137 3699 2188 3755 5.
2272 3701 2319 3754 1.
2397 3699 2451 3755 8.
2528 3699 2584 3755 3.
2661 3700 2749 3754 31.
2827 3700 2882 3756 2.
2963 3701 3046 3757 13.
3125 3701 3216 3758 31.

1939 3792 2080 3861 (Vita
2133 3789 2192 3844 S.
2252 3789 2447 3856 Haur.)
2495 3787 2559 3842 Ut
2605 3787 2794 3842 scribit
2847 3788 3102 3856 Faustus,
3152 3791 3252 3846 hac
3302 3801 3487 3860 aetate,

1863 3883 2075 3939 scilicet
2102 3891 2351 3954 tempore
2405 3881 2606 3936 Justini
2663 3881 2900 3937 senioris
2925 3889 2981 3936 et
3011 3883 3270 3939 Hilderici
3327 3885 3488 3940 Wan-

1863 3979 2113 4034 dalorum
2147 3977 2314 4052 regis,
2366 3991 2556 4031 revera
2607 3974 2796 4031 ﬂoruit
2851 3983 3080 4031 sanctus
3135 3975 3487 4033 Benedictus.

1864 4070 1970 4125 Sed
2019 4085 2124 4125 nec
2155 4069 2224 4124 de
2253 4067 2387 4135 vita,
2431 4083 2534 4123 nec
2563 4067 2632 4123 de
2661 4072 2837 4124 morte
2869 4068 2990 4137 ejus
3029 4067 3166 4122 ratio
3216 4067 3484 4139 procedit.

1862 4161 2166 4218 secundum
2221 4160 2434 4232 cyclum
2493 4159 2726 4216 Dionisii
2783 4160 2948 4227 (164).
3003 4158 3085 4230 (Η.
3137 4162 3238 4228 m.)
3292 4159 3489 4214 Zathus

1863 4271 1958 4309 rex
1977 4253 2237 4309 Lazorum
2271 4250 2745 4322 Constantinopoli
2778 4251 3114 4322 baptizatur,
3137 4257 3239 4306 eta
3269 4250 3488 4308 Iustino

1868 4345 2201 4415 imperatore
2267 4351 2558 4414 susceptus
2612 4349 2933 4398 muneratur
3005 4342 3070 4398 ⁵³.
3141 4341 3489 4397 Simmachus

159 4437 267 4493 gem
310 4425 472 4480 Italiae
503 4425 653 4480 tueri
695 4425 908 4492 nititur,
937 4427 1005 4480 ab
1053 4427 1173 4498 ipso
1204 4429 1458 4483 exiliatur
1486 4430 1672 4502 ibique
1699 4431 1765 4486 li-
1786 4403 1842 4473 D
1867 4403 2128 4489 exconsul
2159 4449 2191 4486 a
2219 4403 2560 4488 Theoderico
2592 4445 2720 4503 rege
2753 4430 2920 4486 Italiae
2952 4431 3264 4501 perimitur.

160 4510 299 4569 brum
325 4516 390 4571 de
417 4517 815 4573 consolatione
848 4518 1214 4589 philosophia:
1248 4519 1440 4574 edidit.

217 4604 333 4660 518.
408 4609 457 4662 1.
547 4608 644 4662 38.
733 4607 783 4661 4.
861 4608 948 4664 39.
1040 4609 1130 4666 27.
1207 4610 1297 4666 24.
1375 4611 1428 4665 9.
1504 4612 1594 4667 27.
1671 4613 1760 4668 57.

219 4693 297 4758 (G.
350 4713 395 4751 r.
457 4698 542 4767 F.)
589 4697 965 4752 Theodericus
995 4713 1110 4763 rex,
1161 4697 1330 4753 frater
1387 4699 1647 4764 Lotharii,
1693 4700 1762 4756 ab

163 4776 483 4840 Ermenfrido
515 4801 652 4859 rege
681 4785 1111 4858 Thuringorum,
1141 4785 1207 4840 ad
1244 4786 1624 4856 perimendum
1655 4789 1766 4844 fra-

163 4875 286 4926 trem
338 4874 487 4930 illius
532 4875 887 4943 Badericum,
947 4877 1204 4948 pactione
1245 4879 1556 4934 medietatis
1608 4881 1763 4953 regni

163 4959 294 5017 illius
324 4965 613 5035 invitatus,
675 4968 995 5037 Baperieum
1057 4983 1242 5042 regem
1301 4969 1544 5040 perimit.
1581 4971 1763 5043 (ΜΑΒ.)

160 5051 303 5128 Virgo
331 5059 421 5113 Dei
452 5061 680 5135 Brigida
711 5060 894 5117 Scotta
925 5062 1060 5118 obiit
1092 5063 1146 5117 in
1178 5064 1401 5119 Scottia.

163 5143 270 5204 669.
339 5151 390 5204 2.
487 5153 576 5208 39.
664 5153 718 5207 5.
814 5152 901 5210 40.
977 5155 1064 5209 28.
1161 5154 1251 5210 25.
1333 5155 1416 5212 10.
1501 5156 1592 5210 23.
1671 5157 1760 5214 58.

1937 4520 2062 4574 523.
2138 4519 2193 4572 6.
2268 4519 2323 4572 2.
2400 4516 2456 4572 9.
2530 4518 2582 4574 4.
2662 4517 2753 4572 32.
2829 4517 2881 4573 3.
2962 4519 3046 4572 14.
3125 4517 3195 4573 32

1937 4608 2144 4678 (ΒιςυΑ.)
2180 4606 2428 4661 Justinus
2506 4605 2764 4660 Arrianos
2846 4606 3050 4677 ubique
3129 4606 3486 4662 exterminari

1865 4697 2050 4753 edicit.
2079 4695 2158 4750 Ad
2189 4694 2337 4766 quod
2357 4694 2599 4749 edictum
2627 4693 3002 4750 dedicendum
3025 4694 3310 4752 Iohannes
3340 4713 3485 4769 papa

1864 4807 1896 4846 a
1953 4806 2083 4863 rege
2128 4789 2295 4844 ltalite
2351 4788 2691 4844 Theoderico
2744 4789 2973 4845 Arriano
3025 4797 3081 4846 et
3133 4790 3486 4848 Arrianorum

1865 4879 2157 4935 defensore
2239 4877 2768 4949 ConstantinOpolim
2835 4878 3033 4934 missus
3087 4887 3217 4935 ante
3279 4887 3487 4952 portam

1865 4971 2015 5026 urbis
2060 4983 2267 5024 caecum
2302 4967 2664 5033 illuminavit;
2707 4976 2763 5024 et
2817 4985 3046 5040 compos
3076 4970 3361 5040 petitionis
3420 4969 3489 5025 ad

1862 5065 2264 5122 Theodericum
2317 5079 2621 5138 regressus,
2656 5062 2930 5118 Ravennae
2963 5065 3032 5118 ab
3079 5079 3145 5118 eo
3182 5064 3236 5118 in
3270 5080 3490 5120 carcere

1865 5153 2232 5221 excruciatus,
2301 5151 2446 5207 fame
2491 5151 2715 5207 defecit.
2765 5151 2856 5222 (Η.
2915 5155 3016 5220 m.)
3073 5151 3200 5209 Post
3243 5153 3364 5208 dies
3420 5153 3490 5208 9O

1482 5312 1702 5369 VARl/E
1754 5310 2134 5369 LECTIONES.

225 5433 265 5467 ⁶⁰
290 5436 342 5490 1.1
373 5440 573 5494 habent
611 5443 654 5494 1.
687 5454 718 5494 e
747 5453 883 5494 corr.
918 5447 978 5495 ut
1000 5441 1234 5506 videtur,
1266 5446 1316 5494 et
1345 5440 1404 5496 Α.
1457 5443 1660 5510 Reliqui
1709 5457 1890 5498 omnes
1945 5441 2000 5495 L.
2085 5439 2126 5472 ⁵¹
2161 5438 2286 5501 add,
2339 5437 2415 5501 1.,
2446 5438 2560 5492 rell.
2595 5441 2796 5492 Desunt
2821 5436 2880 5492 A.
2937 5432 3208 5489 "XXVIII
3270 5440 3320 5489 et
3375 5448 3476 5505 per

162 5517 295 5567 Ροννο
327 5510 372 5562 1.
403 5511 448 5544 ⁸³
478 5510 686 5566 Zatbus
718 5539 788 5550 —-
814 5518 1130 5568 muneratur
1165 5512 1360 5566 desunt
1383 5514 1422 5565 A

1709 5610 1919 5668 NOTAE.

226 5676 360 5746 (164)
382 5680 459 5736 Cf.
501 5683 573 5738 ad
613 5695 831 5738 annum
855 5681 977 5738 509.
