3894 6220
432 354 502 407 99
1635 330 1984 388 SIGEBERTI
2023 327 2535 384 GEMBLACENSIS.

434 464 808 522 Theodericus
832 461 1014 516 subito
1043 458 1356 519 defunctus,
1389 471 1416 509 a
1443 453 1682 526 quodam
1723 457 1912 506 sancto
1950 451 2050 504 he-
2079 453 2122 520 Α
2221 449 2343 503 528.
2423 450 2477 502 1.

432 558 627 614 remita
658 555 809 612 visus
856 559 938 607 est
984 551 1166 605 nudus
1205 558 1261 603 et
1321 546 1688 600 discalceatus
1718 559 1748 597 a
1798 542 2047 597 Johanne

432 667 574 723 papa
621 654 675 703 et
707 646 980 700 Simmaco
1036 640 1266 714 patricio
1301 640 1355 692 in
1387 637 1495 693 olla
1529 633 1756 690 Vulcani
1807 648 1928 686 esse
1951 631 2045 684 de-

433 722 635 797 trusus.
678 737 1037 801 Athalaricus,
1089 730 1414 787 Theoderici
1449 745 1514 782 ex
1567 727 1679 780 lilia
1740 739 1935 794 nepos,
1993 722 2045 774 in

435 843 606 900 regno
643 825 810 880 Italiae
859 831 912 878 et
964 821 1411 894 Ostrogothorum
1467 815 1796 876 succedens,
1854 815 2048 882 regnat

437 920 598 975 annis
625 916 679 973 8.
715 914 890 984 (ΜΑιι.)
921 913 1064 968 Felix
1098 913 1354 967 Romana:
1381 906 1642 963 aacclesiaa
1685 905 1814 958 4908
1843 902 1886 937 ⁵⁵
1919 915 2046 972 pre-

436 1008 600 1062 sidet.
635 1005 731 1059 llic
761 1001 1005 1076 Gregorii
1035 1016 1190 1072 papae
1217 1009 1408 1053 atavus
1437 995 1555 1050 fuit.

557 1098 682 1152 524.
761 1095 824 1150 Β.
865 1095 918 1148 7.
997 1093 1054 1147 P.
1097 1077 1151 1146 3.
1228 1089 1282 1144 ν.
1327 1090 1412 1144 10.
1489 1087 1548 1140 L.
1588 1086 1642 1140 δ.
1721 1082 1809 1138 33.
1853 1081 1912 1137 A.

885 1186 968 1243 W.
1011 1185 1064 1240 ιι.
1142 1183 1224 1238 W.
1275 1182 1361 1237 15.
1439 1180 1500 1235 Ο.
1551 1183 1593 1234 Ι.

508 1282 694 1353 (Gneo.
743 1280 897 1344 Tum,
945 1294 1022 1339 ni,
1060 1276 1132 1343 7.)
1186 1272 1562 1330 Theodericus
1610 1285 1703 1324 rex
1753 1282 2050 1338 reposcens

436 1373 504 1427 ab
535 1369 872 1426 Ermenfrido
932 1383 1060 1441 rege
1117 1373 1361 1437 pactum,
1396 1379 1518 1418 cum
1577 1361 1743 1415 fratre
1791 1357 2069 1414 Lothario

438 1464 673 1536 insurgit
703 1463 757 1517 in
789 1478 952 1525 eum;
1014 1474 1194 1528 eoque
1229 1463 1350 1528 post
1394 1455 1619 1508 nimiam
1649 1467 1872 1506 suorum
1907 1457 2051 1504 stra-

437 1569 560 1628 gem
585 1553 652 1606 de
679 1551 825 1606 bello
848 1549 1033 1621 fugato
1059 1555 1112 1602 et
1140 1562 1250 1601 non
1277 1545 1448 1599 multo
1473 1551 1596 1615 post
1623 1548 1858 1607 mortuo,
1879 1547 2047 1595 totam

435 1641 792 1716 Thuringiam
819 1639 928 1693 sibi
955 1637 1220 1692 subdunt.
1252 1635 1582 1706 Captivatam
1618 1633 1760 1686 inter
1776 1631 1914 1685 alios
1934 1629 2047 1684 Ra—

3667 325 3779 379 100

2554 448 2606 500 7.
2694 447 2753 501 14
2847 445 2899 499 2.
2979 444 3070 501 37.
3145 448 3196 500 8.
3305 446 3358 501 3.
3434 448 3487 502 5.

2223 544 2366 608 (Ann
2436 541 2630 609 Leod.,)
2677 539 2908 594 MARIAN.
2968 538 3325 594 Cassiodorus
3356 545 3599 605 senator,
3645 545 3778 608 post

2149 631 2472 695 monachus,
2528 629 2720 683 Arator
2775 635 2958 699 poeta,
2999 628 3312 683 Priscianus
3342 610 3769 702 grammaticus,

2148 725 2329 781 Victor
2379 725 2665 794 Capuanus
2719 722 3038 794 episc0pus,
3095 723 3188 794 qui
3239 723 3422 793 cyclos
3480 723 3774 792 paschales

2148 821 2400 876 scribens
2445 820 2666 875 Victorii
2728 835 2943 874 errores
2971 819 3266 893 redarguit.
3307 817 3605 890 Gregorius
3640 817 3770 871 Lin-

2147 910 2429 985 gonensis,
2483 909 2724 964 Nicetius
2786 908 3151 976 Treverensis,
3221 908 3566 962 Domitianus
3619 907 3771 961 Tun-

2145 1003 2363 1075 grensis
2414 1002 2631 1058 florent.
2669 1003 2909 1073 (Paose.,
2977 1002 3120 1072 app.)
3160 1001 3430 1074 Gylemer,
3479 1002 3770 1072 perimcns

2149 1095 2479 1150 Hildericum
2533 1111 2741 1169 regem,
2781 1093 2942 1148 annis
2967 1095 3001 1148 4
3052 1099 3245 1167 regnat
3291 1099 3410 1163 post
3440 1109 3569 1147 eum
3601 1108 3773 1164 super

2146 1183 2477 1249 Wandalos;
2510 1186 2603 1255 qui
2636 1190 2796 1240 tanta:
2819 1181 3160 1238 crudelitatis
3189 1181 3312 1250 fuit,
3336 1189 3395 1238 ut
3425 1197 3532 1237 nec
3565 1197 3773 1254 paren-

2151 1274 2298 1329 tibus
2325 1284 2595 1346 parceret.

2220 1365 2344 1419 529.
2421 1366 2456 1418 2
2553 1365 2607 1418 8.
2684 1364 2770 1419 l5.
2849 1363 2882 1420 3
2980 1363 3068 1419 38.
3153 1365 3198 1417 l.
3276 1364 3329 1418 4.
3406 1363 3460 1418 6.

2223 1458 2382 1512 ΒιζοΑ.
2429 1457 2634 1528 Corpus
2665 1456 2886 1512 Antonii
2926 1455 3181 1511 monachi
3213 1455 3400 1510 divina
3430 1455 3773 1512 revelatione

2151 1547 2433 1602 inventum
2462 1555 2517 1603 et
2545 1545 2924 1601 Alexandriam
2957 1552 3040 1600 est
3069 1545 3334 1600 delatum.

2220 1656 2344 1714 530.
2421 1658 2474 1713 3.
2550 1657 2603 1712 9.
2681 1657 2768 1710 16.
2846 1656 2899 1712 4.
2974 1656 3062 1710 39.
3139 1655 3193 1710 2.
3270 1657 3323 1710 5.
3403 1655 3457 1709 ’7.

437 1733 774 1841 eandem,
798 1723 2048 1841 ’ξιξεξπξ,ἓςῆξτῖξξίῐτξξὶεξῖιξξτῖῖξῖὲἱξεῖὲῑτίῖξι·
2071 1772 2120 1841 ις
2219 1752 2327 1820 (συ
2354 1755 2523 1823 nam.)
2555 1753 2836 1808 ιοιιεηηοε
3181 1751 3445 1807 ecclesiae
3477 1750 3611 1807 sana
3641 1767 3770 1821 ριο-

440 1827 580 1882 frido
594 1823 861 1896 perempti
875 1867 886 1890 ,
899 1821 1184 1878 Lotharius
1198 1836 1289 1874 rex
1306 1834 1406 1874 suo
1419 1817 1650 1873 sociavit
1672 1815 2042 1871 matrimonio.

508 1914 633 1970 525.
709 1913 762 1967 8.
841 1913 892 1966 4.
975 1911 1060 1966 Η.
1138 1911 1190 1966 6.
1269 1911 1338 1963 3f-
1437 1909 1489 1962 5.
1573 1907 1658 1962 16.
1736 1906 1790 1960 2.

511 2005 597 2072 (G.
629 2019 677 2057 r.
710 2002 786 2070 Ρ.)
837 1998 1139 2055 Amalrieus
1171 2013 1262 2051 rex
1297 1995 1729 2069 Wisigothorum
1760 2006 1882 2047 cum
1915 2003 2046 2044 uxo-

442 2109 559 2148 rem
589 2107 742 2146 suam
794 2088 1108 2144 Rothildem
1165 2085 1392 2158 indigne
1451 2088 1728 2146 tractaret,
1789 2095 1855 2135 eo
1904 2076 2051 2149 quod

442 2184 682 2238 Arrianae
734 2187 896 2236 sectae
926 2196 1110 2234 secum
1145 2177 1409 2232 inservire
1460 2174 1648 2240 nollet,
1682 2172 1970 2244 perimitur
1995 2169 2052 2222 in

444 2275 702 2347 Hispania
779 2291 810 2328 a
863 2272 1028 2327 fratre
1109 2269 1378 2325 Rothildis
1456 2266 1827 2321 Childeberto.
1887 2263 2053 2332 (lsm.)

438 2367 662 2422 Theuda
692 2365 942 2440 regnavit
972 2372 1096 2435 post
1122 2378 1246 2417 eum
1281 2360 1444 2416 annis
1478 2361 1561 2415 l7.

513 2457 638 2513 526.
715 2456 769 2511 9.
844 2457 898 2512 5.
982 2456 1064 2509 i2.
1143 2455 1196 2508 7.
1276 2453 1362 2507 35.
1440 2452 1493 2508 6.
1574 2452 1630 2507 l.
1704 2450 1757 2505 3.

510 2553 594 2622 (G.
648 2568 695 2606 r.
731 2549 810 2616 Γ.)
862 2548 1146 2604 Lotharius
1197 2562 1290 2601 rex
1326 2562 1450 2602 cum
1492 2545 1657 2599 fratre
1707 2539 2060 2622 Childeberto

441 2619 879 2716 Augustidunum
933 2635 1267 2710 Burgundize
1307 2634 1579 2689 civitatem
1612 2619 1896 2693 obsidens,
1931 2645 2064 2685 cun-

440 2738 580 2785 ctam
608 2727 796 2801 fugato
823 2725 1126 2780 Godemaro
1170 2722 1539 2795 Burgundiam
1571 2728 1822 2790 occupat.
1854 2718 1934 2787 (P.
1971 2717 2061 2789 D.)

443 2819 742 2876 Gualtarith
801 2815 1284 2888 Langobardorum
1343 2828 1471 2887 rege
1521 2818 1759 2871 mortuo.
1810 2808 2062 2863 Audohin

441 2910 534 2964 9us
571 2912 763 2982 regnat
812 2904 972 2959 annis
1009 2904 1068 2956 15
1123 2904 1188 2955 ⁵⁵.
1221 2902 1359 2956 Man.
1415 2899 1816 2969 Acephalorum
1850 2896 2064 2952 heresis

443 3002 746 3067 abdicatur,
782 2998 875 3070 qui
909 2998 1100 3053 dicunt
1155 2996 1381 3049 Paulum
1412 2993 1727 3064 apostolum
1768 2992 1822 3046 in
1853 2992 2058 3062 episto-

443 3095 511 3150 lis
539 3094 653 3148 suis
692 3089 1009 3162 precepisse
1059 3087 1292 3143 feminas
1350 3087 1612 3140 diaconas
1663 3084 1866 3139 debere
1914 3082 2052 3147 ﬁeri,

443 3185 572 3257 quia
627 3199 722 3239 eas
752 3186 1150 3237 commemorat
1198 3184 1326 3249 post,
1370 3177 1658 3240 diaconos;
1717 3181 1771 3230 et
1800 3175 2056 3230 dicuntur

443 3276 693 3348 acephali
743 3274 865 3328 sine
895 3273 1094 3342 capite,
1148 3270 1276 3342 quia
1305 3275 1496 3325 auctor
1537 3269 1699 3337 hujus
1724 3266 1926 3323 erroris
1957 3283 2058 3322 ne-

443 3369 626 3423 scitur.
662 3367 752 3436 (H.
786 3365 880 3434 m.)
916 3364 1168 3418 Kobades
1189 3378 1282 3416 rex
1313 3361 1626 3428 Persarum,
1660 3360 1853 3415 dolens
1883 3359 2056 3414 ﬁlium

444 3478 603 3518 suum
668 3460 1030 3515 Phatsuarsan
1063 3457 1117 3511 in
1161 3456 1566 3511 Manicheorum
1625 3462 1831 3509 sectam
1892 3453 2060 3508 indu-

444 3557 613 3618 ctum,
662 3548 922 3606 omnibus
967 3547 1267 3603 Manicheis
1319 3546 1476 3618 quasi
1515 3562 1546 3600 a
1596 3562 1656 3601 se
1703 3542 2064 3600 munerandis

445 3639 652 3695 coactis
695 3637 750 3692 in
783 3653 976 3704 unum,
1039 3636 1281 3690 immisso
1342 3634 1582 3690 exercitu
1635 3633 1840 3689 occidit
1890 3632 2064 3688 multa

444 3734 594 3788 milia
622 3749 833 3793 eorum,
877 3732 954 3802 (P.
991 3733 1029 3786 D
1059 3730 1072 3801 )
1105 3730 1248 3785 lnter
1277 3729 1701 3785 Thurismodum
1734 3745 1918 3804 regem
1961 3728 2064 3783 Ge-

445 3821 694 3892 pidarum
724 3829 777 3876 et
805 3819 1056 3875 Audohin
1081 3835 1267 3893 regem
1294 3818 1772 3890 Langobardorum
1806 3823 2061 3872 conserto

447 3910 638 3981 prclio,
671 3909 870 3964 Albuin
931 3907 1075 3963 filius
1105 3907 1378 3963 Audohini
1423 3905 1853 3960 Thurinsindum
1889 3904 2058 3958 filium

444 3997 792 4054 Thurismodi
827 3997 1120 4071 extinguit,
1143 4005 1197 4051 et
1226 3995 1455 4051 victoria
1483 3993 1856 4066 Langobardis
1893 3993 2058 4049 cedit.

446 4091 839 4147 Thurismodus
883 4105 1196 4160 preponens
1223 4087 1387 4141 fidem
1433 4087 1527 4140 ira;
1567 4093 1620 4140 et
1645 4085 1844 4150 dolori,
1879 4085 2058 4140 eidem

446 4184 682 4239 Albuino
727 4188 915 4254 postea
945 4181 1012 4235 ad
1053 4197 1111 4235 se
1157 4179 1260 4234 sub
1300 4177 1408 4231 fide
1446 4176 1688 4232 venienti
1727 4175 1882 4231 dedit
1911 4193 2060 4232 arma

445 4272 544 4328 filii
584 4275 667 4328 sui
697 4269 1013 4326 Thurisindi
1031 4268 1099 4322 ab
1131 4283 1197 4322 eo
1228 4265 1522 4337 perempti.

514 4363 638 4416 527.
723 4361 804 4415 10.
883 4359 936 4412 6.
1023 4357 1100 4410 t3.
1184 4360 1233 4409 1.
1311 4355 1399 4408 36.
1478 4354 1529 4408 7.
1605 4353 1658 4408 2.
1736 4355 1792 4409 4.

514 4453 603 4521 (G.
664 4447 846 4520 pom.)
909 4443 1236 4500 Bonefacius
1312 4442 1569 4498 Romanae
1626 4443 1889 4499 aecclesise
1931 4446 2058 4499 52m:

2147 1846 2294 1902 sidet
2342 1847 2406 1900 ⁵⁸.
2465 1845 2652 1901 Franci
2731 1853 3056 1917 extorquent
3112 1846 3183 1900 de
3235 1862 3402 1900 manu
3457 1845 3763 1908 Athalirici,

2150 1941 2414 2013 quicquid
2465 1941 2758 1995 Galliarum
2789 1957 2922 1994 avus
2959 1941 3079 2008 ejus
3119 1941 3490 1995 Theodericus
3529 1956 3626 1994 rex
3660 1940 3773 1992 Ita-

2151 2029 2237 2084 liae
2285 2038 2553 2086 tenuerat.
2594 2031 2758 2100 (VICT.
2793 2029 2924 2099 Vl'l‘.)
2959 2031 3018 2084 ln
3074 2028 3254 2084 Africa
3303 2029 3528 2100 quidam
3579 2028 3776 2082 ortho-

2154 2121 2280 2178 doxi
2319 2122 2598 2194 episc0pi,-
2622 2122 2824 2195 linguis
2852 2122 2959 2176 sibi
2989 2121 3184 2177 excisis
3216 2121 3478 2176 radicitus
3513 2138 3547 2176 a
3603 2120 3776 2175 Wan—

2154 2216 2314 2282 dalis,
2367 2215 2716 2287 postmodum
2744 2215 2886 2269 clare
2927 2214 3205 2286 loquendo
3253 2213 3440 2268 multis
3498 2213 3771 2267 miraculo

2157 2308 2338 2372 fuere;
2388 2307 2538 2378 quod
2589 2306 2909 2360 miraculum
2966 2321 3112 2360 unus
3141 2321 3331 2361 eorum
3364 2303 3539 2372 auxit,
3591 2304 3687 2374 qui
3719 2304 3781 2356 iir

2158 2398 2455 2453 elationem
2495 2398 2538 2432 ⁵9
2597 2413 2807 2464 versus,
2855 2396 3035 2451 statim
3097 2395 3340 2467 privatus
3377 2393 3569 2450 divino
3625 2393 3776 2448 dono

2160 2486 2453 2542 obmutuit.

2231 2595 2356 2650 531.
2433 2597 2486 2649 4.
2566 2594 2650 2650 10.
2731 2595 2816 2650 17.
2893 2594 2947 2647 5.
3029 2594 3115 2648 40.
3194 2593 3247 2646 3.
3324 2593 3359 2645 6
3456 2593 3512 2647 8.

2236 2685 2430 2757 (Ιοιω.)
2469 2683 2796 2750 Athalarico,
2839 2698 2968 2756 rege
3023 2681 3192 2736 Italiae
3233 2690 3288 2736 et
3324 2680 3779 2752 Ostrogothorum

2164 2784 2398 2844 mortuo,
2427 2776 2780 2831 Amalsuinda
2823 2781 2998 2830 mater
3047 2775 3168 2845 ejus
3203 2773 3564 2838 Thcodatum,
3606 2774 3782 2828 Theo-

2164 2871 2334 2926 derici
2365 2870 2536 2940 patris
2565 2869 2650 2924 sui
2680 2885 2744 2924 ex
2793 2883 2984 2923 sorore
3031 2872 3316 2938 nepotem,
3348 2865 3575 2921 asciscit
3597 2883 3783 2922 secum

2165 2961 2218 3015 in
2283 2976 2513 3034 regnum
2585 2958 2743 3024 (G.r.
2778 2959 2863 3026 F.)
2909 2957 3278 3013 Chlodoaldus
3343 2947 3490 3010 filius
3547 2956 3782 3012 Chlodo-

2163 3056 2330 3111 meris
2376 3056 2541 3128 regis,
2589 3053 2852 3109 fratribus
2882 3053 2996 3108 suis
3021 3053 3191 3123 impie
3222 3068 3254 3106 a
3287 3059 3481 3123 patruo
3541 3068 3644 3108 suo
3675 3053 3778 3109 Lo-

2083 3139 2132 3208 C
2156 3149 2333 3204 thario
2364 3148 2496 3203 olim
2521 3146 2796 3212 extinctis,
2828 3145 3161 3199 mundanam
3196 3143 3542 3200 nobilitatem
3588 3152 3775 3201 trans-

2157 3241 2340 3296 ferens
2389 3240 2457 3295 ad
2488 3238 2830 3294 nobilitatem
2863 3237 3064 3293 divinae
3110 3236 3407 3304 servitutis,
3442 3237 3499 3291 in
3533 3239 3776 3295 clericali

2156 3332 2328 3404 gradu
2387 3331 2660 3402 preminet
2716 3330 2967 3399 exemplo
3027 3327 3351 3383 sanctitatis.
3392 3330 3451 3398 (V
3503 3333 3645 3399 νεά.)
3677 3332 3781 3385 Ve-

2158 3423 2346 3477 dastus
2373 3422 2583 3492 primus
2621 3419 3058 3476 Atrabatensium
3107 3419 3401 3492 episcopus
3428 3421 3724 3479 ordinatur
3748 3438 3779 3476 a

2164 3521 2354 3570 sancto
2385 3512 2655 3586 Remigio.

2233 3626 2358 3684 532.
2435 3625 2486 3682 5.
2570 3626 2652 3680 ll.
2735 3625 2817 3681 18.
2893 3625 2947 3679 6.
3024 3626 3078 3678 4.
3155 3626 3209 3680 7.
3293 3627 3342 3681 1.
3419 3626 3510 3682 41.

2235 3717 2334 3789 (Cf.
2380 3715 2568 3788 Beas.)
2613 3715 2752 3769 MAR.
2810 3715 2941 3785 [Hoc
2971 3730 3117 3770 anno
3145 3715 3396 3786 expletus
3429 3722 3513 3770 est
3555 3732 3588 3770 a
3631 3716 3791 3771 Chri-

2163 3811 2233 3866 sti
2259 3809 2538 3865 nativitate
2571 3823 2803 3882 magnus
2832 3823 3012 3860 annus
3058 3822 3331 3861 annorum
3371 3805 3498 3863 532.
3539 3808 3619 3861 Ab
3685 3808 3787 3864 hoc

2163 3903 2326 3958 etiam
2357 3917 2503 3957 anno
2553 3899 2833 3955 Dionisius
2878 3898 3052 3953 abbas
3105 3899 3322 3954 orditur
3359 3899 3555 3954 ciclum
3613 3917 3780 3957 suum

2163 3991 2423 4048 ciclorum
2477 3989 2726 4061 quinque
2766 3987 3361 4042 decennovennalium.
3411 3987 3472 4042 Et
3504 3989 3634 4060 quia
3689 4007 3783 4045 se—

2161 4083 2373 4138 cundus
2402 4095 2581 4136 annus
2609 4077 2795 4150 operis
2841 4078 3006 4147 hujus
3037 4078 3375 4134 concordare
3407 4079 3576 4135 debet
3606 4081 3661 4134 in
3698 4099 3777 4136 ra-

2159 4173 2309 4227 tione
2338 4168 2577 4241 compoti
2619 4167 2796 4239 primo
2825 4183 2971 4223 anno
3011 4168 3309 4222 nativitatis
3358 4167 3578 4231 Christi.
3611 4170 3781 4225 debet

2159 4263 2287 4321 35118
2340 4278 2518 4318 annus
2564 4259 2701 4332 cycli
2767 4260 3016 4331 Dyonisii
3068 4260 3405 4316 concordare
3463 4261 3517 4314 in
3563 4262 3779 4317 ratione

2157 4354 2402 4426 ‘compoti
2440 4351 2534 4409 33°
2564 4367 2708 4407 anno
2740 4350 2850 4404 nati
2899 4350 3122 4418 Christi,
3153 4350 3361 4405 scilicet
3390 4357 3449 4404 ut
3478 4350 3608 4406 16³³³ι
3647 4351 3776 4406 luna

2161 4446 2358 4518 Aprilis
2415 4450 2664 4500 occurrat
2709 4445 2743 4497 9
2793 4443 2906 4498 Kal.
2962 4443 3160 4514 Aprilis
3213 4443 3269 4496 in
3318 4443 3352 4496 5
3395 4442 3557 4509 feria;
3593 4445 3774 4513 passio

445 4509 768 4614 presidei“.
805 4509 1018 4610 (’BEDA)
1058 4536 1323 4601 Justinus,
1365 4534 1672 4590 Justiniano
1723 4551 1822 4591 suo
1853 4551 1917 4591 ex
1963 4553 2052 4592 so-
2080 4509 2354 4590 I)Christi
2403 4535 2436 4588 8
2484 4533 2596 4587 Kal.
2643 4532 2844 4603 Aprilis
2927 4531 2981 4586 in
3009 4509 3072 4585 ’6
3135 4532 3290 4598 feria,
3358 4509 3690 4587 resurrectio
3741 4532 3773 4586 6

443 4646 564 4686 rore
595 4635 799 4700 nepote
823 4627 878 4680 in
911 4640 1082 4699 regno
1108 4624 1424 4690 substituto,
1447 4623 1690 4678 moritur.
1721 4625 1768 4678 ls
1790 4625 2058 4680 Iustinia-

445 4735 551 4772 nus
579 4719 813 4788 imperat
843 4714 1005 4769 annis
1058 4713 1147 4770 39.
1179 4713 1273 4768 Hic
1306 4712 1501 4767 Persas
1555 4713 1622 4767 ab
1651 4713 2053 4784 irruptionibus

447 4810 501 4863 in
560 4815 744 4880 partes
811 4808 1179 4862 Romanorum
1246 4821 1345 4875 per
1397 4803 1705 4860 Bilisarium
1770 4807 2049 4876 repressit.

446 4902 503 4958 P.
540 4903 597 4957 D.
630 4902 883 4957 Audohin
945 4899 1332 4975 Langobardos
1372 4900 1425 4954 in
1474 4900 1812 4957 Pannoniam
1857 4901 2053 4956 duxit:

444 4995 498 5049 in
531 5012 638 5068 qua
671 4990 1056 5052 habitaverunt
1081 4993 1241 5049 annis
1268 4993 1334 5049 42
1364 4994 1427 5048 ⁵⁷.

2158 4625 2270 4679 Kal.
2313 4622 2513 4693 Aprilis
2542 4623 2595 4675 in
2641 4621 2920 4676 dominica
2946 4620 3058 4675 die.
3098 4621 3204 4674 Sed
3246 4621 3374 4691 quia
3432 4636 3543 4674 non
3579 4621 3651 4674 ita
3687 4635 3777 4674 oc-

2157 4713 2344 4778 currit,
2377 4713 2475 4766 sed
2523 4711 2652 4765 luna
2713 4712 2845 4764 Mn"
2904 4709 3102 4781 Aprilis
3147 4709 3386 4765 occurrit
3413 4723 3479 4763 eo
3526 4723 3672 4762 anno
3718 4708 3777 4761 12

2157 4804 2270 4858 Kal.
2304 4801 2502 4873 Aprilis
2543 4801 2598 4855 in
2648 4803 2669 4856 1
2727 4799 2882 4867 feria,
2938 4798 3217 4854 dominica
3248 4813 3377 4853 vero
3405 4797 3525 4852 dies
3556 4797 3774 4868 paschae

2158 4895 2213 4949 in
2261 4892 2431 4947 5Kal.
2466 4891 2685 4962 Aprilis,
2719 4891 2846 4946 ideo
2903 4891 3262 4961 improbatur,
3322 4889 3452 4960 quia
3507 4896 3774 4962 repugnat

2157 4989 2489 5065 evangelicae
2544 4989 2761 5045 veritati
2811 4988 2896 5059 60.]
2933 4988 3011 5056 (P.
3043 4989 3127 5059 D.)
3157 4986 3497 5042 Justinianus
3542 4985 3775 5056 impera-

1801 5133 2020 5189 VARUE
2074 5130 2454 5188 LECTIONES.

516 5257 560 5294 ⁵⁸
589 5260 666 5314 ita
701 5263 744 5315 t.
781 5258 872 5314 [εἰ.
902 5257 954 5313 3.
984 5262 1234 5328 etprima
1256 5260 1484 5326 fortasse
1509 5257 1612 5322 Cl;
1672 5264 1732 5312 at
1757 5257 1842 5311 LII
1872 5257 2205 5328 habenth“
2236 5255 2300 5310 Cl
2361 5270 2391 5310 θ
2429 5270 2573 5328 corr.
2608 5251 2789 5328 C2‘A3.
2842 5253 2880 5328 ζ)
2951 5250 3064 5315 Ρ2.,
3094 5256 3144 5306 et
3173 5250 3234 5328 _L
3259 5264 3287 5305 ε
3314 5249 3775 5328 correctura

444 5328 489 5365 δε
511 5347 560 5384 a.
597 5331 752 5385 XVII.
781 5333 975 5386 desunt
999 5321 1074 5384 Af
1111 5331 1156 5365 ⁵⁵
1182 5321 1265 5384 ita'
1283 5345 1463 5386 omnes
1513 5328 1556 5362 ⁵⁷
1588 5329 1842 5382 Audohin
1875 5357 1943 5367 -—
1963 5325 2033 5381 42
2063 5326 2256 5382 desunt
2287 5328 2345 5382 D.
2398 5326 2442 5360 ⁸⁸
2473 5330 2552 5380 ita
2581 5329 2690 5394 ipse
2714 5325 3014 5392 Sigebertus
3051 5325 3239 5394 statim
3262 5325 3496 5394 cotrcxtt
3525 5337 3592 5394 ea:
3620 5321 3773 5394 Ll_lll,

443 5403 580 5471 quod
602 5406 756 5472 prius
790 5405 1093 5471 scripserat.
1129 5401 1279 5455 LVlll
1306 5417 1443 5456 corr.
1475 5399 1633 5454 Lllll.
1656 5400 1714 5456 D.
1776 5399 1820 5432 ⁵³
1849 5398 1933 5452 vel
1965 5399 2235 5452 luxuriam
2273 5391 2976 5472 saperscripsttgtnselmus,
3009 5393 3299 5472 luxuriam
3327 5392 3389 5447 Fl
3449 5392 3486 5445 2
3511 5469 3518 5472 Α
3543 5391 3778 5472 fornica-

444 5461 647 5527 tionem
677 5475 737 5527 A.
810 5473 854 5507 ⁶⁰
885 5461 1014 5528 Haec
1033 5476 1207 5542 primo
1235 5478 1492 5542 quattuor
1516 5473 1671 5524 lineis
1697 5477 2026 5542 expresserat
2057 5476 2277 5542 auctor._
2296 5461 2398 5524 sed
2437 5472 2500 5522 iis
2529 5461 2806 5542 érast's,_ea
2836 5470 2914 5542 ita
2940 5467 3377 5542 ampliavit_A_ns
3408 5508 3424 5530 ,
3457 5469 3520 5542 ut
3549 5461 3777 5542 videtur,

440 5545 558 5615 τειι.
588 5552 785 5613 praeter
814 5561 990 5600 unum
1020 5533 1103 5609 Ᾰ.,
1136 5533 1363 5615 qni-(uec
1387 5547 1478 5615 ita-_
1492 5543 1649 5595 habet
1662 5559 1687 5615 Ξ
1707 5533 1843 5604 Quia
1863 5540 2505 5615 antiquitusdelegatum
2539 5546 2654 5593 erat
2676 5533 3043 5615 Alexandrino
3071 5534 3425 5615 pontifici,_ut
3445 5535 3597 5615 diem
3634 5533 3780 5612 celet

443 5603 640 5669 brandi
681 5617 882 5686 pascha
923 5603 1210 5686 annuatim
1241 5612 1624 5686 denunciaret
1662 5603 1906 5666 Romano
1936 5603 2203 5686 pontiﬁci,
2232 5618 2286 5665 et
2321 5603 2461 5686 ἴδεν-
2479 5627 2605 5665 eum
2659 5609 2874 5664 caeteris
2904 5603 3171 5662 aacclesiis
3202 5606 3657 5686 occidentalium,
3688 5603 3779 5676 qui

439 5700 544 5759 epe
577 5687 645 5742 de
677 5678 882 5759 pascha
915 5684 1252 5742 celebrando
1283 5690 1377 5738 aut
1415 5682 1746 5736 dubitabant
1787 5691 1881 5737 aut
1911 5678 2195 5747 errabant;
2225 5678 2372 5736 nunc
2433 5682 2805 5736 Romanorum
2837 5695 3084 5736 errorem
3129 5685 3223 5734 aut
3255 5678 3630 5751 ignorantiam
3669 5691 3778 5731 non
