3894 6220
167 345 253 401 101
1659 345 1779 402 Clllt

1890 347 2004 405 [ΟΛ.

3384 363 3489 422 102

165 485 241 531 tor
265 476 434 532 libros
462 477 653 552 legum
686 478 1054 534 Romanarum
1078 477 1439 545 adbreviavit,
1468 479 1522 533 in
1543 495 1652 534 uno
1676 495 1775 534 vo-
1802 486 1850 553 Α
1877 497 2044 551 super
2068 481 2418 556 Ostrogothos
2447 492 2638 558 regnat
2659 489 2818 542 annis
2860 491 2913 545 tt
2948 508 2960 544 :
2997 495 3090 563 qui
3123 511 3247 550 mox
3277 498 3484 555 Italiam

165 571 381 636 lumine,
415 571 566 643 quod
592 571 966 626 Justinianum
1001 580 1245 628 vocatur.

230 659 350 714 533.
428 660 493 714 Β.
557 659 610 715 6.
693 660 751 714 Ρ.
814 660 900 716 12.
981 661 1037 715 F.
1101 662 1184 718 19.
1263 661 1317 716 L.
1377 664 1430 718 7.
1509 664 1548 717 A
1612 664 1698 719 42.

622 754 706 808 W.
755 755 808 809 5.
888 755 972 810 W.
1030 755 1086 810 8.
1166 755 1223 809 Ο.
1257 756 1310 810 2.

228 844 310 912 (G.
334 845 524 916 pont.)
548 845 813 920 Agapitus
844 845 1101 901 Romanze
1127 847 1386 902 {ecclesiae
1414 848 1561 901 5.5m
1595 846 1775 918 presi-

165 933 249 988 det
275 935 336 989 ει.
370 935 456 1002 (Η.
489 936 593 1004 γη.)
629 934 907 990 Bilisarius
939 935 1188 1006 patritius
1216 953 1244 990 a
1265 936 1773 1006 Justinianoimpc-

164 1039 330 1086 ratore
372 1032 613 1102 exjussu
644 1032 739 1087 Dei
771 1032 839 1086 ad
871 1031 1108 1087 Africam
1136 1033 1480 1088 liberandam
1510 1034 1579 1088 de
1605 1051 1772 1090 manu

163 1119 546 1175 Wandalorum
580 1121 805 1188 missus,
839 1128 1137 1177 noctucum
1154 1122 1411 1194 plaustris
1443 1124 1772 1180 rusticorum

160 1210 340 1264 urbem
370 1211 791 1268 introeuntibus
830 1213 1132 1288 ingressus.
1165 1213 1546 1288 Carthaginem
1607 1216 1773 1287 cepit,

163 1300 414 1370 pecunias
444 1299 698 1356 infinitas
729 1303 956 1374 recepit,
987 1303 1301 1359 Gilimerem
1333 1320 1397 1359 ex
1431 1304 1555 1377 fuga
1576 1305 1644 1360 ad
1667 1305 1773 1359 de-

161 1388 417 1444 ditionem
490 1391 784 1448 reductum
854 1393 1172 1464 imperatori
1246 1394 1774 1467 Constantinopolim

162 1477 321 1532 duxit.
353 1478 441 1534 Sic
471 1479 872 1536 Wandalorum
906 1498 1136 1557 regnum
1169 1484 1505 1540 destructum
1536 1492 1620 1540 est
1654 1504 1668 1551 ;
1697 1487 1778 1541 sic

163 1568 372 1621 tandem
402 1567 496 1622 illa
535 1569 861 1626 Wandalica
891 1572 1073 1626 rabies
1096 1590 1218 1628 cum
1253 1573 1376 1644 ipso
1404 1575 1629 1630 nomine
1659 1575 1780 1630 fun-

164 1659 300 1713 ditus
351 1660 603 1716 extincta
659 1671 743 1717 est
798 1647 949 1734 (Ib).
1000 1665 1314 1721 Theodatus
1375 1683 1468 1721 rex
1533 1668 1775 1741 reginam

163 1749 595 1817 Amalsuindam,
657 1750 1024 1822 imperatoriae
1075 1755 1260 1809 tutela:
1288 1756 1633 1810 commissam
1666 1757 1780 1812 exi-

166 1840 270 1902 liat,
302 1856 479 1912 eaque
534 1857 649 1897 non
706 1844 877 1900 multo
935 1854 1059 1914 post
1119 1845 1176 1900 in
1216 1847 1417 1904 balneo
1443 1849 1780 1921 strangulata

169 1930 410 1987 immissa
458 1932 758 2002 Theodati,
818 1937 968 1991 solus
1019 1952 1186 2008 super
1233 1937 1589 2013 Ostrogothos
1637 1957 1783 1996 anno

168 2041 271 2079 uno
288 2033 500 2097 regnat.
536 2027 624 2097 (G.
652 2028 822 2099 poni.)
853 2030 952 2094 Qui
1001 2031 1185 2086 sciens
1241 2049 1343 2103 per
1387 2033 1490 2087 hoc
1545 2049 1605 2087 se
1647 2033 1779 2087 iram

170 2116 508 2188 imperatoris
542 2119 865 2188 incurrisse,
917 2123 1208 2196 Agapitum
1237 2141 1432 2196 papam
1476 2124 1784 2180 Constanti-

170 2206 403 2276 nopolim
448 2207 628 2275 misit,
663 2225 761 2279 pro
819 2210 1164 2281 impetranda
1219 2214 1381 2282 hujus
1439 2214 1565 2269 lacti
1599 2214 1781 2284 impu-

171 2299 350 2356 nitate.
419 2303 693 2376 Agapitus
755 2303 1044 2360 inveniens
1109 2306 1181 2361 ibi
1235 2307 1586 2363 Anthemium
1642 2307 1784 2363 Con-

169 2392 719 2463 stantinopolitanum
769 2395 1092 2468 episcopum
1129 2398 1420 2455 Eutitianae
1463 2416 1585 2456 esse
1612 2401 1782 2455 here-

170 2479 260 2546 sis,
290 2496 356 2536 eo
413 2483 897 2540 excommunicato
941 2492 996 2540 et
1051 2487 1293 2557 exiliato,
1336 2487 1550 2544 Menam
1580 2489 1784 2544 fecitei

168 2573 430 2632 substitui.
455 2575 731 2649 Agapitus
759 2576 837 2632 ibi
866 2578 1096 2635 moritur
1124 2579 1466 2653 Romamque
1520 2583 1783 2639 refertur.

172 2663 240 2731 (P.
284 2665 367 2734 ο.)
398 2666 752 2722 Justinianus
804 2669 1104 2741 imperator
1152 2671 1627 2746 ConstantinOpoli
1677 2690 1786 2731 tec-

171 2755 378 2812 clesiam
409 2759 466 2814 S.
503 2759 735 2830 Sophia:
775 2761 1380 2838 incomparabiliOpere
1409 2768 1698 2825 exediﬁcat
1719 2769 1785 2825 ⁸³.

237 2845 354 2900 531.
437 2847 488 2902 7.
576 2848 668 2902 13.
745 2850 835 2905 20.
913 2853 966 2907 8.
1045 2853 1134 2910 43.
1352 2856 1408 2912 9.
1484 2857 1536 2913 1.

243 2938 314 3008 (G.
362 2943 538 3009 poni.)
603 2941 870 3000 Silverius
927 2947 1056 3001 55M
1125 2947 1383 3004 Romanae
1437 2951 1700 3006 ecclesia
1759 2967 1790 3006 a

176 3029 446 3087 Theodato
476 3033 854 3090 substituitur.
910 3038 1190 3094 Bilisarius
1228 3046 1417 3096 contra
1454 3042 1786 3098 Theodatum

180 3122 418 3188 mittitur,
463 3125 786 3182 Thcodatus
844 3145 874 3181 a
903 3127 1091 3184 Gothis
1143 3129 1530 3205 extinguitur;
1571 3133 1791 3206 Witigis

181 3213 230 3266 in
252 3230 417 3288 regno
441 3217 826 3273 substituitur.
879 3219 1163 3276 Bisilarius
1218 3223 1502 3294 Neapolim
1532 3226 1790 3280 extermi-

178 3313 284 3370 nat;
325 3305 587 3375 Romam,
655 3306 999 3383 fugientibus
1044 3310 1259 3377 Gothis,
1321 3311 1504 3368 intrat.
1575 3313 1793 3386 Witigis

179 3396 392 3455 Romam
423 3401 655 3457 obsidet
686 3420 700 3468 ;
742 3402 914 3458 fames
942 3405 1152 3460 Italiam
1190 3414 1366 3481 urget.
1401 3407 1619 3482 Witigis
1646 3411 1793 3482 capi-

179 3494 278 3553 tur,
301 3496 354 3543 et
393 3491 722 3561 imperatori
753 3491 1026 3566 dirigitur.
1077 3494 1366 3562 Silverius,
1429 3499 1558 3570 quia
1588 3500 1794 3555 Anthe-

177 3578 336 3633 mium
366 3597 637 3636 revocare
677 3582 874 3651 noluit,
908 3585 1160 3642 exiliatus
1215 3586 1436 3643 defecit.
1472 3589 1670 3660 tione.)
1706 3591 1793 3646 El-

178 3665 418 3739 depadus
447 3671 520 3724 ab
550 3669 895 3747 Ostrogothis
944 3689 1037 3730 rex
1091 3661 1377 3732 ordinatus
1425 3686 1618 3752 regnat
1649 3696 1793 3736 anno

125 3791 128 3794 ι
178 3775 302 3819 uno.
355 3764 714 3836 [FLcooaam]
793 3767 1165 3824 Theodericus
1229 3769 1423 3838 abbas,
1483 3772 1794 3844 discipulus

180 3852 344 3906 sancti
397 3853 665 3928 Remigii,
710 3863 767 3910 et
818 3856 1213 3928 TheoJulphus
1265 3859 1434 3914 abbas
1488 3860 1794 3933 discipulus

178 3939 340 4008 ipsius
364 3941 723 4009 Theoderici,
744 3945 798 3999 in
832 3945 1056 4001 Francia
1079 3947 1292 4003 clarent
1322 3948 1409 4020 αἱ]

243 4027 363 4084 535.
443 4032 498 4084 8.
585 4032 675 4086 14.
751 4031 840 4088 21.
919 4033 971 4087 9.
1049 4036 1138 4091 44.
1429 4037 1516 4092 10.
1603 4039 1648 4093 1.

245 4116 324 4186 (6.
353 4120 432 4188 p.)
468 4119 705 4193 Vigilius
743 4120 1002 4176 Romanae
1055 4123 1317 4179 secclesiae
1362 4125 1489 4182 56us
1531 4129 1792 4198 presidet.

185 4208 242 4277 (II
287 4211 702 4282 mlEldepado
758 4222 1066 4284 perempto,
1128 4216 1345 4272 Erarius
1403 4227 1595 4288 regnat
1652 4238 1797 4279 anno

186 4315 311 4356 uno.
338 4303 554 4372 (Gaza,
589 4305 749 4373 Dial.)
777 4306 834 4358 ln
863 4305 1051 4360 Galliis
1090 4307 1299 4363 clarent
1328 4309 1542 4380 [fratres
1573 4315 1796 4380 uterini,

185 4404 289 4446 uno
326 4399 380 4447 et
398 4393 604 4448 eodem
637 4393 725 4447 die
744 4393 878 4462 nati,
911 4403 966 4450 et
997 4397 1289 4466 pontiﬁces
1318 4402 1648 4469 consecrati,
1683 4403 1795 4458 Mc-

185 4482 377 4539 dardus
435 4487 506 4540 ad
581 4485 798 4540 titulum
856 4486 1304 4558 Noviomensem,
1378 4491 1668 4550 Gildardus
1725 4495 1793 4550 ad

185 4569 708 4650 Rothomagensem,
775 4584 830 4631 et
883 4592 996 4632 uno
1037 4578 1126 4634 die
1169 4579 1405 4636 absoluti
1433 4597 1463 4635 a
1494 4583 1717 4652 saeculo,
1742 4590 1798 4639 et

183 4668 439 4737 assumpti
475 4683 505 4722 a
562 4665 798 4734 Christo,
841 4668 895 4722 in
926 4669 1080 4724 Italia
1131 4671 1378 4743 episcOpi
1430 4672 1667 4730 Sabinus
1699 4674 1800 4731 Ca-

188 4758 430 4827 nusinus,
478 4759 708 4813 Cassius
755 4759 1099 4828 Narniensis,
1133 4762 1452 4838 Fulgentius
1493 4766 1799 4824 Utricolen-

183 4845 271 4912 sis,
300 4847 610 4903 Serbonius
639 4847 930 4918 Populonii
962 4849 1050 4921 ⁶⁴.]

137 5008 143 5014 ἱ
248 4935 368 4992 536.
449 4940 506 4994 9.
599 4938 678 4994 15.
755 4940 848 4993 22.
929 4939 1012 4997 ιο.
1092 4942 1178 4997 is.
1410 4945 1469 5000 Μ
1578 4949 1626 5003 1.

251 5025 340 5093 (11.
365 5029 465 5097 m.)
501 5026 690 5082 Erario
720 5035 1028 5099 perempto,
1059 5029 1255 5098 Totila,
1307 5033 1400 5103 qui
1446 5042 1500 5089 et
1551 5035 1798 5090 Baduilla

1877 570 2106 638 invadit,
2130 579 2185 626 et
2212 588 2243 626 a
2267 583 2456 628 sancto
2514 575 2810 632 Benedicto
2863 577 3140 636 Casinensi
3175 585 3353 641 futura
3384 605 3485 644 au-

1876 659 1954 714 dit
1984 661 2113 715 sibi.
2168 665 2355 731 Multa,
2416 665 2617 736 inquit,
2671 670 2818 723 mala
2867 671 3026 738 facis,
3054 676 3230 730 multa
3287 681 3481 746 fecisti,

1865 757 1988 822 jam
2013 755 2304 822 aliquando
2327 756 2394 810 ab
2447 760 2736 827 iniquitate
2786 777 3128 832 compescere.
3181 772 3246 820 Et
3273 773 3483 837 quidem

1873 859 2026 899 mare
2036 851 2368 904 transiturus
2387 864 2458 916 es,
2477 855 2698 906 Romam
2726 855 3090 926 ingressurus;
3113 876 3301 916 novem
3326 869 3487 919 annis

1875 938 2145 1004 regnabis,
2173 940 2374 994 decimo
2407 945 2667 998 morieris.
2703 945 2816 998 lloc
2847 962 2992 1002 anno
3023 949 3246 1020 quidam
3293 953 3487 1010 dicunt

1876 1027 2114 1083 eundem
2148 1037 2399 1085 sanctum
2434 1032 2790 1089 Benedictum
2831 1037 3056 1096 obiisse.

1945 1134 2069 1190 537.
2155 1137 2238 1192 10.
2316 1138 2401 1194 16.
2479 1140 2567 1197 23.
2647 1143 2736 1198 11.
2811 1145 2900 1202 46.
3124 1152 3206 1206 12.
3291 1157 3341 1209 1.

1944 1249 2040 1317 (Η.
2075 1252 2176 1317 m.)
2217 1251 2372 1320 Apud
2420 1252 2610 1310 Persas
2655 1266 2846 1328 regnat
2885 1258 3152 1319 Chrosroe
3203 1268 3365 1322 annis
3393 1272 3478 1326 37.

1877 1340 2033 1408 (G.r.
2091 1346 2173 1409 F.)
2225 1343 2600 1402 Theodericus
2667 1365 2757 1404 rex
2794 1351 2959 1416 frater
3015 1355 3252 1413 Lotharii
3298 1363 3480 1427 obiit;

1876 1429 2292 1488 Theodebertus
2357 1433 2504 1490 ﬁlius
2556 1439 2678 1506 ejus
2735 1440 2786 1494 ei
2859 1445 3123 1501 succedit.
3194 1450 3367 1520 (Narr.
3422 1455 3484 1509 de

1879 1525 2121 1593 Theoph.)
2178 1525 2288 1580 Hoc
2344 1528 2388 1561 ⁸⁵
2440 1536 2684 1600 tempore
2735 1533 2789 1586 in
2855 1551 2966 1589 una
3011 1539 3229 1594 urbium
3293 1543 3484 1600 Cililltﬁ

1879 1612 2103 1682 quidem
2132 1613 2466 1685 Theophilus
2518 1618 2899 1676 vicedominus
2948 1631 3055 1680 tam
3108 1629 3410 1698 prudenter
3436 1642 3489 1688 et

1881 1700 2087 1755 utiliter
2105 1703 2377 1757 secundas
2404 1711 2586 1774 partes
2643 1708 3030 1768 ecclesiastica:
3062 1715 3492 1787 dispensationis

1804 1806 1853 1874 Β
1882 1792 1984 1846 sub
2013 1792 2278 1864 episcopo
2307 1795 2525 1869 agebat,
2557 1807 2617 1853 ut
2648 1810 2863 1857 mortuo
2918 1806 3180 1878 episcOpo
3240 1814 3485 1869 omnium

1882 1899 1978 1939 ore
2005 1885 2208 1958 dignus
2238 1887 2562 1959 episcOpatu
2607 1906 2728 1946 esse
2774 1895 3187 1956 acclamaretur.
3229 1902 3328 1966 Qui
3357 1921 3495 1960 con-

1885 1980 2067 2028 tentus
2092 1974 2522 2044 vicedominatu,
2556 1977 2720 2034 alium
2773 1983 3016 2040 ordinari
3065 1989 3256 2046 maluit
3276 1993 3496 2063 episco-

1885 2071 2104 2138 pum.A
2156 2085 2267 2140 quo
2325 2087 2354 2125 a
2409 2071 2818 2132 vicedominatu
2868 2078 3068 2148 injuste
3130 2095 3364 2154 amotus,
3424 2091 3492 2143 ad

1885 2166 2086 2214 tantam
2104 2160 2504 2230 impatientiam
2534 2173 2619 2220 est
2649 2167 2928 2238 delapsus,
2961 2179 3020 2226 ut
3066 2175 3338 2233 conducto
3385 2180 3492 2235 sibi

1885 2253 2099 2309 Hebreo
2127 2255 2365 2326 quodam
2402 2274 2585 2333 mago,
2615 2277 2714 2330 per
2743 2279 2866 2317 eum
2891 2280 3052 2336 opem
3081 2269 3148 2322 ad
3173 2270 3494 2346 dignitatem

1885 2361 2039 2399 suam
2073 2349 2505 2418 recuperandam
2536 2359 2821 2423 expeteret
2849 2371 2878 2410 a
2925 2356 3174 2431 principe
3206 2363 3496 2422 demonio-

1887 2451 2006 2490 rum
2034 2454 2052 2502 ;
2086 2443 2140 2491 et
2168 2436 2237 2491 ab
2265 2452 2330 2493 eo
2345 2439 2536 2507 jussus
2567 2440 2844 2516 abnegare
2890 2444 3157 2503 Christum
3199 2451 3371 2508 filium
3401 2456 3496 2509 Dei

1888 2526 2118 2598 ejusque
2175 2536 2402 2584 matrem
2453 2531 2678 2586 Mariam
2727 2549 2851 2588 cum
2909 2538 3058 2591 omni
3106 2541 3497 2600 christianismi

1890 2618 2194 2689 proposito,
2229 2629 2283 2675 et
2309 2621 2482 2692 ipsam
2507 2622 2934 2698 abnegationem
2963 2630 3166 2701 scripto
3197 2631 3413 2690 firmare
3445 2645 3500 2692 et

1886 2707 2145 2776 scriptam
2172 2708 2391 2781 signare
2435 2719 2490 2766 et
2543 2712 2812 2786 signatam
2854 2717 2958 2771 sibi
3003 2720 3241 2784 tradere,
3298 2725 3417 2793 ejus
3444 2742 3502 2782 se

1887 2795 2112 2850 servitio
2140 2797 2368 2853 addixit.
2394 2799 2493 2864 Qui
2549 2801 2604 2854 in
2649 2804 2946 2860 crastinum
3000 2818 3321 2880 recuperato
3351 2813 3504 2870 vice-

1890 2890 2204 2947 dominatus
2243 2892 2474 2960 honore,
2509 2909 2619 2950 non
2669 2897 2840 2953 multo
2868 2908 2990 2968 post
3015 2901 3084 2955 ad
3132 2918 3190 2958 se
3223 2921 3497 2972 reversus,

1891 2995 1991 3051 per
2017 2980 2137 3035 dies
2156 2979 2226 3034 40
2254 2980 2405 3035 omni
2437 2983 2721 3052 penitendi
2743 2985 2908 3041 modo
2936 3002 2995 3040 se
3023 2987 3296 3064 afﬂigens,
3323 2995 3499 3065 primo

1891 3072 2037 3142 piam
2069 3072 2163 3126 Dei
2185 3081 2413 3128 matrem
2451 3073 2672 3130 Mariam
2733 3077 2838 3132 sibi
2874 3082 3248 3138 reconciliavit
3284 3103 3504 3159 ;eaque

1815 3161 1864 3229 ί]
1892 3159 1998 3214 sibi
2028 3169 2348 3232 apparente,
2387 3162 2784 3220 abrenuntians
2825 3167 3066 3236 diabolo,
3121 3172 3506 3248 Christumque

1891 3266 2080 3304 verum
2113 3251 2209 3305 Dei
2242 3251 2414 3307 tilium
2473 3269 2775 3326 verumque
2813 3257 2982 3314 Deum
3024 3267 3079 3316 et
3108 3263 3388 3320 hominem
3437 3284 3503 3325 ex

1893 3341 2059 3396 Maria
2083 3341 2298 3417 virgine
2325 3351 2536 3410 natum,
2565 3352 2618 3400 et
2661 3362 2826 3402 omne
2861 3350 3258 3410 christianismi
3287 3372 3502 3428 propo-

1892 3431 2054 3486 situm
2087 3432 2372 3502 proﬁtens,
2405 3448 2502 3504 per
2531 3451 2650 3489 eam
2682 3445 2847 3492 etiam
2881 3439 3078 3496 Christi
3102 3441 3200 3497 filii
3237 3444 3358 3513 ejus
3383 3463 3504 3520 gra-

1893 3520 2023 3575 tiam
2050 3521 2392 3592 recepit;et
2417 3523 2484 3577 ad
2537 3524 2802 3580 indicium
2859 3528 3086 3585 indultae
3143 3531 3249 3587 sibi
3305 3535 3501 3598 venias,

1896 3628 2110 3667 rursum
2133 3613 2209 3666 ibi
2237 3613 2530 3670 dormienti
2575 3633 2852 3687 apparens
2875 3619 3072 3677 Christi
3104 3633 3298 3690 mater,
3336 3626 3499 3681 etiam

1893 3701 2154 3770 scriptum
2212 3701 2734 3774 abrenuntiationis,
2790 3708 2938 3777 quod
2968 3709 3244 3783 signatum
3281 3714 3505 3771 diabolo

1894 3788 2146 3857 dederat,
2178 3791 2427 3860 reposuit
2456 3808 2627 3862 super
2648 3802 2840 3863 pectus
2867 3797 3006 3864 ejus.
3035 3798 3152 3861 Quo
3168 3800 3509 3874 TheOphilus

1899 3889 2142 3952 recepto,
2187 3883 2566 3947 incrastinum,
2600 3885 2876 3942 dominica
2904 3889 3135 3958 scilicet,
3172 3908 3354 3949 coram
3387 3898 3512 3966 epi—

1895 3990 2066 4047 sc0po
2096 3975 2320 4030 etomni
2350 3977 2600 4032 aacclesia
2629 3979 2880 4049 pandens
2901 3981 3153 4037 ordinem
3188 3985 3290 4054 rei,
3311 4002 3508 4045 omnes

1895 4067 1964 4121 ad
1983 4073 2262 4138 stuporem
2303 4073 2359 4123 ct
2412 4068 2630 4124 laudem
2664 4071 2759 4126 Dei
2784 4079 2839 4127 et
2872 4073 3156 4146 genitricis
3184 4093 3297 4133 suae
3326 4080 3506 4136 Maria

1899 4155 2198 4212 commovit
2238 4165 2332 4224 ;et
2364 4157 2420 4212 in
2451 4159 2648 4214 eodem
2679 4159 2821 4228 loco,
2858 4177 2968 4233 quo
3022 4163 3128 4218 sibi
3175 4165 3261 4236 pia
3308 4167 3506 4225 Christi

1901 4255 2076 4305 mater
2103 4257 2461 4322 apparuerat,
2516 4241 2786 4323 perstans,
2839 4254 3048 4311 ibidem
3103 4265 3226 4328 post
3265 4260 3506 4316 triduum

1900 4346 2148 4396 mortuus
2177 4348 2233 4396 et
2263 4342 2514 4412 sepultus
2541 4353 2644 4399 est.

1965 4449 2088 4506 538.
2168 4451 2252 4506 11.
2333 4453 2383 4505 1.
2460 4453 2551 4507 24.
2632 4453 2715 4508 12.
2793 4457 2882 4511 47.
3107 4459 3189 4514 13.
3267 4459 3321 4516 2.

1822 4523 1874 4589 D
1971 4564 2059 4631 (Η.
2085 4566 2186 4633 m.)
2215 4562 2482 4621 Chrosroe
2513 4564 2655 4621 ﬁnes
2713 4567 3079 4624 Romanorum
3135 4571 3395 4630 incursat.
3454 4576 3512 4630 In

1902 4653 2197 4726 Campania
2248 4657 2416 4713 Italia;
2476 4659 2833 4715 Benedictum
2888 4661 3166 4730 juniorem
3223 4667 3514 4723 sanctitate

1900 4746 2104 4804 clarum
2126 4766 2220 4804 rex
2247 4750 2419 4806 Totila
2448 4767 2545 4823 pro
2587 4751 2801 4809 Christo
2843 4769 3206 4828 persequens,
3235 4775 3356 4815 cum
3385 4777 3511 4816 eum

1901 4855 2023 4894 cum
2053 4841 2192 4896 cella
2220 4858 2318 4897 sua
2356 4842 2683 4898 comburere
2732 4844 3017 4914 voluisset,
3070 4865 3172 4904 nec
3232 4852 3512 4918 valuisset,

1902 4928 1955 4984 in
1988 4929 2266 4986 clibanum
2297 4933 2576 4988 ardentem
2597 4948 2724 4988 eum
2745 4935 2977 5005 projecit
3007 4955 3022 5004 ;
3051 4939 3146 5010 qui
3181 4941 3310 4997 inde
3341 4941 3514 4997 altero

1900 5016 1989 5074 die
2018 5017 2230 5087 illesus,
2263 5020 2610 5077 illesisetiam
2639 5022 2904 5096 vestibus,
2934 5027 3118 5084 exivit.

1535 5141 1752 5196 VARl/E
1787 5142 2159 5198 LECTIONES.

186 5234 366 5338 ferens
396 5239 688 5338 Dionisius
716 5240 887 5324 abbas
917 5242 1199 5338 Romanus
1227 5245 1437 5338 cyclupt
1471 5247 1656 5329 magni
1687 5247 1816 5338 anni
1841 5263 2146 5338 hannor‘um
2174 5250 2889 5338 scilicethuingentorum
2923 5255 3148 5338 triginta
3168 5259 3411 5338 duorum
3432 5259 3508 5338 ra_b

191 5307 289 5364 hoc
312 5326 460 5366 anno
522 5312 742 5366 orditur

791 5314 882 5385 qui
917 5315 1041 5395 'etsi
1108 5315 1177 5396 ab
1223 5314 1798 5396 omnibusnré'cipttur
1840 5319 1893 5374 in
1948 5335 2023 5396 eo
2047 5329 2231 5396 tamen
2258 5314 2791 5396 improbatur:quod
2825 5314 3137 5396 passiounem
3167 5329 3383 5385 Domini
3422 5333 3506 5386 12.

192 5376 524 5468 Eal.,Aprilis
552 5390 608 5466 et
639 5376 1098 5468 resurrectionem
1140 5388 1193 5440 5.
1229 5387 1342 5442 Kal.
1385 5389 1585 5468 Aprilis
1625 5376 1858 5460 ponens,
1912 5392 2122 5468 veritati
2181 5376 3137 5468 evangelicaeﬂectit—rairg—vid'ctur-

189 5449 483 5530 Sigebertus
514 5458 1040 5530 primoscripserat;
1069 5465 1250 5527 postea
1279 5449 1529 5526 correﬁcit,
1582 5449 1645 5515 ut
1685 5449 1855 5530 supra
1902 5464 2143 5517 dedimus
2200 5464 2242 5496 δι
2300 5449 2395 5519 ΙΝ.
2446 5480 2474 5518 e
2522 5481 2656 5520 corr.
2687 5449 2690 5450 ν
2723 5449 2862 5522 ὑίέι
2890 5449 2968 5524 sic

3024 5486 3199 5539 porro.
3235 5473 3280 5505 ⁶²
3307 5471 3508 5525 Justin.

189 5524 588 5607 :Iexediticat
848 5532 959 5607 Sig.
1013 5524 1163 5607 curis
1218 5524 1518 5607 secundis.‘
1549 5532 1592 5565 ⁸³³
1648 5524 1769 5607 add.
1800 5549 1996 5588 manus
2029 5537 2273 5607 incerta,
2305 5538 2554 5607 fortasse
2601 5538 2695 5605 Sig
2770 5556 2884 5593 cur.
2941 5524 3151 5594 sefrett
3179 5560 3197 5607 ;
3225 5524 3421 5596 desunt
3437 5524 3486 5595 7A

189 5592 226 5681 ξ
253 5597 306 5646 in
331 5613 552 5681 rasum:
567 5597 647 5675 1d.
677 5603 750 5676 ,αι
773 5592 999 5681 uidetur,
1031 5601 1817 5681 (eliquiprwterjmquiha’c
1842 5608 1918 5681 ita
1945 5606 2101 5681 habet
2129 5592 2479 5681 :_ln'_G'al_|iis
2528 5592 2736 5681 clarcvnt
2775 5592 3513 5681 iMedarduswepiscopus'et

190 5659 861 5750 Gennanps‘IParisiensi’s,
891 5668 944 5750 in
972 5659 1410 5750 l'taliajcpi-scopi
1445 5674 1505 5728 Β.
1537 5659 1620 5737 δ’,
1945 5676 2028 5742 U.,
2056 5675 2357 5731 Cerbonius
2375 5659 3007 5747 Populoniigitur—igiturT
3377 5659 3506 5736 “edi;

190 5733 329 5790 derat
382 5738 426 5772 ⁵⁵
460 5741 756 5806 .S'equentia
789 5740 958 5808 Sigea.
992 5744 1100 5809 ipse
1124 5744 1186 5795 in
1199 5733 1423 5799 'scedu'ta
1451 5733 1638 5801 assuta
1664 5733 1886 5800 addidit.
