3894 6220
413 316 519 373 103

1641 309 1980 365 SlGEBERTl
2021 308 2534 364 GEMBLACENSIS.

3650 305 3759 361 104

487 435 615 492 539.
694 433 756 488 Β.
811 434 898 488 12.
977 433 1033 488 P.
1089 433 1142 487 2.
1223 431 1278 486 F.
1328 433 1420 488 25.
1499 432 1556 487 L.
1590 433 1672 487 13.
1753 433 1810 486 Α.
1863 432 1950 488 48.
2051 432 2440 505 Afuederatur.
2482 437 2618 500 (Vita
2663 435 2741 501 R.)
2773 430 2917 486 Obiit
2947 435 3172 486 sanctus
3231 429 3514 503 Remigius
3546 430 3749 486 Remo-

982 523 1066 579 W.
1126 524 1210 578 14.
1289 523 1347 576 0.
1403 523 1454 580 3.

490 620 578 683 (Η.
644 614 748 684 m.)
799 613 1145 668 Justinianus
1201 613 1497 684 imperator
1546 613 1685 669 duos
1741 614 2028 688 Bulgarum

419 720 585 778 reges
614 702 856 756 Traciam
886 702 1288 774 depopulantes
1325 702 1527 758 occidit
1554 718 1676 756 cum
1712 703 1896 757 multis
1925 702 2029 756 mi-

419 797 568 851 libus
599 795 912 868 Bulgarum.

597 884 724 938 540.
801 883 888 937 13.
965 880 1017 938 3.
1116 882 1206 936 26.
1308 883 1396 937 44.
1473 883 1560 936 49.
1639 883 1726 936 15.
1802 884 1854 936 4.

494 978 578 1041 (Η.
606 977 708 1039 m.)
736 972 976 1027 Chosroe
1005 971 1388 1026 Anthiochiam
1417 971 1581 1040 capit.
1608 971 1684 1038 (G.
1716 985 1746 1023 r
1783 970 1862 1039 F.)
1896 968 2033 1022 Chil-

423 1065 686 1119 debertus
721 1081 811 1118 rex
840 1079 964 1118 cum
998 1062 1257 1116 fratrucle
1304 1061 1684 1117 Theodeberto
1717 1062 1770 1114 in
1812 1060 2030 1114 fratrem

432 1153 746 1207 Lotharium
775 1151 1029 1224 insurgit,
1059 1151 1157 1204 sed
1189 1157 1362 1204 matre
1410 1165 1599 1204 eorum
1630 1148 1884 1202 Rothilde
1905 1149 2034 1202 satis

421 1250 619 1317 agente
661 1242 806 1312 apud
835 1243 1026 1306 Deum,
1057 1256 1124 1294 ne
1145 1241 1287 1294 inter
1313 1239 1511 1292 fratres
1544 1237 1696 1292 ﬁeret
1728 1238 1886 1293 civile
1909 1238 2032 1292 bel-

427 1336 559 1399 lum,
592 1333 864 1388 horrenda
898 1339 1219 1402 tempestate
1268 1331 1514 1395 coerciti,
1569 1345 1693 1384 cum
1735 1345 1904 1400 super
1935 1329 2035 1384 Lo-

426 1426 662 1480 tharium
684 1440 749 1478 ne
767 1425 986 1496 signum
1018 1421 1245 1492 quidem
1301 1419 1618 1491 apparuerit
1659 1419 1907 1475 horroris
1937 1420 2036 1475 hu-

422 1515 689 1585 jusmodi,
706 1514 947 1571 reddunt
977 1529 1038 1567 se
1061 1512 1315 1566 fraternae
1346 1510 1486 1582 paci.

598 1611 725 1665 541.
803 1608 890 1663 14.
967 1607 1022 1662 4.
1099 1606 1188 1660 27.
1289 1607 1370 1660 15.
1469 1604 1556 1660 50.
1641 1604 1722 1657 t6.
1801 1605 1856 1658 5.

492 1707 574 1772 (II.
604 1711 704 1769 τη.)
743 1701 980 1756 Chosroe
1027 1700 1139 1768 jam
1183 1705 1376 1770 quarto
1430 1699 1705 1753 Romanos
1762 1698 2028 1752 infestan-

423 1797 557 1859 tem,
580 1789 860 1844 Bilisarius
881 1787 1161 1857 compellit
1221 1786 1402 1840 redire
1453 1785 1816 1841 inefﬁcacem.
1850 1785 2031 1850 (Grac.

422 1877 569 1944 Tun.)
598 1876 903 1931 lndiversis
949 1875 1244 1929 Galliarum
1304 1874 1439 1929 locis
1473 1875 1689 1930 diversa
1737 1876 1894 1945 signa
1923 1874 2038 1934 visa

421 1976 569 2024 sunt.
601 1967 854 2023 Cometes
881 1965 1172 2037 apparuit;
1223 1965 1312 2019 die
1345 1967 1560 2036 pascth
1602 1965 1792 2020 caelum
1847 1964 2039 2019 ardere

425 2063 606 2117 visum
627 2067 750 2125 est;
784 2075 944 2114 verus
985 2059 1209 2129 sanguis
1240 2073 1308 2112 ex
1351 2058 1494 2113 nube
1523 2058 1751 2113 deﬂuxit
1784 2059 1840 2112 in
1874 2058 2042 2113 vesti-

427 2152 629 2208 mentis
673 2151 957 2206 hominum
994 2170 1010 2216 ;
1054 2151 1252 2205 domus
1283 2150 1568 2218 cujusdam
1611 2149 1680 2204 ab
1726 2150 1872 2204 intus
1915 2165 2042 2203 san-

425 2245 593 2319 guine
653 2259 902 2314 reSpersa
940 2243 1194 2314 apparuit
1223 2249 1537 2310 ;etsecutae
1586 2242 1746 2296 variae
1765 2241 1953 2296 clades
1991 2249 2046 2294 et

427 2339 586 2394 malae
607 2337 948 2393 valetudines
975 2353 1097 2392 cum
1127 2335 1363 2407 pustulis
1385 2342 1439 2390 et
1479 2335 1676 2390 vesicis
1702 2334 1938 2406 populos
1963 2333 2046 2388 af-

429 2427 708 2482 ﬂixerunt.

599 2520 724 2574 542.
805 2520 888 2572 15.
967 2517 1020 2572 5.

497 2608 998 2683 (H.m.)Bilisarius
1049 2609 1094 2662 9⁵⁵
1151 2607 1219 2662 ad
1267 2606 1498 2662 Africam
1557 2606 1840 2672 remissus,
1875 2606 2044 2660 Guin-

432 2703 596 2760 tharit
616 2717 784 2773 super
811 2700 1072 2770 reliquias
1124 2697 1515 2753 Wandalorum
1575 2705 1895 2769 regnantem
1920 2713 2042 2752 cum

437 2788 940 2863 suisextinguit(G.
988 2804 1036 2841 r.
1089 2791 1164 2848 Γ.)
1215 2785 1499 2840 Lotharius
1559 2795 1614 2839 et
1662 2784 2047 2840 Childebertus

429 2880 645 2946 fratres,
667 2879 901 2934 obsesso
934 2875 988 2930 in
1033 2876 1308 2945 Hispaniis
1363 2874 1792 2946 Cesaraugusta,
1833 2872 2047 2928 civibus

432 2973 600 3026 Deum
631 2968 916 3025 orantibus
942 2975 997 3022 et
1043 2967 1362 3022 circumlata
1409 2964 1682 3020 Vincentii
1711 2964 2048 3019 martiristu-

1118 2517 1208 2571 28.
1307 2516 1394 2570 16.
1473 2515 1560 2571 5t.
1643 2516 1728 2570 17.
1807 2514 1860 2570 6.

2132 543 2251 581 rum
2283 525 2577 596 episcopus
2609 523 2732 578 165.

2343 617 2465 669 546.
2555 614 2629 669 19.
2709 615 2762 667 9.
2845 613 2928 668 32.
3008 613 3058 668 3.
3138 613 3229 668 55.
3307 615 3361 667 2.
3443 611 3532 666 10.

2206 707 2270 774 (Η
2317 707 2415 766 m.)
2462 703 2689 774 Vigilius
2748 719 2888 773 papa
2943 702 3212 756 exiliatur.
3251 701 3450 756 Narses
3483 699 3754 771 patricius

2133 797 2520 851 auxiliantibus
2541 795 2646 848 sibi
2683 794 3054 868 Langobardis
3098 793 3328 849 Totilam
3360 809 3548 868 regem
3605 793 3753 863 peri-

2135 886 2232 940 mit
2260 905 2273 950 ;
2307 885 2754 956 Ostrogothorum
2788 891 2954 956 gente
3012 899 3186 954 usque
3214 883 3282 936 ad
3311 881 3748 936 internetioncm

2135 975 2334 1039 deleta,
2367 989 2595 1047 regnum
2629 972 3102 1046 Ostrogothorum,
3137 973 3359 1042 penitus
3386 971 3643 1026 destruit.
3671 971 3750 1024 Ita

2138 1065 2271 1118 illud
2305 1079 2532 1134 regnum
2567 1061 2888 1127 Gothorum,
2921 1061 3090 1132 quod,
3139 1069 3198 1114 ut
3241 1061 3314 1114 ait
3337 1059 3592 1116 Jordanis
3624 1059 3750 1124 166,

2136 1168 2234 1223 per
2262 1168 2436 1206 annos
2467 1150 2682 1204 circiter
2711 1150 2851 1202 2109
2876 1150 3185 1215 duraverat,
3241 1148 3444 1204 defecit
3474 1149 3532 1202 in
3567 1147 3755 1202 Ostro—

2135 1243 2339 1316 gothis,
2366 1243 2464 1297 sed
2498 1243 2552 1296 in
2585 1241 2903 1313 Wisigothis
2961 1241 3016 1295 in
3077 1240 3334 1311 Hispania
3389 1238 3758 1314 regnantibus

2140 1338 2414 1393 incolume
2469 1336 2746 1390 remansit.
2801 1335 2958 1389 Teias
3017 1349 3244 1406 regnum
3301 1327 3756 1402 Ostrogothorum

2139 1430 2465 1484 resuscitare
2498 1429 2672 1494 nisus,
2697 1435 2890 1501 regnat
2916 1425 3078 1481 annis
3100 1425 3156 1480 2.

2349 1522 2472 1576 547.
2551 1521 2639 1574 29.
2726 1519 2807 1572 10.
2885 1517 2972 1575 33.
3051 1516 3104 1572 4.
3181 1514 3271 1571 56.
3350 1514 3402 1569 3.
3483 1514 3534 1568 1.

2211 1611 2397 1682 (ΡΑυι.
2425 1610 2600 1679 Duc.)
2653 1607 2923 1664 Conserto
2975 1605 3151 1677 prelio
3175 1605 3319 1659 inter
3350 1601 3761 1658 Cunimundum

2131 1717 2314 1776 regem
2344 1699 2675 1770 Gepidarum
2703 1705 2758 1752 et
2779 1696 2975 1751 Albuin
3016 1709 3200 1769 regem
3236 1692 3721 1765 Langobardorum
3741 1732 3756 1755 ,

2137 1797 2467 1848 corruerunt
2513 1790 2770 1861 utrinque
2823 1788 3108 1862 sexaginta
3160 1786 3312 1840 milia
3371 1800 3584 1840 eorum.
3649 1781 3759 1836 Ubi

2140 1883 2336 1938 Albuin
2393 1882 2800 1937 Cunimundum
2849 1880 3100 1950 peremit,
3157 1886 3212 1933 et
3250 1895 3314 1932 ex
3367 1884 3506 1932 testa
3557 1878 3760 1948 capitis

2141 1978 2261 2045 ejus
2290 1977 2547 2048 poculum
2579 1976 2684 2030 sibi
2707 1975 2774 2029 ad
2801 1973 3105 2028 bibendum
3147 1972 3295 2034 fecit,
3327 1971 3608 2042 filiamque
3632 1970 3760 2038 ejus

2144 2066 2467 2137 captivatam
2496 2080 2722 2119 uxorem
2779 2064 2884 2117 sibi
2945 2063 3173 2132 accepit.
3215 2061 3383 2115 Hunis
3412 2075 3542 2115 vero
3585 2066 3765 2114 terras

2145 2155 2476 2225 Gepidarum
2538 2151 2952 2217 invadentibus,
3003 2152 3341 2206 destructum
3387 2156 3471 2204 est
3529 2165 3765 2223 regnum

2146 2244 2477 2316 Gepidarum
2515 2241 2756 2314 penitus.

2357 2333 2480 2387 548.
2556 2333 2646 2386 2|.
2725 2331 2810 2385 11.
2889 2331 2977 2384 34.
3055 2331 3112 2383 5.
3187 2329 3277 2383 57.
3355 2331 3408 2383 4.
3485 2329 3541 2382 2.

2217 2428 2298 2497 (G.
2333 2443 2382 2481 ν.
2414 2429 2494 2494 F.)
2523 2423 2934 2479 Theodebertus
2958 2438 3049 2476 rex
3091 2438 3189 2493 per
3243 2437 3302 2476 se
3355 2428 3409 2475 et
3439 2437 3539 2492 per
3559 2421 3762 2475 ducem

2145 2532 2303 2571 suum
2329 2514 2688 2570 Bulcellinum
2725 2512 2932 2566 Italiam
2956 2511 3107 2566 vario
3137 2510 3268 2564 belli
3296 2517 3496 2564 eventu
3539 2509 3767 2581 inquie-

2146 2614 2260 2660 tare
2291 2619 2400 2659 non
2425 2601 2664 2668 desistit,
2719 2610 2773 2656 et
2815 2599 2883 2654 ab
2944 2599 3096 2655 Italia
3127 2606 3179 2654 et
3210 2616 3239 2654 a
3261 2598 3444 2653 Sicilia
3463 2606 3559 2653 aut
3585 2600 3769 2668 spolia

2147 2699 2238 2748 aut
2264 2693 2463 2747 tributa
2490 2690 2719 2762 accipit.
2779 2689 2938 2758 Tejas
2970 2705 3060 2743 rex
3116 2705 3147 2743 a
3197 2689 3422 2744 Narsete
3452 2687 3766 2759 perimitur,

2147 2791 2201 2838 et
2226 2799 2350 2838 cum
2379 2797 2446 2837 eo
2475 2782 2772 2836 Gothorum
2806 2778 3056 2858 reliquiae
3111 2777 3476 2848 extirpantur.

2288 2875 2407 2930 549.
2487 2874 2577 2928 22.
2664 2872 2744 2926 t2.
2785 2870 2876 2927 35.
2951 2871 3003 2926 6.
3080 2871 3172 2924 58.
3248 2870 3304 2925 5.

2219 2966 2404 3037 (Gneo.
2431 2965 2589 3035 Tua.)
2623 2965 2882 3038 Agericus
2912 2963 3276 3017 Virdunensis
3315 2962 3613 3033 episcOpus
3643 2977 3774 3015 san-

429 3063 572 3127 nica,
622 3067 845 3132 accepta
893 3058 961 3114 ab
1009 3059 1092 3113 eis
1141 3073 1239 3129 pro
1293 3072 1522 3112 munere
1578 3056 1753 3127 ipsius
1805 3055 2042 3110 martiris
2072 3058 2328 3132 Cctitate
2361 3056 2550 3121 claret,
2603 3055 2660 3110 P.
2718 3055 2776 3108 D.
2835 3053 3030 3109 Narses
3081 3053 3343 3124 patricius
3375 3052 3643 3107 Sinduald
3683 3069 3772 3107 re-

427 3156 588 3224 stola,
621 3157 876 3221 redeunt,
931 3152 1206 3224 adquisita
1261 3152 1536 3223 Hispaniae
1597 3159 1750 3222 parte
1785 3151 2039 3206 maxima.

427 3246 600 3316 (1810.)
629 3244 853 3300 Theuda
887 3243 1314 3318 Wisigotharum
1348 3257 1477 3313 rege
1513 3258 1543 3296 a
1581 3241 1701 3296 suis
1732 3247 2042 3312 perempto,

313 3375 322 3390 ι
429 3338 872 3413 Theudegisibus
902 3349 1095 3410 regnat
1145 3347 1268 3409 post
1290 3354 1413 3392 eum
1443 3337 1603 3391 annis
1630 3336 1681 3390 2.
1715 3340 1779 3403 (ν
1824 3339 2044 3404 Mauri.)

434 3429 654 3484 laurus
693 3428 748 3482 in
799 3429 969 3484 Gallia
1029 3427 1216 3498 claret,
1281 3426 1457 3483 sancti
1517 3425 1806 3482 Benedicti
1873 3426 2043 3483 disci-

435 3517 601 3590 pulus

609 3605 735 3664 543.
814 3607 904 3662 16.
1001 3608 1053 3661 6.
1157 3607 1247 3662 29.
1328 3607 1413 3663 17.
1515 3607 1584 3662 52
1690 3613 1732 3660 l.
1811 3606 1864 3662 7.

503 3697 586 3767 (11.
627 3698 724 3766 m.)
762 3695 994 3770 Vigilius
1022 3711 1160 3766 papa
1191 3695 1320 3767 quia
1369 3694 1676 3750 secundum
1715 3709 1871 3748 suam
1911 3708 2040 3764 pro-

429 3790 746 3846 missionem
789 3789 965 3844 noluit
989 3789 1341 3845 Anthemium
1403 3805 1682 3855 revocare,
1730 3786 2040 3843 Constanti-

430 3881 675 3952 n0polim
702 3879 938 3935 mittitur
973 3879 1362 3952 ignominiose.
1399 3879 1613 3935 Thotila
1649 3892 1743 3932 rex
1781 3877 2039 3949 Ostrogo-

430 3970 648 4024 thorum
681 3976 841 4040 capta
876 3969 1065 4035 Roma,
1097 3968 1366 4024 habitavit
1419 3967 1738 4038 aliquandiu
1772 3981 1894 4021 cum
1935 3965 2046 4020 Ro-

432 4057 611 4113 manis
641 4057 795 4129 quasi
825 4066 980 4128 pater
1009 4073 1133 4112 cum
1165 4057 1316 4124 filiis,
1366 4054 1794 4120 mansuefactus,
1824 4063 1884 4108 ut
1921 4069 2045 4109 cre-

431 4149 598 4217 ditur,
626 4149 798 4205 sancti
827 4149 1107 4204 Benedicti
1138 4148 1382 4213 monitis,
1425 4147 1610 4216 (PAUL.
1682 4146 1720 4200 Ι)
1750 4149 1768 4215 )
1795 4145 2046 4200 Audohin

431 4244 669 4306 mortuo,
697 4238 892 4292 Albuin
923 4237 1073 4292 filius
1094 4238 1215 4306 ejus
1237 4243 1432 4310 regnat
1459 4251 1629 4307 super
1661 4234 2046 4310 Langobardos

430 4328 487 4381 in
522 4325 802 4382 Pannonia
840 4325 1003 4378 annis
1027 4326 1118 4377 24.

571 4418 694 4473 514.
792 4415 881 4470 17.
978 4414 1030 4469 7.
1124 4413 1211 4470 30.
1303 4413 1354 4467 1.
1450 4414 1539 4468 53.
1787 4414 1840 4468 8.

498 4511 711 4579 (Gai-16.,
738 4509 901 4578 Dial.)
955 4507 1292 4561 Herculanus
1353 4505 1648 4560 Perusinus
1689 4505 1988 4578 episcOpus
2013 4524 2044 4562 a

424 4605 600 4661 Totila
632 4620 783 4678 rege,
816 4611 972 4658 secto
1003 4601 1204 4671 capite,
1231 4600 1597 4654 martirizatur
1619 4617 1634 4666 ;
1659 4608 1781 4671 post
1811 4607 2039 4656 mortem

427 4711 559 4752 vero
615 4704 780 4765 caput
830 4695 949 4765 ejus
997 4691 1216 4762 corpori
1248 4691 1461 4746 unitum
1503 4691 1802 4746 invenitur.
1827 4695 1892 4759 (Η
1943 4700 2040 4762 τη.)

428 4783 861 4839 TolitaSiciliam
904 4781 1132 4836 invadit.
1192 4781 1389 4835 Narscs
1455 4783 1739 4836 ennuchus
1762 4781 2040 4836 Romano-

432 4892 550 4931 rum
586 4875 847 4947 patricius
873 4875 1158 4930 ordinatur
1187 4881 1242 4928 et
1289 4880 1478 4929 contra
1516 4874 1744 4929 Totilam
1803 4873 2046 4928 destina-

431 4976 542 5023 tur.
568 4966 1182 5042 (Fnan.)Theudegisilo
1241 4966 1383 5021 inter
1437 4965 1841 5021 convivandum
1872 4982 1902 5020 a
1932 4965 2047 5019 suis

433 5065 742 5130 perempto,
765 5057 955 5132 Agilan
1006 5064 1195 5131 regnat
1242 5074 1410 5128 super
1434 5056 1774 5130 Wisigothos
1804 5055 1966 5110 annis
1984 5055 2042 5111 9.

640 5150 766 5206 545.
846 5151 932 5206 18.
1009 5151 1064 5205 8.
1161 5150 1247 5208 31.
1344 5150 1399 5205 2.
1475 5150 1569 5217 54,
1645 5150 1697 5203 1.
1775 5148 1832 5204 0.

503 5247 587 5316 (11.
620 5244 721 5315 m.)
755 5241 950 5299 Narses
979 5242 1216 5300 Albuino
1247 5242 1364 5318 regi
1404 5241 1890 5316 Langobardorum
1923 5255 2051 5296 con-

2144 3165 2267 3223 gem
2297 3149 2624 3214 Brittonum,
2647 3161 2712 3200 ex
2743 3146 2920 3202 amico
2942 3144 3049 3200 sibi
3080 3144 3364 3211 rebellem,
3385 3144 3535 3201 bello
3557 3145 3764 3201 victum

2147 3247 2201 3294 et
2231 3248 2447 3310 captum
2475 3235 2784 3307 suspendit.

2317 3331 2443 3385 550.
2540 3330 2629 3386 23.
2713 3329 2799 3383 13.
2875 3327 2962 3384 36.
3041 3327 3093 3381 7.
3175 3327 3264 3382 59.
3341 3325 3396 3381 6.

2221 3423 2304 3493 (G.
2332 3440 2382 3478 ν.
2415 3425 2496 3492 F.)
2522 3421 2938 3476 Theodebertus
2981 3436 3076 3475 rex
3107 3419 3262 3484 obiit,
3295 3417 3385 3474 cui
3412 3415 3768 3472 Theodebal—

2147 3513 2251 3568 dus
2277 3510 2423 3565 filius
2472 3511 2593 3579 ejus
2632 3510 2897 3565 succedit.
2944 3509 3130 3578 (Gneo.
3175 3508 3330 3577 Tua.)
3372 3506 3620 3573 Arboris,
3655 3495 3766 3578 que

2147 3605 2354 3659 dicitur
2391 3603 2709 3669 sambucus,
2738 3602 2924 3670 flores,
2955 3617 3124 3675 grana
3154 3608 3207 3655 et
3256 3599 3466 3655 fructus
3493 3599 3548 3653 in
3579 3599 3771 3664 flores,

2146 3714 2316 3773 grana
2339 3704 2393 3752 et
2422 3696 2629 3751 fructus
2654 3695 2778 3750 vitis
2806 3693 3264 3750 transformantur
3296 3693 3360 3746 δῖ.

2246 3789 2370 3844 551.
2447 3788 2537 3842 24.
2616 3788 2703 3841 14.
2782 3787 2869 3840 37.
2947 3785 3000 3840 8.
3074 3785 3167 3840 60.
3280 3784 3330 3838 7.

2217 3879 2415 3944 Quinta
2446 3877 2692 3949 synodus
2723 3876 3050 3930 universalis
3091 3872 3630 3944 ConstantinOpolim
3681 3889 3775 3928 cc-

2147 3971 2393 4026 lebratur
2427 3987 2439 4023 :
2474 3969 2531 4023 in
2560 3985 2666 4040 qua
2696 3967 2946 4038 epistola,
2980 3983 3101 4039 quae
3137 3967 3228 4021 lbe
3288 3965 3512 4031 dicitur,
3561 3964 3769 4019 erroris

2149 4063 2311 4134 plena
2340 4061 2760 4132 reprobatur,et
2789 4061 3110 4115 Theodorus
3139 4073 3427 4129 personam
3443 4056 3772 4111 mediatoris

2150 4151 2245 4206 Dei
2273 4159 2327 4205 et
2349 4152 2637 4206 hominum
2667 4151 2719 4205 in
2755 4149 2972 4205 duabus
3019 4149 3344 4204 substantiis
3370 4164 3660 4219 separaris,
3695 4148 3764 4201 ad

2149 4240 2451 4312 impietatis
2473 4239 2763 4311 perfidiam
2795 4239 3061 4294 cecidisse
3092 4237 3442 4293 convincitur
3487 4235 3568 4305 (cf
3617 4242 3765 4289 Ann.

2146 4331 2313 4401 Leod).
2350 4331 2640 4401 Hucusque
2667 4330 2926 4385 Jordams
2975 4328 3269 4399 episcopus
3298 4325 3601 4397 hystoriam
3631 4340 3771 4380 con-

2069 4445 2123 4514 D
2147 4419 2345 4514 texuit;

2251 4511 2374 4566 552.
2478 4511 2564 4566 25.
2654 4511 2733 4564 15.
2811 4510 2899 4566 38.
2976 4508 3028 4564 9.
3106 4509 3195 4564 61.
3311 4508 3366 4562 8.

2215 4599 2298 4669 (G.
2325 4599 2500 4669 poni.)
2534 4597 2784 4670 Pelagius
2815 4597 3074 4651 Romana)
3123 4595 3389 4649 zecclesiae
3443 4595 3574 4649 570³
3631 4611 3765 4666 pre-

2145 4687 2308 4743 sidet.
2340 4688 2435 4743 Hic
2467 4687 2812 4742 insimulatus
2844 4686 2913 4739 de
2946 4692 3118 4740 morte
3151 4683 3332 4755 Vigilii
3365 4701 3548 4755 papre,
3574 4691 3772 4739 tenens

2143 4790 2331 4838 sancta
2369 4781 2651 4854 evangelia
2683 4786 2735 4834 et
2766 4795 3007 4844 crucem,
3031 4778 3394 4847 jurejurando
3427 4779 3652 4849 publice
3685 4796 3772 4834 sa-

2146 4873 2365 4928 tisfecit.
2403 4873 2588 4943 (GREG.
2619 4872 2776 4938 Tum,
2812 4873 2882 4926 De
2927 4873 2998 4940 gl.
3028 4877 3192 4925 mart.
3233 4871 3310 4941 κ.)
3363 4870 3477 4924 Hoc
3518 4878 3771 4941 tempore

2149 4966 2203 5020 in
2234 4965 2448 5020 oriente
2513 4981 2649 5035 puer
2697 4965 2920 5035 quidam
2979 4963 3292 5018 Iudaeorum
3352 4961 3523 5025 ﬁlius.
3581 4980 3769 5019 cuma

2148 5056 2333 5113 coevis
2375 5057 2492 5111 suis
2547 5057 2966 5111 Christianorum
3023 5054 3150 5108 ﬁliis
3220 5055 3289 5109 ad
3341 5055 3446 5110 hoc
3495 5056 3773 5110 adductus

2149 5151 2363 5216 fuisset,
2391 5155 2450 5204 ut
2505 5149 2560 5203 in
2619 5150 2869 5206 accclesia
2908 5155 3109 5204 sanctae
3169 5148 3359 5204 matris
3401 5149 3606 5204 Christi
3636 5150 3770 5205 Jesu

2151 5253 2353 5308 corpus
2375 5245 2429 5293 et
2452 5238 2778 5310 sanguinem
2814 5237 3007 5294 Christi
3035 5238 3368 5309 perciperet,
3402 5248 3637 5310 propter
3669 5239 3776 5293 hoc

1791 5339 2011 5393 VARI/1'3
2038 5336 2411 5392 LECTIONES.

501 5445 548 5480 “
576 5443 870 5501 Balisarius
898 5445 951 5501 1.
979 5443 1020 5480 ⁸⁷
1053 5441 1266 5500 arboris
1293 5439 1750 5497 transformantur
1777 5439 1896 5493 add.
1939 5439 2113 5508 Sigeb.
2142 5441 2287 5492 curis
2323 5441 2512 5493 tertiis.

2031 5537 2219 5594 NOT/‘E

499 5645 644 5716 (165)
683 5643 829 5701 Obiit
855 5643 1108 5716 potius_a.
1273 5659 1288 5704 ;
1313 5644 1367 5695 et
1414 5641 1556 5716 _Acta_
1565 5638 1660 5693 SS.
1696 5637 1830 5716 φοι.-
1870 5639 1910 5705 l,
1941 5638 2030 5716 68.

503 5708 652 5790 (166)
683 5718 831 5774 Errat
855 5708 964 5788 Sig.
1025 5711 1280 5768 Jordanis
1337 5710 1486 5764 enim
1529 5710 1600 5762 De
1647 5708 1740 5762 reb
1799 5709 1913 5762 (ἴοι.
1973 5710 2028 5762 in

2144 5635 2251 5691 fine
2282 5637 2428 5692 hunc
2458 5653 2663 5693 annum
2696 5636 3052 5692 millesimum
3081 5642 3135 5691 et
3191 5638 3653 5694 trecentesimum
3694 5656 3782 5694 re-

2138 5709 2232 5782 gni
2255 5707 2559 5764 Gothorum
2596 5708 2731 5764 dicit
2762 5708 3024 5764 HIRSCH.
3351 5729 3354 5732 ·
