3894 6220
367 323 470 376 107

1573 321 1919 375 SIGEBERTI
1962 321 2476 380 GEMBLACENSIS.

3596 336 3700 391 108

365 444 490 499 568.
570 444 630 499 R.
663 444 716 501 3.
794 443 853 501 P.
876 443 966 497 31.
1046 443 1101 497 F.
1130 445 1184 497 4.
1266 443 1323 497 L.
1363 443 1453 498 25.
1532 444 1592 497 A.
1638 444 1687 498 7.
1770 443 1853 497 W.
1896 443 1974 499 ‘5.
2005 445 2210 515 ACleb
2232 446 2565 519 subrogatus
2592 464 2763 523 regno
2813 450 3318 525 Langobardorum,
3375 462 3573 527 regnat
3601 471 3707 509 an-

439 534 518 607 (P.
546 536 628 603 D.)
660 534 931 590 Albuinus
964 550 1081 602 rex,
1135 534 1447 589 Saxonibus
1502 534 1737 606 aliisque
1794 535 1980 608 genti-

367 628 471 683 bus
509 627 617 683 sibi
649 627 1193 683 ascitisetPannonla
1213 643 1279 681 ex
1306 626 1563 682 condicto
1595 628 1978 683 commendata

367 716 560 771 amicis
588 715 1074 790 Langobardorum
1134 715 1326 782 IIunis,
1357 716 1423 770 ad
1459 716 1665 770 Italiam
1697 716 1980 771 contendit

368 826 493 865 cum
520 810 777 866 omnibus
806 809 1290 884 Langobardorum
1326 809 1570 875 familiis,
1605 810 1794 881 ibique
1825 811 1857 863 6
1879 827 1977 864 an-

369 897 456 953 nis
478 898 744 971 regnavit.
791 896 1112 970 Sigebertus
1140 888 1236 950 rex
1266 897 1511 951 desertas
1567 896 1840 951 Saxonum
1870 904 1981 950 ter-

370 1006 457 1045 ras
486 989 752 1060 pervadit,
808 1005 1013 1060 easque
1051 988 1245 1043 Suavis
1292 988 1358 1042 ad
1392 988 1745 1042 habitandum
1796 987 1975 1041 tradit.

372 1080 519 1135 lIanc
548 1079 674 1134 mali
717 1079 1011 1134 novitatem
1043 1095 1185 1135 nova
1215 1080 1269 1133 in
1299 1079 1431 1134 caelo
1462 1078 1619 1151 signa
1651 1079 1823 1134 multo
1854 1088 1978 1134 ante

368 1179 617 1244 tempore
647 1172 1061 1243 portenderant.

544 1263 670 1319 569.
783 1264 838 1329 4,
913 1262 1000 1319 32.
1079 1262 1132 1317 5.
1218 1263 1262 1315 1.
1341 1262 1394 1317 8.
1476 1263 1559 1319 16.

435 1354 622 1427 (11η.)
648 1354 889 1409 Armenii
917 1353 1082 1408 fidem
1107 1352 1306 1408 Christi
1337 1354 1671 1425 suscipiunt.
1698 1353 1780 1423 (G.
1814 1371 1863 1408 ν.
1900 1356 1983 1425 F)

366 1446 686 1521 Sigebertns
734 1462 822 1501 rex
867 1445 1016 1500 fratri
1068 1461 1168 1501 suo
1220 1436 1533 1517 Chilperico
1586 1453 1880 1520 repugnat,
1930 1453 1984 1501 et

368 1537 684 1595 Suessionis
705 1538 894 1593 sedem
926 1537 1084 1611 regni
1114 1537 1233 1605 ejus
1258 1545 1511 1607 occupat.
1538 1538 1980 1593 Theodebertum

366 1627 537 1684 filium
579 1628 699 1697 ejus
748 1628 821 1682 ibi
852 1634 1073 1698 captum
1131 1625 1319 1681 exiliat
1352 1643 1367 1691 ;
1401 1625 1579 1696 ipsum
1613 1625 1981 1697 Chilpericum

370 1721 548 1793 prelio
577 1721 779 1776 victum
809 1719 983 1793 fugat,
1025 1726 1078 1774 ct
1126 1718 1392 1775 terminos
1414 1733 1545 1773 suos
1579 1717 1648 1772 ab
1679 1719 1799 1787 ejus
1830 1718 1983 1775 inso-

368 1812 538 1868 lentia
583 1810 801 1866 liberat.
855 1810 936 1883 (G.
996 1811 1113 1881 Fr.)
1161 1813 1291 1882 Ipse
1351 1825 1578 1866 uxorem
1637 1810 1789 1865 ducit
1845 1810 1984 1865 Bru-

367 1920 515 1960 mam
571 1903 637 1969 ⁷⁷,
689 1900 855 1957 filiam
930 1901 1275 1977 Athanagildi
1324 1902 1472 1977 regis
1528 1901 1980 1975 Wisigotharum,

372 1991 515 2064 [quae
547 1998 602 2046 et
640 1988 1010 2045 Brunichildis
1039 1990 1185 2044 dicta
1213 1989 1340 2060 est.]

510 2082 634 2140 370.
712 2081 764 2137 5.
843 2081 934 2136 33.
1010 2082 1064 2136 6.
1144 2081 1198 2135 2.
1274 2081 1330 2137 9.
1409 2082 1493 2137 17.

441 2174 524 2245 (Α.
558 2173 728 2245 Leod)
778 2173 1014 2227 Sanctus
1065 2172 1331 2227 Vedastus
1380 2172 1537 2228 obiit.
1574 2173 1654 2243 (P.
1690 2172 1776 2243 D.)
1832 2171 1985 2227 Italia

368 2281 399 2320 a
428 2263 805 2339 Langobardis
846 2263 998 2318 nullo
1037 2263 1342 2318 obsistente
1401 2279 1636 2333 pervasa
1685 2263 1981 2329 atteritur;

371 2358 597 2428 insuper
625 2355 767 2410 fame
797 2362 853 2411 et
895 2354 1212 2426 pestilentia
1232 2354 1595 2410 consumitur.

510 2445 633 2501 571.
709 2445 760 2498 6.
841 2443 930 2500 31.
1010 2444 1060 2499 7.
1137 2444 1189 2498 3.
1269 2444 1356 2500 19.
1447 2444 1528 2499 18.

438 2536 622 2608 (Gutta.
649 2536 805 2607 Tun.)
840 2536 980 2590 Huni
1013 2535 1213 2590 iterum
1268 2535 1547 2610 Sigiherto
1589 2534 1876 2608 congressi
1930 2541 1984 2589 et

363 2625 593 2699 magicis
622 2623 835 2679 artibus
862 2639 1007 2695 pene
1032 2623 1315 2679 victoriam
1343 2623 1553 2694 adepti,
1579 2625 1878 2690 recedunt,
1898 2623 1984 2676 Si-

363 2714 591 2789 geberto
621 2714 677 2768 in
704 2713 856 2769 omni
889 2712 998 2768 vita
1028 2712 1149 2781 ejus
1179 2711 1567 2769 confmderati.

500 2803 626 2859 572.
703 2802 732 2858 7
832 2801 920 2858 35.
997 2803 1053 2855 8.
1131 2802 1183 2855 3.
1261 2802 1350 2856 11.
1431 2802 1518 2857 19.

437 2895 515 2966 (Ρ.
543 2894 630 2965 D.)
663 2892 960 2965 Gregorius
1016 2891 1417 2947 Turonensium
1449 2892 1735 2947 ordinatus
1766 2892 1982 2962 episco-

366 3001 468 3058 pus
493 2984 673 3040 clarus
702 2982 940 3037 habetur
970 2982 1025 3036 in
1084 2981 1362 3037 omnibus.
1402 2983 1772 3055 Langobardi,
1815 2983 1981 3054 Papia

364 3086 488 3149 post
510 3075 737 3131 triennii
764 3073 1114 3130 obsidionem
1146 3090 1242 3145 per
1271 3074 1615 3130 deditionem
1643 3083 1890 3145 accepta,
1923 3083 1977 3131 et
2006 3118 2051 3149 μ

270 3196 273 3199 η
363 3176 564 3240 praeter
593 3167 818 3222 Romam
846 3172 901 3220 et
934 3166 1250 3221 Ravennam
1283 3184 1426 3237 pene
1458 3174 1569 3224 tota
1611 3167 1764 3238 potiti
1801 3167 1977 3235 Italia,
2006 3160 2053 3186 υ

362 3257 720 3315 dominantur
759 3256 832 3311 ibi
861 3272 985 3311 cum
1011 3257 1278 3327 potentia.

540 3346 663 3404 573.
739 3347 791 3401 8.
871 3345 960 3402 36.
1037 3348 1071 3400 9
1170 3347 1226 3402 5.
1304 3347 1389 3401 12.
1466 3347 1555 3402 20.

441 3438 525 3510 (Η.
585 3437 685 3509 m.)
727 3437 877 3492 Inter
935 3436 1214 3493 Romanos
1260 3447 1315 3493 et
1369 3438 1564 3493 Persas
1595 3455 1777 3511 pugna
1817 3454 1977 3495 com-

369 3530 559 3597 missa,
618 3528 877 3585 Romanis
924 3529 1071 3584 cedit
1122 3529 1365 3585 victoria.
1397 3530 1586 3601 (Gneo.
1640 3530 1748 3585 Tun
1778 3532 1794 3602 )
1826 3532 1981 3586 Heri-

368 3623 561 3678 bertus
578 3637 670 3676 rex
700 3621 953 3676 moritur.
989 3622 1212 3693 Hispani
1246 3629 1300 3677 et
1328 3623 1518 3678 Franci
1559 3624 1626 3678 de
1668 3625 1871 3694 pascha
1893 3641 1983 3679 cc-

366 3709 634 3766 Iebrando
690 3708 1043 3776 dissentiunt,
1100 3710 1350 3781 Hispanis
1419 3709 1483 3764 12
1558 3711 1671 3765 Kal.
1758 3711 1977 3782 Aprilis,

365 3799 589 3855 Francis
638 3813 768 3853 vero
810 3798 889 3853 14.
956 3797 1070 3852 Kal.
1117 3797 1243 3853 Maii
1293 3799 1494 3870 pascha
1545 3799 1976 3858 celebrantibus.

361 3890 471 3947 Sed
501 3889 737 3945 Francos
770 3899 915 3945 recte
947 3890 1269 3946 celebrasse
1300 3908 1400 3962 per
1432 3892 1535 3948 hoc
1573 3892 1837 3948 divinitus
1857 3894 1976 3948 cla-

364 3985 492 4042 ruit.
524 3982 675 4056 quod
706 3981 885 4038 fontes
918 3983 973 4037 in
1016 3984 1297 4055 Hispania,
1323 3983 1417 4054 qui
1454 3983 1511 4037 in
1537 3984 1768 4040 sabbato
1786 3992 1977 4041 sancto

362 4072 579 4144 paschae
609 4071 678 4125 ad
709 4070 1098 4142 baptizandum
1131 4071 1396 4126 divinitus
1424 4079 1624 4142 sponte
1655 4073 1854 4143 repleri
1886 4089 1979 4129 so-

360 4163 493 4232 lent,
516 4178 628 4219 non
658 4164 714 4217 in
748 4162 1135 4234 Hispanorum,
1187 4162 1286 4218 sed
1310 4162 1366 4216 in
1398 4162 1728 4218 Francorum
1771 4166 1972 4235 pascha

361 4256 557 4329 repleti
589 4262 718 4312 sunt
738 4255 803 4311 ⁷⁸.

503 4346 628 4401 574.
705 4345 759 4400 9.
835 4344 924 4400 37.
1003 4344 1091 4397 10.
1167 4344 1221 4397 6.
1298 4342 1386 4400 43.
1465 4343 1553 4398 21.

430 4432 511 4504 (P.
561 4433 645 4503 D.)
673 4431 830 4503 Apud
873 4432 1070 4486 Persas
1124 4431 1413 4487 Hormisda
1463 4439 1659 4506 regnat
1689 4434 1850 4490 annis
1880 4435 2048 4535 18.1)

356 4523 627 4579 Albuinus
656 4539 749 4579 rex
782 4523 1262 4594 Langobardorum
1298 4523 1365 4577 ab
1388 4523 1661 4597 armigero
1683 4541 1784 4581 suo
1824 4527 1972 4598 peri-

356 4615 547 4684 mitur,
580 4615 772 4689 fraude
801 4615 988 4669 uxoris
1034 4631 1171 4682 suaa,
1211 4616 1371 4685 cujus
1425 4623 1632 4686 patrem
1664 4617 1968 4673 Cunimun-

357 4706 487 4763 dum
519 4708 851 4778 Gepidarum
884 4722 1069 4780 regem
1103 4708 1220 4777 ipse
1272 4708 1478 4763 olimin
1536 4709 1680 4767 bello
1714 4727 1971 4782 pereme-

356 4806 459 4866 rat,
487 4806 543 4855 et
571 4815 637 4854 ex
669 4806 808 4854 testa
831 4798 1027 4870 capitis
1057 4800 1178 4869 ejus
1206 4800 1313 4855 sibi
1376 4810 1619 4872 pateram
1652 4803 1720 4858 ad
1758 4803 1965 4859 biben-

356 4887 487 4942 dum
519 4886 725 4942 fecerat
760 4903 775 4953 ;
805 4903 968 4958 quam
1009 4903 1132 4942 cum
1174 4903 1284 4944 uno
1321 4889 1411 4945 die
1464 4890 1514 4944 ei
1543 4892 1853 4966 porrigeret
1882 4892 1967 4946 di-

353 4980 666 5037 cens:Bibe
693 4996 818 5035 cum
862 4987 1019 5051 patre
1048 4989 1139 5039 tuo
1171 4982 1184 5037 I
1218 4983 1312 5039 illa
1356 4984 1598 5040 femineo
1647 4984 1832 5041 furore
1876 5001 1969 5041 ac-

352 5088 542 5141 censa,
568 5071 720 5127 illum
750 5070 819 5127 ab
835 5073 1107 5147 armigero
1138 5074 1381 5146 ipsiusin
1410 5076 1555 5133 lecto
1582 5076 1779 5148 perimi
1810 5075 1963 5132 fecit.

2014 1766 2061 1833 B

2083 552 2183 591 nos
2214 538 2270 591 2.

2217 627 2340 682 575.
2424 630 2507 683 10.
2596 630 2640 683 1.
2724 626 2805 685 11.
2888 633 2937 687 1.
3020 634 3103 688 14.
3207 631 3277 689 22

2150 715 2228 785 (6.
2288 720 2458 787 poni)
2529 718 2885 774 Benedictus.
2929 719 3184 777 Romana
3234 725 3503 779 aecclesiae
3569 726 3697 779 59³³

2080 807 2339 876 presidet.
2373 808 2449 877 (ν.
2491 809 2672 879 Greg.)
2724 811 2801 864 Ab
2835 812 2943 866 hoc
2980 814 3280 888 Gregorius
3309 816 3376 870 ad
3407 817 3699 887 predican-

2082 900 2208 953 dum
2238 901 2427 974 Anglis
2440 902 2595 957 abire
2617 904 2944 972 permissus,
2977 907 3074 960 sed
3098 908 3301 978 populo
3326 909 3697 965 tumultuante

2083 999 2367 1057 retractus,
2436 994 2705 1064 septimus
2790 995 2956 1052 levita
3022 1005 3107 1052 est
3163 998 3451 1055 ordinatus
3512 1002 3693 1071 (ISID)

2080 1083 2442 1155 Athanagildo
2466 1102 2594 1159 rege
2647 1086 3080 1161 Wisigotharum
3108 1097 3347 1157 mortuo,
3383 1091 3705 1165 Levigildus

2082 1191 2204 1229 cum
2229 1174 2390 1230 fratre
2423 1192 2526 1231 suo
2558 1177 2737 1232 Leuva
2766 1188 2821 1234 et
2851 1189 2976 1250 post
3000 1181 3152 1236 solus
3181 1189 3375 1256 regnat
3404 1183 3571 1238 annis
3612 1184 3705 1239 16.

2088 1263 2167 1329 (P.
2195 1264 2281 1332 D.)
2305 1263 2634 1319 Fortunatus
2673 1275 2836 1336 poeta
2855 1268 3086 1323 veniens
3115 1269 3184 1323 ab
3224 1270 3396 1335 Italia,
3438 1271 3615 1326 claret
3648 1271 3701 1325 in

2087 1354 2275 1409 Gallia.
2754 1422 2763 1427 υ

2226 1448 2351 1502 576.
2470 1449 2554 1503 11.
2666 1450 2720 1503 2.
2837 1452 2921 1506 12.
3036 1453 3071 1506 2
3209 1454 3271 1508 15
3434 1457 3480 1510 1.

2160 1536 2281 1607 (10.)
2315 1536 2448 1591 Gleb
2488 1544 2726 1603 mortuo,
2776 1538 3119 1612 Langobardi
3147 1540 3250 1595 sub
3307 1541 3551 1596 ducibus
3579 1541 3703 1597 fue-

2088 1635 2214 1681 runt
2237 1628 2399 1681 annis
2428 1627 2515 1683 10.
2550 1629 2708 1683 Fame
2751 1630 2978 1684 Romam
3011 1640 3262 1706 urgente,
3310 1634 3467 1688 multi
3502 1634 3703 1689 Boma-

2088 1734 2283 1773 norum
2313 1735 2371 1773 se
2400 1719 2773 1791 Langobardis
2801 1722 3033 1778 dedunt.

2225 1807 2350 1862 577.
2460 1809 2542 1863 12.
2688 1810 2743 1864 2.
2824 1811 2908 1864 12’
3054 1812 3109 1866 2.
3187 1813 3275 1867 15.
3426 1815 3478 1869 1.

2159 1893 2244 1965 (Η.
2268 1896 2368 1967 m)
2407 1897 2621 1952 Justino
2674 1898 3005 1968 imperatore
3056 1909 3298 1965 mortuo,
3325 1901 3580 1957 Tiberius
3612 1919 3706 1958 re—

2086 1994 2217 2057 gnat
2244 1986 2405 2040 annis
2424 1986 2609 2053 6.Hic,
2646 1988 2814 2043 missa
2840 1989 2908 2043 ab
2959 1989 3191 2063 Egypto
3223 1991 3485 2048 frumenti
3518 1994 3706 2064 c0pia,

2088 2075 2314 2130 Romam
2371 2077 2568 2134 liberat
2634 2078 2703 2134 ab
2759 2081 2943 2135 inedia
3003 2082 3085 2152 (G.
3138 2099 3186 2137 ν.
3220 2084 3305 2154 F.)
3362 2084 3711 2156 Chilpericus

2084 2183 2176 2221 rex
2207 2168 2537 2224 Francorum
2572 2170 2792 2226 fratrem
2825 2188 2981 2227 suum
3034 2173 3385 2247 Sigebertum
3451 2176 3621 2231 nimis
3645 2186 3703 2231 et

2083 2271 2181 2325 per
2195 2272 2253 2311 se
2276 2265 2332 2312 et
2365 2274 2462 2327 per
2492 2258 2663 2313 filium
2696 2276 2856 2315 suum
2890 2260 3330 2318 Theodebertum
3378 2273 3542 2340 urget
3577 2266 3707 2337 plus

2085 2363 2245 2417 quam
2281 2349 2429 2403 civili
2452 2349 2617 2405 bello.

2188 2438 2312 2493 578.
2468 2439 2517 2492 1.
2665 2440 2717 2493 4.
2871 2442 2956 2496 14.
3105 2442 3158 2498 5.
3237 2444 3324 2500 17.
3473 2445 3528 2502 3.

2159 2532 2282 2602 (1b.)
2322 2532 2642 2606 Sigebertus
2690 2549 2781 2589 rex
2834 2534 2984 2590 fratri
3025 2552 3128 2592 suo
3168 2536 3482 2610 Chilperico
3518 2556 3709 2615 pugna

2086 2622 2464 2695 congreditur,
2518 2621 2709 2694 ibique
2763 2623 3178 2682 Theodebertus
3232 2625 3379 2682 ﬁlius
3409 2628 3707 2700 Chilperici

2089 2713 2395 2782 perimitur.
2459 2713 2680 2770 Francis
2725 2731 2855 2771 vero
2912 2732 3012 2787 pro
3052 2716 3365 2789 Chilperico
3387 2719 3497 2775 sibi
3538 2737 3709 2778 exoso

2085 2804 2432 2878 Sigebertum
2463 2821 2631 2877 super
2657 2823 2717 2862 se
2740 2824 2925 2880 regem
2956 2808 3139 2864 levare
3152 2809 3488 2878 volentibus,
3516 2828 3549 2867 a
3574 2815 3708 2869 duo-

2083 2892 2189 2948 bus
2225 2894 2441 2964 pueris,
2469 2911 2499 2949 a
2548 2894 2909 2971 Fredegunde
2963 2896 3251 2970 Chilperici
3284 2915 3455 2956 uxore
3489 2900 3707 2958 immis-

2082 2983 2182 3046 sis,
2226 2982 2549 3056 Sigebertus
2599 2984 2902 3054 perimitur.
2942 2986 3151 3057 (Fuso)
3194 2989 3527 3045 Brunicildis
3569 3007 3708 3049 uxor

2082 3075 2334 3143 ejuscum
2355 3075 2468 3131 ﬁlio
2493 3075 2841 3132 Childeberto
2867 3076 2955 3132 vel
2978 3078 3305 3135 Childeberti
3323 3079 3699 3155 ﬁliisregnum

2081 3166 2421 3240 gubernans,
2456 3174 2681 3239 prOpter
2732 3168 3082 3225 insolentiam
3110 3187 3323 3227 morum
3376 3173 3519 3230 adeo
3551 3175 3703 3231 into-

2084 3255 2329 3310 lerabilis
2360 3265 2477 3311 erat
2510 3256 2753 3324 Francis,
2782 3263 2841 3312 ut
2878 3258 3077 3314 merito
3109 3261 3703 3333 credereturlSibillam

2083 3346 2153 3401 de
2175 3363 2239 3401 ea
2266 3348 2616 3404 vaticinatam
2669 3366 2792 3405 esse
2828 3368 2841 3404 :
2871 3355 3065 3420 Veniet,
3122 3353 3216 3417 ait,
3244 3357 3451 3410 Bruma
3477 3356 3544 3409 de
3569 3373 3706 3425 par-

2086 3439 2227 3494 tibus
2253 3443 2544 3510 Hispaniae,
2572 3448 2701 3496 ante
2725 3446 2881 3512 cujus
2906 3450 3245 3513 conspectum
3269 3452 3451 3513 gentes
3476 3448 3562 3501 vel
3579 3464 3709 3518 gen-

2085 3532 2223 3583 tium
2235 3545 2379 3597 reges
2403 3530 2659 3599 peribunt
2686 3548 2704 3598 ;
2738 3534 2852 3599 ipsa
2902 3547 3023 3586 vero
3076 3532 3311 3588 calcibus
3340 3549 3603 3603 equorum
3630 3536 3709 3590 di-

2081 3624 2245 3687 rupta
2270 3618 2483 3687 peribit.
2523 3637 2546 3667 »
2582 3618 2710 3683 Qum
2732 3619 2984 3690 quamvis
3027 3619 3098 3674 ita
3120 3626 3268 3675 esset
3296 3620 3570 3687 insolens,
3610 3631 3703 3678 ta-

2082 3722 2207 3761 men
2239 3705 2505 3761 ecclesias
2530 3706 2624 3760 Dei
2680 3707 3008 3763 honorabat.
3069 3707 3228 3764 Plura
3280 3709 3445 3764 etiam
3478 3721 3707 3770 sancto-

2082 3812 2200 3851 rum
2231 3795 2464 3851 cenobia
2486 3794 2754 3861 fundavit,
2784 3802 2839 3851 et
2868 3796 3088 3852 ediﬁcia
3132 3797 3459 3854 ammirandi
3507 3802 3702 3872 operis

2081 3885 2403 3949 construxit,
2436 3891 2496 3940 ut
2520 3885 2783 3941 miraculo
2825 3885 3009 3954 fuerit,
3040 3894 3196 3941 tanta
3224 3887 3294 3942 ab
3347 3903 3412 3943 ca
3441 3886 3565 3945 fieri
3594 3906 3705 3962 ρο·
3782 3956 3787 3963 ,

2083 3974 2292 4045 tuissc,]
2352 3974 2437 4044 (G.
2482 3992 2529 4029 ν.
2591 3974 2675 4045 F.)
2735 3975 2970 4030 Sanctus
3022 3975 3326 4032 Germanus
3370 3976 3705 4035 Parisiensis

2079 4064 2374 4135 episcOpus
2398 4062 2534 4117 obiit
2585 4062 2664 4134 (P.
2702 4062 2786 4133 D.)
2807 4064 2982 4118 Duces
3011 4063 3497 4137 Langobardorum
3526 4066 3700 4122 urbes

2073 4163 2129 4213 et
2154 4154 2432 4210 secclesias
2458 4153 2888 4209 exterminantes
2906 4153 3224 4223 indiscrete,
3250 4154 3554 4231 subjugant
3583 4156 3696 4213 sibi

2073 4247 2221 4320 quod
2252 4251 2541 4317 supererat
2566 4244 2734 4300 Italia
2767 4244 2831 4299 ⁷⁰.

2240 4340 2366 4394 579.
2476 4338 2530 4392 2.
2643 4338 2698 4392 5.
2811 4337 2900 4392 15.
3048 4337 3100 4394 3.
3217 4339 3301 4393 18.
3449 4339 3505 4395 4.

2145 4430 2228 4500 (Η.
2268 4429 2369 4497 m.)
2398 4425 2713 4492 Thiberius,
2743 4426 2872 4498 quia
2892 4425 3138 4480 liberalis
3162 4425 3218 4480 in
3244 4442 3521 4498 pauperes
3559 4426 3687 4497 fuit,

2074 4521 2456 4577 liberalitatem
2501 4518 2622 4587 ejus
2661 4519 2805 4573 Deus
2846 4517 3010 4586 juvit,
3043 4518 3171 4573 dum
3205 4517 3408 4574 multos
3459 4519 3692 4574 thesau-

2074 4630 2163 4669 ros
2191 4614 2241 4667 ei
2274 4611 2519 4668 invenire
2550 4610 2704 4665 dedit
2758 4609 3101 4680 Chilpericus
3130 4625 3222 4664 rex
3263 4609 3685 4666 Brunichildem

2073 4701 2314 4757 relictam
2358 4698 2628 4774 Sigeberti
2681 4713 2805 4753 cum
2854 4692 2981 4751 filiis
3037 4696 3245 4752 exiliat.
3304 4696 3365 4751 G.
3392 4714 3445 4753 r.
3477 4700 3534 4753 F.
3571 4698 3692 4753 Me-

2072 4809 2172 4848 nas
2197 4791 2472 4848 solitarius
2496 4791 2552 4845 in
2581 4789 2734 4845 Italia
2754 4789 2941 4844 claret.

2210 4895 2335 4950 580.
2485 4895 2540 4949 5.
2649 4893 2700 4949 6.
2823 4893 2884 4947 l6
3051 4892 3085 4946 4
3221 4893 3304 4948 19.
3454 4894 3510 4948 5.

2140 4983 2387 5040 Ormisda
2417 4997 2510 5039 rex
2542 4981 2828 5036 Persarum
2888 4980 3181 5036 incursans
3228 4981 3546 5051 provincias
3575 4981 3691 5037 Ro-

2068 5087 2376 5138 manorum,
2407 5069 2776 5146 iguominiose
2814 5068 2992 5124 victus
3020 5084 3053 5123 a
3079 5067 3363 5138 Romanis,
3396 5071 3693 5141 proposuit

1701 5237 1922 5294 VARIIE
1963 5235 2340 5293 LECTIONES.

422 5395 465 5432 ⁷⁷
491 5399 599 5468 Sig.
619 5401 863 5471 primum
889 5403 1173 5471 scripserat
1202 5402 1611 5458 Brunichildem
1649 5420 1663 5468 ;
1697 5400 1786 5455 sed
1815 5402 1924 5470 ipse
1968 5401 2373 5471 postumrrexit
2399 5404 2560 5466 atque
2610 5395 2816 5471 addidit
2865 5408 3026 5471 verna
3086 5406 3208 5465 quae
3252 5392 3401 5471 et
3431 5393 3485 5471 (1ζ
3525 5409 3579 5450 e.
3602 5400 3693 5471 Ita

346 5471 465 5526 rell.
496 5470 903 5526 Brunichildem
936 5473 1020 5540 A.,
1051 5477 1142 5528 cui

1192 5491 1246 5545 q.
1305 5490 1355 5528 e.
1417 5475 1474 5527 Β.
1518 5474 1571 5545 (1
1651 5465 1702 5528 e.
1750 5465 2020 5526 desunt—7'
2082 5468 2305 5545 Hispani
2336 5499 2400 5545 “—
2434 5465 2663 5545 suntin
2712 5482 2885 5545 marg.
2919 5465 3041 5545 Sig.
3087 5480 3191 5545 cur:
3239 5467 3410 5545 tortiis
3443 5466 3494 5545 "'9.
3520 5468 3691 5545 Verba

350 5535 1016 5627 Fredegundae—Italiae,
1044 5535 1354 5627 erasis'quae
1384 5544 1685 5627 Sigebertus
1735 5546 2022 5627 scripserat
2072 5535 2286 5627 dita—lius
2329 5541 2504 5627 litters,
2529 5538 2958 5627 rtmpt‘iaaitI
2977 5535 3691 5627 -1ιρΣ-τςςιξηξζςςξξεζέλ

349 5606 561 5669 unemz’s
576 5615 787 5670 inclusa
814 5606 1025 5683 desunt,
1055 5606 1262 5685 reliqua
1292 5606 1568 5683 leguntur,
1595 5621 1658 5668 ut
1714 5629 1808 5669 nos
1840 5606 2098 5667 dedimus
2151 5616 2209 5665 at
2265 5613 2326 5664 in
2375 5611 2486 5678 fine
2513 5610 2774 5664 additur:
2807 5606 3196 5661 Childebertus
3228 5606 3375 5661 filius
3405 5606 3691 5680 Sigeberti

350 5700 581 5760 regnum
612 5686 781 5758 patris
810 5686 1031 5757 accipit.
1057 5691 1139 5741 Ita
1170 5689 1338 5755 igitur
1366 5686 1476 5755 Sig.
1505 5689 1682 5754 primo
1707 5687 2015 5755 scripserat.
