3894 6220
72 337 172 392 109

1590 333 1664 386 Cll
1677 333 1933 388 RONICA.

3317 337 3419 393 110

74 455 338 519 edictum,
394 469 472 506 ne
521 467 615 506 rex
648 451 932 506 Persarum
992 466 1092 521 per
1146 465 1205 504 se
1236 449 1375 504 ultra
1427 459 1584 504 exeat
1635 451 1703 504 ad
1732 461 1776 522 Α
1806 461 1860 504 et
1891 451 2240 522 hospitalitati
2275 451 2514 515 deditus,
2567 459 2626 506 ut
2656 451 2806 506 nullo
2860 469 3102 524 unquam
3152 453 3241 507 die
3295 453 3418 507 sine

79 544 309 616 prelium
365 545 556 614 (ΟΜ-ια.
615 543 767 612 Tun.)
811 542 958 616 Ignis
1017 558 1115 612 per
1163 542 1339 597 celum
1393 541 1704 595 discurrere

80 639 227 690 visus
253 643 341 690 est
369 636 438 690 ⁸ο.

83 728 201 782 581.
280 727 343 780 Β.
388 727 446 780 4.
531 725 589 778 P.
631 727 687 780 7.
766 724 950 780 19.17.
1031 724 1067 777 L
1127 725 1181 777 5.
1263 725 1319 776 Α.
1363 724 1432 777 20
1530 723 1614 778 W.
1656 724 1707 778 6.

151 817 227 884 (G.
253 815 436 884 poni.)
471 814 725 885 Pelagius
778 813 1034 867 Romamn
1086 813 1350 866 aacclesize
1380 812 1508 866 60118
1536 813 1713 882 presi-

85 903 188 956 det.
229 903 324 956 llic
355 901 760 957 obsidentibus
815 901 1040 954 Romam
1071 899 1462 972 Langobardis,
1491 900 1710 953 ordina-

82 1003 163 1048 tur
186 992 403 1064 absque
425 992 686 1061 jussione
736 991 1024 1060 principis.
1061 991 1157 1043 llic
1208 990 1452 1044 decrevit
1483 989 1716 1044 cotidia-

86 1102 202 1138 nam
261 1092 747 1139 sacramentorum
795 1082 1158 1153 prefationem
1199 1082 1267 1135 ad
1299 1082 1494 1136 missas
1521 1096 1714 1136 novem

84 1176 465 1230 tantummodo
501 1174 905 1244 prefationibus
954 1173 1258 1227 secundum
1289 1173 1577 1243 antiquum
1609 1171 1716 1225 Ro-

89 1286 368 1325 manorum
393 1269 656 1324 ordinem
713 1284 836 1322 esse
868 1267 1344 1331 commutandam;
1400 1266 1611 1320 scilicet
1660 1266 1715 1318 in

92 1364 261 1418 natale
291 1363 546 1430 Domini,
577 1364 630 1416 in
660 1361 1030 1433 apparitione.
1075 1361 1130 1414 in
1161 1360 1384 1431 pascha,
1419 1358 1470 1412 in
1513 1374 1712 1412 ascen-

89 1461 255 1524 sione,
287 1460 341 1513 in
369 1468 729 1530 pentecoste,
751 1459 818 1513 de
846 1457 1127 1529 apostolis,
1147 1457 1417 1511 desancta
1449 1455 1712 1520 trinitate,

91 1551 153 1604 de
196 1557 386 1606 sancta
417 1566 613 1613 cruce,
665 1550 734 1603 de
767 1549 982 1617 jejunio
1013 1544 1496 1619 quadragesimali.
1533 1545 1712 1613 (Βεολ)

93 1643 163 1694 Ab
212 1643 313 1696 hoc
350 1633 682 1714 'Gregorius
736 1638 1268 1709 Constantinopolim
1327 1636 1720 1707 apocrisiarius

1814 555 2057 610 paupere
2088 549 2181 593 aut
2213 540 2426 609 hOSpite
2455 539 2792 604 comederet,
2825 556 2948 594 cum
2981 556 3091 594 uno
3122 541 3213 595 die
3244 557 3418 613 usque

1811 629 1879 681 ad
1912 643 2192 697 vesperam
2225 628 2414 680 urbem
2447 627 2754 692 circuisset,
2785 636 2845 681 ut
2878 643 3172 698 pauperem
3206 630 3290 683 vel
3321 629 3418 684 ho-

1812 719 2008 788 spitem
2043 719 2335 783 inveniret,
2372 717 2604 773 offendit
2651 718 2826 773 virum
2856 718 3134 773 seniorem
3167 718 3222 772 in
3269 728 3421 773 veste

1813 808 1935 862 alba
1961 824 2084 860 cum
2117 807 2338 862 duobus
2381 807 2548 862 sociis
2580 815 2814 861 stantem
2853 807 2908 860 in
2939 807 3122 862 medio
3152 807 3421 871 civitatis;

1815 907 1869 953 et
1892 898 2130 952 invitans
2157 915 2279 952 eum
2313 898 2378 952 ad
2420 898 2742 968 hospitium,
2773 899 2874 953 hoc
2901 915 3224 969 responsum
3264 915 3426 953 acce-

1818 990 1983 1060 pitab
2005 1006 2102 1045 eo:
2137 997 2244 1045 Non
2291 998 2522 1059 poteras,
2556 1006 2586 1044 ο
2632 993 2784 1044 homo
2814 994 2922 1056 Dei,
2971 1007 3095 1044 cum
3122 997 3294 1044 vestro
3334 989 3428 1058 Sy-

1816 1099 2000 1138 meo'ne
2025 1087 2165 1139 hanc
2194 1085 2380 1138 urbem
2405 1088 2634 1149 salvare,
2663 1100 2731 1138 ne
2757 1085 3153 1139 subverteretur
3174 1083 3201 1137 ?
3235 1085 3294 1139 Et
3325 1085 3428 1139 hoc

1818 1176 1987 1241 dicto,
2032 1176 2332 1241 sudarium,
2388 1176 2536 1247 quod
2590 1176 2644 1228 in
2685 1192 2850 1230 manu
2884 1178 3128 1243 tenebat,
3191 1176 3430 1230 excussit

1818 1286 1983 1340 super
2011 1287 2175 1324 unam
2210 1270 2563 1324 medietatem
2594 1270 2778 1335 urbis;
2829 1271 3121 1342 statimque
3155 1270 3272 1340 ipsa
3303 1286 3426 1325 me-

1816 1361 1993 1416 dietas
2035 1379 2155 1416 cum
2204 1361 2530 1416 habitaculis
2574 1369 2628 1416 et
2709 1362 3110 1416 habitatoribus
3161 1361 3429 1416 subversa

1816 1460 1914 1507 est.
1947 1452 2008 1506 Et
2026 1453 2219 1506 volens
2250 1452 2430 1506 adhuc
2459 1459 2714 1506 excutere
2745 1452 3026 1506 sudarium
3059 1468 3226 1522 super
3265 1451 3426 1506 aliam

1818 1541 2170 1595 medietatem
2229 1539 2403 1604 urbis,
2452 1540 2539 1594 vix
2587 1540 2656 1594 ab
2705 1540 2814 1594 illis
2841 1541 3062 1595 duobus
3107 1541 3271 1596 sociis
3313 1539 3430 1594 suis

1823 1629 1991 1682 multa
2033 1644 2194 1698 prece
2227 1628 2400 1681 flexus
2449 1635 2553 1692 est,
2596 1634 2655 1681 ut
2710 1635 2959 1697 parceret
2997 1628 3232 1682 residuae
3279 1627 3433 1680 urbis

98 1719 352 1797 directus,
389 1731 620 1785 hortatu
652 1729 880 1784 Leandri
915 1728 1253 1798 Hispalensis
1279 1726 1524 1798 epiSCOpi
1552 1727 1721 1780 libros
1748 1758 1795 1825 Β
1820 1721 2122 1776 medietati.
2158 1721 2354 1793 Sicque
2383 1721 2580 1786 virum,
2637 1722 2730 1793 qui
2763 1722 2881 1776 hare
2929 1723 3248 1792 aspiciebat,
3293 1729 3430 1777 atto-

100 1826 369 1880 Moralium
433 1825 495 1879 in
527 1824 633 1879 Job
693 1825 1023 1894 composuit,
1082 1831 1136 1877 et
1193 1823 1396 1876 ibidem
1460 1821 1718 1875 Eutitium

103 1913 777 1983 Constantinopolitannm
836 1912 1158 1982 episcOpum
1213 1911 1356 1964 male
1420 1911 1487 1963 de
1540 1925 1723 1963 resur-

102 2006 330 2060 rectione
361 2005 862 2079 dogmatizantem,
898 2019 1098 2074 corpus
1129 2012 1374 2058 nostrum
1410 2002 1466 2056 in
1501 2001 1591 2055 illa
1625 2018 1718 2056 re-

103 2094 452 2148 surrectionis
481 2093 668 2166 gloria
695 2091 1050 2162 impalpabile
1081 2091 1261 2146 ventis
1278 2106 1516 2162 aereque
1545 2091 1720 2162 supti-

106 2186 200 2239 Iius
235 2200 358 2238 esse
392 2183 668 2248 futurum,
703 2183 756 2236 in
807 2184 1085 2253 presentia
1117 2184 1467 2254 imperatoris
1518 2182 1723 2237 Tiberii

107 2278 412 2345 confutavit,
461 2285 521 2332 et
556 2278 650 2332 illo
712 2294 821 2332 non
853 2278 1024 2333 multo
1071 2285 1192 2348 post
1228 2285 1444 2333 mortuo
1499 2277 1723 2347 penitus

116 2374 342 2428 extinxit.
413 2373 489 2442 {P.
563 2374 643 2439 D.)
732 2373 908 2427 Duces
967 2372 1445 2445 Langobardorum
1525 2371 1724 2425 Gallias

112 2463 514 2535 aggrediuntur,
541 2468 601 2516 et
630 2460 780 2515 vario
829 2461 1069 2515 bellandi
1102 2468 1300 2514 eventu
1334 2476 1480 2514 nunc
1512 2459 1723 2526 Franci,

115 2569 245 2607 nunc
274 2552 625 2628 Langobardi
675 2553 819 2606 inter
845 2568 904 2606 se
943 2552 1301 2607 colliduntur.
1345 2550 1620 2621 Hospitius
1643 2550 1723 2604 fa-

113 2644 379 2699 mulusDei
405 2647 458 2698 in
492 2645 671 2699 Gallia
701 2645 889 2710 claret,
921 2645 1015 2716 qui
1048 2645 1213 2700 etiam
1240 2644 1718 2716 Langobardorum

119 2737 390 2792 adventum
423 2737 769 2809 predixerat.

179 2825 292 2880 582.
365 2827 419 2882 5.
502 2828 561 2880 8.
719 2827 803 2880 18.
951 2827 1006 2882 6.
1153 2827 1242 2880 21.
1395 2829 1446 2882 ’1.

181 2921 352 2988 (Gneo.
387 2921 551 2992 Tun.)
583 2921 826 2977 Saxones
857 2921 911 2974 in
947 2921 1100 2976 Italia
1129 2938 1158 2976 a
1200 2921 1574 2994 Langobardis
1634 2937 1724 2976 re-

122 3011 380 3077 cedentes,
408 3020 464 3066 et
496 3018 678 3066 terras
707 3025 835 3065 suas
867 3011 922 3063 in
950 3010 1237 3065 Germania
1259 3019 1512 3082 repetere
1546 3011 1727 3066 niten-

121 3110 208 3170 tes,
237 3121 266 3158 a
291 3105 555 3177 gentibus
605 3122 634 3159 a
682 3105 970 3177 Sigeberto
1009 3106 1140 3161 illuc
1172 3106 1417 3161 inmissis
1453 3123 1632 3178 usque
1661 3107 1728 3160 ad
1755 3157 1777 3178 ,ι

124 3194 294 3266 viginti
324 3197 474 3250 milia
507 3211 706 3252 eorum
738 3197 919 3262 czesis,
970 3213 1093 3252 sero
1125 3197 1453 3252 destiterunt
1485 3214 1514 3252 a
1546 3197 1722 3252 bellis.

129 3286 234 3355 Ub.)
297 3286 610 3341 Winochus
654 3286 824 3340 Britto
879 3287 1113 3341 veniens
1167 3287 1237 3341 de
1279 3287 1559 3342 Britannia
1609 3303 1729 3340 san-

131 3378 294 3433 ctitate
324 3378 570 3433 clarebat
606 3378 660 3431 in
695 3377 882 3432 Gallia.
943 3378 1077 3448 Lupi
1119 3378 1477 3450 Burdegalam
1535 3378 1729 3433 urbem

136 3469 366 3542 ingressi,
417 3472 710 3528 neminem
794 3478 1125 3538 metuentes,
1183 3472 1588 3528 devoraverunt
1643 3487 1738 3526 ca-

137 3582 224 3620 nes
251 3568 313 3624 ⁸¹.

200 3656 312 3711 583.
455 3659 509 3714 6.
669 3659 723 3714 9.
876 3659 961 3715 19.
1111 3661 1165 3714 7.
1312 3660 1401 3714 22.
1513 3661 1564 3715 8.

149 3852 282 3900 rente
308 3856 358 3902 et
385 3863 495 3902 non
530 3847 709 3902 multo
742 3855 865 3917 post
913 3855 1149 3912 mortuo,
1182 3845 1480 3900 Mauricius
1511 3845 1744 3916 imperat

151 3940 291 3994 annis
313 3942 397 3996 21.
431 3942 518 4010 (P.
544 3941 637 4008 D.)
682 3940 1094 4013 Erminigildus,
1146 3939 1409 4009 Levigildi
1444 3940 1589 4014 regis
1627 3939 1745 3992 Wi-

158 4029 472 4101 sigothorum
531 4031 708 4098 filius,
768 4031 934 4085 filiam
1006 4030 1266 4101 Sigiberti
1325 4031 1472 4102 regis
1521 4046 1746 4085 uxorem

163 4120 311 4184 duxit,
365 4140 463 4194 per
551 4139 721 4195 quam
783 4124 1139 4178 orthodoxam
1209 4123 1374 4177 fidem
1432 4138 1749 4187 conversus,

165 4207 277 4263 iram
335 4213 500 4283 patris
550 4212 642 4268 sui
702 4211 965 4281 Levigildi
1016 4211 1197 4265 Ariani
1245 4209 1758 4280 inrecuperabiliter

167 4300 386 4361 incurrit.
431 4307 623 4372 (Gneo.
656 4304 808 4373 Tua.)
837 4303 1069 4360 Turonis
1099 4320 1261 4359 verus
1301 4304 1369 4357 de
1403 4302 1573 4359 fracto
1616 4319 1757 4374 pane

173 4394 370 4465 sanguis
399 4393 616 4448 efﬂuxit
638 4393 683 4426 ⁸³

231 4481 340 4537 584.
485 4493 537 4540 1.
695 4484 782 4540 10.
929 4485 1026 4539 20.
1174 4485 1225 4537 8.
1340 4483 1430 4538 25.
1577 4484 1629 4536 9.

234 4573 306 4638 (11.
336 4575 428 4642 m.)
460 4573 740 4628 Chaianus
788 4589 880 4627 rex
915 4575 1164 4639 Avarum,
1224 4573 1274 4626 id
1331 4579 1413 4627 est
1453 4572 1758 4637 Hunorum,

177 4676 340 4727 pacem
367 4681 484 4719 cum
519 4665 788 4719 Mauricio
829 4664 1158 4735 imperatore
1189 4663 1367 4719 solvit.
1397 4664 1578 4733 (ϐαι-εδ.
1608 4663 1759 4731 Tua.)

180 4749 328 4805 Persae
355 4757 662 4810 Armeniam
699 4755 907 4825 predis,
949 4756 1244 4820 incendiis,
1287 4755 1601 4826 captivitate
1641 4753 1762 4824 epi-

181 4859 439 4914 sc0porum
468 4867 531 4906 ac
563 4849 900 4922 pepulerum
935 4851 1290 4921 perturbant;
1337 4849 1641 4905 {ecclesiam
1684 4859 1766 4902 ta-

183 4953 285 4992 men
311 4942 374 4997 48
401 4952 703 5014 martyrum
737 4942 882 5014 apud
910 4945 1218 4998 Armeniam
1265 4943 1366 4998 sub
1398 4942 1604 4997 Licinio
1634 4957 1766 5012 pas-

184 5041 339 5083 sorum
358 5033 501 5086 nullo
525 5032 696 5086 modo
727 5031 1022 5086 incendere
1055 5039 1374 5103 potuerunt.

243 5117 333 5172 5&‘5
489 5125 524 5176 2
697 5124 782 5176 11.
929 5123 1018 5178 21.
1167 5124 1220 5177 9.
1368 5121 1458 5178 21.
1607 5120 1694 5176 10.

247 5210 353 5280 (1b.)
380 5213 667 5269 Mauricius
695 5213 994 5283 imperator
1017 5231 1117 5285 per
1139 5220 1414 5285 pretorem
1439 5229 1598 5267 suum
1633 5227 1768 5267 con-

193 5305 254 5352 tra
281 5301 451 5358 Persas
480 5306 698 5360 fortiter
725 5304 855 5376 agit.
876 5307 1162 5362 Antiochia
1191 5306 1456 5360 divinitus
1486 5303 1766 5359 subverti-

202 3752 275 3820 (Η.
300 3756 395 3820 m.)
434 3753 662 3808 Tiberio
720 3753 1052 3824 imperatore
1111 3751 1166 3805 in
1207 3751 1519 3806 Armeniam
1554 3752 1741 3808 incur-

1784 4486 1842 4554 D

1822 1811 1998 1864 nilum
2031 1811 2343 1865 consolatus
2381 1826 2445 1864 ex
2494 1811 2800 1866 salvatione
2834 1826 2946 1865 suae
2984 1811 3200 1877 domus,
3225 1811 3434 1866 disces-

1823 1900 1980 1965 sit,et
2009 1900 2152 1954 ultra
2181 1915 2289 1954 non
2312 1900 2620 1971 comparuit
2667 1900 2749 1968 (Ρ.
2770 1900 2852 1970 D.)
2888 1901 3258 1954 Guntramnus
3275 1901 3436 1955 Fran-

1823 2005 2010 2044 corum
2039 2005 2132 2042 rex
2157 1989 2210 2042 in
2238 1990 2492 2044 venando
2527 1989 2726 2054 fessus,
2777 1989 2905 2043 dum
2934 1991 2985 2044 in
3019 1991 3230 2062 gremio
3260 1990 3434 2044 armi-

1824 2077 1940 2151 geri
1973 2078 2056 2132 sui
2110 2078 2549 2147 dormiretjuxta
2591 2079 2763 2133 rivum
2797 2095 2973 2150 aquae,
3019 2080 3156 2134 vidit
3200 2079 3439 2152 armiger

1825 2168 1893 2220 de
1915 2183 2009 2222 ore
2043 2168 2189 2240 regis
2213 2184 2438 2237 parvum
2458 2170 2657 2222 animal
2687 2169 2836 2223 exire
2860 2189 2875 2232 ;
2896 2169 2983 2224 cui
3011 2171 3218 2224 volenti
3257 2170 3435 2224 rivum

1826 2261 2057 2315 transire
2097 2277 2200 2316 nec
2243 2261 2474 2328 valenti,
2525 2262 2790 2335 armiger,
2841 2262 3026 2336 gladio
3075 2271 3223 2316 trans
3262 2261 3436 2316 rivum

1826 2356 2004 2424 posito
2036 2355 2177 2408 viam
2211 2354 2262 2408 ei
2307 2354 2473 2408 eundi
2507 2362 2561 2408 et
2605 2355 2873 2409 redeundi
2907 2355 3138 2424 paravit.
3188 2355 3302 2418 Quo
3338 2355 3440 2409 ite-

1827 2465 1944 2502 rum
1977 2448 2033 2501 in
2084 2464 2146 2502 os
2173 2447 2293 2516 ejus
2333 2447 2589 2512 intrante,
2645 2464 2738 2502 rex
2765 2455 3118 2517 experrectus
3165 2457 3219 2502 et
3247 2455 3441 2518 stupe-

1825 2540 1998 2594 factus
2041 2538 2198 2603 dixit,
2229 2555 2287 2592 se
2320 2555 2422 2608 per
2458 2539 2734 2592 somnium
2769 2554 2867 2608 per
2915 2548 3138 2610 pontem
3201 2539 3436 2592 ferreum

1824 2628 2106 2694 transisse,
2140 2636 2193 2682 et
2230 2629 2332 2682 sub
2389 2639 2572 2683 monte
2627 2629 2867 2700 quodam
2909 2630 3109 2684 multos
3150 2631 3442 2686 thesauros

1823 2721 2047 2774 vidisse.
2097 2721 2193 2774 Ubi
2226 2737 2348 2775 cum
2383 2722 2712 2791 perrexisset
2758 2722 3063 2777 secundum
3095 2721 3257 2777 fidem
3288 2739 3440 2778 som-
3515 2717 3525 2724 ’

1827 2809 1926 2874 nii,
1952 2810 2237 2864 thesauros
2271 2825 2504 2880 magnos
2533 2809 2764 2876 invenit,
2798 2826 3005 2882 eosque
3032 2821 3288 2882 acceptos
3315 2827 3445 2866 san-

1827 2908 1929 2953 ctas
1958 2899 2223 2954 zecclesiae
2247 2899 2437 2953 usibus
2465 2899 2738 2970 delegavit
2763 2900 2827 2955 ⁸³.

1903 3009 2026 3064 586.
2173 3011 2226 3064 3.
2343 3011 2429 3064 12.
2542 3011 2630 3065 22.
2745 3011 2835 3067 10.
2945 3011 3036 3078 25,
3153 3015 3236 3068 11.

1904 3101 1982 3167 (1³.
2018 3099 2103 3169 D.)
2141 3099 2483 3174 Langobardi
2539 3093 2788 3155 Aucthari
2847 3117 3028 3176 regem
3087 3102 3191 3156 sibi
3245 3110 3447 3160 statue-

1833 3196 1980 3254 runt,
2002 3205 2242 3260 eumque
2274 3189 2344 3244 ob
2373 3190 2695 3262 dignitatem
2731 3190 2971 3244 Flavium
2993 3191 3441 3262 appellaverunt,

1831 3293 1862 3330 a
1912 3291 2022 3347 quo
2087 3292 2280 3332 omnes
2329 3278 2815 3352 Langobardorum
2884 3296 3042 3354 reges
3100 3279 3266 3336 Flavii
3317 3291 3448 3336 sunt

1835 3365 2098 3437 appellati
2174 3366 2382 3438 (Fnsn.)
2443 3366 2758 3441 Levigildus
2841 3384 2936 3423 rex
3012 3368 3448 3444 Wisigothorum

1839 3455 2011 3511 filium
2034 3472 2191 3510 suum
2215 3457 2633 3531 Erminigildum
2655 3458 2835 3513 hostili
2863 3475 3209 3532 persequens
3239 3463 3448 3531 animo,

1839 3565 1965 3604 eum
2007 3549 2230 3604 damnat
2269 3550 2456 3606 exilio.
2500 3552 2677 3623 (lbid.)
2703 3553 2812 3608 Hoc
2839 3561 3088 3625 tempore
3122 3555 3289 3610 etiam
3321 3556 3453 3612 Miro

1842 3658 1935 3696 rex
1965 3641 2202 3696 Galliciae
2235 3642 2486 3697 moritur.

1912 3755 2036 3812 587.
2183 3755 2236 3810 4.
2352 3756 2437 3811 13.
2547 3756 2638 3810 23.
2754 3759 2802 3812 1.
2913 3759 3003 3813 26.
3119 3761 3203 3816 12.

1918 3861 1995 3926 (G.
2035 3875 2083 3912 r.
2128 3860 2208 3928 F.)
2266 3857 2607 3928 Chilpericus
2657 3874 2746 3914 rex
2814 3859 3142 3916 Francorum
3211 3863 3460 3919 immissu

1848 3946 2036 4002 uxoris
2071 3962 2185 4001 suae
2227 3946 2602 4020 Fredegundis
2656 3946 2964 4018 perimitur.
3000 3948 3287 4004 Lotharius
3318 3949 3463 4005 filius

1851 4037 1972 4104 ejus
2004 4035 2185 4089 infans
2214 4037 2248 4090 4
2286 4035 2558 4090 mensium
2590 4036 2647 4090 in
2679 4051 2850 4111 regno
2881 4037 3230 4106 sublimatus,
3264 4055 3464 4114 regna-

1855 4125 1931 4180 vit
1960 4124 2122 4178 annis
2151 4124 2241 4179 45.

1927 4231 2050 4286 588.
2197 4233 2233 4285 5
2407 4233 2488 4287 14.
2602 4234 2654 4288 1.
2802 4235 2860 4304 2,
2971 4235 3040 4288 27
3191 4237 3276 4292 13.

1932 4347 2012 4416 (P.
2060 4347 2145 4417 D.)
2195 4346 2580 4403 Childebertus
2628 4365 2775 4404 rexa
2833 4351 3092 4407 Mauricio
3138 4352 3470 4423 imperatore

1863 4452 1962 4507 pro
1989 4436 2333 4506 expellendis
2352 4437 2420 4490 ab
2456 4437 2607 4492 Italia
2640 4438 3014 4512 Langobardis
3055 4441 3344 4510 pecuniam
3383 4459 3474 4497 ac-

1862 4527 2028 4599 cepit.
2074 4528 2180 4582 Sed
2234 4527 2289 4581 id
2331 4527 2527 4582 frustra
2557 4528 2678 4597 fuit,
2712 4531 2840 4600 quia
2872 4547 3016 4586 nunc
3063 4531 3477 4588 confaaderatus

1865 4621 1946 4674 eis
1989 4619 2173 4686 rediit,
2216 4635 2363 4673 nunc
2409 4621 2489 4674 eis
2519 4636 2850 4696 congressus
2880 4622 3108 4678 inferior
3160 4622 3242 4678 eis
3289 4626 3478 4691 cessit,

1866 4732 2016 4770 nunc
2072 4716 2175 4770 etsi
2205 4715 2486 4786 superior
2513 4717 2594 4771 eis
2635 4718 2753 4783 fuit,
2807 4718 2876 4772 ab
2909 4719 3235 4789 expulsione
3296 4730 3480 4777 tamen

1868 4819 2058 4859 eorum
2081 4803 2366 4857 munimen
2399 4803 2678 4859 civitatum
2709 4821 2833 4860 eum
2869 4807 3166 4877 prohibuit.

1939 4915 2063 4970 589.
2214 4919 2266 4969 6.
2385 4917 2468 4970 15.
2618 4918 2673 4972 2.
2822 4920 2874 4972 3.
2986 4920 3057 4974 28
3210 4921 3297 4977 14.

1945 5028 2135 5099 (Bena)
2161 5027 2473 5099 Levigildus
2495 5045 2586 5083 rex
2616 5028 3048 5105 Wisigothorum
3070 5031 3486 5109 Erminigildum

1869 5118 2042 5174 filium
2081 5135 2264 5184 suum,
2299 5118 2428 5190 quia
2473 5119 2713 5174 Arrianae
2746 5121 3122 5176 communioni
3162 5126 3490 5196 participare

1871 5209 2070 5274 noluit,
2107 5216 2266 5262 nocte
2306 5213 2493 5261 sancta
2526 5209 2742 5278 paschae
2791 5207 2847 5261 in
2878 5224 3099 5264 carcere
3131 5213 3313 5266 securi
3345 5213 3494 5268 occi—

1872 5300 1972 5355 dit.
2008 5299 2219 5369 (Fat-zu.)
2278 5297 2662 5354 Childehertus
2709 5299 2950 5355 Lotharii
3018 5303 3285 5359 exercitui
3348 5319 3490 5360 conn

194 5395 264 5442 tur
284 5391 373 5448 hoc
400 5396 582 5452 modo.
615 5395 848 5462 Quidam
890 5397 1022 5454 civis
1052 5397 1204 5452 illius
1255 5397 1394 5452 adeo
1455 5395 1774 5450 elemosinis
1873 5407 2098 5466 gressus
2125 5391 2303 5446 victus
2326 5390 2543 5446 evasit..

1511 5535 1735 5591 VARI/li
1767 5533 2138 5591 LECTiONES.

257 5656 294 5738 ἦέ
324 5668 356 5717 t.
389 5683 436 5735 p.
467 5684 514 5722 c.
549 5669 600 5721 d.
631 5681 684 5724 v.
723 5683 771 5721 e.
808 5668 924 5723 add.
958 5674 1062 5738 Sig.
1095 5685 1215 5724 cur.
1247 5684 1352 5725 sec.

1439 5668 1477 5702 ⁸¹
1530 5668 1663 5740 Lupi
1694 5699 1763 5710 —-
1788 5683 1955 5724 canes
2003 5670 2109 5732 Sig.
2144 5682 2260 5720 (την.
2303 5681 2406 5722 aer.
2441 5667 2484 5700 ⁸³
2514 5669 2570 5722 Τ.
2601 5682 2650 5721 v.
2712 5667 2746 5722 f.
2782 5684 2833 5737 p.
2889 5683 2936 5722 s.
2993 5683 3043 5720 e.
3104 5671 3218 5735 Sig.
3241 5682 3357 5722 cur.
3393 5679 3495 5726 sec.

210 5727 242 5759 ³³
264 5727 600 5792 Guntramnus
645 5773 686 5778 -—
728 5727 1132 5811 delegavit'b‘ig.
1169 5757 1287 5796 cur.
1328 5757 1429 5794 sec.
1461 5744 1517 5794 in.
1547 5727 1740 5795 rasura
1773 5749 1823 5793 et
1852 5756 2024 5806 marg.
2059 5727 2331 5802 inferiore.
