3894 6220
386 312 478 367 111
1594 300 1934 355 SIGEBERTI
1977 298 2484 353 GEMBLAIJENSIS.

450 440 577 496 590.
628 439 690 494 Β.
734 439 787 494 7.
824 437 905 508 ιι).
953 435 1039 500 16,
1080 434 1136 487 F.
1178 434 1227 488 3.
1276 433 1330 485 L.
1371 433 1423 485 4.
1467 434 1527 486 Α.
1566 433 1655 486 29.
1701 431 1780 484 w.
1825 431 1913 485 15.

3608 298 3717 351 112

2016 430 2397 500 ARichardus
2451 445 2543 483 rex
2614 428 3043 502 Wisigotharum
3115 428 3382 483 terminos
3440 428 3719 483 Romano-

449 531 531 602 (P.
559 530 648 600 D.)
678 530 792 584 Rex
827 525 1311 600 Langobardorum
1343 523 1599 578 Aucthari
1627 538 1855 577 uxorem
1887 522 1990 575 du-
2093 537 2209 575 rum
2240 519 2480 573 infestat.
2514 519 2806 588 Hucusque
2830 518 3126 592 Gregorius
3143 518 3484 574 Turonensis
3526 518 3714 572 histo-

379 622 452 677 cit
488 618 945 683 Thcudelindam,
998 615 1165 669 ﬁliam
1195 614 1471 669 Garibaldi
1530 614 1674 683 regis
1703 613 1985 678 Bajoario-
2090 611 2224 664 riam
2283 611 2611 664 Francorum
2668 608 2920 681 digessit.
2967 608 3097 678 [Hoc
3141 615 3392 679 tempore
3445 609 3718 681 regnabat

379 726 521 764 rum.
579 708 769 762 Nimiae
818 704 1015 777 pluvia:
1065 703 1356 767 inundant,
1389 709 1446 756 ut
1480 717 1675 755 omnes
1715 700 1983 761 dicerent,

380 801 511 872 quia
538 815 696 870 aqua:
725 797 915 852 diluvii
969 794 1501 865 superinundareut;
1537 800 1590 845 et
1623 799 1771 846 tanta
1799 790 1987 844 clades

381 892 503 958 fuit,
536 900 594 946 ut
616 890 801 945 nullus
838 889 1146 963 graviorem
1174 904 1203 941 a
1240 886 1425 940 seculo
1458 884 1623 938 fuisse
1655 883 1989 937 meminerit.

381 979 608 1053 Magnus
652 978 814 1033 etiam
848 977 1013 1030 draco
1069 975 1124 1028 iu
1155 975 1379 1027 modum
1420 973 1611 1026 valida:
1666 971 1840 1025 trabis
1869 986 1992 1024 cum

381 1068 773 1124 innumerabili
795 1066 1133 1136 serpentium
1156 1063 1510 1117 multitudine
1550 1079 1649 1132 per
1675 1061 1909 1114 Tiberim
1940 1060 1995 1113 in

380 1172 532 1211 mare
563 1154 881 1209 descendit:
925 1170 956 1206 a
1022 1152 1224 1223 quibus
1270 1150 1549 1205 suﬁ‘oeataz
1600 1150 1790 1203 bestia:
1832 1148 1997 1201 maris

383 1254 437 1302 et
485 1247 552 1301 ad
586 1246 714 1301 litus
752 1245 1033 1316 projectae,
1069 1242 1359 1313 putredine
1394 1257 1577 1295 aerem
1610 1246 1994 1309 corruperunt.

380 1339 504 1393 591.
653 1337 708 1401 8,
859 1337 945 1390 17.
1093 1336 1146 1388 4.
1295 1335 1349 1387 5.
1496 1332 1584 1386 30.
1739 1333 1803 1387 16

450 1430 534 1499 (Η.
588 1427 690 1497 τη.)
750 1426 1054 1481 Ormisdam
1146 1441 1332 1498 regem
1376 1425 1663 1478 Persarum
1743 1439 1773 1477 a
1818 1421 1997 1475 Persis

383 1528 724 1584 excecatum,
758 1517 905 1572 ﬁlius
935 1518 1056 1586 ejus
1100 1517 1343 1572 Chosroe
1374 1516 1596 1578 occidit,
1652 1521 1706 1569 et
1745 1514 1811 1568 ad
1845 1514 1995 1568 Mau-

381 1612 564 1667 ritium
600 1612 733 1682 imp.
767 1609 1035 1683 confugit,
1082 1610 1315 1680 ejusque
1355 1609 1553 1663 virtute
1581 1607 1775 1661 Persas
1805 1604 1998 1660 debel-

380 1702 521 1769 lans,
556 1718 785 1774 regnum
816 1702 1103 1755 Persarum
1135 1700 1366 1770 accepit,
1399 1708 1453 1754 et
1496 1698 1657 1753 annis
1699 1699 1768 1751 39
1799 1711 1996 1768 regna-

381 1794 481 1848 vit.
537 1792 747 1863 (Ρκευ.)
788 1791 1071 1865 Levigildo
1141 1790 1572 1862 Wisigothorum
1611 1804 1739 1863 rege
1779 1794 1997 1842 mortuo

382 1884 719 1940 Richaredus
775 1882 921 1937 filius
979 1882 1099 1951 ejus
1140 1891 1333 1956 regnat
1385 1880 1890 1949 anni315.(P.D.)
1938 1877 1995 1930 in

384 1971 539 2026 ltalia
577 1970 719 2026 facto
751 1969 959 2024 diluvio
992 1986 1137 2040 pene
1177 1970 1318 2023 ultra
1349 1969 1512 2024 fidem
1571 1968 1839 2033 omnium,
1874 1977 1996 2038 post

380 2064 606 2117 multam
637 2061 1022 2117 confusionem
1065 2077 1245 2115 rerum
1277 2059 1574 2115 subsecuta
1622 2066 1705 2113 est
1758 2074 1855 2128 per
1884 2057 1995 2111 cla-

383 2153 509 2208 dem
543 2152 906 2226 inguinariam
963 2150 1301 2204 inedieibilis
1357 2150 1659 2205 mortalitas
1685 2148 1994 2213 hominum,

384 2257 507 2312 qua:
536 2242 772 2313 primum
804 2239 1073 2311 percussit
1115 2238 1389 2312 Pelagium
1444 2254 1661 2309 papam.
1704 2236 1998 2310 Gregorius

386 2335 452 2390 ad
482 2341 741 2405 papatum
772 2331 999 2397 electus,
1036 2328 1252 2383 interim
1274 2328 1403 2382 dum
1428 2328 1778 2399 imperatoris
1807 2342 1997 2380 assen-

386 2445 482 2484 sus
511 2432 853 2499 expectatur,
910 2423 1146 2479 instituit
1184 2440 1283 2495 per
1333 2423 1695 2494 septiformeu
1737 2422 1995 2477 letaniam

388 2519 604 2591 placare
644 2520 776 2573 iram
811 2516 931 2571 Dei:
964 2526 1020 2571 et
1052 2516 1104 2570 in
1140 2515 1490 2587 procemando
1513 2515 1788 2589 octoginta
1820 2514 1998 2569 homi-

390 2609 552 2663 nibus
577 2610 677 2663 hac
700 2608 860 2682 plaga
887 2605 1184 2676 percussis,
1216 2605 1438 2659 tandem
1463 2604 1542 2658 ira
1568 2603 1663 2659 Dei
1695 2603 1923 2675 quievit.

455 2700 580 2755 592.
729 2700 782 2753 9.
935 2700 984 2753 1.
1132 2696 1185 2751 5.
1333 2697 1387 2751 6.
1499 2696 1586 2750 31.
1739 2696 1787 2749 1.

456 2787 748 2863 Gregorius
797 2788 1053 2841 Romanae
1100 2784 1363 2840 ecclesiae
1416 2784 1545 2841 60113
1584 2785 1843 2856 presidet.
1906 2784 2002 2841 Hic

385 2880 528 2934 inter
565 2887 749 2934 cetera
778 2877 995 2947 pietatis
1024 2892 1194 2947 Opera
1224 2877 1461 2931 animam
1477 2876 1693 2944 Trajani
1728 2876 1999 2930 Romano-

2089 703 2145 755 in
2201 703 2458 755 Hibernia
2490 702 2663 754 iasula
2695 700 2994 759 Philtanus.
3027 708 3081 754 et
3112 700 3166 754 in
3221 700 3405 755 Scotia
3445 701 3716 772 regnabat

2095 791 2383 855 Bredinus,
2419 790 2504 842 cui
2547 789 2712 843 frater
2751 796 2865 842 erat
2896 788 3122 843 nomine
3176 788 3453 853 Adelfius;
3511 789 3583 843 de
3616 805 3714 843 eu-

2088 882 2179 949 jus
2198 879 2392 933 Adeltii
2426 878 2557 946 lilia,
2588 895 2710 948 qua:
2741 884 2929 932 vocata
2955 885 3038 932 est
3066 879 3354 952 Gelgebes,
3382 878 3578 948 genuit
3619 894 3713 932 rex

2098 968 2368 1022 Hibernia:
2399 968 2681 1021 Philtanus
2703 974 2953 1022 sanctum
2976 968 3242 1023 Furseum
3273 977 3327 1023 et
3366 968 3560 1023 fratres
3590 969 3717 1037 ejus

2097 1059 2396 1114 Foillauum
2426 1065 2480 1111 et
2506 1058 2756 1113 Ultanum
2787 1058 2872 1128 ⁸⁴,]

2168 1151 2291 1203 394.
2407 1150 2492 1203 11.
2641 1148 2693 1201 3.
2842 1148 2897 1201 7.
3043 1147 3096 1201 2.
3246 1147 3335 1203 33.
3484 1149 3537 1202 3.

2171 1236 2374 1306 (Falso)
2415 1236 2621 1290 Tunica
2667 1234 2881 1291 Domini
2915 1235 3087 1290 nostri
3125 1236 3257 1291 Jesu
3288 1236 3486 1291 Christi
3534 1238 3592 1291 iu
3635 1238 3716 1292 ci-

2096 1326 2263 1380 vitate
2293 1326 2517 1396 Zaphat,
2550 1341 2658 1380 non
2682 1327 2843 1398 longe
2873 1343 2904 1380 a
2935 1327 3314 1392 Hierosolima,
3357 1328 3716 1385 confessione

2078 1414 2350 1491 (Symonis
2385 1414 2546 1469 Judei
2593 1415 2835 1482 inventa,
2894 1423 2949 1470 et
3006 1415 3075 1469 ab
3134 1415 3409 1486 episcOpis
3449 1417 3719 1490 Gregorio

2084 1504 2398 1557 ,Antioeeno
2455 1512 2512 1556 et
2554 1502 2759 1557 Thema
2821 1502 3298 1559 llierosolimitano
3354 1513 3410 1559 et
3456 1505 3718 1561 Johanne

2099 1590 2709 1661 Constantinopolitano
2743 1591 3078 1646 Hierusalem
3136 1591 3192 1645 in
3242 1592 3386 1659 loco,
3441 1593 3535 1647 ubi
3580 1610 3715 1648 crux

2099 1682 2297 1737 Christi
2329 1690 2640 1748 veneratur,
2683 1690 2765 1738 est
2811 1683 3009 1753 posita.
3067 1684 3403 1757 Gaugericus
3462 1685 3717 1739 Camera-

2024 1754 2072 1821 Β
2094 1776 2278 1831 censis
2300 1778 2597 1849 episcopus
2626 1778 2793 1832 claret
2821 1779 2886 1833 θδ.

2166 1870 2272 1922 595
2412 1871 2471 1922 12
2639 1871 2693 1923 4.
2839 1869 2893 1925 8.
3041 1870 3092 1923 3.
3241 1870 3330 1925 34.
3477 1871 3534 1925 4.

2169 1968 2251 2033 (II.
2286 1980 2339 2017 m
2369 1964 2384 2033 )
2417 1963 2891 2034 Constantinopoli
2925 1965 3165 2019 nascitur
3196 1981 3335 2035 puer
3388 1966 3714 2037 quadripes

2097 2060 2149 2106 et
2179 2053 2317 2107 alter
2342 2054 2483 2108 duos
2502 2055 2738 2109 vertices
2770 2054 3015 2120 habens;
3047 2069 3171 2126 qua:
3204 2056 3456 2131 prodigia
3486 2065 3719 2127 porten-

2098 2143 2234 2198 dunt
2288 2144 2518 2199 adversa
2571 2145 2728 2209 locis,
2788 2145 2844 2200 in
2904 2147 3110 2217 quibus
3140 2155 3460 2203 nascuntur.
3500 2149 3713 2219 (Filiam)

2098 2238 2438 2293 Richaredus
2469 2256 2561 2293 rex
2594 2240 3027 2312 Wisigothorum
3068 2243 3280 2313 synodo
3318 2244 3387 2299 62
3417 2244 3718 2315 episeopo-

2097 2346 2215 2384 rum
2248 2330 2393 2400 apud
2444 2331 2690 2386 Toletum
2721 2341 3077 2407 congregata,
3121 2335 3307 2407 ibique
3338 2336 3564 2390 Arriana
3617 2338 3718 2392 he-

2100 2418 2207 2471 resi
2268 2419 2522 2474 abdicata
2563 2430 2617 2475 et
2668 2422 3150 2491 anathematizata,
3180 2440 3239 2478 se
3279 2440 3404 2478 cum
3457 2432 3572 2480 tota
3596 2425 3717 2479 Wi-

2098 2512 2439 2583 sigothorum
2473 2522 2637 2587 gente
2668 2514 2957 2571 confirmat
2987 2517 3044 2570 in
3068 2516 3177 2571 fide
3209 2518 3598 2583 (ξειιιιοιίεδμιῐ).
3632 2519 3716 2585 Β.)

2098 2600 2303 2657 Tassilo
2347 2620 2376 2657 a
2425 2602 2778 2659 Childeberto
2835 2605 3119 2660 ordinatus
3158 2621 3252 2660 rex
3314 2606 3718 2675 Bajoariorum,

2100 2690 2334 2745 devictis
2362 2692 2590 2758 Sclavis,
2629 2693 2870 2763 optinuit
2901 2694 3261 2765 triumphum.

2171 2782 2296 2838 596.
2416 2784 2497 2837 13.
2645 2784 2698 2838 5.
2847 2787 2900 2841 9.
3049 2786 3084 2839 4
3251 2787 3340 2843 35.
3490 2788 3546 2843 5.

2175 2875 2249 2944 (Ρ.
2291 2875 2372 2945 D.)
2406 2874 2675 2947 Agilulfus
2731 2893 2821 2932 rex
2873 2877 3358 2952 Langobardorum
3415 2879 3469 2934 in
3518 2880 3719 2935 Roma-

383 2986 501 3024 rum
524 2970 802 3041 quondam
835 2967 1203 3037 imperatoris,
1232 2966 1481 3039 quamvis
1514 2966 1731 3037 pagani,
1759 2982 1790 3019 a
1819 2965 1998 3036 poenis
2100 2981 2201 3020 nos
2234 2966 2503 3040 insurgit;
2545 2968 2642 3021 sed
2680 2976 2878 3039 agente
2926 2968 3303 3026 Theudeliuda
3358 2972 3574 3042 regina,
3605 2988 3719 3027 non

382 3058 583 3112 inferni
610 3057 857 3125 liberari,
898 3057 1214 3112 miserando
1254 3064 1308 3111 et
1339 3057 1606 3127 plorando
1638 3072 1669 3110 a
1700 3056 1811 3110 Deo
1843 3056 1994 3126 epti-
2024 3104 2073 3172 Ο
2100 3058 2270 3113 multo
2303 3066 2424 3128 post
2452 3074 2574 3113 cum
2608 3059 2688 3113 eis
2719 3058 2896 3114 fmdus
2927 3060 3045 3115 init.
3083 3062 3215 3117 Huic
3260 3062 3467 3137 reginae
3513 3064 3722 3137 Grego-

382 3150 500 3172 ---ξι
556 3150 649 3172 IIS-
691 3150 835 3172 !_a-_.
877 3148 1042 3172 ._--In-
1116 3165 1230 3172 -.-μ
1286 3149 1434 3172 --ΔΣΙΞΑ
1488 3148 1748 3172 ..-ηιμ-εὴ.
1789 3149 1913 3172 (⁵,...Ζι
1951 3162 1994 3172 Α.
2102 3149 2213 3172 ..ζ-ι..
2262 3165 2396 3172 λλ---
2459 3148 2625 3172 HL---
2688 3150 2892 3172 T|:-I-_:
2951 3152 3028 3172 _--2
3091 3153 3234 3172 ---ξΑξι
3296 3154 3373 3172 In,
3405 3171 3439 3172 ,,
3485 3156 3495 3172 ι
3531 3155 3625 3172 (1-1
3697 3171 3700 3172 ,

382 3150 520 3205 nuit.
556 3150 652 3205 llic
691 3150 835 3203 inter
877 3148 1067 3216 multa,
1110 3165 1232 3221 quae
1286 3149 1440 3203 utilia
1486 3148 1751 3204 aacclesia:
1789 3149 1918 3203 fecit
1947 3148 2073 3204 etu
2102 3149 2217 3203 rius
2262 3165 2402 3219 papa
2457 3148 2628 3204 libros
2687 3150 2895 3225 Dialogi
2947 3152 3031 3205 sui
3090 3153 3254 3208 misit.
3292 3154 3498 3221 (Fanni
3531 3155 3631 3209 Sol
3684 3171 3717 3208 a

382 3242 640 3307 instituit,
681 3242 1125 3311 antiphonarium
1168 3241 1493 3314 regulariter
1539 3242 1904 3296 centonizavit
1947 3249 2001 3296 et
2101 3257 2262 3296 mane
2296 3258 2467 3311 usque
2499 3242 2564 3295 ad
2616 3242 2906 3297 meridiem
2957 3243 3265 3300 miuoratus
3294 3253 3398 3318 gest
3438 3262 3621 3319 usque
3649 3248 3716 3302 ad

384 3332 593 3388 utiliter
651 3331 988 3401 compilavit.
1036 3331 1421 3401 Kyrrieleyson
1461 3347 1492 3384 a
1520 3331 1669 3386 clero
1705 3331 1772 3385 ad
1806 3330 2000 3385 missas
2105 3330 2315 3384 tertiam
2350 3329 2436 3384 sui
2469 3337 2704 3399 partem.

385 3422 595 3479 cantari
645 3422 919 3493 preeepit;
976 3422 1205 3476 Alleluia
1257 3423 1323 3476 ad
1374 3422 1571 3477 missas
1630 3429 1782 3477 extra
1837 3422 2002 3494 quin-
2171 3420 2298 3474 597.
2412 3421 2496 3475 14.
2644 3422 2697 3478 6.
2855 3423 2931 3477 I0.
3080 3425 3133 3479 5.
3282 3424 3371 3480 36.
3520 3426 3576 3480 6.

387 3513 762 3588 quagesimam
814 3513 923 3568 dici
953 3513 1100 3568 fecit.
1135 3515 1191 3568 ln
1224 3529 1435 3569 canone
1477 3514 1669 3569 hostiae
1704 3514 1802 3569 tria
1835 3513 2002 3568 verba
2175 3511 2364 3579 (ΒευΑ,
2405 3517 2467 3565 Η.
2510 3514 2580 3582 c.)
2614 3513 2905 3583 Gregorius
2946 3531 3109 3586 papa,
3142 3515 3289 3586 quod
3324 3516 3442 3587 ipse
3472 3518 3608 3573 olim
3641 3518 3725 3574 fa-

395 3601 810 3673 superaddidit:
852 3606 1069 3672 Diesque
1108 3611 1309 3657 nostros
1348 3606 1408 3656 in
1440 3610 1537 3658 tua
1569 3619 1702 3673 pace
1730 3605 1998 3672 disponas,
2103 3614 2227 3653 cere
2258 3601 2571 3655 intenderat
2622 3602 2984 3673 Augustinum
3022 3620 3146 3658 cum
3174 3604 3294 3660 aliis
3324 3604 3393 3659 ad
3423 3607 3727 3676 prediean-

392 3701 555 3764 atque
577 3695 645 3749 ab
673 3701 876 3749 aeterna
901 3696 1250 3750 damnatione
1277 3712 1370 3751 nos
1396 3699 1531 3765 eripi
1555 3703 1604 3750 et
1632 3698 1690 3749 in
1719 3698 2007 3749 electorum
2107 3695 2234 3749 dum
2283 3694 2521 3749 destinat
2590 3694 2643 3748 in
2722 3694 2911 3767 Anglia
2956 3695 3115 3766 (Fasn
3144 3704 3154 3762 ι
3215 3698 3571 3753 Guntrannus
3629 3717 3725 3755 rex

388 3789 612 3839 tuorum
643 3783 837 3852 jubeas
864 3798 1017 3852 grege
1066 3786 1366 3838 numerari.
1436 3783 1747 3838 Orationem
1785 3798 2005 3854 quoque
2106 3783 2395 3837 sanctitate
2451 3784 2630 3837 clarus
2672 3784 2872 3838 dormit
2907 3784 2962 3838 in
3008 3784 3246 3852 Christo;
3310 3802 3545 3860 regnum
3605 3790 3727 3861 ejus

390 3870 725 3927 dominicam
777 3878 900 3941 post
938 3885 1205 3926 canonem
1275 3882 1444 3941 super
1498 3871 1733 3926 hostiam
1787 3871 2004 3925 censuit
2106 3875 2274 3929 cessit
2306 3873 2694 3945 fratrueliejus
2730 3875 3094 3933 Childeberto.

387 3964 623 4020 recitari.
652 3964 732 4032 (P.
778 3964 859 4032 D.)
892 3964 1109 4018 Auctari
1155 3980 1282 4036 rege
1327 3963 1812 4036 Langobardorum
1846 3980 1986 4018 mor-

2171 3966 2297 4021 598.
2417 3968 2495 4020 l5.
2646 3968 2695 4023 7.
2813 3969 2901 4024 41.
3050 3971 3104 4024 6.
3218 3971 3305 4027 37.
3454 3972 3508 4026 7.

389 4068 506 4125 tuo,
564 4060 928 4134 Langobardi,
1004 4061 1270 4130 permissa
1334 4059 1730 4114 Theudelindze
1800 4061 2001 4134 reginae
2176 4055 2513 4109 Richarcdus
2545 4056 3088 4131 rexWisigothorum
3132 4059 3355 4132 regibus
3386 4059 3723 4115 Francorum

389 4152 637 4223 Optione,
670 4152 773 4205 sibi
815 4152 991 4207 virum
1024 4160 1079 4207 et
1108 4152 1277 4207 Italiae
1309 4167 1495 4223 regem
1544 4152 1785 4224 eligendi
1819 4151 2002 4221 prefe-
2102 4145 2531 4213 eonfoederatur,
2572 4148 2737 4219 eique
2795 4164 2951 4204 soror
2987 4149 3325 4205 Childeberti
3384 4151 3532 4223 regis
3587 4167 3726 4207 uxor

387 4251 581 4296 cerunt
609 4240 715 4295 sibi
749 4256 932 4312 regem
966 4238 1396 4315 Agilulfum,qui
1430 4240 1677 4311 regnavit
1706 4239 1867 4294 annis
1906 4241 1977 4294 25
2103 4239 2281 4294 datur.
2342 4240 2530 4310 (Bson,
2586 4245 2649 4294 Η.
2706 4241 2777 4310 c.)
2829 4242 3058 4297 Sanctus
3114 4242 3375 4298 Columba
3446 4243 3624 4299 abbas
3669 4251 3723 4299 et

456 4335 579 4393 593.
699 4335 781 4391 10.
928 4336 982 4389 2.
1128 4335 1180 4388 6.
1332 4334 1383 4387 1.
1498 4333 1583 4388 32.
1732 4333 1766 4389 2
2105 4327 2394 4399 presbiter,
2440 4328 2633 4383 doctor
2663 4328 2969 4384 Scottorum
3013 4340 3068 4386 et
3098 4331 3392 4397 Pictorum,
3424 4331 3589 4398 obiit,
3627 4333 3722 4406 qui

457 4424 626 4495 (GREG
677 4424 834 4490 Tua.)
886 4423 941 4476 In
999 4421 1170 4476 Gallia
1219 4419 1442 4491 quidam
1493 4420 1545 4474 in
1597 4421 1731 4477 silva
1778 4422 2001 4478 credens
2030 4419 2339 4513 Dposteris
2364 4418 2478 4473 suis
2524 4420 2697 4475 multa
2736 4420 3041 4476 sanctitatis
3092 4423 3429 4478 monimenta
3460 4424 3720 4496 reliquit:

385 4516 558 4591 ligna,
590 4516 729 4571 adeo
758 4531 788 4569 a
811 4514 1015 4568 muscis
1046 4512 1336 4567 infestatus
1367 4520 1468 4577 est,
1494 4520 1551 4568 ut
1583 4530 1680 4581 per
1709 4513 1996 4569 biennium
2030 4510 2065 4513 ”
2106 4519 2452 4581 preterquam
2485 4510 2631 4581 quod
2666 4511 2866 4566 rustica
2911 4512 3267 4584 simplicitate
3306 4515 3511 4585 pascha
3542 4516 3718 4571 domi-

386 4625 580 4664 amens
608 4607 785 4662 fieret.
831 4605 1036 4661 Deinde
1070 4604 1175 4660 sub
1207 4604 1493 4679 religionis
1534 4606 1722 4661 habitu
1750 4622 1808 4662 se
1838 4608 1997 4662 exhi-
2101 4602 2225 4657 nico
2271 4602 2359 4655 die
2404 4601 2610 4656 debere
2658 4602 2929 4657 celebrari
2988 4621 3167 4676 neque
3247 4606 3463 4673 didicit,
3539 4622 3721 4679 neque

387 4699 555 4755 bebat
616 4697 1179 4769 pseudOproplietam,
1227 4695 1430 4752 deinde
1480 4714 1720 4771 magum,
1794 4697 1998 4753 deinde
2099 4693 2301 4749 docuit.
2367 4693 2677 4765 [Marculfus
2718 4696 2888 4751 abbas
2946 4698 3384 4767 Bajocasinensis
3422 4701 3720 4757 sanctitate

386 4788 551 4844 etiam
579 4786 843 4841 sanitates
873 4801 1041 4855 super
1071 4782 1320 4840 infirmos
1370 4785 1600 4851 faciens,
1636 4785 1905 4841 Christum
1938 4802 1998 4840 se
2100 4784 2268 4839 claret
2301 4784 2353 4837 in
2389 4784 2559 4838 Gallia
2586 4784 2675 4855 ³6.]

388 4894 513 4934 esse
541 4876 781 4941 dicebat,
811 4882 865 4929 et
897 4890 992 4945 pro
1038 4874 1249 4930 Christo
1273 4892 1332 4930 se
1363 4877 1576 4931 adorari
1602 4876 1868 4942 jubebat;
1905 4892 2000 4931 no—
2173 4875 2295 4930 599.
2418 4877 2497 4930 16.
2645 4879 2678 4933 8
2816 4881 2901 4935 12.
3049 4883 3102 4937 7.
3217 4882 3305 4940 38.
3454 4883 3489 4938 8

387 4967 565 5021 lentes
604 4980 666 5017 se
721 4962 971 5025 adorare,
1012 4979 1133 5018 cum
1178 4965 1381 5034 pepulo
1426 4965 1521 5035 qui
1561 4964 1610 5018 ei
1651 4964 1853 5020 multus
1896 4965 1997 5017 ad-
2174 4964 2387 5033 (Deum)
2431 4964 2746 5022 Edilbertus
2796 4984 2889 5023 rex
2927 4970 3247 5043 Anglorum,
3304 4969 3399 5041 qui
3442 4969 3720 5025 Cantuarii

387 5058 635 5123 herebat,
667 5056 968 5126 impetebat
998 5058 1285 5113 hostiliter.
1331 5059 1428 5124 Qui
1462 5067 1653 5131 postea
1685 5075 1715 5113 a
1760 5058 1997 5130 quodam
2100 5056 2726 5127 vocantur,predicante
2750 5058 3205 5134 Augustino‘cum
3228 5067 3393 5134 gente
3422 5078 3522 5116 sua
3542 5060 3724 5131 bapti-

385 5147 536 5203 ﬁdeli
560 5146 776 5202 occisus
796 5154 913 5201 est:
951 5154 1005 5202 et
1031 5146 1103 5202 ila
1135 5162 1401 5220 sequaces
1429 5148 1550 5216 ejus
1579 5146 1817 5217 dispersi
1848 5153 1995 5201 sunt.
2102 5154 2271 5201 zatur.
2322 5148 2486 5205 Porro
2529 5165 2666 5224 gens
2718 5151 3046 5224 Anglorum,
3088 5153 3183 5225 qui
3232 5152 3420 5208 Mercii
3460 5153 3723 5209 dicuntur

1737 5286 1956 5343 VARIIE
1989 5286 2362 5343 LECTIONES.

456 5387 501 5422 ⁸⁸
529 5388 590 5461 i_n
615 5400 789 5461 marg.
843 5388 943 5453 inf.
988 5389 1056 5441 Ιδ.
1111 5387 1226 5441 rell.
1259 5391 1474 5461 Desunt_
1530 5385 1577 5461 “if
1602 5386 1659 5461 Α.
1712 5385 1893 5461 addit;
1947 5384 2185 5461 Severus
2234 5385 2605 5461 Aquileiensis
2657 5388 2957 5461 episcopus
3012 5405 3135 5445 cum
3195 5405 3225 5444 a
3283 5389 3434 5447 nullo
3495 5406 3599 5447 nec
3652 5392 3716 5447 ab

384 5458 505 5529 ipso
535 5456 795 5539 Gregorio
824 5473 963 5539 papa
1016 5465 1200 5539 posset
1235 5457 1478 5539 revocari
1530 5456 1598 5537 ab
1630 5455 1855 5539 Arriana
1881 5456 2062 5539 heresi
2121 5455 2381 5539 e‘lefus’et
2429 5460 2662 5539 populus
2692 5455 3081 5539 "Aquileiensis
3138 5461 3424 5539 anni_ten_te
3454 5462 3719 5535 Gregorio

384 5525 528 5605 papa
557 5525 882 5605 divisionem
897 5525 1198 5605 ‘__fec’erunt,
1231 5534 1296 5605 e_t_
1332 5527 1544 5605 Arriani
1573 5525 1806 5605 quidem
1828 5526 1972 5596 apud
2003 5526 2304 5598 Aquileiam
2344 5525 2683 5605 ipsi_Severo
2710 5525 3048 5605 ad'heserunt
3081 5572 3092 5585 .
3129 5532 3378 5605 ortodoxi
3408 5549 3541 5605 vero
3564 5525 3720 5605 apud

385 5597 595 5681 Gradus
643 5599 831 5681 sedem
874 5599 990 5681 sibi.
1032 5599 1298 5681 episeopii
1331 5604 1659 5681 statuerunt,
1693 5604 1763 5681 et
1794 5597 1963 5681 itaex
1988 5597 2098 5651 una
2125 5598 2415 5681 metropoli
2450 5598 2573 5654 facti
2607 5601 2870 5681 suntduo
2902 5602 3269 5681 metropolitae
3303 5645 3314 5656 .
3351 5604 3587 5681 et_licet‘
3603 5597 3722 5681 post

383 5677 616 5744 mortem
648 5670 831 5744 Severi
864 5666 1126 5744 :ecclesiie
1167 5666 1406 5744 redierit
1433 5668 1501 5722 ad
1532 5668 1794 5744 unitatem
1827 5666 1982 5744 ﬁdei,
2040 5683 2339 5738 numquam
2395 5678 2579 5725 tamen
2631 5678 2821 5740 postea
2880 5673 2948 5727 ad
3003 5666 3249 5741 pristina:
3302 5666 3724 5744 conjunctionis

387 5741 653 5797 unitatem
683 5741 859 5811 potuit
888 5741 1200 5797 reformari.
1230 5741 1277 5775 ⁸⁸
1302 5739 1429 5795 add.
1474 5746 1549 5802 1γ.
1585 5740 1703 5794 rell.
1733 5746 1929 5807 praeter
1956 5742 2015 5794 A.
