3894 6220
179 316 285 371 113

1678 307 2023 363 CHRONICA.

3418 327 3517 382 114

175 447 228 495 et
254 454 395 510 gens
414 436 990 507 Nordanymbrorum,
1023 434 1119 505 qui
1143 431 1292 505 quod
1319 433 1386 486 ad
1415 432 1799 504 aquilonarem
1824 438 1878 503 Α
1903 432 2120 488 dicente
2173 436 2432 490 nauclero
2467 453 2481 489 τ
2515 442 2706 494 Desiste
2742 443 3087 500 elemosinam
3127 457 3306 518 petere
3333 468 3367 506 a
3419 469 3518 507 no-

177 538 384 602 partem
416 527 643 582 Vmbrae
669 525 919 581 ﬂuminis
970 524 1241 591 habitent,
1269 523 1345 578 ita
1382 530 1668 589 vocantur,
1699 522 1800 577 sub

178 620 401 693 regibus
428 618 704 674 Edilfrido
750 624 807 672 et
850 616 984 672 Elle
1035 615 1280 671 nondum
1331 614 1625 669 audierant
1678 630 1802 669 ver-

180 712 301 766 bum
322 711 477 764 vitae.

245 800 367 857 600.
414 800 478 855 R.
532 803 618 855 17.
665 800 721 855 P.
762 800 815 854 9.
861 800 917 854 F.
964 799 1052 853 13.
1114 799 1170 853 L.
1212 798 1264 852 8.
1311 797 1370 853 A.
1413 796 1483 852 39
1544 797 1629 850 W.
1670 797 1725 851 9.

242 892 431 963 (ΒευΑ.
464 899 535 947 Η.
594 892 916 961 e.)Sanctus
961 890 1104 945 Goar
1130 890 1361 945 veniens
1392 906 1457 944 ex
1482 888 1797 960 Aquitania,

175 989 338 1042 claret
367 987 425 1041 in
474 986 671 1041 Gallia.
728 984 1065 1058 Augustinus
1113 985 1181 1038 ab
1227 983 1446 1038 Etherio
1495 982 1798 1036 Arelatensi

177 1085 536 1135 consecratur
619 1079 918 1154 Anglorum
978 1077 1299 1149 episcopus.
1339 1076 1549 1145 (Faxo)
1579 1075 1797 1129 Childe~

177 1168 359 1223 bertus
387 1184 486 1222 rex
518 1167 849 1223 Francorum
894 1166 1150 1231 moritur,
1185 1166 1273 1220 cui
1298 1164 1710 1220 Theodebertus
1742 1171 1798 1219 et

174 1256 554 1312 Theodericus
594 1256 694 1310 ﬁlii
723 1256 844 1324 ejus
900 1256 1293 1329 subrogantur.

307 1344 437 1401 601.
531 1345 614 1404 18.
706 1344 783 1400 10.
885 1345 972 1399 14.
1119 1343 1173 1397 9.
1322 1342 1412 1397 40.
1560 1342 1647 1397 10.

238 1440 535 1495 Gontentio
570 1439 716 1494 inter
744 1439 1045 1494 Romanam
1100 1437 1411 1492 aacclesiam
1446 1442 1498 1491 et
1527 1453 1794 1509 arrogan-

171 1532 294 1587 tiam
316 1532 598 1587 Johannis
628 1531 878 1602 episcopi
916 1529 1531 1600 Constantinopolitani,
1567 1530 1792 1584 univer-

171 1622 298 1677 salis
321 1622 664 1693 patriarchae
696 1637 899 1678 nomen
942 1620 1047 1675 sibi
1113 1619 1450 1691 usurpantis,
1482 1621 1585 1675 sub
1636 1620 1793 1675 Pela-

169 1712 257 1788 gio
287 1728 430 1784 papa
449 1721 728 1784 concepta
753 1719 808 1768 et
832 1729 864 1766 a
892 1711 1157 1787 Gregorio
1202 1713 1314 1781 jam
1341 1712 1473 1766 inde
1499 1727 1612 1767 non
1656 1711 1791 1767 leni-

1904 524 2001 590 bz‘s,
2028 528 2123 593 qui
2145 528 2281 581 nihil
2305 530 2391 583 hic
2422 537 2621 598 pra’ler
2646 532 2848 600 lapides
2879 536 3134 592 habemus
3162 541 3181 591 ,ν
3212 556 3335 595 cum
3377 543 3514 597 sub—

1897 611 2123 679 jecisset
2149 630 2362 685 pauper
2401 633 2414 670 :
2446 620 2638 673 Omnia
2684 636 2804 689 ergo
2860 630 3147 680 vertantur
3176 631 3235 681 in
3260 631 3459 699 lapides
3488 650 3507 698 ;

1903 703 2171 774 quidquid
2193 706 2576 763 manducabile
2630 709 2685 762 in
2727 711 2850 765 navi
2880 721 3019 778 erat,
3055 716 3111 769 in
3140 716 3353 788 lapides
3382 737 3515 776 con-

1898 812 2114 851 versum
2136 805 2237 863 est,
2261 800 2446 855 colore
2489 810 2544 856 et
2601 802 2776 859 forma
2830 822 3010 862 rerum
3042 811 3237 865 eadem
3295 829 3514 884 perma-

1898 892 2064 941 nente
2094 888 2158 941 87.
2193 888 2354 943 Fame
2387 890 2611 946 Romam
2650 904 3001 966 aggravante,
3030 899 3257 955 Romani
3307 902 3511 977 Grego-

1896 976 1977 1032 rio
2008 993 2162 1048 papae
2187 981 2298 1047 jam
2331 981 2588 1038 defuncto
2617 984 2973 1059 derogantes,
3029 992 3176 1061 quod
3219 976 3509 1050 thesauros

1897 1067 2161 1121 :ecclesiae
2190 1084 2286 1122 sua
2316 1069 2487 1124 nimia
2510 1071 2837 1128 liberalitate
2870 1076 3215 1147 dissipasset,
3239 1096 3362 1135 cum
3396 1098 3506 1137 non

1897 1157 2115 1212 adesset
2148 1175 2406 1228 persona,
2448 1161 2501 1215 in
2560 1180 2723 1234 quam
2799 1168 3151 1235 exarderent,
3187 1173 3505 1229 memoriam

1898 1246 2133 1300 nominis
2158 1248 2278 1317 ejus
2308 1249 2361 1301 in
2386 1248 2540 1303 libris
2571 1251 2716 1306 illius
2746 1253 2934 1310 delere
2977 1257 3260 1313 volebant.
3291 1262 3365 1315 Ac
3410 1279 3509 1333 per

1897 1337 1999 1391 hoc
2028 1336 2200 1392 libros
2230 1338 2470 1413 Gregorii
2498 1357 2654 1411 papas
2710 1343 2971 1400 Romanis
3001 1363 3235 1404 exurere
3261 1353 3505 1407 volenti-

1895 1426 1998 1481 bus
2022 1429 2233 1483 ohstitit
2264 1431 2454 1486 Petrus
2507 1433 2792 1499 diaconus,
2850 1438 3092 1507 prodens
3147 1456 3207 1494 se
3239 1442 3502 1511 Spiritum

1891 1532 2137 1580 sanctum
2205 1526 2261 1579 in
2314 1527 2498 1596 Specie
2537 1529 2805 1584 columbae
2862 1547 3031 1602 super
3057 1544 3223 1605 caput
3255 1538 3503 1610 Gregorii

1890 1617 2172 1672 tractantis
2204 1618 2489 1673 sedentem
2515 1620 2715 1675 vidisse
2741 1623 2950 1692 sepius;
2978 1624 3143 1697 idque
3165 1628 3501 1685 confirmans

1886 1708 2241 1776 jurisjurandi
2270 1718 2633 1777 sacramento,
2665 1727 2790 1767 mox
2832 1715 3079 1771 moriens
3128 1734 3193 1773 ex
3217 1720 3498 1787 condicto,

168 1770 246 1856 rer
272 1770 577 1875 exagitata,
634 1770 747 1856 non
796 1784 956 1856 antea
999 1770 1307 1871 'quiesc'ere
1362 1800 1562 1871 potuit,
1621 1816 1784 1872 quam
1814 1770 2056 1851 Bhdem
2122 1798 2250 1853 fecit
2288 1814 2388 1854 suo
2451 1801 2785 1862 testimonio.
2822 1804 3020 1867 (Fusa)
3059 1806 3182 1861 Post
3237 1770 3497 1865 Richare:

167 1891 444 1948 Johannes
472 1893 601 1963 ipse
654 1891 837 1946 subita
859 1897 1036 1947 morte
1065 1892 1225 1946 obiit.
1256 1890 1332 1961 (P.
1370 1891 1453 1958 D.)
1488 1890 1631 1945 Huni
1663 1906 1785 1945 cum

169 1981 383 2037 Francis
414 1980 865 2038 fortiterbellant
919 1980 974 2033 in
1025 1978 1347 2052 Thuringia.
1411 1978 1787 2054 Fredegundis

164 2074 345 2149 regina
400 2075 664 2141 moritur,
710 2072 978 2147 Agilulfus
1023 2073 1360 2130 Theoderico
1435 2073 1787 2130 confoedera-

165 2175 262 2221 tur.
293 2166 381 2237 (Η.
405 2167 514 2237 m.)
545 2166 610 2220 ln
642 2166 762 2221 Nilo
812 2165 1033 2239 Egypti
1089 2164 1319 2220 ﬂumine
1351 2166 1464 2220 visa
1489 2172 1619 2220 sunt
1659 2166 1783 2220 ani-

163 2258 315 2313 malia
343 2259 609 2314 humanae
641 2257 854 2323 formae,
906 2258 991 2312 vir
1046 2258 1261 2313 scilicet
1287 2266 1341 2313 et
1358 2257 1576 2322 mulier,
1604 2273 1781 2329 usque

165 2348 228 2401 ad
259 2347 479 2402 lumbos
523 2362 700 2417 super
745 2362 942 2417 aquam
993 2352 1279 2411 extantes;
1310 2345 1404 2416 qui
1442 2346 1510 2399 ab
1544 2345 1779 2400 homini-

161 2436 256 2490 bus
272 2451 371 2506 per
398 2436 577 2490 Deum
605 2435 863 2504 adjurati,
922 2451 954 2490 a
979 2451 1141 2490 mane
1180 2451 1358 2507 usque
1387 2435 1457 2490 ad
1485 2451 1685 2490 nonam
1717 2451 1775 2490 se

161 2525 422 2580 videndos
451 2525 825 2596 prebuerunt.

292 2616 419 2673 602.
544 2617 635 2671 19.
717 2620 807 2673 11.
923 2616 1011 2671 15.
1160 2615 1247 2669 10.
1376 2615 1463 2671 41.
1542 2616 1629 2670 11.

229 2709 417 2777 (ΒευΑ,
472 2714 541 2764 Η.
600 2710 673 2780 e.)
711 2708 1049 2784 Augustinus
1105 2708 1399 2779 episcopus
1454 2707 1774 2782 Anglorum,

164 2799 339 2855 habita
363 2803 586 2873 synodo
618 2818 740 2858 cum
776 2802 1081 2858 Brittonum
1112 2807 1169 2855 et
1215 2800 1519 2856 Scottorum
1559 2802 1779 2873 episco-

167 2889 264 2958 pis,
295 2891 423 2962 quia
449 2893 775 2947 sacerdotes
803 2897 857 2945 et
915 2891 1217 2946 monachos
1273 2890 1485 2944 invenit
1515 2890 1777 2946 adversa-

161 2975 264 3030 rios
286 2978 591 3049 aequitatis,
625 2994 765 3051 quos
804 2978 977 3033 voluit
1025 2968 1228 3032 habere
1284 2978 1468 3033 socios
1511 2979 1772 3048 predica-

1888 1889 2017 1943 dum
2051 1890 2196 1960 apud
2223 1890 2562 1965 Wisigothos
2590 1903 2780 1964 regnat
2815 1895 3118 1952 Bettericus
3148 1899 3308 1953 annis
3338 1900 3388 1954 7.

2062 1980 2166 2036 607
2298 1982 2518 2039 3.16.
2627 1984 2716 2040 20.
2830 1989 2919 2042 15.
3030 1989 3121 2044 46.
3296 1996 3342 2045 1.

1959 2072 2037 2143 (ν.
2071 2074 2248 2145 Greg.)
2278 2074 2613 2130 Sabinianus
2667 2093 2809 2147 papa
2841 2093 2963 2132 cum
3018 2086 3072 2134 et
3102 2079 3223 2151 ipse
3247 2081 3499 2137 liberali-

1884 2166 1976 2221 tati
2009 2166 2253 2241 Gregorii
2282 2170 2693 2239 predecessoris
2724 2173 2809 2226 sui
2839 2172 3151 2249 derOgaret,
3180 2182 3234 2230 et
3264 2177 3367 2231 sub
3392 2177 3497 2234 hoc

1882 2265 2112 2325 Optentu
2153 2274 2372 2311 manum
2409 2259 2604 2331 egenis
2629 2260 3003 2327 subtraheret,
3046 2263 3338 2336 Gregorius
3368 2282 3492 2321 eum

1881 2359 1978 2413 per
2006 2344 2182 2399 visum
2219 2354 2299 2401 ter
2330 2362 2427 2417 pro
2458 2346 2619 2417 culpa
2646 2349 2876 2403 tenacia;
2904 2359 2958 2404 et
2988 2352 3150 2420 hujus
3173 2353 3493 2428 derogatio-

1878 2431 1966 2486 nis
1996 2433 2359 2504 increpatum,
2380 2435 2527 2505 quod
2560 2451 2667 2490 non
2700 2437 3070 2507 resipisceret,
3103 2440 3267 2494 etiam
3299 2449 3492 2511 quarto

1878 2524 2215 2580 horribiliter
2246 2526 2540 2595 increpans
2569 2533 2623 2580 et
2679 2530 3021 2583 comminans
3073 2531 3124 2584 in
3155 2534 3334 2603 capite
3361 2551 3491 2605 per-

1878 2613 2084 2677 cussit;
2126 2629 2236 2684 quo
2266 2613 2360 2667 ille
2379 2614 2568 2669 dolore
2616 2622 2863 2682 vexatus,
2886 2618 3051 2687 paulo
3108 2628 3232 2689 post
3259 2630 3488 2678 mortem

1878 2706 2037 2762 obiit.
2076 2708 2158 2778 (G.
2213 2710 2388 2780 pont)
2424 2709 2551 2764 Post
2575 2726 2737 2782 quem
2770 2712 2835 2779 ⁸⁸,
2878 2713 3202 2770 Bonefacius
3232 2717 3489 2775 Romanae

1878 2800 2142 2855 aacclesiaz
2172 2800 2301 2854 6308
2332 2801 2591 2871 presidet.
2638 2802 2735 2858 Hic
2789 2805 3030 2875 optinuit
3061 2807 3208 2877 apud
3252 2809 3486 2866 Phocam

1878 2895 2289 2965 imperatorem,
2319 2904 2379 2949 ut
2416 2897 2666 2951 ascclesia
2699 2898 2943 2953 Romana
2970 2908 3137 2971 caput
3165 2912 3313 2959 esset
3357 2920 3484 2959 om-

1877 2985 2026 3039 nium
2057 2985 2426 3039 aecclesiarum
2458 3003 2471 3051 ;
2500 2988 2629 3057 quia
2667 2986 2918 3042 aecclesia
2984 2989 3490 3063 Constantinopoli-

162 3064 339 3134 tionis,
364 3069 567 3124 terruit
619 3084 717 3124 eos
766 3067 1024 3123 vaticinio
1081 3066 1279 3122 futurae
1302 3083 1472 3138 super
1507 3085 1604 3124 eos
1633 3073 1774 3127 cala—
1797 3106 1845 3175 Ο
1874 3080 2001 3128 tana
2022 3073 2299 3129 scribebat
2356 3090 2415 3129 se
2470 3091 2594 3129 esse
2636 3076 2867 3147 primam
2926 3078 3173 3133 omnium
3208 3081 3490 3137 aecclesia-

160 3159 470 3231 mitatis.(V.
524 3162 661 3233 Col.)
696 3161 928 3216 Sanctus
971 3161 1341 3217 Columbanus
1394 3180 1459 3218 ex
1510 3165 1767 3222 Hibernia
1797 3149 1845 3175 κ’
1872 3181 2011 3221 rum.
2046 3166 2143 3221 llic
2173 3166 2225 3220 in
2259 3167 2495 3222 concilio
2525 3168 2874 3242 septuaginta
2924 3170 3157 3225 duorum
3191 3173 3489 3246 episcopo-

157 3247 207 3301 in
234 3248 609 3321 Burgundiam
674 3250 843 3316 venit,
889 3249 1079 3321 ibique
1124 3250 1394 3320 permissu
1444 3252 1763 3311 Theoderici

158 3336 293 3410 regis
320 3339 647 3395 cmnobium
675 3339 975 3394 Luxovium
1025 3337 1301 3393 aediﬁcare
1328 3338 1514 3410 coepit.

272 3427 395 3482 603.
509 3429 608 3483 20.
720 3429 809 3483 12.
927 3428 1017 3483 16.
1130 3429 1209 3482 t1.
1324 3430 1411 3483 42.
1530 3432 1617 3486 12.

219 3515 299 3584 (Η.
325 3519 428 3589 m.)
459 3517 764 3573 Mauricius
802 3517 1105 3588 imperator
1120 3532 1181 3571 se
1213 3533 1339 3572 cum
1369 3518 1485 3573 suis
1523 3537 1555 3575 a
1586 3520 1762 3577 Phoca

154 3603 599 3661 interﬁciendum
628 3605 895 3661 divinitus
933 3605 1218 3676 praedicit:
1252 3613 1309 3661 et
1338 3607 1607 3663 malorum
1638 3625 1763 3680 pm-

153 3694 343 3761 nitens,
373 3711 442 3749 ea
469 3694 588 3750 sibi
621 3693 712 3749 hic
743 3693 983 3748 retaliari
1010 3710 1111 3764 per
1141 3710 1202 3749 se
1233 3703 1288 3749 et
1317 3711 1416 3766 per
1458 3711 1646 3752 servos
1668 3698 1763 3753 Dei

160 3783 411 3840 instanter
435 3785 715 3855 exposcit.
750 3785 827 3853 (G.
859 3802 890 3838 r
936 3786 1021 3855 F.)
1053 3784 1426 3841 Theodericus
1454 3803 1549 3841 rex
1578 3789 1761 3844 aviam

157 3888 297 3927 suam
330 3873 754 3929 Brunichildem
778 3873 846 3927 ab
867 3873 1161 3928 Austrasiis
1202 3873 1436 3942 ejectum
1462 3877 1672 3947 recepit

252 3965 372 4022 604.
487 3966 586 4020 21.
734 3965 820 4021 13.
935 3967 1024 4034 17,
1128 3966 1217 4020 12.
1291 3968 1381 4024 43.
1533 3970 1617 4026 13.

220 4056 300 4126 (Η.
340 4060 441 4128 m.)
472 4056 766 4112 Mauritius
806 4057 1106 4128 imperator
1132 4074 1255 4112 cum
1277 4076 1451 4116 uxore
1490 4070 1545 4117 et
1578 4061 1707 4117 ﬁliis
1729 4082 1759 4119 a

160 4144 286 4200 Foca
311 4145 607 4217 perimitur
634 4159 651 4212 ;
689 4154 745 4199 et
811 4145 1041 4216 imperat
1096 4146 1266 4201 Focas
1291 4147 1454 4202 annis
1481 4149 1534 4201 8.
1571 4149 1760 4217 (BEDA.

164 4237 217 4292 Η.
242 4239 309 4309 e.)
338 4238 655 4295 Orientales
680 4238 840 4312 Angli
870 4254 993 4294 cum
1051 4254 1184 4312 rege
1214 4255 1315 4294 suo
1356 4241 1644 4315 Sigeberto
1673 4260 1769 4314 per

166 4333 420 4389 Mellitum
452 4334 784 4405 episcOpum
813 4334 881 4388 ad
906 4332 1176 4389 Christum
1209 4343 1622 4395 convertuntur.

290 4424 415 4481 605.
534 4424 587 4477 1.
706 4424 793 4478 14.
900 4423 984 4477 18.
1100 4423 1183 4479 13.
1331 4426 1419 4479 44.

229 4512 309 4583 (Η.
351 4514 452 4584 m.)
501 4511 729 4586 Cognita
783 4521 962 4567 morte
1000 4511 1269 4580 Mauricii,
1323 4523 1642 4588 grassantur
1670 4534 1769 4588 per

165 4604 523 4661 Romanorum
557 4603 873 4675 provincias
931 4603 1062 4658 hinc
1112 4604 1285 4659 Persae
1324 4611 1380 4659 et
1430 4606 1563 4663 inde
1622 4609 1763 4664 Huni

162 4694 231 4763 (G.
259 4711 305 4750 r.
345 4696 429 4765 F.)
476 4692 770 4748 Lotharius
822 4698 876 4747 et
922 4692 1292 4748 Theodericus
1322 4695 1497 4764 prclio
1534 4695 1678 4751 inter
1702 4715 1763 4754 se

161 4783 506 4850 colliduntur,
532 4782 588 4836 in
610 4796 720 4852 quo
770 4782 894 4852 plus
942 4798 1106 4853 quam
1167 4783 1231 4838 10
1260 4783 1410 4838 milia
1442 4802 1584 4841 caesa
1616 4787 1764 4843 refe-

161 4882 335 4928 runtur
364 4892 378 4939 ;
418 4871 801 4928 Theodericus
828 4879 1012 4927 tamen
1042 4873 1273 4929 victoria
1304 4876 1526 4946 potitur.
1566 4880 1625 4932 ln
1659 4879 1764 4935 hoc

164 4964 323 5033 prelio
352 4964 591 5039 angelus
648 4963 864 5019 Domini
905 4965 1254 5037 evaginatum
1310 4968 1553 5043 gladium
1595 4988 1763 5044 super

166 5056 411 5125 pepulum
445 5064 646 5110 tenens
676 5054 826 5109 visus
856 5060 960 5109 est.

291 5146 411 5203 905.
529 5146 581 5201 2.
734 5145 817 5200 15.
932 5147 998 5202 19
1132 5151 1216 5203 14.
1328 5151 1413 5209 45.
1537 5153 1618 5209 15.

227 5237 407 5307 (GREG,
462 5238 597 5294 Tua.
639 5244 714 5293 De
765 5239 835 5306 gl.
892 5242 1059 5311 conf.)
1108 5241 1439 5299 Sabinianus
1505 5244 1764 5304 Romana;

167 5328 413 5384 aacclesiae
442 5328 573 5384 δεῦε
595 5326 868 5399 presidet.
899 5328 1008 5384 Hoc
1034 5337 1285 5401 tempore
1305 5348 1515 5404 pauper
1540 5336 1764 5404 quidam

167 5430 332 5472 cuma
379 5418 564 5473 nautis
620 5415 983 5472 elemosinam
1039 5427 1255 5490 peteret
1309 5436 1412 5477 nec
1469 5425 1763 5495 acciperet,

1537 4428 1622 4482 14.
1792 4424 1848 4491 D

1867 3276 1987 3315 rum
2026 3261 2271 3315 decrevit
2328 3261 2431 3317 sub
2487 3263 2859 3330 anathemate,
2907 3272 2967 3319 ut
3034 3265 3219 3321 nullus
3263 3268 3485 3325 vivente

1866 3348 2128 3419 episcopo
2157 3348 2391 3403 civitatis
2411 3365 2523 3404 suae
2578 3351 2778 3406 audeat
2807 3351 2977 3422 loqui,
3013 3361 3109 3408 aut
3134 3364 3317 3425 partes
3376 3356 3483 3412 sibi

1865 3436 2066 3503 facere,
2095 3437 2190 3493 sed
2210 3437 2371 3492 tertio
2390 3437 2480 3492 die
2508 3438 2893 3509 dispositionis
2922 3441 3043 3510 ejus
3070 3441 3166 3498 ﬁat
3195 3444 3429 3501 licenter
3454 3463 3485 3501 a

1865 3529 2014 3583 clero
2044 3535 2098 3583 et
2141 3528 2347 3599 populo
2395 3529 2594 3585 electio
2632 3533 2937 3587 sacerdotis
2980 3534 3058 3603 (G.
3093 3552 3144 3590 r.
3176 3537 3260 3607 P.)
3303 3537 3487 3593 Theo-

1866 3616 2087 3671 dericus
2114 3624 2169 3671 et
2196 3618 2610 3673 Theodebertus
2630 3618 2827 3674 fratres
2885 3627 2940 3675 et
2989 3637 3149 3695 reges
3176 3623 3479 3681 Wascones

1866 3705 1972 3759 sibi
2004 3705 2306 3776 subjugant
2335 3705 2401 3757 3°.

2006 3794 2130 3850 608.
2277 3794 2330 3849 4.
2445 3796 2529 3848 17.
2641 3796 2728 3850 2'.
2847 3798 2931 3852 16.
3047 3800 3138 3853 47.
3276 3802 3329 3856 2.

1939 3886 2152 3959 (Fusa)
2186 3887 2393 3957 Corpus
2419 3888 2595 3942 sancti
2646 3889 2881 3944 Victoris
2909 3889 3112 3945 Thebci
3144 3896 3291 3963 apud
3323 3896 3481 3953 Salo-

1864 3981 2057 4035 dorum
2121 3995 2246 4033 cum
2294 3985 2485 4034 sancto
2544 3978 2677 4035 Urso
2725 3982 2870 4051 passi
2934 3981 3231 4039 invenitur.
3281 3986 3476 4060 (Ρ.1).)

1864 4074 2153 4129 Secundus
2178 4071 2415 4127 famulus
2444 4073 2539 4127 Dei
2581 4073 2636 4128 in
2670 4074 2823 4131 Italia
2850 4075 3038 4131 claret.
3077 4077 3289 4149 (Fann.)
3322 4081 3476 4137 Desi-

1867 4166 2057 4220 derius
2086 4164 2414 4220 Viennensis
2442 4165 2738 4237 episc0pus
2768 4183 2798 4221 a
2834 4167 3171 4224 Theoderico
3202 4171 3473 4231 exiliatur.

1868 4255 2057 4326 (BEDA,
2091 4260 2135 4308 Η
2184 4253 2255 4324 e.)
2285 4254 2634 4327 Augustinus
2682 4256 2891 4325 primus
2926 4257 3221 4327 Anglorum
3261 4261 3477 4331 cpisco-

1868 4360 1973 4415 pus
2001 4343 2250 4409 moritur,
2283 4343 2444 4414 eique
2477 4342 2803 4398 Laurentius
2828 4336 3197 4403 substituitur.

2079 4434 2200 4489 609.
2304 4434 2357 4490 5.
2465 4436 2549 4490 18.
2652 4436 2741 4489 22.
2842 4437 2929 4491 17.
3033 4438 3122 4495 48.
3199 4440 3251 4495 3.

1940 4522 2002 4592 (G
2049 4521 2231 4592 poni.)
2256 4520 2584 4576 Bonefacius
2615 4523 2874 4579 Romanae
2897 4525 3161 4581 acclesim
3187 4528 3317 4582 (itus
3340 4546 3469 4600 prc-

1865 4613 2009 4668 sidet
2040 4613 2100 4679 (P
2162 4612 2248 4683 D.)
2304 4613 2399 4667 llic
2454 4614 2729 4682 pantheon
2762 4614 2947 4670 Romae
2986 4632 3018 4671 a
3056 4617 3195 4673 Foca
3232 4619 3475 4692 impera-

1867 4708 1981 4756 tore
2014 4700 2363 4770 impetratum
2385 4700 2547 4755 vertit
2576 4701 2632 4754 in
2695 4703 2999 4757 aecclesiam
3056 4714 3258 4762 sanctae
3288 4709 3471 4765 Maria:

1864 4803 1919 4850 et
1945 4802 2258 4849 sanctorum
2292 4802 2610 4863 martyrum,
2661 4804 2716 4849 et
2758 4796 2812 4849 in
2866 4797 3126 4855 Kalendis
3150 4801 3474 4859 Novembris

1865 4884 1938 4938 ibi
1970 4883 2205 4939 instituit
2225 4882 2630 4939 solemnitatem
2667 4886 2911 4941 omnium
2942 4889 3291 4948 Sanctorum.

2074 4977 2199 5032 610.
2302 4978 2355 5032 6.
2463 4978 2544 5031 19.
2638 4979 2723 5034 23.
2830 4981 2911 5036 18.
3009 4983 3098 5039 49.
3199 4987 3255 5040 4.

1935 5070 2098 5141 (BEDA
2130 5071 2349 5141 )Persae
2390 5072 2759 5128 Romanorum
2788 5075 3077 5145 provintiis
3120 5079 3362 5151 graviter
3385 5078 3473 5133 in-

1865 5161 2087 5218 cubant.
2135 5162 2215 5232 (P.
2248 5163 2333 5233 D.)
2388 5162 2639 5238 Agilufus
2669 5164 3148 5240 Langobardorum
3196 5186 3291 5225 rex
3318 5170 3474 5225 Man-

1864 5262 2036 5318 tuam,
2064 5253 2387 5310 Gremonam
2413 5262 2466 5310 et
2495 5255 2676 5327 aliqua
2708 5257 2874 5312 Italiae
2894 5259 3118 5315 castella
3137 5261 3302 5332 capit.

2005 5342 2132 5398 611.
2281 5345 2331 5400 7.
2433 5344 2520 5401 20.
2646 5346 2735 5399 24.
2848 5344 2932 5400 19.
3035 5346 3124 5403 50.
3272 5347 3325 5403 5.

1939 5428 2278 5486 Alexandriae
2331 5433 2610 5489 Johannes
2643 5434 2939 5505 episcopus
2976 5434 3196 5504 claruit,
3262 5433 3359 5506 qui
3399 5431 3472 5487 ob

1505 5559 1725 5615 VARUE
1756 5562 2123 5618 LEGTIONES.

230 5671 268 5763 ξ]
289 5672 618 5763 Sabinianus
636 5684 1086 5763 prermanente
1122 5678 1410 5763 Sig.‘c’a_ris
1460 5686 1746 5763 secundis.
1783 5686 1828 5720 ⁸ο
1883 5686 2216 5743 Sabinianus
2245 5720 2314 5730 -——
2355 5708 2520 5763 quem
2556 5693 2664 5761 Sig.
2697 5696 2842 5747 curis
2865 5686 3060 5746 tertiis
3098 5696 3158 5746 in
3182 5689 3428 5755 margine
3452 5697 3470 5738 ο·

174 5742 274 5799 rell.
302 5744 365 5799 θ’.
395 5754 541 5803 esset
565 5742 825 5804 omnium
866 5777 928 5788 -
950 5742 1253 5822 ευὺῇιιεαήι
1276 5751 1386 5819 Sig.
1418 5758 1564 5810 curis
1592 5771 1690 5811 see.
1728 5761 1786 5811 in.
1815 5774 2031 5825 rasura,
2059 5742 2185 5814 eam
2213 5742 2388 5817 antea1
2400 5742 3149 5832 ’ῥξιᾶιιῖὧῶίὶὶδῖςσὲἑρέὲὲὲοέἶ
3188 5742 3211 5744 Π
3305 5742 3321 5779 U'
