3894 6220
353 288 450 343 HE)

1561 284 1901 339 SIGEBERTI
1943 285 2453 339 GEMBLACENSIS.

3576 291 3683 347 116

349 410 605 466 eximiam
638 410 692 464 in
719 409 991 464 Christum
1024 407 1408 462 liberalitatem
1443 424 1643 464 nomen
1692 409 1959 464 Elemosi-
1984 416 2039 482 Α
2067 412 2213 466 bello
2243 411 2515 482 extinguit
2545 412 2712 481 (167‘).
2751 411 2877 466 Haec
2902 412 3184 468 calamitas
3223 413 3424 468 Scottis
3445 415 3684 488 contigit

354 504 497 558 narii
529 504 747 559 meruit.

493 594 617 652 612.
646 595 780 649 Β.8.
810 594 869 652 Ρ.
896 595 985 650 21.
1014 594 1072 650 F.
1101 593 1192 651 25.
1222 593 1279 648 L.
1305 591 1393 647 20.
1429 594 1488 647 A.
1524 595 1611 649 51.
1648 593 1728 648 W.
1763 594 1817 649 6.

426 692 509 760 (Η.
547 690 648 761 m.)
707 689 984 744 Heraclius
1050 690 1117 743 ad
1177 688 1470 758 imperium
1530 689 1760 754 electus,
1821 689 1962 743 Foca

356 789 645 852 perempto
700 788 754 834 et
808 786 1051 835 cremato
1121 779 1362 852 ignibus,
1397 779 1642 851 regnavit
1682 778 1841 833 annis
1869 780 1960 844 31,

357 871 568 940 (Ἐλευ.)
627 868 938 924 Desiderius
978 867 1304 922 Viennensis
1361 866 1656 936 episcopus
1731 867 1962 921 consilio

360 960 730 1016 Brunichildis
761 975 790 1012 a
827 958 1164 1013 Theoderico
1223 972 1354 1029 rege
1406 955 1685 1026 lapidibus
1735 956 1966 1010 obrutus

360 1053 758 1124 martyrizatur.

535 1144 658 1198 613.
773 1143 825 1196 1.
927 1141 1018 1196 22.
1128 1139 1217 1203 26,
1329 1140 1419 1195 21.
1533 1141 1602 1194 52
1733 1141 1786 1193 7.

433 1239 523 1306 (Η.
582 1235 681 1305 m.)
737 1234 912 1288 Persae
972 1249 1004 1286 a
1060 1232 1429 1288 Romanorum
1469 1231 1819 1287 insecutione
1859 1247 1969 1286 non

362 1330 651 1386 desistunt.
718 1325 926 1394 (Furem)
987 1324 1255 1380 Betterico
1347 1324 1776 1397 Wisigothorum
1841 1338 1970 1396 rege

362 1425 593 1474 mortuo.
625 1415 924 1470 Sisebodus
972 1421 1166 1482 regnat
1221 1411 1382 1468 annis
1407 1414 1544 1468 299°.
1579 1413 1760 1467 Virtus
1786 1419 1838 1466 et
1867 1426 1972 1466 no-

362 1526 488 1564 men
520 1507 693 1562 sancti
721 1504 989 1560 Johannis
1020 1504 1268 1575 baptistae
1318 1503 1598 1557 miraculis
1623 1502 1973 1557 declarantur

362 1601 507 1670 apud
539 1599 730 1654 urbem
762 1595 946 1649 Gallia:
979 1593 1370 1657 Mauriennam,
1407 1595 1474 1648 de
1494 1593 1746 1664 reliquiis
1775 1607 1974 1662 corpo-

2062 507 2365 561 secundum
2395 506 2714 561 vaticinium
2745 508 3034 581 Augustini
3084 509 3331 580 episc0pi
3357 511 3453 581 qui
3506 510 3685 566 inter-

2061 596 2299 650 minatus
2338 602 2421 650 est
2449 597 2662 652 Scottos
2687 596 2757 650 ab
2781 598 2968 670 Anglis
2998 599 3114 654 fore
3172 600 3550 669 perimendos,
3581 601 3680 672 qui

2063 687 2266 761 Anglos
2295 688 2360 741 ad
2393 687 2557 742 vitam
2581 690 2828 744 converti
2886 708 3016 764 egre
3072 690 3358 757 ferebant;
3393 694 3449 747 in
3483 710 3682 749 mona-

2064 777 2197 831 chos
2239 792 2459 847 quoque
2486 779 2794 834 Scottorum
2854 782 3156 855 Augustino
3210 783 3447 838 rebelles
3471 783 3550 838 ira
3583 785 3682 838 Dei

2065 866 2333 933 seviente,
2355 868 2446 939 qui
2477 885 2598 922 cum
2626 885 2758 943 Jege
2825 887 2926 926 suo
2955 872 3022 926 ad
3057 874 3161 928 hoc
3187 873 3393 928 bellum
3429 890 3495 928 ex
3530 888 3684 928 more

2067 964 2280 1018 euntes,
2306 966 2363 1012 ut
2394 976 2522 1033 rege
2553 961 2717 1015 armis
2763 972 3064 1034 pugnante,
3126 964 3228 1035 ipsi
3259 965 3470 1020 orando
3496 981 3597 1036 pro
3619 979 3688 1018 eo

2070 1061 2398 1123 pugnarent,
2420 1055 2691 1124 perempti
2749 1063 2873 1108 sunt
2917 1056 2986 1110 ab
3017 1056 3205 1131 Anglis
3251 1057 3401 1111 mille
3429 1055 3687 1121 ducenti,

2067 1149 2276 1196 tantum
2299 1144 2697 1216 quinquaginta
2729 1163 2827 1216 per
2852 1151 3036 1222 fugam
3067 1149 3288 1220 elapsis.
3322 1149 3686 1204 Glodesindis

2071 1230 2350 1285 Mettensis
2371 1232 2560 1298 claret,
2595 1250 2716 1303 quas
2739 1250 2999 1303 sponsum
3041 1236 3283 1309 fugiens,
3302 1237 3582 1292 velamine
3601 1253 3692 1291 ca.

2071 1318 2202 1388 pitis
2233 1319 2399 1374 misso
2419 1320 2523 1374 sibi
2556 1338 2585 1374 a
2626 1322 2734 1377 Deo
2768 1339 2863 1393 per
2899 1325 3180 1396 angelum,
3212 1342 3271 1380 se
3304 1334 3359 1381 et
3415 1343 3518 1380 sua
3573 1327 3688 1379 Deo

2073 1412 2368 1485 delegavit.

2206 1503 2331 1558 616.
2445 1506 2495 1559 4.
2618 1507 2706 1560 25.
2821 1508 2908 1562 29.
3025 1508 3116 1563 24.
3233 1509 3320 1566 55.
3434 1510 3467 1563 3

2146 1596 2235 1662 (Η.
2269 1595 2368 1658 m.)
2425 1594 2604 1649 Persa:
2663 1597 2872 1667 Syriam
2929 1597 3297 1663 incursantes,
3360 1601 3692 1653 Damascum

362 1688 436 1741 ris
466 1685 638 1757 ipsius
657 1685 761 1739 hoc
799 1683 964 1737 modo
991 1682 1254 1737 divinitus
1284 1683 1629 1736 illustratam.
1665 1683 1724 1734 tn
1755 1697 1820 1735 ea
1841 1681 1967 1736 olim
2000 1719 2049 1784 Β
2074 1683 2314 1752 capiunt.
2352 1683 2539 1751 (Brem,
2577 1689 2640 1739 Η.
2672 1687 2770 1754 m.)
2805 1686 3116 1742 Edilbertus
3146 1705 3242 1743 rex
3273 1688 3695 1744 Cantuariorum

365 1779 563 1833 mulier
598 1782 789 1830 sancto
841 1773 1097 1844 baptista:
1149 1773 1313 1827 nimis
1366 1775 1563 1828 devota
1603 1772 1897 1843 expetebat
1943 1791 1974 1828 a
2000 1772 2047 1784 "
2075 1775 2190 1829 obit
2221 1775 2389 1843 (168);
2422 1783 2542 1844 post
2563 1793 2724 1847 quem
2757 1777 3020 1832 Ealdbald
3049 1777 3194 1834 ﬁlius
3219 1779 3338 1848 ejus
3377 1779 3542 1833 annis
3560 1779 3694 1832 259’

365 1869 500 1932 Deo,
533 1865 727 1920 donari
754 1862 862 1917 sibi
893 1861 1101 1933 aliquid
1130 1862 1197 1916 de
1222 1861 1488 1916 membris
1509 1862 1630 1930 ejus
1660 1880 1674 1926 ;
1708 1869 1762 1915 et
1795 1863 1846 1914 in
1875 1863 1977 1917 hac

367 1957 559 2013 orandi
592 1953 852 2010 instantia
883 1969 981 2024 per
1005 1952 1307 2007 triennium
1340 1952 1662 2023 persistens,
1688 1969 1810 2007 cum
1841 1953 1979 2006 alter

367 2049 549 2122 quivis
571 2047 683 2118 jam
725 2053 910 2116 posset
936 2044 1250 2114 desperare.
1287 2045 1403 2114 ipsa
1457 2060 1614 2114 spem
1647 2044 1700 2097 in
1739 2045 1848 2098 Deo
1880 2059 1981 2114 po-

370 2157 508 2196 nens
531 2136 758 2207 juravit,
805 2153 867 2190 se
907 2151 1018 2191 non
1069 2136 1539 2202 manducaturam,
1601 2136 1782 2190 donec
1833 2136 1979 2205 quod

369 2231 613 2304 petebat,
644 2229 940 2300 acciperet.
971 2229 1031 2282 Et
1060 2227 1140 2282 sic
1197 2235 1412 2297 septem
1473 2227 1669 2281 diebus
1699 2227 1976 2295 jejunans.

367 2325 599 2396 septima
629 2321 851 2377 tandem
879 2320 967 2374 die
1025 2321 1266 2390 desuper
1331 2319 1485 2373 altari
1547 2319 1804 2389 pollicem
1857 2317 1979 2372 miri

370 2410 628 2470 candoris
656 2424 922 2481 apparere
952 2407 1166 2473 videns,
1231 2409 1340 2462 leta
1371 2407 1577 2462 donum
1625 2407 1720 2460 Dei
1745 2408 1979 2477 accepit.

369 2504 450 2561 Ad
470 2501 616 2573 quod
639 2497 979 2554 adorandum
1006 2504 1118 2551 tres
1147 2497 1394 2567 episcOpi
1427 2496 1732 2562 venientes,
1751 2510 1875 2549 cum
1914 2495 1983 2549 de

371 2596 476 2649 hoc
495 2596 682 2646 sancto
715 2589 946 2664 pignore
979 2597 1189 2660 partem
1212 2587 1412 2642 elicere
1443 2587 1668 2653 vellent,
1714 2595 1825 2643 tres
1853 2605 1982 2642 sau-

370 2687 554 2764 guinis
603 2694 784 2760 guttas
847 2701 912 2739 ex
970 2699 1036 2739 eo
1098 2682 1303 2738 stillare
1345 2683 1399 2736 in
1460 2683 1630 2737 linteo
1691 2684 1980 2754 supposito

371 2784 719 2850 stupuerunt,
769 2781 824 2830 et
885 2774 1091 2849 singuli
1158 2773 1402 2847 singulas
1444 2789 1504 2828 se
1536 2774 1810 2828 meruisse
1835 2773 1984 2830 letati

371 2878 501 2924 sunt
520 2868 584 2922 9°.

479 2961 604 3015 614.
748 2958 802 3010 2.
927 2957 1017 3010 23.
1139 2954 1229 3009 27.
1347 2955 1437 3009 22.
1560 2955 1650 3009 53.
1777 2958 1825 3010 1.

2078 1865 2345 1936 regnavit.
2406 1865 2648 1920 Baduald
2701 1875 2879 1922 autem
2938 1885 3028 1924 rex
3076 1870 3427 1925 orientalium
3483 1869 3698 1941 Anglo-

2081 1976 2219 2026 rum,
2253 1960 2530 2015 Edilberto
2556 1969 2794 2028 mortuo,
2821 1963 2966 2017 illam
2988 1981 3154 2035 super
3201 1967 3406 2038 Anglos
3424 1965 3696 2039 regnandi

2081 2052 2382 2122 potentiam
2412 2062 2639 2123 quartus
2689 2055 2922 2125 accepit,
2958 2064 3016 2110 ut
3067 2058 3170 2111 sub
3226 2065 3360 2112 nutu
3428 2057 3550 2126 ejus
3597 2057 3701 2111 alii

2081 2141 2376 2215 Anglorum
2405 2158 2565 2216 reges
2593 2151 2906 2216 regnarent.
2967 2145 3230 2200 Edilfrido
3287 2163 3514 2219 quoque
3560 2148 3702 2202 Nor-

2083 2231 2515 2300 danymbrorum
2575 2250 2704 2304 rege
2769 2250 2799 2288 a
2839 2234 3121 2290 Radualdo
3173 2252 3302 2310 rege
3385 2245 3702 2306 perempto,

2085 2320 2328 2374 Eduinus
2361 2338 2590 2392 regnum
2623 2323 3162 2394 Nordanymbrorum
3213 2325 3479 2394 suscepit.
3507 2325 3702 2395 (PAUL.

2085 2409 2259 2478 Duc.)
2294 2410 2434 2464 lluni
2463 2409 2850 2484 Longobardos
2880 2411 2938 2465 in
2984 2412 3137 2466 ltalia
3164 2411 3471 2477 debellant,
3513 2419 3569 2466 et
3595 2412 3709 2467 Fo-

2086 2520 2203 2557 rum
2227 2501 2357 2556 Julii
2389 2503 2700 2572 proditione
2739 2510 2960 2573 captum
3019 2503 3309 2574 dissipant.
3339 2505 3417 2570 (V.
3455 2504 3510 2558 S.
3547 2506 3704 2573 Lupi)

2083 2593 2316 2646 Sanctus
2343 2592 2526 2661 Lupus
2555 2593 2894 2646 Senouensis
2925 2592 3221 2663 episcopus
3241 2593 3431 2659 claret,
3483 2592 3570 2648 cui
3589 2592 3704 2646 ali-

2085 2681 2307 2751 quando
2345 2681 2730 2735 cucharistiam
2779 2682 3120 2737 consecranti
3169 2698 3387 2755 gemma
3445 2682 3514 2736 de
3567 2681 3706 2736 caelo

2086 2789 2116 2826 a
2148 2773 2323 2828 Deoin
2359 2773 2530 2827 calice
2558 2772 2866 2827 descendit.

2249 2865 2373 2919 617.
2486 2864 2538 2918 5.
2652 2865 2740 2918 26.
2853 2865 2942 2921 30.
3054 2867 3144 2922 25.
3259 2869 3308 2921 1.
3458 2868 3512 2920 4.

2162 2956 2245 3022 (Il.
2277 2957 2376 3025 φη.)
2409 2956 2448 3008 Α
2480 2955 2656 3010 Persis
2684 2955 2958 3011 Palestina
3007 2957 3153 3013 bello
3181 2958 3472 3028 premitur.
3501 2959 3706 3014 Sancta

447 3049 630 3120 (MAR.,
666 3045 728 3101 Η.
767 3063 842 3101 m.
873 3063 886 3111 ;
919 3046 1122 3100 Buacn.
1153 3062 1283 3111 xvii,
1333 3046 1450 3116 44.)
1481 3046 1622 3100 Deus
1660 3045 1816 3101 dedit
1873 3047 1988 3102 Ro-
2016 3079 2065 3146 Ο
2091 3059 2313 3114 quoque
2345 3044 2536 3098 civitas
2567 3044 2816 3114 capitur;
2853 3047 2906 3100 in
2926 3062 2990 3100 ea
3019 3062 3195 3117 usque
3249 3047 3320 3100 90
3348 3047 3502 3101 milia
3555 3047 3710 3102 viro-

377 3157 552 3196 mana:
573 3138 836 3195 aecclesiw
868 3137 995 3192 65ιιε
1028 3137 1290 3207 presidet.
1325 3136 1421 3191 llic
1469 3137 1756 3192 constituit
1780 3155 1986 3194 secun-
2021 3136 2065 3146 ν
2090 3154 2207 3192 rum
2237 3139 2583 3208 perimuntur
2615 3156 2629 3203 ;
2659 3139 2944 3194 Zacharias
2995 3141 3303 3210 patriarcha
3355 3143 3665 3212 captivatur
3693 3160 3708 3204 ;

377 3238 502 3291 dam
532 3233 753 3288 missam
789 3231 844 3285 in
872 3230 1042 3286 clero.
1075 3230 1170 3285 Hic
1199 3231 1365 3285 etiam
1399 3231 1702 3286 secundum
1735 3233 1987 3289 instituta
2087 3246 2220 3284 crux
2250 3230 2367 3300 ipsa
2398 3230 2676 3284 dominica
2707 3241 2896 3286 sancta
2923 3240 3253 3302 asportatur.
3290 3232 3371 3303 (G.
3419 3249 3469 3287 r.
3497 3235 3584 3302 F.)
3615 3233 3709 3287 ln-

379 3323 645 3392 majorum
675 3335 899 3375 suorum
931 3317 1197 3385 decrevit,
1240 3325 1297 3373 ut
1317 3319 1364 3374 si
1388 3319 1481 3391 qui
1534 3320 1634 3374 viri
1665 3322 1751 3375 vel
1780 3321 1984 3376 mulie-
2090 3326 2170 3372 ter
2199 3319 2391 3372 fratres
2417 3319 2817 3373 Theodericum
2846 3327 2900 3374 et
2925 3321 3366 3376 Theodebertum
3398 3337 3581 3394 reges,
3615 3322 3710 3375 in-

378 3431 467 3470 res
497 3427 629 3468 suos
685 3410 788 3482 ipsi
831 3409 974 3464 filios
1009 3425 1360 3482 quocumque
1402 3411 1564 3466 modo
1587 3411 1655 3466 de
1695 3421 1886 3468 sancto
1909 3413 1990 3467 la-
2087 3407 2287 3461 stinctu
2337 3407 2471 3460 aviae
2529 3423 2719 3462 eorum
2768 3408 3158 3473 Grunichildis,
3187 3410 3310 3480 plus
3349 3427 3512 3481 quam
3542 3410 3706 3465 civile

375 3521 537 3563 vacro
568 3502 939 3574 susceperint,
979 3511 1306 3572 separentur
1362 3503 1430 3557 ab
1487 3503 1721 3559 invicem
1751 3524 1767 3571 ;
1817 3507 1901 3560 vel
1943 3507 1988 3559 si
2089 3499 2294 3554 bellum
2321 3499 2495 3555 oritur
2528 3518 2541 3560 ;
2575 3517 2868 3572 pugnaque
2899 3501 3212 3569 commissa,
3247 3510 3370 3573 post
3400 3503 3709 3557 inaestima-

377 3598 502 3669 quis
520 3595 605 3650 vir
633 3599 989 3648 commatrem
1030 3607 1208 3658 suam,
1239 3593 1323 3647 vel
1354 3593 1397 3646 si
1448 3610 1557 3665 qua
1601 3595 1798 3649 mulier
1845 3612 1992 3651 com-

379 3696 589 3761 patrcm
606 3701 765 3740 suum
784 3700 814 3739 a
842 3683 1017 3755 primo
1062 3683 1210 3738 dono
1252 3683 1490 3755 Spiritus
1517 3686 1877 3758 sancti,quod
1910 3694 1993 3742 est

377 3781 640 3854 pabulum
661 3779 793 3834 salis
832 3778 1046 3844 sacrati,
1103 3794 1276 3850 usque
1325 3779 1392 3833 ad
1445 3780 1742 3850 septimum
1782 3781 1989 3836 donum

378 3870 612 3944 Spiritus
641 3868 814 3923 sancti
872 3867 928 3921 in
972 3866 1292 3941 conjugium
1347 3867 1585 3933 duxerit,
1614 3876 1986 3937 separentur;

376 3960 573 4014 mulier
601 3964 782 4013 tamen
805 3955 1110 4010 maritalem
1143 3956 1326 4010 dotem
1359 3955 1609 4024 recipiat,
1652 3963 1706 4009 et
1739 3965 1863 4025 post
1893 3972 1990 4009 ex-

379 4054 584 4123 pletum
613 4068 816 4106 annum
866 4050 1044 4115 alteri,
1083 4049 1129 4104 si
1154 4049 1288 4113 vult,
1327 4049 1500 4103 nubat
1529 4051 1594 4103 9‘.
1622 4049 1787 4119 (Fnau
1817 4050 1994 4118 )San-

376 4153 495 4200 ctus
522 4142 890 4198 Columbanus
915 4157 946 4194 a
974 4138 1318 4194 Theoderico
1356 4154 1486 4210 rege
1537 4137 1803 4192 instinctu
1853 4138 1988 4192 Bru-

377 4231 635 4288 nichildis
664 4231 798 4286 avia:
832 4228 1126 4299 expellitur
1182 4225 1430 4280 Francia.
1464 4225 1564 4289 Qui
1620 4231 1762 4295 post,
1793 4226 1984 4283 relicto

377 4319 526 4374 Gallo
552 4318 822 4388 discipulo
872 4330 972 4369 suo
1033 4314 1086 4367 in
1131 4312 1474 4377 Alemannia,
1515 4311 1833 4366 crenobium
1885 4314 1983 4368 Do-

375 4413 526 4467 bium
555 4408 857 4466 construxit
886 4407 942 4460 in
997 4405 1150 4459 llalia
1197 4405 1275 4475 (V.
1329 4404 1472 4473 Am.)
1520 4405 1751 4458 Sanctus
1789 4406 1989 4460 Aman-

377 4507 482 4562 dus
503 4503 834 4561 Elnonensis
866 4518 964 4572 per
992 4499 1190 4554 Gallias
1243 4498 1632 4553 miraculorum
1660 4506 1714 4553 et
1747 4499 1989 4569 predica-

2090 3587 2258 3642 bilem
2315 3594 2552 3659 stragem
2607 3588 3022 3643 Theodebertus
3075 3589 3290 3660 capitur
3315 3591 3506 3660 (Br-sna,
3533 3593 3602 3646 Η.
3631 3593 3708 3661 0.)

2092 3682 2194 3736 Per
2215 3681 2571 3736 Ealdbaldum
2600 3688 2652 3735 et
2691 3681 2833 3737 ﬁlios
2858 3682 3093 3738 Sibercti
3115 3684 3182 3737 ad
3205 3683 3570 3738 idololatriam
3601 3687 3713 3739 An—

2093 3771 2169 3844 gli
2196 3771 2570 3825 revolvuntur.
2602 3771 2680 3840 (P.
2713 3771 2798 3841 D.)
2830 3771 3043 3844 Agilufo
3062 3773 3551 3846 Langobardorum
3579 3791 3711 3847 rege

2093 3871 2331 3932 mortuo,
2363 3863 2693 3918 Adaloaldus
2718 3862 2862 3917 ﬁlius
2889 3865 3009 3930 ejus
3036 3871 3230 3939 regnat
3255 3865 3415 3919 annis
3440 3867 3527 3922 12.

2269 3957 2393 4009 618.
2505 3956 2560 4010 6.
2684 3956 2774 4011 27.
2910 3955 3000 4012 31.
3138 3959 3187 4011 1.
3301 3955 3335 4010 2
3469 3957 3526 4010 5.

2167 4047 2246 4114 (G.
2300 4055 2474 4116 pont.,
2527 4048 2690 4119 Man.)
2753 4048 3077 4103 Bonefacius
3126 4049 3384 4104 Romanae
3441 4049 3709 4104 aecclesiae

2092 4138 2220 4191 titius
2251 4139 2509 4209 presidet.
2541 4141 2657 4209 (tvo
2707 4146 2855 4195 Decr.
2907 4158 3005 4208 vn,
3051 4140 3164 4211 22.)
3196 4141 3292 4194 1110
3349 4141 3616 4206 decrevit,
3649 4153 3710 4198 ut

2090 4229 2273 4283 nullus
2302 4232 2545 4286 trahatur
2573 4231 2844 4287 violenter
2894 4233 2965 4286 de
3019 4232 3284 4287 aecclesia.
3313 4231 3409 4286 1110
3435 4233 3701 4298 decrevit,

2089 4325 2149 4372 ut
2177 4319 2433 4373 monachi
2491 4319 2546 4373 in
2597 4317 2780 4374 ofﬁcio
2830 4321 3187 4376 sacerdotalis
3245 4323 3449 4396 gradus
3476 4330 3705 4378 utantur

2090 4413 2363 4478 potestate
2402 4409 2606 4482 ligandi
2659 4417 2824 4482 atque
2874 4411 3125 4466 solvendi
3180 4414 3246 4467 9³.
3277 4413 3489 4484 (Far-20.,
3534 4415 3704 4481 Deos,

2087 4498 2254 4569 11.6.)
2295 4499 2666 4554 Theodericus
2693 4516 2785 4554 rex
2840 4500 3172 4556 Francorum
3233 4504 3480 4558 moritur.
3549 4505 3710 4559 Eald-

379 4600 546 4657 tionis
581 4598 756 4672 gratia
799 4595 1158 4652 clarescebat.
1210 4593 1513 4649 Allowinus
1564 4595 1748 4658 etiam,
1821 4597 1912 4667 qui
1935 4607 1990 4652 et
2091 4589 2395 4643 baldusrex
2415 4590 2737 4646 idololatriae
2761 4593 3433 4649 abrenuntiat.Lotharius
3453 4612 3546 4650 rex
3565 4596 3712 4652 filios

379 4689 545 4751 Bavo,
576 4702 676 4756 per
691 4701 816 4740 eum
847 4701 912 4738 ex
941 4682 1188 4754 predone
1217 4697 1516 4737 conversus
1537 4690 1592 4737 et
1633 4683 1871 4738 Gandavi
1894 4700 1987 4739 so-
2049 4739 2061 4745 ,
2090 4681 2418 4736 Theoderici
2449 4682 2591 4752 regis
2617 4682 2673 4736 in
2706 4684 2852 4739 bello
2884 4693 3074 4755 captos
3124 4686 3350 4742 occidit.
3404 4687 3709 4743 Brunicvil-

382 4777 559 4834 litaric
612 4776 883 4844 reclusus,
960 4773 1267 4830 sanctitatis
1331 4776 1642 4846 exemplum
1699 4785 1816 4831 erat
1871 4793 1990 4832 om-
2093 4772 2216 4826 dem
2248 4788 2470 4844 quoque
2497 4775 2742 4846 reginam
2771 4792 2881 4831 uno
2908 4777 3051 4847 pede
3069 4784 3122 4831 ct
3152 4777 3380 4833 brachio
3395 4780 3704 4846 multatam,

382 4866 566 4921 nibus.
2092 4865 2159 4918 ad
2187 4867 2414 4922 caudam
2446 4884 2602 4939 equm
2652 4869 2933 4924 indomitae
3000 4871 3306 4945 religatam,
3360 4873 3707 4928 membratim

521 4957 646 5012 615.
778 4956 830 5010 3.
943 4955 1032 5010 24.
1143 4955 1232 5010 28.
1342 4955 1432 5010 23.
1543 4957 1632 5011 54.
1781 4956 1836 5012 2.

2122 4955 2330 5027 150οΓρὶ
2359 4958 2487 5014 fecit
2516 4978 2530 5025 ;
2561 4960 2838 5031 imputans
2887 4962 2960 5026 ei,
3015 4963 3162 5033 quod
3195 4963 3384 5017 decem
3418 4981 3580 5039 reges
3610 4982 3709 5035 per

453 5049 641 5120 (BEDA,
693 5046 755 5102 Η.
811 5048 881 5118 0.)
938 5046 1241 5103 Edilfridus
1289 5065 1387 5104 rex
1443 5049 1983 5120 Nordanymbrorum
2089 5060 2208 5099 cam
2244 5047 2474 5103 fuissent
2504 5050 2745 5105 extincti.
2783 5051 2844 5105 Et
2873 5050 2953 5104 sic
2979 5051 3298 5106 monarchia
3348 5054 3505 5126 regni
3539 5055 3704 5108 Fran-

382 5157 564 5216 regem
597 5140 902 5196 Scottorum
937 5139 1047 5195 Ean
1106 5156 1230 5196 cum
1290 5141 1550 5197 omnibus
1606 5157 1751 5211 pene
1791 5139 1907 5221 suis
1937 5140 1990 5194 in
2094 5154 2284 5195 corum
2337 5138 2405 5193 ad
2453 5155 2577 5194 eum
2637 5140 2797 5195 redit.
2852 5141 3004 5212 (G.r.
3033 5143 3094 5196 F.
3127 5142 3388 5212 6.1mm.)
3445 5143 3704 5200 Eleuthe-

1734 5276 1953 5331 VARUE
1992 5275 2264 5332 LFCTION
2273 5275 2368 5330 ES.

448 5401 494 5436 9°
521 5406 582 5457 in
609 5404 716 5458 loco
732 5417 851 5458 raso
883 5405 1166 5473 ampliavit
1195 5403 1305 5473 Sig.
1367 5406 1512 5458 curis
1537 5402 1784 5473 secundis
1814 5401 1857 5436 ’ί
1891 5401 1987 5455 1110
2031 5400 2196 5473 etiam
2248 5432 2317 5440 —
2361 5401 2531 5456 nubat
2581 5407 2642 5456 in
2695 5419 2867 5471 marg.
2916 5403 3026 5472 Sig.
3079 5407 3224 5459 curis
3240 5405 3462 5460 tertiis"
3491 5405 3704 5462 XXIIII.

379 5471 468 5531 Ct.
498 5474 550 5528 3.
582 5474 736 5529 XXII.
768 5489 837 5529 ex
863 5471 998 5531 corr.
1034 5475 1094 5530 Ι).
1136 5476 1177 5510 ⁸⁸
1213 5471 1271 5529 ll.
1295 5474 1350 5527 d.
1384 5489 1438 5528 u.
1475 5489 1548 5528 m.
1584 5472 1620 5526 i.
1654 5488 1686 5528 o
1738 5489 1782 5527 s.
1813 5489 1869 5545 g.
1893 5487 1946 5526 u.
1983 5489 2037 5544 p.
2067 5472 2104 5526 l.
2129 5489 2179 5526 a.
2209 5489 2254 5529 s.
2282 5475 2342 5526 in
2367 5489 2567 5528 rasura
2594 5475 2710 5544 Sig.
2749 5477 2895 5530 curis
2918 5471 3166 5531 secundis
3210 5476 3378 5544 ;reu.

2023 5598 2238 5654 NOTAE.

440 5730 582 5804 (167)
618 5731 764 5788 Beda
794 5731 898 5789 hoc
916 5730 1114 5786 factum
1148 5728 1282 5785 dicit
1310 5747 1360 5786 a.
1383 5727 1508 5784 603.

2157 5725 2311 5798 (168)
2342 5725 2489 5782 Beda
2517 5742 2574 5782 a.
2611 5725 2743 5783 613.
