3894 6220
179 296 275 350 117

180 513 355 569 Romae
412 515 727 585 perimitur.
785 515 896 571 Hoc
946 523 1196 588 tempore
1241 525 1574 578 terremotus
1622 524 1798 593 major

179 617 361 657 mense
405 604 789 675 Augusto;et
838 612 1030 661 secuta
1081 615 1165 663 est
1209 608 1398 663 clades
1454 610 1508 665 in
1567 612 1795 683 pepulo,

179 691 456 764 percussio
512 693 731 749 scilicet
791 694 1130 764 scabierum,
1189 697 1263 752 ita
1319 700 1581 755 utnullus
1613 709 1799 772 posset

180 795 470 854 agnoscere
520 788 801 837 mertuum
854 800 1012 838 suum
1047 784 1128 855 (Α.
1164 788 1339 858 Leod.)
1364 787 1651 845 Johannes
1679 790 1798 846 Ele-

178 869 505 924 mosinarius
532 870 671 926 obit.
707 873 789 943 (Η.
824 872 925 944 m.)
970 873 1154 931 Persae
1179 876 1468 950 Egyptum
1511 878 1797 936 incursan-

177 964 275 1024 tes,
301 957 696 1014 Alexandriam
734 962 959 1033 capiunt
981 963 1046 1019 9‘.

308 1050 427 1105 619,
465 1051 531 1105 Β.
579 1052 638 1111 ⁸7.
664 1052 722 1108 P.
767 1053 858 1108 28.
893 1054 948 1110 F.
991 1057 1080 1111 32.
1113 1057 1170 1112 L.
1198 1057 1251 1113 2.
1283 1058 1344 1113 Α.
1373 1058 1429 1117 3.
1458 1060 1543 1117 W.
1595 1063 1649 1116 6.

243 1141 309 1210 (Η
369 1142 473 1213 m.)
504 1142 693 1199 Persae
724 1145 930 1201 Libiam
980 1147 1350 1219 incursantes,
1407 1153 1792 1229 Carthaginem

178 1236 419 1306 capiunt.
448 1236 626 1300 (Faxo
651 1239 669 1311 )
696 1239 987 1296 Lotharius
1012 1258 1105 1297 rex
1133 1243 1399 1300 tributum
1460 1247 1527 1301 12
1575 1248 1787 1304 milium

175 1324 670 1398 solidorum,quod
702 1328 1043 1404 Langobardi
1102 1332 1325 1389 Francis
1370 1336 1669 1405 solverant,
1703 1355 1790 1394 re-

175 1414 330 1480 laxat,
384 1414 772 1489 Langobardis
849 1427 1120 1491 perpetuo
1204 1422 1312 1477 sibi
1380 1424 1788 1482 confoederatis.

180 1504 333 1572 Bson,
390 1506 477 1576 (Η.
509 1507 590 1578 e.)
640 1508 968 1566 Laurentius
1022 1514 1302 1569 secundus
1353 1516 1648 1589 Anglorum
1680 1520 1794 1590 epi-

177 1612 342 1667 copus
396 1598 568 1655 obiit.

274 1688 397 1746 620.
544 1692 601 1746 8.

246 1779 328 1847 (Η.
361 1779 467 1849 m.)

177 1871 346 1926 manis
370 1871 561 1929 facere
600 1874 753 1930 nullo
799 1878 964 1933 modo
996 1880 1279 1936 ammittit.
1332 1882 1541 1953 (BEDA.)
1572 1885 1799 1940 Anasta-

177 1960 284 2015 sius
328 1963 493 2018 Persa
537 1980 610 2019 ex
658 1982 819 2040 mago
867 1970 1205 2027 christianus
1262 1982 1318 2028 et
1368 1975 1694 2043 monachus,
1762 1994 1793 2031 a

177 2047 345 2103 Persis
370 2059 594 2121 captus,
653 2061 774 2124 post
821 2056 1074 2125 verbera,
1134 2060 1355 2116 vincula
1407 2068 1461 2117 et
1515 2079 1790 2132 carceres,

178 2149 294 2209 post
322 2140 600 2198 diutinam
641 2147 1043 2216 appensionem
1064 2166 1165 2221 per
1193 2168 1357 2207 unam
1392 2169 1639 2220 manum,
1668 2163 1791 2209 tan-

176 2232 292 2287 dem
332 2235 559 2292 absciso
628 2238 827 2308 capite,
887 2256 1009 2295 cum
1077 2243 1201 2298 aliis
1264 2244 1334 2299 70
1389 2248 1784 2317 martyrizatur.

181 2321 273 2391 [(V.
309 2324 464 2395 Far.)
526 2326 692 2401 Virgo
758 2326 957 2384 Christi
1004 2331 1139 2387 Fara
1203 2334 1350 2390 clare
1408 2335 1463 2389 in
1520 2335 1788 2406 Francia.,

176 2411 294 2480 Ejus
334 2414 501 2469 etiam
564 2417 914 2473 sanctitatem
960 2421 1208 2479 imitatus
1256 2424 1423 2480 frater
1484 2426 1605 2494 ejus
1652 2428 1789 2484 Faro

180 2519 238 2557 ex
265 2506 460 2562 comite
494 2508 756 2577 clericus,
780 2520 835 2567 et
858 2527 924 2567 ex
949 2512 1151 2570 clerico
1182 2515 1545 2574 Meldensium
1579 2519 1791 2592 episco-

180 2608 274 2662 pus
304 2595 476 2650 claret
507 2598 557 2632 ³³

340 2684 466 2741 621.
624 2688 676 2741 9.
793 2690 882 2745 30.
980 2691 1070 2748 31.
1184 2695 1238 2748 4.
1387 2696 1440 2763 6,
1552 2699 1605 2753 8.

244 2777 448 2852 (Faue)
481 2774 795 2839 S‘isebodus
825 2801 918 2839 rex
959 2786 1395 2863 Wisigothorum
1438 2800 1630 2849 contra
1681 2795 1789 2851 Ro-

182 2884 359 2925 manos
388 2871 615 2928 fortiter
644 2874 791 2949 agit;
834 2877 1173 2946 provinciam
1204 2879 1451 2953 aliasque
1481 2883 1730 2941 civitates
1760 2904 1791 2942 a

181 2956 386 3014 Francis
413 2968 660 3017 extortas
686 2963 754 3016 ad
786 2964 1216 3038 Wisigotharum
1242 2968 1334 3037 jus
1363 2970 1582 3044 redigit.

343 3050 469 3107 622.
592 3052 681 3106 10.
794 3054 883 3111 31.
996 3057 1088 3111 35.
1219 3059 1272 3114 5.
1386 3061 1438 3115 6.
1552 3062 1605 3117 9.

742 1694 835 1750 29.
975 1696 1063 1753 33.
1207 1698 1260 1753 3.
1400 1701 1452 1759 4.
1592 1703 1624 1755 7

241 3141 412 3212 (G.p.,
452 3145 624 3209 Man)
693 3146 963 3204 Honorius
1017 3151 1278 3209 Romanae
1336 3155 1600 3212 aecclesiae
1659 3135 1864 3213 67080

180 3235 427 3303 presidet,
462 3239 545 3308 (V.
587 3242 717 3311 Col)
770 3241 1000 3299 Sanctus
1041 3244 1410 3304 Columbanus
1445 3249 1582 3305 obit.
1613 3252 1786 3308 Disci-

182 3328 331 3397 pulus
357 3333 477 3400 ejus
502 3332 696 3389 Gallus
734 3336 789 3390 in
810 3338 1132 3395 Alemannia
1165 3341 1355 3399 claret.

372 3414 497 3487 623.
588 3430 837 3490 11.32.
949 3436 1039 3493 36.
1151 3438 1205 3492 6.
1321 3441 1375 3494 7.
1480 3442 1567 3497 ιο.

241 3514 316 3582 (ΙΙ.
347 3521 447 3588 m.)
489 3518 779 3576 Chosdroe
830 3539 1094 3581 successu
1155 3527 1352 3597 elatus,
1408 3529 1464 3584 in
1510 3529 1785 3589 effusione

178 3600 386 3659 humani
434 3609 734 3683 sanguinis
771 3619 826 3666 et
891 3615 1124 3671 maxime
1174 3617 1600 3675 christianorum
1644 3621 1786 3677 ultra

178 3692 385 3748 modum
415 3704 726 3770 grassatur.
766 3700 1042 3757 Heraclius
1090 3703 1391 3776 imperator
1436 3709 1608 3764 Hunis
1652 3726 1787 3766 con-

178 3777 479 3840 fdzderatur.

339 3881 462 3936 624.
586 3884 674 3936 12.
786 3885 874 3940 33.
986 3888 1077 3946 37.
1188 3892 1240 3947 7.
1347 3894 1399 3948 8.
1514 3895 1604 3952 11.

242 3968 448 4043 (H.m.)
510 3973 796 4030 Heraclius
851 3976 919 4031 ad
980 3979 1169 4034 Persas
1224 3981 1587 4040 debellandos
1616 3985 1785 4057 proﬁ-

181 4055 401 4126 ciscens,
433 4062 655 4117 virilem
693 4064 789 4119 Dei
838 4064 1067 4139 ﬁguram
1099 4068 1154 4122 in
1196 4070 1452 4126 manibus
1481 4055 1783 4145 accipiens,

178 4163 326 4217 quam
353 4169 555 4208 manus
581 4169 694 4210 non
716 4156 1105 4230 depinxerunt,
1134 4162 1233 4216 sed
1260 4162 1314 4217 in
1338 4163 1499 4219 ieona
1531 4166 1783 4235 verbum,

181 4242 315 4308 quod
342 4246 533 4300 omnia
592 4245 792 4303 format
846 4258 1012 4323 atque
1068 4255 1373 4324 componit,
1403 4256 1528 4312 sine
1571 4258 1787 4328 pictura

1685 304 2028 360 CHRONICA.

181 438 285 477 rius
357 422 635 492 patricius
702 421 963 479 affectans
1040 425 1409 482 Romanorum
1475 428 1792 501 imperium,
1820 435 1874 503 Α

3416 312 3516 368 118

2039 432 2166 486 627.
2277 432 2363 486 15.
2478 432 2565 489 36.
2682 434 2770 487 46.
2884 434 2972 489 10.
3087 436 3173 491 11.
3276 436 3369 491 14.

1971 520 2266 576 Florebant
2292 520 2348 575 in
2399 521 2589 575 Galliis
2618 522 2995 595 Austrigisilus
3036 523 3409 592 Bituricensis,
3461 535 3518 583 et

1898 611 2001 666 sub
2033 627 2100 668 eo
2131 612 2428 683 Sulpicius,
2457 613 2824 668 Chunibertus
2853 613 3217 682 Coloniensis,
3241 622 3295 670 et
3309 617 3517 673 Johan-

1900 721 1999 761 nes
2027 706 2363 780 Tungrensis
2400 707 2465 763 9°.
2510 708 2568 761 ln
2620 707 2896 779 Hispaniis
2945 709 3189 765 Isidorus
3227 710 3511 783 Spalensis

1901 800 2011 849 tum
2037 795 2348 861 sanctitate,
2374 801 2485 850 tum
2520 795 2770 850 doctrina
2792 795 3053 851 clarebat.

2040 901 2165 958 628.
2278 904 2366 958 16.
2481 904 2570 961 37.
2684 905 2778 973 41,
2890 906 2978 961 11.
3093 907 3181 962 12.
3283 909 3370 964 15.

1970 1000 2053 1072 (Η.
2089 1002 2191 1071 τη.)
2214 1002 2493 1059 Heraclius
2524 1003 2718 1059 Persas
2751 1004 2900 1077 gravi
2942 1006 3119 1077 prelio
3145 1006 3422 1074 contrivit,
3456 1008 3514 1065 in

1896 1105 2006 1160 quo
2030 1100 2307 1161 prctorcm
2373 1093 2657 1147 Persarum
2698 1109 3005 1166 omnesque
3063 1111 3207 1166 pene
3236 1096 3516 1170 principes

1896 1179 2131 1248 peremit
2157 1198 2173 1245 ;
2203 1187 2257 1234 et
2272 1180 2548 1235 Persidem
2582 1192 2932 1255 pervagatus,
2954 1182 3205 1238 miranda
3222 1185 3512 1241 Persarum

1894 1270 2095 1340 palatia
2126 1271 2427 1326 combussit
2474 1279 2529 1327 et
2580 1272 2801 1341 dejccit.
2836 1272 3049 1344 (Face)
3099 1275 3389 1333 Lotharius
3417 1294 3512 1333 rex

1893 1360 2067 1416 lilium
2097 1379 2255 1417 suum
2287 1362 2656 1438 Dagobertum
2724 1364 2779 1418 in
2811 1380 2983 1436 regno
3014 1366 3243 1421 ascitum
3277 1368 3512 1440 Pippino

1894 1459 1950 1505 et
2011 1450 2240 1506 Arnulfo
2286 1452 2578 1508 committit
2630 1452 2699 1507 ad
2776 1455 3077 1510 Austrasiis
3144 1458 3509 1531 regnandum.

1894 1540 2059 1611 (ΒΕΒΑ
2093 1544 2160 1597 Η.
2194 1542 2264 1613 6.)
2313 1543 2559 1598 Eduinus
2615 1560 2708 1599 rex
2739 1545 3280 1618 Nordanymbrorum
3310 1565 3342 1602 a
3371 1548 3511 1604 Pau-

1892 1634 2007 1691 lino
2032 1635 2296 1707 episcOpo
2323 1636 2654 1707 baptizatur,
2694 1646 2750 1693 et
2780 1646 2903 1709 post
2944 1641 3283 1697 Radoaldum
3313 1650 3514 1714 poten-

1633 1743 1645 1755 -
1700 1792 1735 1808 ἢ
1828 1739 1877 1808 Β
1902 1727 2010 1782 tius
2039 1728 2254 1782 caeteris
2284 1744 2454 1799 super
2476 1729 2677 1803 Anglos
2702 1731 3061 1802 principatur.

513 1780 796 1839 Chosdroe
844 1801 938 1840 rex
984 1785 1271 1843 Persarum
1303 1805 1494 1861 pacem
1526 1807 1648 1846 cum
1700 1792 1800 1848 Ro-

2042 1841 2165 1895 629.
2280 1841 2366 1896 17.
2480 1841 2569 1898 38.
2681 1842 2771 1898 42.
2884 1844 2970 1897 12.
3077 1843 3165 1901 13.
3279 1847 3367 1903 16.

1971 1952 2055 2017 (Η.
2105 1953 2206 2018 m)
2260 1950 2485 2021 Syrohis
2514 1967 2637 2007 cum
2688 1951 2974 2007 Persarum
3003 1953 3354 2025 principibus
3377 1970 3515 2010 con-

1895 2044 1975 2092 tra
2002 2045 2217 2109 patrem
2249 2056 2407 2094 suum
2438 2040 2720 2095 Chosroen
2774 2040 3089 2103 insurrexit,
3127 2050 3183 2096 et
3213 2058 3349 2113 pace
3380 2058 3505 2098 eum

1892 2125 2224 2196 imperatore
2244 2126 2490 2183 Heraclio
2522 2126 2867 2195 conﬁrmata,
2896 2134 3106 2199 patrem
3169 2146 3328 2185 suum
3384 2146 3509 2185 cum

1892 2219 2020 2275 ﬁliis
2050 2221 2224 2291 ipsius
2252 2222 2507 2291 peremit,
2535 2228 2589 2276 et
2625 2237 2773 2277 anno
2800 2238 2911 2277 uno
2939 2224 3188 2296 regnavit
3217 2226 3292 2296 (V.
3323 2230 3509 2295 Dag.).

1892 2315 2233 2387 Dagobertus
2263 2314 2396 2369 iram
2426 2316 2594 2386 patris
2651 2316 2736 2370 sui
2797 2317 3035 2372 Lolharii
3069 2318 3216 2390 regis
3256 2319 3509 2388 meritus,

1891 2405 2019 2477 quia
2057 2405 2432 2460 consiliarium
2503 2407 2623 2475 ejus
2662 2422 2849 2465 cesum
2895 2415 2950 2462 et
2994 2408 3288 2464 detonsum
3333 2411 3512 2467 deho-

1893 2509 2221 2567 nestaverat,
2267 2500 2508 2555 Parisius
2561 2501 2630 2555 ad
2694 2502 2982 2557 ecclesiam
3041 2504 3215 2559 sancti
3271 2506 3503 2562 Dionisii

1890 2592 2174 2665 confugit;
2196 2592 2398 2664 etquia
2420 2592 2547 2647 inde
2582 2593 2732 2648 nullo
2754 2593 2919 2649 modo
2952 2595 3161 2649 extrahi
3194 2596 3397 2667 potuit,
3424 2597 3511 2654 lo-

1891 2695 2013 2735 cum
2048 2681 2201 2736 illum
2221 2698 2445 2753 semper
2465 2682 2619 2738 cordi
2647 2683 2857 2738 habuit.
3398 2706 3401 2707 ν

2031 2791 2321 2846 630.18.
2438 2791 2526 2848 39.
2640 2794 2728 2849 43.
2844 2795 2929 2848 13.
3049 2796 3134 2852 1-1.
3270 2796 3358 2852 17.

1962 2898 2237 2968 (A.Leod.)
2278 2898 2423 2954 Obiit
2451 2908 2674 2956 sanctus
2724 2902 2885 2957 Bavo.
2942 2900 3026 2972 (Η.
3074 2903 3507 2976 m.)ileraclius,

1889 2986 2110 3041 Perside
2141 2987 2355 3043 devicta
2400 2995 2454 3043 et
2503 3005 2637 3060 pace
2686 2990 2830 3046 inter
2876 2991 3153 3047 Romanos
3213 3003 3269 3048 et
3312 2994 3509 3051 Persas

1890 3077 2413 3146 conﬁrmata,rediit
2442 3097 2567 3135 cum
2597 3080 2789 3153 gloria.
2822 3082 3019 3154 Syrohi
3083 3100 3213 3159 rege
3266 3093 3508 3154 mortuo,

1890 3168 2085 3224 Adesir
2105 3171 2354 3242 regnavit
2389 3179 2515 3244 post
2573 3188 2722 3242 eum,
2774 3174 2850 3242 (P,
2883 3175 2969 3242 D,)
3004 3176 3343 3233 Adadolaldo
3373 3194 3508 3253 rege

1886 3263 2369 3340 Langobardorum
2424 3267 2686 3334 extincto,
2748 3267 3034 3324 Rotharith
3092 3271 3511 3345 regnavitlpost

1886 3374 2010 3413 eum
2041 3360 2201 3414 annis
2222 3361 2310 3428 16,
2370 3362 2556 3432 (ΒεοΑ,
2609 3368 2669 3417 Η.
2720 3364 2823 3432 m.)
2876 3364 3184 3435 Erpualdus
3241 3381 3357 3435 rex,
3412 3367 3506 3440 qui

1885 3464 2010 3504 cum
2038 3456 2190 3521 patre
2234 3468 2337 3507 suo
2388 3453 2671 3509 Radoaldo
2702 3470 2734 3509 a
2765 3453 2874 3510 ﬁde
2915 3455 3111 3511 Christi
3150 3465 3507 3529 apostatave-

1887 3552 1989 3612 rat,
2021 3561 2185 3599 suasu
2244 3546 2440 3601 Eduini
2495 3548 2643 3623 regis
2682 3564 2804 3604 cum
2846 3556 3010 3621 gente
3039 3567 3137 3606 sua
3177 3551 3507 3610 idololatria:

1886 3635 2238 3691 abrenuntiat
2289 3638 2376 3706 (Η.
2413 3640 2510 3709 m.)
2544 3640 2656 3695 Hoc
2686 3647 2936 3711 tempore
2994 3642 3233 3698 Arabum
3265 3642 3384 3699 sive
3409 3643 3510 3699 Sa-

1888 3739 2212 3778 racenorum
2245 3724 2504 3797 princeps
2534 3734 2650 3781 erat
2679 3727 3050 3798 Muhammad,
3114 3732 3208 3803 qui
3260 3735 3509 3803 pseudo-

1886 3811 2153 3881 prOpheta
2201 3829 2267 3868 ex
2325 3817 2576 3886 orphano
2630 3824 2684 3872 et
2739 3818 2929 3889 inope,
2998 3837 3099 3890 per
3148 3822 3363 3878 heresis
3393 3841 3509 3881 sum

1886 3902 2148 3974 prestigia
2176 3903 2245 3959 ad
2273 3920 2502 3980 regnum
2534 3913 2825 3978 provectus
2850 3916 2956 3975 est,
3015 3909 3110 3965 Hic
3137 3910 3207 3964 de
3239 3913 3507 3985 pregenic

1886 3990 2174 4047 Ismahelis
2204 4002 2376 4059 ortus,
2407 4010 2530 4049 eum
2570 4003 2717 4050 esset
2770 4011 2982 4067 pauper
3040 4005 3094 4053 et
3116 3998 3400 4069 orphanus
3430 4003 3501 4057 ad

1888 4083 2163 4155 quandam
2203 4092 2490 4160 cognatam
2549 4103 2702 4142 suam
2739 4088 3069 4160 predivitem
3110 4090 3336 4146 nomine
3366 4092 3509 4148 Cha-

1888 4176 2094 4251 digam,
2123 4180 2301 4248 primo
2329 4187 2389 4235 ut
2418 4181 2820 4249 mercenarius,
2855 4181 3060 4237 deinde
3088 4189 3148 4237 ut
3177 4197 3414 4254 sponsus
3442 4200 3500 4240 se

1888 4268 2255 4345 conjungens,
2304 4288 2403 4343 per
2451 4288 2571 4328 eam
2618 4271 2819 4329 ditatus
2867 4281 2973 4341 est,
3021 4274 3150 4339 Qua
3197 4290 3323 4329 cum
3355 4291 3505 4351 aegre

182 4333 392 4393 formam
415 4340 575 4396 velut
601 4342 725 4397 sine
755 4344 969 4401 semine
1004 4355 1218 4417 partum
1250 4350 1461 4417 eduxit,
1503 4352 1781 4410 Persidam
1811 4407 1861 4435 η
1887 4333 2073 4426 ferret,
2096 4333 2275 4416 vilium
2306 4333 2604 4435 epileptico
2654 4365 2847 4421 morbo
2888 4333 3094 4433 vexari,
3141 4365 3234 4420 ille
3284 4333 3507 4422 dicebat

1004 4407 1018 4417 _
1449 4407 1460 4417 ,
1887 4407 2073 4426 ---πη
2308 4407 2602 4435 spur...”
2655 4407 2846 4421 ...νων
2897 4407 3094 4433 ...η-..η
3142 4407 3234 4420 ...ν
3285 4407 3499 4422 mw»...

179 4426 498 4497 aggreditur,
529 4445 767 4502 eamque
783 4448 879 4503 per
899 4450 995 4489 sex
1023 4435 1321 4493 continuos
1341 4455 1516 4496 annos
1529 4449 1785 4512 potenter
1811 4407 1862 4474 υ
1886 4449 1990 4503 hoc
2029 4463 2138 4503 non
2158 4465 2281 4505 esse
2310 4451 2584 4520 morbum,
2618 4453 2717 4508 sed
2747 4454 3018 4510 visionem
3046 4454 3366 4528 archangeli
3395 4456 3499 4511 Ga-

180 4515 552 4590 depopulatur.
579 4523 656 4594 (ν.
709 4529 833 4597 Col.)
885 4528 1161 4586 Eustasius
1201 4532 1372 4588 abbas
1422 4536 1783 4595 Luxoviensis
1881 4535 2112 4590 brihelis
2160 4553 2219 4591 se
2276 4537 2497 4593 interim
2527 4515 2735 4601 videre,
2792 4548 2847 4595 et
2902 4542 3033 4613 quia
3072 4515 3356 4613 aspectum
3383 4544 3505 4615 ejus

180 4616 228 4662 et
253 4610 403 4668 Attila
433 4615 735 4671 Bobiensis
755 4627 879 4688 post
909 4620 1305 4679 Columbanum
1337 4625 1563 4684 elarent.
1884 4626 2025 4682 ferre
2057 4642 2166 4683 non
2198 4636 2402 4700 posset,
2445 4639 2634 4685 mente
2694 4610 2935 4687 defecta'
2961 4610 3179 4698 cadere,
3216 4633 3312 4690 llic
3345 4610 3503 4692 coin-

337 4708 460 4765 625.
587 4710 671 4764 13.
784 4714 871 4768 34.
984 4716 1071 4772 38.
1187 4719 1241 4775 8,
1349 4720 1401 4776 9,
1517 4722 1601 4778 12,
1885 4718 2544 4776 municabatchristianis
2600 4730 2655 4775 et
2709 4721 2937 4790 Judaais,
2983 4739 3049 4779 ex
3108 4741 3296 4781 eorum
3365 4728 3504 4785 scri-

241 4798 435 4874 then.)
466 4802 742 4874 Pippinus
773 4806 919 4863 ﬁlius
979 4811 1350 4881 Karlomanni,
1393 4816 1568 4884 major
1586 4818 1785 4874 domus

1925 4809 2060 4864 turis
2084 4827 2238 4865 suam
2267 4812 2827 4884 pseudoprOphetiam
2872 4814 2929 4868 in
2985 4815 3264 4887 aliquibus
3295 4815 3506 4874 conﬁr-

182 4889 310 4961 regis
339 4891 604 4957 Lotharii,
637 4895 1068 4968 principabalur,
1092 4902 1325 4974 Pippino
1357 4904 1412 4958 in
1436 4906 1783 4978 disponenda
1883 4917 2060 4955 mans.
2094 4901 2188 4957 Hic
2215 4902 2472 4970 docebat,
2516 4904 2663 4975 quod
2689 4904 2745 4959 hi
2793 4905 2888 4977 qui
2917 4906 3201 4964 inimicum
3243 4910 3506 4966 occidunt

183 4992 234 5033 re
291 4983 509 5051 publica
550 4987 951 5067 coeperabatur
1009 5000 1234 5049 sanctus
1292 4996 1569 5066 Arnulfus,
1639 5001 1783 5067 ﬁlius
1882 4994 1969 5049 vel
2019 4995 2113 5066 qui
2162 4995 2229 5050 ab
2287 4996 2512 5052 inimico
2557 4997 2906 5066 οεοίάυηῑυπν
2961 5000 3274 5070 Paradisum
3315 5001 3505 5076 ingre-

183 5066 406 5166 Arnoldi,
438 5071 544 5127 ﬁlii
581 5064 855 5144 Ensberti,
909 5094 975 5133 ex
1015 5080 1297 5147 Blithildc,
1331 5081 1442 5138 ﬁlia
1492 5064 1654 5155 primi
1683 5064 1785 5140 Lo-
1887 5064 2129 5155 diantur,
2161 5089 2478 5145 Paradisum
2532 5107 2663 5147 vero
2719 5108 2843 5147 esse
2883 5064 3119 5148 carnalis
3157 5094 3264 5150 cibi
3309 5064 3507 5166 acvpo-

183 5152 326 5250 tharii
360 5161 528 5235 regis.
563 5162 756 5232 (Bsnx,
796 5170 860 5219 11.
899 5168 971 5237 e.)
1000 5168 1240 5225 Mellitus
1275 5171 1468 5227 tertius
1487 5152 1783 5243 Anglorum
1889 5187 2017 5245 tus;
2047 5152 2234 5251 ibique
2277 5197 2398 5236 esse
2446 5180 2672 5238 ﬂuvium
2704 5183 2841 5249 vini,
2892 5184 3050 5240 lactis
3101 5201 3167 5241 ac
3219 5152 3421 5253 mellis,
3448 5194 3507 5241 et

186 5241 463 5317 episcopus
493 5248 654 5304 Obiit-
1886 5269 2178 5325 mixturam
2203 5270 2531 5326 feminarum
2578 5287 2689 5327 non
2722 5273 3104 5345 'presentium,
3146 5274 3243 5329 sed
3273 5274 3503 5329 aliarum

374 5338 498 5395 626.
584 5340 692 5437 14-Δ
748 5340 840 5397 35.
936 5346 1025 5402 39.
1131 5349 1184 5401 9.
1290 5350 1375 5404 10.
1480 5352 1569 5409 13.
1891 5361 2062 5416 multo
2090 5369 2335 5433 tempore
2361 5361 2619 5430 futuram,
2667 5338 3100 5421 et'afﬁuentem'
3143 5366 3504 5437 voluptatem,

247 5426 310 5496 (11
346 5434 442 5504 m.)
477 5434 766 5530 lleraclius
797 5436 1093 5509 imperator
1117 5442 1313 5498 Persas
1342 5444 1556 5502 levibus
1586 5448 1790 5519 praeliis
1893 5456 1947 5505 et
1977 5450 2148 5506 multa
2198 5426 2534 5521 hujusmodi.
2571 5426 2669 5509 llic
2699 5461 2781 5510 est
2829 5455 3198 5522 Muhammad,
3244 5426 3334 5511 cui
3366 5426 3505 5530 gen;

189 5510 485 5590 fmluemcr
515 5522 724 5579 ῖιιηάίι·
1587 5510 1601 5519 ι
1894 5540 2019 5596 tiles
2048 5543 2231 5598 adhuc
2249 5510 2457 5600 cultum
2484 5545 2713 5601 deitatis
2750 5544 3035 5612 exhibent,
3085 5510 3198 5601 llic,
3240 5545 3294 5601 in
3336 5510 3509 5618 rzgno

1523 5644 1743 5700 VARI/E
1785 5646 2161 5705 LECTIONES.

254 5730 293 5766 "
318 5732 599 5794 Johannes
623 5767 687 5778 -—
720 5739 953 5812 capiunt
979 5747 1089 5815 Sig.
1123 5764 1242 5803 cur.
1273 5764 1374 5804 sec.
1412 5754 1467 5805 in
1495 5769 1689 5808 rasura
1719 5771 1735 5820 ;
1769 5757 1884 5811 rcll.
1918 5757 1963 5790 θεῖ
1989 5758 2136 5811 addit
2190 5761 2286 5813 rell
2316 5777 2333 5826 ;
2363 5762 2427 5815 de
2443 5768 2574 5815 sunt
2603 5761 2662 5815 A.
2697 5763 2743 5795 οδ
2767 5758 3093 5833 Tungros-sis
3117 5759 3226 5826 Sig.
