3894 6220
320 254 419 307 119

318 384 713 436 Saracenorum
742 385 974 449 quatuor
1027 382 1276 446 pretores
1328 373 1535 436 statuit,
1583 370 1677 441 qui
1734 368 1924 423 amirei
1948 371 1999 438 Α

317 470 673 535 vocabantur,
704 468 824 537 Ipse
869 479 998 520 vero
1029 464 1230 517 amiras
1273 462 1559 516 dicebatur
1606 461 1689 515 vel
1741 465 1923 529 proto-

1527 241 1871 296 SlGEBERTl
1914 236 2422 293 GEMBLACENSIS.

3541 229 3663 284 120

2167 365 2292 420 634.
2422 363 2510 416 22.
2649 363 2703 414 2.
2840 360 2892 416 3.
3030 360 3080 413 ιί.
3220 359 3291 412 18
3427 358 3491 411 21

2093 475 2280 544 (Bsns,
2309 470 2472 540 11.6.)
2528 468 2751 524 Comani
2807 474 2862 522 et
2908 464 3177 521 Saraceni
3237 464 3395 519 vario
3436 468 3653 519 eventu

319 559 605 614 simbolus.
672 557 749 620 (G.
808 572 857 609 ν.
922 555 1008 623 F.)
1064 552 1407 627 Dagobertus
1470 567 1561 605 rex
1618 549 1927 604 Saxonibus

2101 562 2348 635 nﬂigunt.
2407 560 2770 614 Successores
2797 555 2993 610 Eduini
3026 555 3171 625 regis
3197 554 3266 609 ad
3326 552 3651 608 idolatriam

323 648 470 702 bello
502 642 1109 713 eoncurrit;cuipater
1164 641 1454 696 Lotharius
1512 656 1599 693 rex
1633 654 1927 695 accurrens
2028 650 2258 706 τειοοιυιί
2293 691 2307 717 ,
2362 663 2487 703 mox
2550 654 2678 700 sum
2754 661 2785 699 η
2857 644 3094 699 Ceduala
3156 658 3285 718 rege
3319 641 3652 713 perempti.

323 735 550 800 auxilio,
582 733 869 787 interfecto
922 730 1175 785 Bertaldo
1224 730 1363 783 duce
1406 728 1705 792 Saxonum,
1748 727 1925 781 victo-

325 832 461 885 riam
490 828 729 899 optinuit
763 845 777 892 ;
812 836 866 881 et
896 840 1202 898 pervagans
1224 839 1445 878 omnem
1468 822 1784 885 Saxoniam,
1809 821 1932 875 nul-

328 922 441 976 lum
473 918 701 975 omnino
740 919 1038 981 Saxonum,
1089 931 1398 970 mensuram
1458 914 1624 986 gladii
1652 913 1734 967 sui
1768 928 1930 967 exce-

331 1016 575 1079 dentem,
604 1013 815 1067 dimisit
851 1011 1125 1065 viventem
1157 1010 1223 1066 9".

402 1110 499 1163 631
561 1109 620 1162 R.
648 1108 732 1163 19.
780 1107 833 1160 Ρ.
868 1105 954 1160 49.
1002 1106 1057 1159 F.
1101 1105 1187 1158 44.
1243 1104 1298 1157 L.
1339 1105 1383 1158 1.
1420 1104 1594 1158 A.15.
1639 1103 1721 1156 W.
1775 1104 1863 1156 18.

405 1201 499 1269 (ΙΙ.
557 1201 650 1265 m.)
700 1196 977 1250 Heraclius
1044 1195 1361 1265 imperator,
1414 1193 1634 1247 Perside
1701 1192 1935 1258 devicta,

332 1290 640 1346 Zachariam
712 1288 1071 1358 patriarcham
1136 1302 1262 1341 cum
1318 1285 1657 1359 captivorum
1732 1284 1940 1354 populo

336 1381 668 1435 Hierusalem
686 1377 898 1432 reducit
924 1396 941 1443 ;
967 1377 1019 1430 el
1051 1383 1295 1431 sanctam
1336 1391 1554 1429 crucem
1606 1373 1819 1429 Domini
1854 1389 1944 1427 rc-

337 1483 580 1549 portans,
614 1491 736 1529 eum
774 1472 924 1547 regio
974 1480 1211 1526 scemate
1258 1480 1484 1525 ornatus
1539 1476 1748 1540 portam
1782 1468 1945 1523 vellet

338 1572 559 1633 intrare,
593 1583 692 1638 per
720 1581 881 1637 quam
913 1564 1070 1619 Jesus
1096 1563 1162 1617 ad
1203 1579 1420 1618 crucem
1453 1562 1797 1615 subeundam
1832 1561 1943 1614 exi-

339 1666 433 1727 vit,
459 1670 613 1733 porta
642 1659 910 1713 divinitus
932 1658 1122 1712 clausa
1144 1664 1261 1720 est;
1304 1656 1467 1726 eique
1501 1670 1715 1709 rursum
1747 1655 1814 1709 ad
1838 1672 1923 1709 me

342 1752 518 1805 nilum
545 1748 727 1823 angeli
781 1746 1068 1800 humiliato
1123 1752 1180 1799 et
1225 1745 1574 1810 discalceato,
1622 1753 1777 1814 porta
1809 1745 1950 1799 ultro

342 1851 531 1916 aperta
551 1849 631 1897 est
660 1860 674 1905 ;
706 1841 845 1894 etita
874 1855 1035 1894 cruce
1077 1839 1267 1903 relata,
1319 1838 1695 1893 celebritatem
1748 1839 1951 1892 exalta-

344 1935 510 1991 tionis
537 1934 656 2001 ejus
670 1931 952 1986 annuatim
970 1929 1263 1987 dedicavit.
1298 1931 1452 2000 Apud
1477 1931 1669 1984 Persas
1706 1930 1952 1985 Ormisda

348 2036 542 2105 regnat
570 2026 729 2083 annis
754 2027 822 2081 10
848 2026 950 2080 sub
1004 2025 1310 2080 Saracenis.
1353 2026 1431 2089 (ϐ.
1466 2042 1514 2078 r.
1577 2025 1658 2094 F.)
1702 2023 1953 2078 Lethario

347 2118 609 2174 mediano
636 2118 965 2170 Francorum
999 2131 1128 2188 rege
1155 2120 1394 2180 mortuo,
1451 2113 1793 2187 Dagobertus
1810 2111 1957 2166 ﬁlius

351 2215 472 2284 ejus
501 2217 691 2283 regnat
714 2217 836 2281 post
862 2226 987 2264 eum
1019 2208 1179 2263 annis
1209 2209 1273 2263 14
1302 2208 1367 2261 9⁸.

494 2301 617 2357 632.
718 2299 807 2355 20.
910 2299 998 2352 41.
1147 2299 1197 2351 1.
1349 2297 1403 2349 2.
1555 2294 1637 2348 16.
1725 2296 1814 2349 19.

425 2398 517 2459 (Η.
548 2396 651 2466 m.)
690 2394 970 2461 Saraceni,
1003 2393 1097 2465 qui
1145 2394 1412 2447 hactenus
1442 2388 1658 2443 fuerant
1686 2388 1788 2443 sub
1831 2388 1961 2444 Per-

354 2503 535 2542 sarum
566 2501 757 2558 regno,
787 2500 884 2539 eos
929 2483 1080 2538 bello
1135 2482 1308 2537 vietos
1370 2498 1528 2537 versa
1581 2482 1700 2536 vice
1731 2482 1833 2535 sub
1861 2496 1963 2536 suo

355 2582 611 2653 redigunt
632 2580 900 2636 dominio.
930 2579 1008 2632 Ab
1041 2579 1169 2633 hinc
1195 2593 1294 2649 pro
1328 2577 1807 2651 regnofPersarum
1839 2576 1964 2630 titu-

356 2671 579 2726 landum
611 2677 694 2725 est
712 2685 941 2741 regnum
976 2662 1395 2721 saracenorum.
1442 2665 1809 2729 Muhammad,
1830 2663 1966 2719 ami-

359 2779 448 2817 ras
485 2763 879 2817 Saracenorum
940 2758 1173 2814 moritur
1215 2776 1229 2823 ;
1276 2764 1396 2828 post
1450 2773 1612 2827 quem
1676 2756 1971 2810 Ebuheher

361 2854 536 2910 tribus
573 2853 733 2907 annis
762 2852 1119 2922 principatur.
1143 2850 1265 2920 (1b.)
1294 2850 1644 2904 Terremotus
1672 2846 1846 2902 factus
1867 2855 1969 2915 est,

365 2956 420 3001 et
464 2962 567 3018 per
595 2945 816 3018 triginta
847 2942 966 2997 dies
987 2941 1242 3012 apparuit
1289 2940 1343 2994 in
1368 2939 1735 3011 caelo:signum
1767 2939 1820 2992 in
1854 2956 1972 2994 m0-

2033 743 2253 814 [(Fnso.)
2296 740 2634 812 Dagobertus
2658 753 2751 791 rex
2784 736 3009 790 Sclavos
3031 735 3179 789 bello
3208 734 3455 790 devincit
3478 733 3575 804 09.]

2138 860 2260 913 635.
2412 856 2482 913 23
2609 854 2642 910 3
2807 853 2837 907 4
3018 851 3053 905 5
3196 851 3266 913 19
3373 850 3463 906 22.

2107 968 2201 1033 (Η.
2225 966 2325 1033 m.)
2349 962 2639 1018 Ebubeher
2664 959 2864 1013 amiras
2894 957 3146 1023 moritur,
3171 966 3295 1029 post
3314 973 3477 1029 quem
3502 957 3656 1011 Hau-

2039 1070 2153 1108 mar
2183 1053 2343 1107 annis
2384 1053 2448 1107 12
2479 1049 2838 1123 principatur.
2897 1048 3186 1102 Saracenis
3239 1048 3449 1119 Syriam
3503 1045 3661 1101 infe-

2037 1143 2327 1207 stantibus,
2391 1140 2672 1194 Heraclius
2734 1152 2956 1192 crucem
3016 1144 3261 1191 sanctam
3316 1136 3535 1190 Domini
3584 1134 3661 1190 ab

2042 1233 2380 1287 Hierusalem
2413 1229 2937 1300 ConstantinOpolim
2964 1228 3259 1282 transtulit.
3286 1228 3471 1297 (Br-ma,
3502 1232 3562 1282 Η
3588 1228 3662 1295 e.)

2044 1324 2323 1379 Oswaldus
2345 1322 2489 1377 filius
2518 1321 2769 1376 Edilfridi
2803 1320 2971 1392 regis,
3021 1335 3192 1393 regno
3211 1318 3668 1389 Nordanymbro-

2046 1434 2161 1472 rum
2194 1423 2313 1488 post
2348 1416 2614 1469 Eduinum
2645 1419 2923 1483 suscepto,
2955 1411 3242 1466 Cedualam
3294 1428 3479 1482 regem
3510 1411 3665 1465 Brit-

2045 1514 2233 1561 tonum
2268 1504 2488 1575 perimit
2521 1521 2535 1569 ;
2577 1511 2630 1557 et
2655 1503 2785 1574 quia
2818 1500 2981 1556 ﬁdem
3031 1500 3229 1556 Christi
3254 1502 3448 1566 tenuit,
3486 1517 3671 1571 super

2048 1617 2241 1657 omnes
2266 1600 2556 1653 Britanniae
2589 1614 2746 1672 reges
2802 1596 3054 1660 eminuit,
3088 1604 3143 1651 et
3182 1604 3416 1667 quatuor
3444 1596 3674 1669 lingua-

3199 851 3266 906 19

1931 1684 2025 1761 TI}
2051 1705 2171 1742 rum
2212 1698 2425 1761 gentes,
2470 1687 2671 1753 Pictos,
2712 1686 2945 1752 Scottos,
3005 1685 3279 1739 Brittones
3328 1693 3384 1738 et
3433 1683 3670 1757 Anglos,

2052 1779 2154 1835 sub
2212 1779 2433 1833 dicione
2486 1777 2717 1848 accepit.
2758 1776 2929 1830 Aidan
2985 1776 3300 1846 episcopus,
3344 1775 3518 1830 sancti
3549 1774 3671 1830 C0-

2054 1867 2253 1920 lumbae
2293 1865 2601 1936 discipulis,
2644 1881 2674 1918 a
2732 1863 2939 1921 Scottia
2981 1864 3231 1932 veniens,
3263 1863 3410 1933 apud
3440 1862 3675 1937 Anglos,

2055 1957 2293 2011 clarebat
2322 1957 2610 2011 sanctitate
2642 1963 2696 2010 et
2725 1954 2994 2010 doctrina.
3066 1954 3290 2026 [(Faao.)
3324 1952 3678 2027 Dagobertus

2058 2065 2146 2104 rex
2173 2048 2473 2103 Wascones
2491 2047 2636 2103 bello
2669 2046 2910 2102 devincit
2933 2046 3020 2100 ιοο.

2230 2160 2336 2217 636
2459 2159 2530 2215 24
2638 2160 2664 2213 1
2777 2160 2813 2212 5
2991 2159 3026 2211 6
3207 2157 3277 2211 20
3422 2155 3493 2210 23

2132 2278 2214 2343 (ϐ.
2264 2278 2441 2348 poni.)
2477 2277 2798 2332 Theodorus
2827 2275 3086 2330 Romana:
3112 2273 3376 2329 aecclesiae
3407 2270 3535 2326 '10ns
3556 2287 3690 2341 pre-

2062 2367 2224 2423 sidet.
2256 2368 2351 2433 (Η.
2384 2367 2480 2431 m.)
2512 2363 2768 2421 Saraceni
2802 2369 2962 2435 capta
3006 2363 3292 2429 Damasco,
3337 2360 3597 2415 Fenicem
3630 2366 3692 2415 et

2066 2455 2355 2530 [Egyptum
2385 2462 2676 2525 occupant.

2244 2566 2345 2624 637
2481 2568 2552 2622 25
2686 2568 2722 2621 2
2889 2568 2920 2620 7
3057 2568 3092 2619 8
3222 2565 3284 2618 21
3432 2560 3501 2617 24

2144 2680 2430 2750 [(Amorx.,
2464 2695 2536 2745 ιν,
2564 2677 2677 2745 At.)
2705 2676 2992 2732 Florebant
3044 2676 3099 2729 in
3158 2672 3386 2728 Francia
3412 2673 3520 2726 hoc
3543 2677 3692 2724 tem-

2073 2788 2205 2842 pore
2234 2781 2340 2827 tres
2356 2771 2570 2835 fratres,
2600 2770 2736 2837 Ado,
2772 2769 2945 2835 Rado,
2974 2767 3146 2831 Dado,
3170 2765 3263 2837 qui
3308 2771 3363 2820 et
3384 2763 3695 2819 Audoenus

2074 2865 2254 2920 dictus
2270 2872 2354 2919 est
2388 2881 2403 2941 ;
2436 2863 2529 2934 qui
2560 2878 2714 2917 suam
2742 2876 2872 2935 erga
2893 2861 3063 2915 Deum
3111 2856 3460 2913 devotionem
3499 2862 3698 2910 osten-

2076 2962 2273 3016 derunt
2298 2959 2500 3032 singuli
2527 2958 2746 3030 singula
2764 2956 2999 3012 cenobia
3046 2952 3350 3009 fundando.
3386 2951 3457 3005 Ex
3477 2948 3695 3021 quibus

365 3041 494 3095 dum
526 3035 717 3109 gladiiv
750 3034 1087 3106 Ρθτίθηδθηδ
1139 3032 1516 3086 imminentem
1577 3031 1971 3085 saracenomm
2000 3035 2048 3101 C
2080 3049 2226 3104 Dado
2258 3048 2359 3103 fuit
2393 3031 2811 3102 referendarius
2848 3042 3140 3115 Dagoberti
3192 3039 3359 3111 regis.
3418 3035 3699 3092 Referen-

367 3132 727 3200 potentatum.
754 3124 933 3194 (BEDA.
972 3123 1040 3176 Η.
1077 3124 1150 3188 e.)
1208 3120 1452 3174 Eduinus
1507 3136 1597 3174 rex
1638 3119 1978 3189 Nordanym-

366 3218 589 3272 brorum
623 3212 860 3269 aPenda
891 3218 947 3266 et
976 3209 1211 3265 Ceduala
1234 3225 1362 3283 rege
1396 3209 1697 3263 Brittonum
1755 3207 1977 3279 perimi-

373 3316 477 3370 tur,
501 3313 556 3360 et
586 3304 725 3358 ﬁdes
764 3302 959 3356 Christi
990 3301 1047 3355 in
1074 3300 1267 3371 Anglia
1298 3298 1630 3354 concutitur.

506 3396 630 3453 633.
777 3393 869 3460 21,
1018 3392 1067 3445 1.
1180 3389 1214 3444 2
1348 3389 1397 3445 3.
1552 3390 1632 3442 t7.
1744 3389 1835 3443 20.

444 3486 525 3557 (G.
560 3502 618 3556 ῃ.
646 3481 811 3551 Man.)
844 3480 1137 3535 Severinus
1154 3478 1411 3533 Romana
1448 3477 1711 3533 tecclesiae
1755 3479 1903 3542 68ης,
1927 3484 1982 3531 et

375 3585 500 3651 post
552 3593 679 3632 eum
709 3575 985 3631 Iohannes
1039 3571 1323 3625 LXVllllus
1377 3569 1639 3639 presidet.
1708 3570 1982 3624 Heraclius

377 3673 675 3743 imperator
704 3667 957 3722 incidens
1012 3664 1068 3718 in
1116 3662 1354 3717 heresim
1405 3661 1983 3727 Monothelitarum,id

376 3777 459 3823 est
486 3782 650 3823 unam
683 3762 1064 3836 operationem
1109 3760 1164 3814 in
1198 3758 1406 3815 Christo
1459 3759 1825 3823 credentium,
1859 3773 1988 3813 eon-

377 3861 521 3917 fudit
557 3858 865 3916 aecclesiam
893 3864 948 3912 et
976 3854 1267 3927 imperium
1302 3873 1317 3918 ;
1354 3863 1545 3910 contra
1574 3853 1836 3908 malitiam
1869 3853 1989 3920 ejus
2043 3874 2055 3885 -

377 3958 657 4026 pugnante
686 3947 1098 4021 perturbatione
1126 3946 1372 4001 omnium
1396 3961 1598 3999 rerum.
1643 3945 1737 4008 (Η.
1769 3943 1868 4009 m.)
1902 3943 1988 3996 ln-

378 4049 463 4097 ter
488 4040 763 4096 Romanos
792 4046 848 4093 et
873 4037 1175 4091 Saracenos
1203 4034 1410 4089 bellum
1444 4031 1773 4103 impacabile
1815 4031 1992 4086 oritur

380 4133 485 4187 hac
512 4130 771 4194 decausa,
815 4128 946 4200 quia
989 4144 1113 4183 cum
1151 4126 1377 4197 quidam
1438 4122 1612 4193 spado
1646 4121 1992 4191 imperatoris

384 4222 617 4280 Heraclii
641 4221 993 4276 distribueret
1012 4234 1175 4292 rogas
1206 4216 1498 4281 militibus,
1531 4231 1655 4269 cum
1688 4214 1829 4267 inter
1853 4214 1992 4268 alios

384 4313 548 4368 etiam
574 4310 830 4366 Saraceni
858 4309 961 4363 sub
992 4308 1323 4379 imperatore
1387 4304 1688 4357 militantes
1708 4302 1995 4358 venissent

2079 3140 2264 3195 darius
2305 3147 2488 3195 autem
2520 3138 2823 3203 dicebatur,
2864 3136 2930 3189 ad
2976 3149 3140 3206 quem
3184 3130 3419 3203 publica?
3451 3128 3706 3184 conscri-

2080 3233 2296 3304 ptiones
2326 3230 2726 3293 referebantur,
2776 3236 2835 3283 ut
2875 3245 2976 3299 per
3004 3243 3129 3281 eum
3173 3224 3337 3279 anulo
3376 3238 3476 3277 seu
3515 3220 3703 3295 sigillo

2083 3322 2227 3392 regis
2258 3319 2735 3375 confirmarentur.
2782 3318 2890 3372 Hos
2936 3316 3004 3371 ad
3037 3317 3143 3371 hoc
3193 3311 3458 3368 animavit
3487 3310 3705 3381 Eligius

2083 3409 2316 3473 aurifex,
2362 3410 2474 3477 jam
2532 3407 2737 3462 dudum
2775 3407 2831 3459 in
2887 3404 3010 3459 aula
3038 3403 3184 3477 regis
3218 3400 3458 3457 Letharii
3494 3399 3702 3461 clarus,

2084 3499 2176 3570 qui
2211 3498 2373 3553 etiam
2419 3512 2483 3550 ex
2526 3496 2673 3550 dono
2717 3493 3009 3567 Dagoberti
3042 3491 3188 3564 regis
3227 3489 3337 3560 10‘],
3383 3488 3703 3545 Solemnia-

2084 3610 2206 3650 cum
2257 3590 2651 3647 monasterium
2706 3589 3032 3653 construxit,
3077 3586 3174 3640 ubi
3225 3591 3450 3639 sanctus
3500 3583 3708 3638 Rema-

2084 3687 2201 3742 clus
2227 3685 2295 3740 ab
2324 3682 2617 3754 Aquitania
2665 3680 2916 3745 veniens,
2973 3694 3035 3733 se
3087 3678 3145 3731 in
3209 3675 3403 3730 Christi
3444 3674 3707 3730 tirocinio

2086 3778 2191 3833 sub
2245 3793 2312 3832 eo
2344 3773 2717 3830 exercendum
2763 3770 2934 3826 dedit.
3004 3770 3202 3824 Sancta
3266 3768 3445 3822 Aurea
3491 3766 3709 3845 claruit,

2091 3884 2254 3940 quam
2289 3864 2493 3938 Eligius
2548 3859 2885 3916 monasterio
2938 3858 3211 3931 virginum
3267 3873 3299 3911 a
3353 3872 3413 3912 se
3463 3856 3711 3911 Parisius

2091 3965 2404 4017 constructo
2428 3953 2681 4027 prefeeit.
2722 3953 2975 4025 [Sanctus
3000 3967 3133 4007 vero
3187 3950 3336 4006 Dado
3390 3948 3709 4005 cmnobium

2092 4049 2233 4104 intra
2258 4047 2611 4118 Briegensem
2655 4041 2852 4096 saltum
2910 4039 3234 4103 construxit,
3257 4036 3405 4109 quod
3447 4036 3712 4091 Resbacis

2093 4139 2292 4194 dicitur
2324 4156 2338 4201 ;
2372 4136 2427 4189 in
2460 4148 2569 4206 quo
2616 4138 2866 4186 sanctum
2908 4129 3121 4204 Agilum
3166 4128 3405 4199 primum
3447 4125 3706 4180 abbatem

2092 4228 2327 4302 prefccit
2350 4227 2457 4299 ‘0’].

2513 4329 2580 4387 37
2762 4327 2795 4384 3
2924 4327 2954 4382 7
3099 4324 3132 4379 8
3269 4323 3339 4376 12
3465 4321 3538 4376 25

385 4402 453 4457 ad
491 4398 866 4471 accipiendam
899 4412 1109 4471 regam,
1142 4394 1390 4465 spadone
1420 4392 1774 4464 indignanter
1800 4391 1880 4445 eis
1909 4391 2072 4489 di-D
2171 4441 2233 4509 (ν
2309 4438 2449 4504 Am)
2505 4435 2737 4489 Sanctus
2779 4431 3058 4486 Amandus
3126 4426 3433 4501 Tungrensi
3493 4426 3716 4497 episco_

496 4500 508 4509 .
625 4495 717 4509 ..οη
760 4507 789 4509 η
822 4492 952 4509 ιιοΑξι
988 4492 1271 4509 :__----_.._4-..
1327 4487 1453 4509 ΔΑ..-
1498 4483 1761 4509 mnum..-
1797 4498 1951 4509 ..-ι-,η
1983 4504 1994 4509 -
2237 4479 2248 4492 ⁸
2416 4478 2427 4489 ⁹
3068 4472 3081 4496 ⁷

387 4500 549 4549 cente
577 4510 590 4557 ;
625 4495 720 4548 Via:
745 4492 952 4558 sufﬁcit
982 4492 1271 4557 imperator
1320 4487 1453 4540 dare
1497 4483 1761 4537 militibus
1797 4498 1951 4552 rogas
1979 4504 1994 4538 :

387 4591 590 4657 quanto
611 4587 783 4653 magis
807 4582 1032 4637 canibus
1093 4581 1229 4645 istis,
1261 4577 1339 4632 illi
1391 4576 1580 4631 dolore
1611 4584 1662 4629 et
1683 4575 1893 4645 pudore
1915 4576 2003 4630 in-

390 4674 565 4741 citati,
594 4679 763 4729 totam
804 4671 1200 4725 Saracenorum
1230 4671 1462 4738 gentem
1518 4664 1586 4718 ad
1618 4663 1999 4719 rebellandum

392 4762 644 4816 incitant.
685 4758 885 4814 Amirei
908 4757 1304 4811 Saracenorum
1358 4753 1631 4808 Romanos
1666 4753 2001 4827 aggrediun-

395 4861 503 4918 tur,
535 4858 591 4907 et
619 4866 740 4907 cum
764 4848 953 4904 multis
1003 4855 1113 4900 tres
1143 4844 1335 4898 amirei
1368 4860 1398 4898 a
1429 4844 1686 4899 Romanis
1717 4844 2001 4914 perimun-

397 4956 501 5000 tur.
536 4946 606 5015 (V.
643 4948 697 5000 S.
727 4944 875 5013 Am)
933 4940 1243 5015 Sigibertus
1284 4939 1466 4995 infans
1516 4937 1661 4992 filius
1705 4937 1998 5012 Dagoberti

400 5035 548 5108 regis
573 5052 605 5089 a
633 5040 823 5089 saneto
865 5031 1112 5086 Amando
1144 5029 1450 5101 baptizatur
1495 5048 1510 5096 ;
1542 5029 1636 5085 ubi
1695 5027 2005 5083 tacentibus

399 5124 633 5189 cunctis,
676 5123 792 5193 ipse
821 5119 1003 5174 infans
1039 5118 1108 5175 40
1136 5118 1349 5174 dierum
1378 5124 1548 5175 Amen
1613 5115 1921 5188 respondit,
1951 5125 2007 5171 et

401 5216 678 5272 Amandus
706 5212 1135 5286 Trajectensium
1165 5211 1462 5284 episcopus
1481 5210 1786 5267 ordinatur.

2103 4535 2230 4600 patu
2272 4524 2609 4598 posthabito,
2652 4522 2807 4577 verbi
2850 4523 3015 4576 instat
3057 4518 3263 4575 officio.
3300 4516 3415 4571 Sub
3464 4516 3572 4571 hoc
3590 4531 3719 4570 san-

2102 4629 2222 4676 ctus
2248 4616 2597 4673 Landoaldus
2626 4615 2832 4680 floruit,
2880 4613 2973 4686 qui
2996 4611 3169 4666 tilium
3198 4610 3329 4681 Apri
3359 4607 3461 4662 viri
3496 4607 3723 4662 illustris

2103 4710 2472 4772 Lambertum,
2497 4713 2620 4780 post
2648 4707 2968 4777 episcopum
2997 4710 3051 4759 et
3076 4709 3371 4772 martyrem
3397 4698 3667 4762 futurum,
3689 4713 3718 4750 a

2104 4817 2273 4874 puero
2303 4801 2583 4866 imbuens,
2610 4800 2667 4853 in
2715 4798 2865 4852 viam
2897 4795 2991 4851 Dei
3039 4792 3275 4849 induxit.
3309 4794 3386 4860 (Α.
3425 4789 3538 4859 m.)
3561 4789 3718 4843 Sara-

2103 4891 2225 4947 ceni
2264 4888 2602 4944 Hierusalem
2643 4885 2870 4941 biennio
2901 4885 3181 4940 obsessam
3240 4881 3489 4951 capiunt.
3514 4878 3717 4932 Roma-

2107 4980 2253 5035 ricus
2284 4978 2454 5033 abbas
2500 4985 2554 5032 et
2576 4975 2835 5032 Goericus
2879 4971 3230 5028 Mettensium
3282 4968 3582 5040 epiSCOpus
3609 4964 3722 5020 cla-

2108 5078 2249 5126 rent.

1746 5315 1965 5370 VARl/E
1994 5310 2372 5369 LECTIONES.

472 5419 515 5453 9'1
580 5433 665 5472 ua,

400 5494 477 5547 an
511 5435 597 5560 ιβ.
632 5490 657 5542 τ

691 5422 992 5485 sequuntur
1019 5431 1183 5484 usque
1206 5416 1276 5469 ad
1304 5431 1356 5468 a.
1386 5414 1804 5485 65‘2_e.riderunt
1858 5412 1928 5467 F3
1940 5455 1954 5485 ._
2001 5411 2497 5485 9f’utotumganii-um
2546 5406 2656 5474 Sig.
2690 5420 2807 5468 cur,
2834 5418 2938 5485 sec.
2971 5404 3030 5484 in
3058 5411 3256 5482 rasura
3282 5395 3517 5485 scripsit:
3549 5391 3595 5425 θ’
3621 5393 3722 5446 ad-

632 5466 1074 5557 iO—rjci'lfprieter
1084 5466 1171 5540 1A:
1193 5466 1269 5520 166‘
1286 5466 1392 5539 add
1432 5466 1681 5557 4ρζ
1706 5466 1992 5557 printer-ﬁ.
2024 5482 2086 5557 ξ⁰¹
2115 5482 2325 5557 partim
2354 5483 2428 5557 in_
2464 5466 2682 5557 rasura,
2733 5466 2939 5557 natura.
2987 5472 3189 5557 2.1.1.2'1210
3213 5466 3552 5557 pag‘int‘thitu
3574 5478 3722 5557 nni-

615 5533 695 5634 1.7..
1192 5533 1991 5634 guivlitibe—tr:vliligiusauri‘fex
2024 5533 2132 5634 iani
2164 5550 2368 5634 dudum
2417 5549 2472 5634 in
2495 5548 2620 5634 aula
2652 5533 2798 5634 regis
2826 5541 3060 5634 Letharii
3088 5533 3276 5634 clarus.
3293 5533 3365 5591 ex
3388 5535 3539 5589 dono
3574 5533 3717 5606 regis

714 5609 1523 5684 adhuclaicusSolenniaeum.
1553 5609 1846 5693 Itauagitur
1872 5624 1982 5692 Sig.
2014 5609 2190 5691 primo
2215 5622 2470 5675 ediderat.
2501 5619 2569 5654 ¹⁰²
2596 5609 2747 5673 addit
2772 5617 2853 5678 1γ.
2882 5616 2994 5669 reti.
3023 5616 3220 5681 printer
3245 5609 3306 5661 A.
