  <div class='ocr_page' id='page_1' title='image "/cluster/home/n/w/nwhite01/storage/ocr_20150623/160/uva.x000829802/066.png"; bbox 0 0 3894 6220; ppageno 0'>
   <div class='ocr_carea' id='block_1_1' title="bbox 170 311 2017 369">
    <p class='ocr_par' dir='ltr' id='par_1_1' title="bbox 170 311 2017 369">
     <span class='ocr_line' id='line_1_1' title="bbox 170 311 2017 369; baseline 0.001 -4"><span class='ocrx_word' id='word_1_1' title='bbox 170 311 255 365; x_wconf 85' lang='lat'><strong>121</strong></span> <span class='ocrx_word' id='word_1_2' title='bbox 1672 311 2017 369; x_wconf 79' lang='lat' dir='ltr'><strong>CHRONICA.</strong></span> 
     </span>
    </p>
   </div>
   <div class='ocr_carea' id='block_1_2' title="bbox 294 440 3512 522">
    <p class='ocr_par' dir='ltr' id='par_1_2' title="bbox 294 440 3512 522">
     <span class='ocr_line' id='line_1_2' title="bbox 294 440 3512 522; baseline 0.005 -27"><span class='ocrx_word' id='word_1_3' title='bbox 294 440 423 495; x_wconf 88' lang='lat'><strong>639.</strong></span> <span class='ocrx_word' id='word_1_4' title='bbox 508 440 572 495; x_wconf 74' lang='grc' dir='ltr'><strong>Β.</strong></span> <span class='ocrx_word' id='word_1_5' title='bbox 619 440 713 493; x_wconf 87' lang='lat'><strong>27.</strong></span> <span class='ocrx_word' id='word_1_6' title='bbox 794 440 849 494; x_wconf 92' lang='lat' dir='ltr'><strong>S.</strong></span> <span class='ocrx_word' id='word_1_7' title='bbox 890 441 943 493; x_wconf 86' lang='lat'><strong>4.</strong></span> <span class='ocrx_word' id='word_1_8' title='bbox 1026 440 1073 493; x_wconf 73' lang='grc' dir='ltr'><strong>Ρ.</strong></span> <span class='ocrx_word' id='word_1_9' title='bbox 1119 440 1172 494; x_wconf 88' lang='lat'><strong>8.</strong></span> <span class='ocrx_word' id='word_1_10' title='bbox 1254 441 1308 494; x_wconf 90' lang='lat' dir='ltr'><strong>L.</strong></span> <span class='ocrx_word' id='word_1_11' title='bbox 1350 442 1403 496; x_wconf 88' lang='lat'><strong>9.</strong></span> <span class='ocrx_word' id='word_1_12' title='bbox 1480 442 1537 494; x_wconf 86' lang='grc' dir='ltr'><strong>Λ.</strong></span> <span class='ocrx_word' id='word_1_13' title='bbox 1580 441 1670 498; x_wconf 89' lang='lat'><strong>23.</strong></span> <span class='ocrx_word' id='word_1_14' title='bbox 1822 444 1873 511; x_wconf 81' lang='grc' dir='ltr'><strong>Α</strong></span> <span class='ocrx_word' id='word_1_15' title='bbox 1906 441 2094 513; x_wconf 89' lang='lat' dir='ltr'><strong>templi</strong></span> <span class='ocrx_word' id='word_1_16' title='bbox 2135 451 2278 499; x_wconf 89' lang='lat' dir='ltr'><strong>stare</strong></span> <span class='ocrx_word' id='word_1_17' title='bbox 2322 446 2514 515; x_wconf 84' lang='lat' dir='ltr'><strong>potuit.</strong></span> <span class='ocrx_word' id='word_1_18' title='bbox 2564 446 2763 518; x_wconf 59' lang='lat' dir='ltr'><strong>(Fusa)</strong></span> <span class='ocrx_word' id='word_1_19' title='bbox 2796 448 2852 503; x_wconf 90' lang='lat' dir='ltr'><strong>in</strong></span> <span class='ocrx_word' id='word_1_20' title='bbox 2905 449 3180 522; x_wconf 83' lang='lat' dir='ltr'><strong>Hispaniis</strong></span> <span class='ocrx_word' id='word_1_21' title='bbox 3206 454 3512 514; x_wconf 84' lang='lat' dir='ltr'><strong>Suiutilane</strong></span> 
     </span>
    </p>
   </div>
   <div class='ocr_carea' id='block_1_3' title="bbox 890 525 3513 611">
    <p class='ocr_par' dir='ltr' id='par_1_3' title="bbox 890 525 3513 611">
     <span class='ocr_line' id='line_1_3' title="bbox 890 525 3513 611; baseline 0.007 -31"><span class='ocrx_word' id='word_1_22' title='bbox 890 526 972 581; x_wconf 88' lang='lat' dir='ltr'><strong>W.</strong></span> <span class='ocrx_word' id='word_1_23' title='bbox 1015 525 1105 581; x_wconf 88' lang='lat'><strong>26.</strong></span> <span class='ocrx_word' id='word_1_24' title='bbox 1902 528 1975 583; x_wconf 93' lang='lat' dir='ltr'><strong>ob</strong></span> <span class='ocrx_word' id='word_1_25' title='bbox 2005 530 2386 586; x_wconf 84' lang='lat' dir='ltr'><strong>crudelitatem</strong></span> <span class='ocrx_word' id='word_1_26' title='bbox 2420 549 2572 587; x_wconf 88' lang='lat' dir='ltr'><strong>suam</strong></span> <span class='ocrx_word' id='word_1_27' title='bbox 2623 550 2653 589; x_wconf 91' lang='lat' dir='ltr'><strong>a</strong></span> <span class='ocrx_word' id='word_1_28' title='bbox 2711 535 3034 611; x_wconf 88' lang='lat' dir='ltr'><strong>Wisigothis</strong></span> <span class='ocrx_word' id='word_1_29' title='bbox 3078 544 3387 611; x_wconf 82' lang='lat' dir='ltr'><strong>reprobato,</strong></span> <span class='ocrx_word' id='word_1_30' title='bbox 3433 547 3513 599; x_wconf 84' lang='lat' dir='ltr'><strong>Si-</strong></span> 
     </span>
    </p>
   </div>
   <div class='ocr_carea' id='block_1_4' title="bbox 247 619 3513 698">
    <p class='ocr_par' dir='ltr' id='par_1_4' title="bbox 247 619 3513 698">
     <span class='ocr_line' id='line_1_4' title="bbox 247 619 3513 698; baseline 0.004 -24"><span class='ocrx_word' id='word_1_31' title='bbox 247 624 328 685; x_wconf 84' lang='lat' dir='ltr'><strong>(H.</strong></span> <span class='ocrx_word' id='word_1_32' title='bbox 386 622 490 682; x_wconf 68' lang='grc' dir='ltr'><strong>τη)</strong></span> <span class='ocrx_word' id='word_1_33' title='bbox 567 620 831 676; x_wconf 83' lang='lat' dir='ltr'><strong>Saraceni</strong></span> <span class='ocrx_word' id='word_1_34' title='bbox 891 620 1103 692; x_wconf 84' lang='lat' dir='ltr'><strong>Syriam</strong></span> <span class='ocrx_word' id='word_1_35' title='bbox 1163 626 1453 692; x_wconf 89' lang='lat' dir='ltr'><strong>occupant.</strong></span> <span class='ocrx_word' id='word_1_36' title='bbox 1508 620 1685 675; x_wconf 72' lang='lat' dir='ltr'><strong>Judiei</strong></span> <span class='ocrx_word' id='word_1_37' title='bbox 1745 622 1800 675; x_wconf 92' lang='lat' dir='ltr'><strong>in</strong></span> <span class='ocrx_word' id='word_1_38' title='bbox 1900 619 2179 673; x_wconf 91' lang='lat' dir='ltr'><strong>senandus</strong></span> <span class='ocrx_word' id='word_1_39' title='bbox 2210 635 2309 690; x_wconf 92' lang='lat' dir='ltr'><strong>per</strong></span> <span class='ocrx_word' id='word_1_40' title='bbox 2337 620 2597 676; x_wconf 82' lang='lat' dir='ltr'><strong>auxilium</strong></span> <span class='ocrx_word' id='word_1_41' title='bbox 2646 623 2941 698; x_wconf 89' lang='lat' dir='ltr'><strong>Dagoberti</strong></span> <span class='ocrx_word' id='word_1_42' title='bbox 2992 628 3318 685; x_wconf 90' lang='lat' dir='ltr'><strong>sublimatus</strong></span> <span class='ocrx_word' id='word_1_43' title='bbox 3348 633 3400 686; x_wconf 91' lang='lat' dir='ltr'><strong>in</strong></span> <span class='ocrx_word' id='word_1_44' title='bbox 3427 650 3513 689; x_wconf 81' lang='lat' dir='ltr'><strong>re-</strong></span> 
     </span>
    </p>
   </div>
   <div class='ocr_carea' id='block_1_5' title="bbox 176 710 2642 787">
    <p class='ocr_par' dir='ltr' id='par_1_5' title="bbox 176 710 2642 787">
     <span class='ocr_line' id='line_1_5' title="bbox 176 710 2642 787; baseline 0.002 -22"><span class='ocrx_word' id='word_1_45' title='bbox 176 712 436 782; x_wconf 84' lang='lat' dir='ltr'><strong>llispania</strong></span> <span class='ocrx_word' id='word_1_46' title='bbox 476 712 771 767; x_wconf 79' lang='lat' dir='ltr'><strong>christiani</strong></span> <span class='ocrx_word' id='word_1_47' title='bbox 823 710 1160 767; x_wconf 84' lang='lat' dir='ltr'><strong>efﬁciuntur.</strong></span> <span class='ocrx_word' id='word_1_48' title='bbox 1203 711 1477 765; x_wconf 90' lang='lat' dir='ltr'><strong>Sisibutus</strong></span> <span class='ocrx_word' id='word_1_49' title='bbox 1502 711 1648 766; x_wconf 90' lang='lat' dir='ltr'><strong>enim</strong></span> <span class='ocrx_word' id='word_1_50' title='bbox 1684 712 1797 767; x_wconf 85' lang='lat' dir='ltr'><strong>Co-</strong></span> <span class='ocrx_word' id='word_1_51' title='bbox 1900 726 2092 783; x_wconf 83' lang='lat' dir='ltr'><strong>gnum,</strong></span> <span class='ocrx_word' id='word_1_52' title='bbox 2124 719 2318 787; x_wconf 77' lang='lat' dir='ltr'><strong>regnat</strong></span> <span class='ocrx_word' id='word_1_53' title='bbox 2347 729 2524 769; x_wconf 87' lang='lat' dir='ltr'><strong>annos</strong></span> <span class='ocrx_word' id='word_1_54' title='bbox 2553 714 2642 771; x_wconf 86' lang='lat'><strong>20.</strong></span> 
     </span>
    </p>
   </div>
   <div class='ocr_carea' id='block_1_6' title="bbox 173 804 1800 879">
    <p class='ocr_par' dir='ltr' id='par_1_6' title="bbox 173 804 1800 879">
     <span class='ocr_line' id='line_1_6' title="bbox 173 804 1800 879; baseline 0 -19"><span class='ocrx_word' id='word_1_55' title='bbox 173 807 394 861; x_wconf 87' lang='lat' dir='ltr'><strong>thorum</strong></span> <span class='ocrx_word' id='word_1_56' title='bbox 448 821 544 860; x_wconf 87' lang='lat' dir='ltr'><strong>rex</strong></span> <span class='ocrx_word' id='word_1_57' title='bbox 600 804 1381 879; x_wconf 73' lang='lat' dir='ltr'><strong>gloriosissimus,‘plurimas</strong></span> <span class='ocrx_word' id='word_1_58' title='bbox 1437 805 1492 859; x_wconf 92' lang='lat' dir='ltr'><strong>in</strong></span> <span class='ocrx_word' id='word_1_59' title='bbox 1541 804 1800 875; x_wconf 76' lang='lat' dir='ltr'><strong>Hispania</strong></span> 
     </span>
    </p>
   </div>
   <div class='ocr_carea' id='block_1_7' title="bbox 176 895 1802 968">
    <p class='ocr_par' dir='ltr' id='par_1_7' title="bbox 176 895 1802 968">
     <span class='ocr_line' id='line_1_7' title="bbox 176 895 1802 968; baseline -0.002 -15"><span class='ocrx_word' id='word_1_60' title='bbox 176 898 484 968; x_wconf 81' lang='lat' dir='ltr'><strong>provintias</strong></span> <span class='ocrx_word' id='word_1_61' title='bbox 515 898 777 953; x_wconf 75' lang='lat' dir='ltr'><strong>Romanae</strong></span> <span class='ocrx_word' id='word_1_62' title='bbox 808 896 1020 952; x_wconf 68' lang='lat' dir='ltr'><strong>militiae</strong></span> <span class='ocrx_word' id='word_1_63' title='bbox 1052 896 1221 951; x_wconf 92' lang='lat' dir='ltr'><strong>urbes</strong></span> <span class='ocrx_word' id='word_1_64' title='bbox 1247 896 1350 951; x_wconf 87' lang='lat' dir='ltr'><strong>sibi</strong></span> <span class='ocrx_word' id='word_1_65' title='bbox 1383 895 1645 952; x_wconf 91' lang='lat' dir='ltr'><strong>bellando</strong></span> <span class='ocrx_word' id='word_1_66' title='bbox 1674 896 1802 951; x_wconf 84' lang='lat' dir='ltr'><strong>sub-</strong></span> 
     </span>
    </p>
   </div>
   <div class='ocr_carea' id='block_1_8' title="bbox 168 988 1799 1063">
    <p class='ocr_par' dir='ltr' id='par_1_8' title="bbox 168 988 1799 1063">
     <span class='ocr_line' id='line_1_8' title="bbox 168 988 1799 1063; baseline -0.001 -18"><span class='ocrx_word' id='word_1_67' title='bbox 168 992 321 1057; x_wconf 86' lang='lat' dir='ltr'><strong>jecit.</strong></span> <span class='ocrx_word' id='word_1_68' title='bbox 351 997 408 1045; x_wconf 89' lang='lat' dir='ltr'><strong>et</strong></span> <span class='ocrx_word' id='word_1_69' title='bbox 451 990 679 1046; x_wconf 67' lang='lat' dir='ltr'><strong>Judaaos</strong></span> <span class='ocrx_word' id='word_1_70' title='bbox 710 990 765 1044; x_wconf 92' lang='lat' dir='ltr'><strong>in</strong></span> <span class='ocrx_word' id='word_1_71' title='bbox 798 1005 897 1047; x_wconf 91' lang='lat' dir='ltr'><strong>suo</strong></span> <span class='ocrx_word' id='word_1_72' title='bbox 929 1005 1103 1063; x_wconf 88' lang='lat' dir='ltr'><strong>regno</strong></span> <span class='ocrx_word' id='word_1_73' title='bbox 1141 989 1210 1043; x_wconf 93' lang='lat' dir='ltr'><strong>ad</strong></span> <span class='ocrx_word' id='word_1_74' title='bbox 1251 988 1414 1045; x_wconf 89' lang='lat' dir='ltr'><strong>ﬁdem</strong></span> <span class='ocrx_word' id='word_1_75' title='bbox 1442 988 1638 1044; x_wconf 89' lang='lat' dir='ltr'><strong>Christi</strong></span> <span class='ocrx_word' id='word_1_76' title='bbox 1667 1004 1799 1045; x_wconf 85' lang='lat' dir='ltr'><strong>con-</strong></span> 
     </span>
    </p>
   </div>
   <div class='ocr_carea' id='block_1_9' title="bbox 175 1080 363 1134">
    <p class='ocr_par' dir='ltr' id='par_1_9' title="bbox 175 1080 363 1134">
     <span class='ocr_line' id='line_1_9' title="bbox 175 1080 363 1134; baseline 0 -2"><span class='ocrx_word' id='word_1_77' title='bbox 175 1080 363 1134; x_wconf 84' lang='lat' dir='ltr'><strong>vertit.</strong></span> 
     </span>
    </p>
   </div>
   <div class='ocr_carea' id='block_1_10' title="bbox 3408 332 3511 387">
    <p class='ocr_par' dir='ltr' id='par_1_10' title="bbox 3408 332 3511 387">
     <span class='ocr_line' id='line_1_10' title="bbox 3408 332 3511 387; baseline 0.029 -3"><span class='ocrx_word' id='word_1_78' title='bbox 3408 332 3511 387; x_wconf 89' lang='lat'><strong>122</strong></span> 
     </span>
    </p>
   </div>
   <div class='ocr_carea' id='block_1_11' title="bbox 2041 802 3376 871">
    <p class='ocr_par' dir='ltr' id='par_1_11' title="bbox 2041 802 3376 871">
     <span class='ocr_line' id='line_1_11' title="bbox 2041 802 3376 871; baseline 0.01 -14"><span class='ocrx_word' id='word_1_79' title='bbox 2041 802 2165 858; x_wconf 83' lang='lat'><strong>645.</strong></span> <span class='ocrx_word' id='word_1_80' title='bbox 2313 805 2364 858; x_wconf 87' lang='lat'><strong>2.</strong></span> <span class='ocrx_word' id='word_1_81' title='bbox 2482 804 2569 862; x_wconf 91' lang='grc'><strong>10.</strong></span> <span class='ocrx_word' id='word_1_82' title='bbox 2691 810 2770 861; x_wconf 89' lang='lat'><strong>14.</strong></span> <span class='ocrx_word' id='word_1_83' title='bbox 2883 808 2969 865; x_wconf 85' lang='grc'><strong>15,</strong></span> <span class='ocrx_word' id='word_1_84' title='bbox 3119 811 3169 866; x_wconf 88' lang='grc'><strong>5.</strong></span> <span class='ocrx_word' id='word_1_85' title='bbox 3325 816 3376 871; x_wconf 92' lang='grc'><strong>1.</strong></span> 
     </span>
    </p>
   </div>
   <div class='ocr_carea' id='block_1_12' title="bbox 1974 892 3516 978">
    <p class='ocr_par' dir='ltr' id='par_1_12' title="bbox 1974 892 3516 978">
     <span class='ocr_line' id='line_1_12' title="bbox 1974 892 3516 978; baseline 0.01 -31"><span class='ocrx_word' id='word_1_86' title='bbox 1974 892 2308 968; x_wconf 82' lang='lat' dir='ltr'><strong>Dagobertus</strong></span> <span class='ocrx_word' id='word_1_87' title='bbox 2345 913 2437 950; x_wconf 88' lang='lat' dir='ltr'><strong>rex</strong></span> <span class='ocrx_word' id='word_1_88' title='bbox 2478 896 2802 954; x_wconf 82' lang='lat' dir='ltr'><strong>Francorum</strong></span> <span class='ocrx_word' id='word_1_89' title='bbox 2847 901 3105 967; x_wconf 88' lang='lat' dir='ltr'><strong>moritur;</strong></span> <span class='ocrx_word' id='word_1_90' title='bbox 3148 904 3215 959; x_wconf 73' lang='lat' dir='ltr'><strong>de</strong></span> <span class='ocrx_word' id='word_1_91' title='bbox 3260 922 3369 977; x_wconf 90' lang='lat' dir='ltr'><strong>quo</strong></span> <span class='ocrx_word' id='word_1_92' title='bbox 3418 924 3516 978; x_wconf 89' lang='lat' dir='ltr'><strong>per</strong></span> 
     </span>
    </p>
   </div>
   <div class='ocr_carea' id='block_1_13' title="bbox 1902 983 3512 1063">
    <p class='ocr_par' dir='ltr' id='par_1_13' title="bbox 1902 983 3512 1063">
     <span class='ocr_line' id='line_1_13' title="bbox 1902 983 3512 1063; baseline 0.009 -27"><span class='ocrx_word' id='word_1_93' title='bbox 1902 983 2167 1038; x_wconf 82' lang='lat' dir='ltr'><strong>visionem</strong></span> <span class='ocrx_word' id='word_1_94' title='bbox 2201 986 2416 1041; x_wconf 85' lang='lat' dir='ltr'><strong>cuidam</strong></span> <span class='ocrx_word' id='word_1_95' title='bbox 2446 988 2743 1043; x_wconf 90' lang='lat' dir='ltr'><strong>revelatum</strong></span> <span class='ocrx_word' id='word_1_96' title='bbox 2778 999 2883 1056; x_wconf 89' lang='lat' dir='ltr'><strong>est,</strong></span> <span class='ocrx_word' id='word_1_97' title='bbox 2908 993 3054 1062; x_wconf 91' lang='lat' dir='ltr'><strong>quod</strong></span> <span class='ocrx_word' id='word_1_98' title='bbox 3089 993 3271 1048; x_wconf 88' lang='lat' dir='ltr'><strong>anima</strong></span> <span class='ocrx_word' id='word_1_99' title='bbox 3304 995 3422 1063; x_wconf 85' lang='lat' dir='ltr'><strong>ejus</strong></span> <span class='ocrx_word' id='word_1_100' title='bbox 3445 996 3512 1050; x_wconf 84' lang='lat' dir='ltr'><strong>ad</strong></span> 
     </span>
    </p>
   </div>
   <div class='ocr_carea' id='block_1_14' title="bbox 1824 1071 3510 1151">
    <p class='ocr_par' dir='ltr' id='par_1_14' title="bbox 1824 1071 3510 1151">
     <span class='ocr_line' id='line_1_14' title="bbox 1824 1071 3510 1151; baseline 0.008 -27"><span class='ocrx_word' id='word_1_101' title='bbox 1824 1132 1829 1141; x_wconf 31' lang='grc' dir='ltr'>ι</span> <span class='ocrx_word' id='word_1_102' title='bbox 1895 1071 2168 1151; x_wconf 77' lang='lat' dir='ltr'><strong>judicium</strong></span> <span class='ocrx_word' id='word_1_103' title='bbox 2203 1073 2297 1126; x_wconf 90' lang='lat' dir='ltr'><strong>Dei</strong></span> <span class='ocrx_word' id='word_1_104' title='bbox 2330 1082 2481 1145; x_wconf 90' lang='lat' dir='ltr'><strong>rapta</strong></span> <span class='ocrx_word' id='word_1_105' title='bbox 2512 1075 2600 1143; x_wconf 91' lang='lat' dir='ltr'><strong>sit,</strong></span> <span class='ocrx_word' id='word_1_106' title='bbox 2634 1084 2687 1131; x_wconf 90' lang='lat' dir='ltr'><strong>et</strong></span> <span class='ocrx_word' id='word_1_107' title='bbox 2716 1079 2903 1132; x_wconf 91' lang='lat' dir='ltr'><strong>multis</strong></span> <span class='ocrx_word' id='word_1_108' title='bbox 2931 1080 3137 1135; x_wconf 88' lang='lat' dir='ltr'><strong>sanctis</strong></span> <span class='ocrx_word' id='word_1_109' title='bbox 3177 1091 3365 1137; x_wconf 91' lang='lat' dir='ltr'><strong>contra</strong></span> <span class='ocrx_word' id='word_1_110' title='bbox 3392 1100 3510 1137; x_wconf 76' lang='lat' dir='ltr'><strong>eam</strong></span> 
     </span>
    </p>
   </div>
   <div class='ocr_carea' id='block_1_15' title="bbox 317 1165 3511 1235">
    <p class='ocr_par' dir='ltr' id='par_1_15' title="bbox 317 1165 3511 1235">
     <span class='ocr_line' id='line_1_15' title="bbox 317 1165 3511 1235; baseline 0.002 -11"><span class='ocrx_word' id='word_1_111' title='bbox 317 1168 449 1231; x_wconf 76' lang='lat'><strong>640,</strong></span> <span class='ocrx_word' id='word_1_112' title='bbox 561 1168 651 1223; x_wconf 87' lang='lat'><strong>28.</strong></span> <span class='ocrx_word' id='word_1_113' title='bbox 800 1169 854 1222; x_wconf 80' lang='grc'><strong>5.</strong></span> <span class='ocrx_word' id='word_1_114' title='bbox 1002 1168 1054 1222; x_wconf 91' lang='grc'><strong>9.</strong></span> <span class='ocrx_word' id='word_1_115' title='bbox 1165 1167 1253 1221; x_wconf 91' lang='grc'><strong>10.</strong></span> <span class='ocrx_word' id='word_1_116' title='bbox 1363 1166 1452 1221; x_wconf 81' lang='lat'><strong>24.</strong></span> <span class='ocrx_word' id='word_1_117' title='bbox 1563 1166 1653 1223; x_wconf 76' lang='lat'><strong>27.</strong></span> <span class='ocrx_word' id='word_1_118' title='bbox 1899 1179 1998 1234; x_wconf 90' lang='lat' dir='ltr'><strong>pro</strong></span> <span class='ocrx_word' id='word_1_119' title='bbox 2049 1165 2421 1235; x_wconf 87' lang='lat' dir='ltr'><strong>expoliatione</strong></span> <span class='ocrx_word' id='word_1_120' title='bbox 2461 1183 2680 1223; x_wconf 89' lang='lat' dir='ltr'><strong>suarum</strong></span> <span class='ocrx_word' id='word_1_121' title='bbox 2739 1171 3111 1227; x_wconf 61' lang='lat' dir='ltr'><strong>(ecclesiarum</strong></span> <span class='ocrx_word' id='word_1_122' title='bbox 3165 1175 3511 1231; x_wconf 85' lang='lat' dir='ltr'><strong>reclamanti-</strong></span> 
     </span>
    </p>
   </div>
   <div class='ocr_carea' id='block_1_16' title="bbox 247 1254 3514 1338">
    <p class='ocr_par' dir='ltr' id='par_1_16' title="bbox 247 1254 3514 1338">
     <span class='ocr_line' id='line_1_16' title="bbox 247 1254 3514 1338; baseline 0.003 -27"><span class='ocrx_word' id='word_1_123' title='bbox 247 1259 392 1327; x_wconf 77' lang='lat' dir='ltr'><strong>(Vita</strong></span> <span class='ocrx_word' id='word_1_124' title='bbox 443 1258 612 1325; x_wconf 80' lang='lat' dir='ltr'><strong>Clod.)</strong></span> <span class='ocrx_word' id='word_1_125' title='bbox 669 1256 902 1311; x_wconf 92' lang='lat' dir='ltr'><strong>Sanctus</strong></span> <span class='ocrx_word' id='word_1_126' title='bbox 954 1254 1215 1310; x_wconf 82' lang='lat' dir='ltr'><strong>Arnulfus</strong></span> <span class='ocrx_word' id='word_1_127' title='bbox 1242 1271 1304 1310; x_wconf 88' lang='lat' dir='ltr'><strong>ex</strong></span> <span class='ocrx_word' id='word_1_128' title='bbox 1350 1255 1561 1324; x_wconf 87' lang='lat' dir='ltr'><strong>majore</strong></span> <span class='ocrx_word' id='word_1_129' title='bbox 1598 1257 1797 1312; x_wconf 91' lang='lat' dir='ltr'><strong>domus</strong></span> <span class='ocrx_word' id='word_1_130' title='bbox 1900 1255 2023 1320; x_wconf 89' lang='lat' dir='ltr'><strong>bus,</strong></span> <span class='ocrx_word' id='word_1_131' title='bbox 2056 1271 2179 1310; x_wconf 89' lang='lat' dir='ltr'><strong>cum</strong></span> <span class='ocrx_word' id='word_1_132' title='bbox 2237 1273 2357 1311; x_wconf 93' lang='lat' dir='ltr'><strong>eam</strong></span> <span class='ocrx_word' id='word_1_133' title='bbox 2404 1258 2515 1325; x_wconf 86' lang='lat' dir='ltr'><strong>jam</strong></span> <span class='ocrx_word' id='word_1_134' title='bbox 2572 1261 2699 1315; x_wconf 86' lang='lat' dir='ltr'><strong>mali</strong></span> <span class='ocrx_word' id='word_1_135' title='bbox 2729 1262 2910 1334; x_wconf 85' lang='lat' dir='ltr'><strong>angeli</strong></span> <span class='ocrx_word' id='word_1_136' title='bbox 2944 1264 3146 1320; x_wconf 82' lang='lat' dir='ltr'><strong>vellent</strong></span> <span class='ocrx_word' id='word_1_137' title='bbox 3199 1267 3267 1321; x_wconf 90' lang='lat' dir='ltr'><strong>ad</strong></span> <span class='ocrx_word' id='word_1_138' title='bbox 3320 1284 3514 1338; x_wconf 85' lang='lat' dir='ltr'><strong>poenas</strong></span> 
     </span>
    </p>
   </div>
   <div class='ocr_carea' id='block_1_17' title="bbox 172 1344 1795 1415">
    <p class='ocr_par' dir='ltr' id='par_1_17' title="bbox 172 1344 1795 1415">
     <span class='ocr_line' id='line_1_17' title="bbox 172 1344 1795 1415; baseline -0.001 -17"><span class='ocrx_word' id='word_1_139' title='bbox 172 1344 533 1399; x_wconf 82' lang='lat' dir='ltr'><strong>Mettensium</strong></span> <span class='ocrx_word' id='word_1_140' title='bbox 586 1344 901 1414; x_wconf 82' lang='lat' dir='ltr'><strong>episcopus,</strong></span> <span class='ocrx_word' id='word_1_141' title='bbox 952 1351 1005 1398; x_wconf 90' lang='lat' dir='ltr'><strong>et</strong></span> <span class='ocrx_word' id='word_1_142' title='bbox 1057 1360 1121 1398; x_wconf 90' lang='lat' dir='ltr'><strong>ex</strong></span> <span class='ocrx_word' id='word_1_143' title='bbox 1178 1344 1443 1415; x_wconf 84' lang='lat' dir='ltr'><strong>episcopo</strong></span> <span class='ocrx_word' id='word_1_144' title='bbox 1496 1344 1795 1409; x_wconf 83' lang='lat' dir='ltr'><strong>solitarius,</strong></span> 
     </span>
    </p>
   </div>
   <div class='ocr_carea' id='block_1_18' title="bbox 174 1433 1797 1506">
    <p class='ocr_par' dir='ltr' id='par_1_18' title="bbox 174 1433 1797 1506">
     <span class='ocr_line' id='line_1_18' title="bbox 174 1433 1797 1506; baseline 0.001 -17"><span class='ocrx_word' id='word_1_145' title='bbox 174 1435 385 1491; x_wconf 84' lang='lat' dir='ltr'><strong>dormit</strong></span> <span class='ocrx_word' id='word_1_146' title='bbox 441 1436 497 1489; x_wconf 92' lang='lat' dir='ltr'><strong>in</strong></span> <span class='ocrx_word' id='word_1_147' title='bbox 546 1435 782 1491; x_wconf 86' lang='lat' dir='ltr'><strong>Christo.</strong></span> <span class='ocrx_word' id='word_1_148' title='bbox 815 1435 1103 1491; x_wconf 85' lang='lat' dir='ltr'><strong>Clodulfus</strong></span> <span class='ocrx_word' id='word_1_149' title='bbox 1142 1433 1290 1491; x_wconf 89' lang='lat' dir='ltr'><strong>ﬁlius</strong></span> <span class='ocrx_word' id='word_1_150' title='bbox 1331 1437 1471 1505; x_wconf 88' lang='lat' dir='ltr'><strong>ejus,</strong></span> <span class='ocrx_word' id='word_1_151' title='bbox 1506 1443 1629 1506; x_wconf 90' lang='lat' dir='ltr'><strong>post</strong></span> <span class='ocrx_word' id='word_1_152' title='bbox 1668 1436 1797 1490; x_wconf 85' lang='lat' dir='ltr'><strong>Met-</strong></span> 
     </span>
    </p>
   </div>
   <div class='ocr_carea' id='block_1_19' title="bbox 177 1530 1802 1600">
    <p class='ocr_par' dir='ltr' id='par_1_19' title="bbox 177 1530 1802 1600">
     <span class='ocr_line' id='line_1_19' title="bbox 177 1530 1802 1600; baseline 0.002 -17"><span class='ocrx_word' id='word_1_153' title='bbox 177 1531 358 1584; x_wconf 90' lang='lat' dir='ltr'><strong>tensis</strong></span> <span class='ocrx_word' id='word_1_154' title='bbox 388 1530 690 1600; x_wconf 88' lang='lat' dir='ltr'><strong>episcopus</strong></span> <span class='ocrx_word' id='word_1_155' title='bbox 729 1531 1077 1585; x_wconf 87' lang='lat' dir='ltr'><strong>sanctitatem</strong></span> <span class='ocrx_word' id='word_1_156' title='bbox 1110 1531 1280 1600; x_wconf 86' lang='lat' dir='ltr'><strong>patris</strong></span> <span class='ocrx_word' id='word_1_157' title='bbox 1338 1530 1599 1587; x_wconf 86' lang='lat' dir='ltr'><strong>imitatur.</strong></span> <span class='ocrx_word' id='word_1_158' title='bbox 1653 1531 1802 1587; x_wconf 90' lang='lat' dir='ltr'><strong>Doda</strong></span> 
     </span>
    </p>
   </div>
   <div class='ocr_carea' id='block_1_20' title="bbox 175 1623 1797 1694">
    <p class='ocr_par' dir='ltr' id='par_1_20' title="bbox 175 1623 1797 1694">
     <span class='ocr_line' id='line_1_20' title="bbox 175 1623 1797 1694; baseline 0.002 -17"><span class='ocrx_word' id='word_1_159' title='bbox 175 1630 361 1678; x_wconf 87' lang='lat' dir='ltr'><strong>mater</strong></span> <span class='ocrx_word' id='word_1_160' title='bbox 389 1623 569 1694; x_wconf 86' lang='lat' dir='ltr'><strong>ipsius</strong></span> <span class='ocrx_word' id='word_1_161' title='bbox 610 1623 862 1689; x_wconf 88' lang='lat' dir='ltr'><strong>Clodulﬁ,</strong></span> <span class='ocrx_word' id='word_1_162' title='bbox 894 1624 1143 1679; x_wconf 82' lang='lat' dir='ltr'><strong>Treveris</strong></span> <span class='ocrx_word' id='word_1_163' title='bbox 1177 1626 1411 1689; x_wconf 89' lang='lat' dir='ltr'><strong>reclusa,</strong></span> <span class='ocrx_word' id='word_1_164' title='bbox 1443 1625 1662 1681; x_wconf 83' lang='lat' dir='ltr'><strong>Christo</strong></span> <span class='ocrx_word' id='word_1_165' title='bbox 1692 1643 1797 1681; x_wconf 83' lang='lat' dir='ltr'><strong>an-</strong></span> 
     </span>
    </p>
   </div>
   <div class='ocr_carea' id='block_1_21' title="bbox 177 1716 1798 1790">
    <p class='ocr_par' dir='ltr' id='par_1_21' title="bbox 177 1716 1798 1790">
     <span class='ocr_line' id='line_1_21' title="bbox 177 1716 1798 1790; baseline 0.002 -19"><span class='ocrx_word' id='word_1_166' title='bbox 177 1717 426 1771; x_wconf 87' lang='lat' dir='ltr'><strong>cillatur.</strong></span> <span class='ocrx_word' id='word_1_167' title='bbox 467 1717 547 1784; x_wconf 82' lang='lat' dir='ltr'><strong>(G.</strong></span> <span class='ocrx_word' id='word_1_168' title='bbox 598 1734 648 1780; x_wconf 87' lang='lat' dir='ltr'><strong>r,</strong></span> <span class='ocrx_word' id='word_1_169' title='bbox 709 1719 791 1783; x_wconf 83' lang='lat' dir='ltr'><strong>F.)</strong></span> <span class='ocrx_word' id='word_1_170' title='bbox 831 1716 1089 1772; x_wconf 87' lang='lat' dir='ltr'><strong>Saraceni</strong></span> <span class='ocrx_word' id='word_1_171' title='bbox 1154 1719 1495 1774; x_wconf 81' lang='lat' dir='ltr'><strong>Antiochiam</strong></span> <span class='ocrx_word' id='word_1_172' title='bbox 1553 1719 1798 1790; x_wconf 89' lang='lat' dir='ltr'><strong>capiunt.</strong></span> 
     </span>
    </p>
   </div>
   <div class='ocr_carea' id='block_1_22' title="bbox 1900 1347 3511 1428">
    <p class='ocr_par' dir='ltr' id='par_1_22' title="bbox 1900 1347 3511 1428">
     <span class='ocr_line' id='line_1_22' title="bbox 1900 1347 3511 1428; baseline 0.006 -24"><span class='ocrx_word' id='word_1_173' title='bbox 1900 1347 2099 1405; x_wconf 89' lang='lat' dir='ltr'><strong>inferni</strong></span> <span class='ocrx_word' id='word_1_174' title='bbox 2158 1365 2375 1420; x_wconf 86' lang='lat' dir='ltr'><strong>rapere,</strong></span> <span class='ocrx_word' id='word_1_175' title='bbox 2428 1352 2738 1407; x_wconf 86' lang='lat' dir='ltr'><strong>interventu</strong></span> <span class='ocrx_word' id='word_1_176' title='bbox 2771 1356 2944 1410; x_wconf 90' lang='lat' dir='ltr'><strong>sancti</strong></span> <span class='ocrx_word' id='word_1_177' title='bbox 2992 1358 3242 1428; x_wconf 82' lang='lat' dir='ltr'><strong>martyris</strong></span> <span class='ocrx_word' id='word_1_178' title='bbox 3281 1360 3511 1415; x_wconf 73' lang='lat' dir='ltr'><strong>Dionisii</strong></span> 
     </span>
    </p>
   </div>
   <div class='ocr_carea' id='block_1_23' title="bbox 1901 1438 3514 1514">
    <p class='ocr_par' dir='ltr' id='par_1_23' title="bbox 1901 1438 3514 1514">
     <span class='ocr_line' id='line_1_23' title="bbox 1901 1438 3514 1514; baseline 0.007 -21"><span class='ocrx_word' id='word_1_179' title='bbox 1901 1438 2248 1507; x_wconf 89' lang='lat' dir='ltr'><strong>Parisiensis,</strong></span> <span class='ocrx_word' id='word_1_180' title='bbox 2303 1440 2389 1495; x_wconf 91' lang='lat' dir='ltr'><strong>cui</strong></span> <span class='ocrx_word' id='word_1_181' title='bbox 2441 1441 2558 1513; x_wconf 90' lang='lat' dir='ltr'><strong>ipse</strong></span> <span class='ocrx_word' id='word_1_182' title='bbox 2609 1443 2841 1499; x_wconf 88' lang='lat' dir='ltr'><strong>maxime</strong></span> <span class='ocrx_word' id='word_1_183' title='bbox 2931 1447 3161 1502; x_wconf 83' lang='lat' dir='ltr'><strong>devotus</strong></span> <span class='ocrx_word' id='word_1_184' title='bbox 3225 1448 3419 1514; x_wconf 89' lang='lat' dir='ltr'><strong>fuerat,</strong></span> <span class='ocrx_word' id='word_1_185' title='bbox 3483 1467 3514 1504; x_wconf 87' lang='lat' dir='ltr'><strong>a</strong></span> 
     </span>
    </p>
   </div>
   <div class='ocr_carea' id='block_1_24' title="bbox 1902 1528 3513 1608">
    <p class='ocr_par' dir='ltr' id='par_1_24' title="bbox 1902 1528 3513 1608">
     <span class='ocr_line' id='line_1_24' title="bbox 1902 1528 3513 1608; baseline 0.005 -25"><span class='ocrx_word' id='word_1_186' title='bbox 1902 1530 2082 1599; x_wconf 66' lang='lat' dir='ltr'><strong>poenis</strong></span> <span class='ocrx_word' id='word_1_187' title='bbox 2130 1528 2358 1583; x_wconf 89' lang='lat' dir='ltr'><strong>liberata</strong></span> <span class='ocrx_word' id='word_1_188' title='bbox 2413 1537 2516 1584; x_wconf 92' lang='lat' dir='ltr'><strong>est.</strong></span> <span class='ocrx_word' id='word_1_189' title='bbox 2554 1530 2859 1587; x_wconf 88' lang='lat' dir='ltr'><strong>Clodoveus</strong></span> <span class='ocrx_word' id='word_1_190' title='bbox 2909 1533 3054 1591; x_wconf 91' lang='lat' dir='ltr'><strong>ﬁlius</strong></span> <span class='ocrx_word' id='word_1_191' title='bbox 3094 1536 3383 1608; x_wconf 82' lang='lat' dir='ltr'><strong>Dagoberti</strong></span> <span class='ocrx_word' id='word_1_192' title='bbox 3428 1554 3513 1591; x_wconf 89' lang='lat' dir='ltr'><strong>re-</strong></span> 
     </span>
    </p>
   </div>
   <div class='ocr_carea' id='block_1_25' title="bbox 1902 1619 3511 1698">
    <p class='ocr_par' dir='ltr' id='par_1_25' title="bbox 1902 1619 3511 1698">
     <span class='ocr_line' id='line_1_25' title="bbox 1902 1619 3511 1698; baseline 0.006 -26"><span class='ocrx_word' id='word_1_193' title='bbox 1902 1619 2088 1693; x_wconf 89' lang='lat' dir='ltr'><strong>gnavit</strong></span> <span class='ocrx_word' id='word_1_194' title='bbox 2144 1626 2265 1689; x_wconf 91' lang='lat' dir='ltr'><strong>post</strong></span> <span class='ocrx_word' id='word_1_195' title='bbox 2293 1635 2417 1674; x_wconf 91' lang='lat' dir='ltr'><strong>eum</strong></span> <span class='ocrx_word' id='word_1_196' title='bbox 2449 1622 2609 1675; x_wconf 89' lang='lat' dir='ltr'><strong>annis</strong></span> <span class='ocrx_word' id='word_1_197' title='bbox 2639 1623 2727 1688; x_wconf 87' lang='lat'><strong>17,</strong></span> <span class='ocrx_word' id='word_1_198' title='bbox 2762 1623 3031 1698; x_wconf 88' lang='lat' dir='ltr'><strong>Sigiberto</strong></span> <span class='ocrx_word' id='word_1_199' title='bbox 3061 1625 3225 1680; x_wconf 86' lang='lat' dir='ltr'><strong>fratre</strong></span> <span class='ocrx_word' id='word_1_200' title='bbox 3256 1627 3376 1694; x_wconf 90' lang='lat' dir='ltr'><strong>ejus</strong></span> <span class='ocrx_word' id='word_1_201' title='bbox 3401 1628 3511 1693; x_wconf 88' lang='lat' dir='ltr'><strong>jam</strong></span> 
     </span>
    </p>
   </div>
   <div class='ocr_carea' id='block_1_26' title="bbox 1902 1712 3518 1786">
    <p class='ocr_par' dir='ltr' id='par_1_26' title="bbox 1902 1712 3518 1786">
     <span class='ocr_line' id='line_1_26' title="bbox 1902 1712 3518 1786; baseline 0.006 -22"><span class='ocrx_word' id='word_1_202' title='bbox 1902 1718 2167 1785; x_wconf 90' lang='lat' dir='ltr'><strong>regnante</strong></span> <span class='ocrx_word' id='word_1_203' title='bbox 2212 1712 2268 1765; x_wconf 90' lang='lat' dir='ltr'><strong>in</strong></span> <span class='ocrx_word' id='word_1_204' title='bbox 2315 1713 2550 1768; x_wconf 84' lang='lat' dir='ltr'><strong>Austria.</strong></span> <span class='ocrx_word' id='word_1_205' title='bbox 2589 1714 2779 1785; x_wconf 89' lang='lat' dir='ltr'><strong>[Hujus</strong></span> <span class='ocrx_word' id='word_1_206' title='bbox 2810 1715 3065 1771; x_wconf 88' lang='lat' dir='ltr'><strong>Clodovei</strong></span> <span class='ocrx_word' id='word_1_207' title='bbox 3104 1718 3284 1786; x_wconf 90' lang='lat' dir='ltr'><strong>major</strong></span> <span class='ocrx_word' id='word_1_208' title='bbox 3320 1718 3518 1774; x_wconf 91' lang='lat' dir='ltr'><strong>domus</strong></span> 
     </span>
    </p>
   </div>
   <div class='ocr_carea' id='block_1_27' title="bbox 252 1759 1808 1885">
    <p class='ocr_par' dir='ltr' id='par_1_27' title="bbox 252 1759 1800 1885">
     <span class='ocr_line' id='line_1_27' title="bbox 256 1759 1798 1784; baseline 0.003 -14"><span class='ocrx_word' id='word_1_209' title='bbox 256 1759 426 1771; x_wconf 85' lang='grc'><strong>........</strong></span> <span class='ocrx_word' id='word_1_210' title='bbox 468 1759 547 1784; x_wconf 47' lang='grc' dir='ltr'><strong>κ...</strong></span> <span class='ocrx_word' id='word_1_211' title='bbox 599 1759 648 1780; x_wconf 86' lang='grc'><strong>.,</strong></span> <span class='ocrx_word' id='word_1_212' title='bbox 709 1759 790 1783; x_wconf 86' lang='lat'><strong>..,</strong></span> <span class='ocrx_word' id='word_1_213' title='bbox 831 1759 1089 1772; x_wconf 55' lang='lat' dir='ltr'><strong>“mw...</strong></span> <span class='ocrx_word' id='word_1_214' title='bbox 1554 1759 1615 1774; x_wconf 77' lang='grc' dir='ltr'><strong>ν..</strong></span> 
     </span>
     <span class='ocr_line' id='line_1_28' title="bbox 252 1759 1800 1885; baseline 0.003 -21"><span class='ocrx_word' id='word_1_215' title='bbox 252 1816 337 1873; x_wconf 78' lang='lat' dir='ltr'><strong>(II.</strong></span> <span class='ocrx_word' id='word_1_216' title='bbox 378 1811 484 1877; x_wconf 68' lang='grc' dir='ltr'><strong>νη.)</strong></span> <span class='ocrx_word' id='word_1_217' title='bbox 541 1809 884 1881; x_wconf 84' lang='lat' dir='ltr'><strong>Dagobertus</strong></span> <span class='ocrx_word' id='word_1_218' title='bbox 921 1827 1015 1866; x_wconf 90' lang='lat' dir='ltr'><strong>rex</strong></span> <span class='ocrx_word' id='word_1_219' title='bbox 1067 1812 1399 1885; x_wconf 78' lang='lat' dir='ltr'><strong>Sigibertum</strong></span> <span class='ocrx_word' id='word_1_220' title='bbox 1441 1759 1800 1868; x_wconf 47' lang='lat' dir='ltr'><strong>ﬁliumr’suum</strong></span> 
     </span>
    </p>
   </div>
   <div class='ocr_carea' id='block_1_28' title="bbox 1931 1759 2579 1885">
    <p class='ocr_par' dir='ltr' id='par_1_28' title="bbox 1931 1759 2579 1878">
     <span class='ocr_line' id='line_1_29' title="bbox 1931 1759 2579 1878; baseline 0.003 -19"><span class='ocrx_word' id='word_1_221' title='bbox 1931 1759 2009 1859; x_wconf 49' lang='lat' dir='ltr'><strong>uit</strong></span> <span class='ocrx_word' id='word_1_222' title='bbox 2028 1804 2439 1860; x_wconf 81' lang='lat' dir='ltr'><strong>Erchanoaldus</strong></span> <span class='ocrx_word' id='word_1_223' title='bbox 2471 1806 2579 1878; x_wconf 77' lang='grc'><strong>¹⁰⁶.]</strong></span> 
     </span>
    </p>
   </div>
   <div class='ocr_carea' id='block_1_29' title="bbox 177 1896 1808 1977">
    <p class='ocr_par' dir='ltr' id='par_1_29' title="bbox 177 1900 1805 1977">
     <span class='ocr_line' id='line_1_30' title="bbox 177 1900 1805 1977; baseline 0.001 -21"><span class='ocrx_word' id='word_1_224' title='bbox 177 1901 484 1957; x_wconf 74' lang='lat' dir='ltr'><strong>Austrasiis</strong></span> <span class='ocrx_word' id='word_1_225' title='bbox 528 1918 715 1977; x_wconf 83' lang='lat' dir='ltr'><strong>regem</strong></span> <span class='ocrx_word' id='word_1_226' title='bbox 759 1900 943 1969; x_wconf 90' lang='lat' dir='ltr'><strong>mittit,</strong></span> <span class='ocrx_word' id='word_1_227' title='bbox 974 1902 1083 1957; x_wconf 85' lang='lat' dir='ltr'><strong>sub</strong></span> <span class='ocrx_word' id='word_1_228' title='bbox 1110 1904 1282 1959; x_wconf 90' lang='lat' dir='ltr'><strong>tutela</strong></span> <span class='ocrx_word' id='word_1_229' title='bbox 1311 1904 1530 1976; x_wconf 88' lang='lat' dir='ltr'><strong>Pippini</strong></span> <span class='ocrx_word' id='word_1_230' title='bbox 1563 1910 1617 1959; x_wconf 92' lang='lat' dir='ltr'><strong>et</strong></span> <span class='ocrx_word' id='word_1_231' title='bbox 1661 1904 1805 1958; x_wconf 85' lang='lat' dir='ltr'><strong>Chu-</strong></span> 
     </span>
    </p>
   </div>
   <div class='ocr_carea' id='block_1_30' title="bbox 1931 1896 3369 1977">
    <p class='ocr_par' dir='ltr' id='par_1_30' title="bbox 2035 1896 3369 1959">
     <span class='ocr_line' id='line_1_31' title="bbox 2035 1896 3369 1959; baseline 0.005 -9"><span class='ocrx_word' id='word_1_232' title='bbox 2035 1896 2161 1950; x_wconf 80' lang='lat'><strong>646.</strong></span> <span class='ocrx_word' id='word_1_233' title='bbox 2309 1896 2360 1951; x_wconf 88' lang='grc'><strong>3.</strong></span> <span class='ocrx_word' id='word_1_234' title='bbox 2477 1899 2560 1953; x_wconf 91' lang='grc'><strong>11.</strong></span> <span class='ocrx_word' id='word_1_235' title='bbox 2715 1901 2763 1954; x_wconf 89' lang='grc'><strong>1.</strong></span> <span class='ocrx_word' id='word_1_236' title='bbox 2878 1900 2962 1957; x_wconf 90' lang='grc'><strong>16.</strong></span> <span class='ocrx_word' id='word_1_237' title='bbox 3112 1902 3168 1959; x_wconf 88' lang='grc'><strong>6.</strong></span> <span class='ocrx_word' id='word_1_238' title='bbox 3315 1904 3369 1957; x_wconf 88' lang='lat'><strong>2.</strong></span> 
     </span>
    </p>
   </div>
   <div class='ocr_carea' id='block_1_31' title="bbox 179 1986 3513 2068">
    <p class='ocr_par' dir='ltr' id='par_1_31' title="bbox 179 1986 3513 2068">
     <span class='ocr_line' id='line_1_32' title="bbox 179 1986 3513 2068; baseline 0.004 -20"><span class='ocrx_word' id='word_1_239' title='bbox 179 1993 389 2048; x_wconf 89' lang='lat' dir='ltr'><strong>niberti</strong></span> <span class='ocrx_word' id='word_1_240' title='bbox 421 1991 691 2062; x_wconf 86' lang='lat' dir='ltr'><strong>episcopi.</strong></span> <span class='ocrx_word' id='word_1_241' title='bbox 731 1993 917 2058; x_wconf 71' lang='lat' dir='ltr'><strong>(Bm.</strong></span> <span class='ocrx_word' id='word_1_242' title='bbox 949 1998 1010 2047; x_wconf 82' lang='lat' dir='ltr'><strong>II.</strong></span> <span class='ocrx_word' id='word_1_243' title='bbox 1044 1994 1118 2063; x_wconf 76' lang='grc' dir='ltr'><strong>ε.)</strong></span> <span class='ocrx_word' id='word_1_244' title='bbox 1172 1993 1475 2049; x_wconf 84' lang='lat' dir='ltr'><strong>Ealdboldo</strong></span> <span class='ocrx_word' id='word_1_245' title='bbox 1504 1993 1800 2067; x_wconf 80' lang='lat' dir='ltr'><strong>Anglorum</strong></span> <span class='ocrx_word' id='word_1_246' title='bbox 1975 1987 2051 2053; x_wconf 82' lang='lat' dir='ltr'><strong>(P.</strong></span> <span class='ocrx_word' id='word_1_247' title='bbox 2094 1987 2177 2054; x_wconf 75' lang='grc' dir='ltr'><strong>Β.)</strong></span> <span class='ocrx_word' id='word_1_248' title='bbox 2239 1986 2523 2044; x_wconf 74' lang='lat' dir='ltr'><strong>Botharith</strong></span> <span class='ocrx_word' id='word_1_249' title='bbox 2568 1990 3047 2065; x_wconf 79' lang='lat' dir='ltr'><strong>Langobardorum</strong></span> <span class='ocrx_word' id='word_1_250' title='bbox 3097 2009 3225 2068; x_wconf 74' lang='lat' dir='ltr'><strong>rege</strong></span> <span class='ocrx_word' id='word_1_251' title='bbox 3273 2003 3513 2061; x_wconf 69' lang='lat' dir='ltr'><strong>mortuo,</strong></span> 
     </span>
    </p>
   </div>
   <div class='ocr_carea' id='block_1_32' title="bbox 182 2077 3514 2158">
    <p class='ocr_par' dir='ltr' id='par_1_32' title="bbox 182 2077 3514 2158">
     <span class='ocr_line' id='line_1_33' title="bbox 182 2077 3514 2158; baseline 0.003 -27"><span class='ocrx_word' id='word_1_252' title='bbox 182 2101 317 2158; x_wconf 71' lang='lat' dir='ltr'><strong>rege</strong></span> <span class='ocrx_word' id='word_1_253' title='bbox 347 2090 590 2149; x_wconf 75' lang='lat' dir='ltr'><strong>mortuo,</strong></span> <span class='ocrx_word' id='word_1_254' title='bbox 624 2084 1047 2139; x_wconf 74' lang='lat' dir='ltr'><strong>Earcombertus</strong></span> <span class='ocrx_word' id='word_1_255' title='bbox 1080 2083 1222 2138; x_wconf 70' lang='lat' dir='ltr'><strong>ﬁlius</strong></span> <span class='ocrx_word' id='word_1_256' title='bbox 1251 2085 1371 2155; x_wconf 78' lang='lat' dir='ltr'><strong>ejus</strong></span> <span class='ocrx_word' id='word_1_257' title='bbox 1398 2091 1524 2155; x_wconf 79' lang='lat' dir='ltr'><strong>post,</strong></span> <span class='ocrx_word' id='word_1_258' title='bbox 1553 2100 1679 2140; x_wconf 84' lang='lat' dir='ltr'><strong>cum</strong></span> <span class='ocrx_word' id='word_1_259' title='bbox 1723 2102 1805 2139; x_wconf 77' lang='lat' dir='ltr'><strong>re-</strong></span> <span class='ocrx_word' id='word_1_260' title='bbox 1905 2077 2219 2133; x_wconf 83' lang='lat' dir='ltr'><strong>Rodoaldus</strong></span> <span class='ocrx_word' id='word_1_261' title='bbox 2251 2078 2397 2134; x_wconf 90' lang='lat' dir='ltr'><strong>ﬁlius</strong></span> <span class='ocrx_word' id='word_1_262' title='bbox 2416 2081 2536 2152; x_wconf 83' lang='lat' dir='ltr'><strong>ejus</strong></span> <span class='ocrx_word' id='word_1_263' title='bbox 2571 2091 2765 2154; x_wconf 80' lang='lat' dir='ltr'><strong>regnat</strong></span> <span class='ocrx_word' id='word_1_264' title='bbox 2795 2084 2953 2137; x_wconf 91' lang='lat' dir='ltr'><strong>annis</strong></span> <span class='ocrx_word' id='word_1_265' title='bbox 2972 2085 3024 2137; x_wconf 79' lang='lat'><strong>5.</strong></span> <span class='ocrx_word' id='word_1_266' title='bbox 3062 2085 3145 2154; x_wconf 79' lang='grc' dir='ltr'><strong>(Α.</strong></span> <span class='ocrx_word' id='word_1_267' title='bbox 3182 2089 3309 2140; x_wconf 81' lang='lat' dir='ltr'><strong>Leod</strong></span> <span class='ocrx_word' id='word_1_268' title='bbox 3336 2088 3347 2153; x_wconf 86' lang='lat'>)</span> <span class='ocrx_word' id='word_1_269' title='bbox 3373 2087 3514 2140; x_wconf 78' lang='lat' dir='ltr'><strong>San~</strong></span> 
     </span>
    </p>
   </div>
   <div class='ocr_carea' id='block_1_33' title="bbox 177 2172 3512 2253">
    <p class='ocr_par' dir='ltr' id='par_1_33' title="bbox 177 2172 3512 2253">
     <span class='ocr_line' id='line_1_34' title="bbox 177 2172 3512 2253; baseline 0.002 -24"><span class='ocrx_word' id='word_1_270' title='bbox 177 2175 374 2247; x_wconf 81' lang='lat' dir='ltr'><strong>gnavit</strong></span> <span class='ocrx_word' id='word_1_271' title='bbox 411 2174 579 2229; x_wconf 89' lang='lat' dir='ltr'><strong>annis</strong></span> <span class='ocrx_word' id='word_1_272' title='bbox 619 2175 709 2229; x_wconf 81' lang='lat'><strong>24.</strong></span> <span class='ocrx_word' id='word_1_273' title='bbox 746 2174 843 2230; x_wconf 82' lang='lat' dir='ltr'><strong>llic</strong></span> <span class='ocrx_word' id='word_1_274' title='bbox 886 2175 942 2229; x_wconf 93' lang='lat' dir='ltr'><strong>in</strong></span> <span class='ocrx_word' id='word_1_275' title='bbox 972 2176 1164 2249; x_wconf 80' lang='lat' dir='ltr'><strong>Anglia</strong></span> <span class='ocrx_word' id='word_1_276' title='bbox 1223 2175 1432 2246; x_wconf 89' lang='lat' dir='ltr'><strong>primus</strong></span> <span class='ocrx_word' id='word_1_277' title='bbox 1476 2175 1623 2230; x_wconf 90' lang='lat' dir='ltr'><strong>idola</strong></span> <span class='ocrx_word' id='word_1_278' title='bbox 1669 2176 1805 2229; x_wconf 86' lang='lat' dir='ltr'><strong>deo-</strong></span> <span class='ocrx_word' id='word_1_279' title='bbox 1903 2180 2025 2227; x_wconf 89' lang='lat' dir='ltr'><strong>ctus</strong></span> <span class='ocrx_word' id='word_1_280' title='bbox 2070 2172 2361 2253; x_wconf 76' lang='lat' dir='ltr'><strong>Remactus</strong></span> <span class='ocrx_word' id='word_1_281' title='bbox 2402 2176 2688 2232; x_wconf 89' lang='lat' dir='ltr'><strong>ordinatur</strong></span> <span class='ocrx_word' id='word_1_282' title='bbox 2723 2178 3151 2247; x_wconf 86' lang='lat' dir='ltr'><strong>Trajectensium</strong></span> <span class='ocrx_word' id='word_1_283' title='bbox 3199 2182 3512 2253; x_wconf 82' lang='lat' dir='ltr'><strong>episcopus.</strong></span> 
     </span>
    </p>
   </div>
   <div class='ocr_carea' id='block_1_34' title="bbox 181 2250 3518 2335">
    <p class='ocr_par' dir='ltr' id='par_1_34' title="bbox 181 2250 3518 2335">
     <span class='ocr_line' id='line_1_35' title="bbox 181 2250 3518 2335; baseline 0.001 -15"><span class='ocrx_word' id='word_1_284' title='bbox 181 2282 303 2321; x_wconf 91' lang='lat' dir='ltr'><strong>rum</strong></span> <span class='ocrx_word' id='word_1_285' title='bbox 347 2265 639 2331; x_wconf 87' lang='lat' dir='ltr'><strong>destruxit,</strong></span> <span class='ocrx_word' id='word_1_286' title='bbox 696 2273 752 2321; x_wconf 91' lang='lat' dir='ltr'><strong>et</strong></span> <span class='ocrx_word' id='word_1_287' title='bbox 808 2265 974 2321; x_wconf 90' lang='lat' dir='ltr'><strong>ﬁdem</strong></span> <span class='ocrx_word' id='word_1_288' title='bbox 1006 2266 1203 2321; x_wconf 88' lang='lat' dir='ltr'><strong>Christi</strong></span> <span class='ocrx_word' id='word_1_289' title='bbox 1248 2266 1517 2332; x_wconf 70' lang='lat' dir='ltr'><strong>dilatavit,</strong></span> <span class='ocrx_word' id='word_1_290' title='bbox 1572 2273 1626 2321; x_wconf 92' lang='lat' dir='ltr'><strong>et</strong></span> <span class='ocrx_word' id='word_1_291' title='bbox 1659 2267 1802 2335; x_wconf 90' lang='lat' dir='ltr'><strong>jeju-</strong></span> <span class='ocrx_word' id='word_1_292' title='bbox 1908 2262 2063 2333; x_wconf 78' lang='lat' dir='ltr'><strong>[(Vita</strong></span> <span class='ocrx_word' id='word_1_293' title='bbox 2087 2264 2147 2319; x_wconf 91' lang='lat' dir='ltr'><strong>S.</strong></span> <span class='ocrx_word' id='word_1_294' title='bbox 2207 2250 2404 2332; x_wconf 67' lang='lat' dir='ltr'><strong>Gem.)</strong></span> <span class='ocrx_word' id='word_1_295' title='bbox 2447 2266 2768 2323; x_wconf 86' lang='lat' dir='ltr'><strong>Modoaldus</strong></span> <span class='ocrx_word' id='word_1_296' title='bbox 2808 2269 2972 2325; x_wconf 89' lang='lat' dir='ltr'><strong>frater</strong></span> <span class='ocrx_word' id='word_1_297' title='bbox 3014 2271 3130 2326; x_wconf 66' lang='lat' dir='ltr'><strong>lttaa</strong></span> <span class='ocrx_word' id='word_1_298' title='bbox 3161 2250 3246 2327; x_wconf 78' lang='lat' dir='ltr'><strong>et</strong></span> <span class='ocrx_word' id='word_1_299' title='bbox 3277 2250 3518 2327; x_wconf 85' lang='lat' dir='ltr'><strong>avuncu-</strong></span> 
     </span>
    </p>
   </div>
   <div class='ocr_carea' id='block_1_35' title="bbox 179 2353 3517 2433">
    <p class='ocr_par' dir='ltr' id='par_1_35' title="bbox 179 2353 3517 2433">
     <span class='ocr_line' id='line_1_36' title="bbox 179 2353 3517 2433; baseline 0.003 -25"><span class='ocrx_word' id='word_1_300' title='bbox 179 2354 337 2408; x_wconf 91' lang='lat' dir='ltr'><strong>nium</strong></span> <span class='ocrx_word' id='word_1_301' title='bbox 387 2353 831 2427; x_wconf 76' lang='lat' dir='ltr'><strong>quadragesimae</strong></span> <span class='ocrx_word' id='word_1_302' title='bbox 881 2354 938 2409; x_wconf 91' lang='lat' dir='ltr'><strong>in</strong></span> <span class='ocrx_word' id='word_1_303' title='bbox 994 2355 1188 2429; x_wconf 85' lang='lat' dir='ltr'><strong>Anglia</strong></span> <span class='ocrx_word' id='word_1_304' title='bbox 1234 2355 1486 2429; x_wconf 85' lang='lat' dir='ltr'><strong>legaliter</strong></span> <span class='ocrx_word' id='word_1_305' title='bbox 1524 2355 1804 2411; x_wconf 88' lang='lat' dir='ltr'><strong>observari</strong></span> <span class='ocrx_word' id='word_1_306' title='bbox 1904 2354 1990 2410; x_wconf 84' lang='lat' dir='ltr'><strong>lus</strong></span> <span class='ocrx_word' id='word_1_307' title='bbox 2026 2364 2229 2411; x_wconf 72' lang='lat' dir='ltr'><strong>sanctis</strong></span> <span class='ocrx_word' id='word_1_308' title='bbox 2281 2357 2582 2425; x_wconf 88' lang='lat' dir='ltr'><strong>Gertrudis,</strong></span> <span class='ocrx_word' id='word_1_309' title='bbox 2638 2361 3169 2433; x_wconf 73' lang='lat' dir='ltr'><strong>archiepiscopatum</strong></span> <span class='ocrx_word' id='word_1_310' title='bbox 3231 2365 3517 2420; x_wconf 88' lang='lat' dir='ltr'><strong>Treviren-</strong></span> 
     </span>
    </p>
   </div>
   <div class='ocr_carea' id='block_1_36' title="bbox 176 2442 3519 2527">
    <p class='ocr_par' dir='ltr' id='par_1_36' title="bbox 176 2442 3519 2527">
     <span class='ocr_line' id='line_1_37' title="bbox 176 2442 3519 2527; baseline 0.005 -31"><span class='ocrx_word' id='word_1_311' title='bbox 176 2442 373 2497; x_wconf 88' lang='lat' dir='ltr'><strong>edixit.</strong></span> <span class='ocrx_word' id='word_1_312' title='bbox 1903 2462 2019 2501; x_wconf 87' lang='lat' dir='ltr'><strong>sem</strong></span> <span class='ocrx_word' id='word_1_313' title='bbox 2042 2448 2294 2503; x_wconf 87' lang='lat' dir='ltr'><strong>doctrina</strong></span> <span class='ocrx_word' id='word_1_314' title='bbox 2322 2456 2377 2504; x_wconf 90' lang='lat' dir='ltr'><strong>et</strong></span> <span class='ocrx_word' id='word_1_315' title='bbox 2403 2451 2689 2507; x_wconf 89' lang='lat' dir='ltr'><strong>sanctitate</strong></span> <span class='ocrx_word' id='word_1_316' title='bbox 2737 2469 2837 2507; x_wconf 89' lang='lat' dir='ltr'><strong>sua</strong></span> <span class='ocrx_word' id='word_1_317' title='bbox 2873 2453 3123 2510; x_wconf 88' lang='lat' dir='ltr'><strong>illustrat.</strong></span> <span class='ocrx_word' id='word_1_318' title='bbox 3184 2456 3350 2512; x_wconf 92' lang='lat' dir='ltr'><strong>Soror</strong></span> <span class='ocrx_word' id='word_1_319' title='bbox 3379 2473 3519 2527; x_wconf 84' lang='lat' dir='ltr'><strong>quo-</strong></span> 
     </span>
    </p>
   </div>
   <div class='ocr_carea' id='block_1_37' title="bbox 325 2534 3518 2613">
    <p class='ocr_par' dir='ltr' id='par_1_37' title="bbox 325 2534 3518 2613">
     <span class='ocr_line' id='line_1_38' title="bbox 325 2534 3518 2613; baseline 0.004 -24"><span class='ocrx_word' id='word_1_320' title='bbox 325 2534 453 2589; x_wconf 88' lang='lat'><strong>641.</strong></span> <span class='ocrx_word' id='word_1_321' title='bbox 565 2534 655 2589; x_wconf 94' lang='lat'><strong>29.</strong></span> <span class='ocrx_word' id='word_1_322' title='bbox 805 2536 859 2589; x_wconf 88' lang='lat'><strong>6.</strong></span> <span class='ocrx_word' id='word_1_323' title='bbox 972 2534 1062 2591; x_wconf 90' lang='grc'><strong>10.</strong></span> <span class='ocrx_word' id='word_1_324' title='bbox 1176 2536 1264 2591; x_wconf 88' lang='grc'><strong>11.</strong></span> <span class='ocrx_word' id='word_1_325' title='bbox 1418 2538 1465 2591; x_wconf 89' lang='grc'><strong>1.</strong></span> <span class='ocrx_word' id='word_1_326' title='bbox 1577 2536 1670 2592; x_wconf 84' lang='lat'><strong>28.</strong></span> <span class='ocrx_word' id='word_1_327' title='bbox 1904 2558 2012 2613; x_wconf 91' lang='lat' dir='ltr'><strong>que</strong></span> <span class='ocrx_word' id='word_1_328' title='bbox 2038 2542 2159 2611; x_wconf 88' lang='lat' dir='ltr'><strong>ejus</strong></span> <span class='ocrx_word' id='word_1_329' title='bbox 2202 2541 2405 2599; x_wconf 85' lang='lat' dir='ltr'><strong>Severa</strong></span> <span class='ocrx_word' id='word_1_330' title='bbox 2449 2544 2728 2600; x_wconf 87' lang='lat' dir='ltr'><strong>abbatissa</strong></span> <span class='ocrx_word' id='word_1_331' title='bbox 2783 2547 2836 2601; x_wconf 90' lang='lat' dir='ltr'><strong>in</strong></span> <span class='ocrx_word' id='word_1_332' title='bbox 2866 2548 3059 2602; x_wconf 87' lang='lat' dir='ltr'><strong>eadem</strong></span> <span class='ocrx_word' id='word_1_333' title='bbox 3092 2548 3227 2603; x_wconf 91' lang='lat' dir='ltr'><strong>urbe</strong></span> <span class='ocrx_word' id='word_1_334' title='bbox 3267 2565 3298 2603; x_wconf 90' lang='lat' dir='ltr'><strong>a</strong></span> <span class='ocrx_word' id='word_1_335' title='bbox 3335 2548 3518 2604; x_wconf 86' lang='lat' dir='ltr'><strong>fratris</strong></span> 
     </span>
    </p>
   </div>
   <div class='ocr_carea' id='block_1_38' title="bbox 1904 2631 2801 2708">
    <p class='ocr_par' dir='ltr' id='par_1_38' title="bbox 1904 2631 2801 2708">
     <span class='ocr_line' id='line_1_39' title="bbox 1904 2631 2801 2708; baseline 0.006 -24"><span class='ocrx_word' id='word_1_336' title='bbox 1904 2631 2191 2687; x_wconf 87' lang='lat' dir='ltr'><strong>sanctitate</strong></span> <span class='ocrx_word' id='word_1_337' title='bbox 2222 2646 2332 2688; x_wconf 91' lang='lat' dir='ltr'><strong>non</strong></span> <span class='ocrx_word' id='word_1_338' title='bbox 2363 2633 2666 2708; x_wconf 84' lang='lat' dir='ltr'><strong>degenerat</strong></span> <span class='ocrx_word' id='word_1_339' title='bbox 2689 2634 2801 2705; x_wconf 80' lang='grc'><strong>¹⁰⁶.]</strong></span> 
     </span>
    </p>
   </div>
   <div class='ocr_carea' id='block_1_39' title="bbox 2046 2725 3370 2787">
    <p class='ocr_par' dir='ltr' id='par_1_39' title="bbox 2046 2725 3370 2787">
     <span class='ocr_line' id='line_1_40' title="bbox 2046 2725 3370 2787; baseline 0.003 -9"><span class='ocrx_word' id='word_1_340' title='bbox 2046 2725 2171 2779; x_wconf 78' lang='lat'><strong>647.</strong></span> <span class='ocrx_word' id='word_1_341' title='bbox 2317 2726 2372 2787; x_wconf 88' lang='lat'><strong>4,</strong></span> <span class='ocrx_word' id='word_1_342' title='bbox 2485 2727 2566 2783; x_wconf 80' lang='lat'><strong>12.</strong></span> <span class='ocrx_word' id='word_1_343' title='bbox 2712 2727 2767 2781; x_wconf 89' lang='lat'><strong>2.</strong></span> <span class='ocrx_word' id='word_1_344' title='bbox 2920 2728 2966 2782; x_wconf 91' lang='lat'><strong>1.</strong></span> <span class='ocrx_word' id='word_1_345' title='bbox 3116 2729 3168 2782; x_wconf 88' lang='lat'><strong>7.</strong></span> <span class='ocrx_word' id='word_1_346' title='bbox 3317 2728 3370 2782; x_wconf 88' lang='lat'><strong>3.</strong></span> 
     </span>
    </p>
   </div>
   <div class='ocr_carea' id='block_1_40' title="bbox 1977 2816 3517 2889">
    <p class='ocr_par' dir='ltr' id='par_1_40' title="bbox 1977 2816 3517 2889">
     <span class='ocr_line' id='line_1_41' title="bbox 1977 2816 3517 2889; baseline 0.003 -18"><span class='ocrx_word' id='word_1_347' title='bbox 1977 2816 2062 2885; x_wconf 88' lang='grc' dir='ltr'><strong>(Η.</strong></span> <span class='ocrx_word' id='word_1_348' title='bbox 2094 2816 2193 2884; x_wconf 83' lang='lat' dir='ltr'><strong>m.)</strong></span> <span class='ocrx_word' id='word_1_349' title='bbox 2249 2817 2411 2872; x_wconf 88' lang='lat' dir='ltr'><strong>Persa</strong></span> <span class='ocrx_word' id='word_1_350' title='bbox 2440 2818 2663 2889; x_wconf 89' lang='lat' dir='ltr'><strong>quidam</strong></span> <span class='ocrx_word' id='word_1_351' title='bbox 2695 2818 2964 2873; x_wconf 88' lang='lat' dir='ltr'><strong>simulans</strong></span> <span class='ocrx_word' id='word_1_352' title='bbox 3013 2835 3072 2875; x_wconf 87' lang='lat' dir='ltr'><strong>se</strong></span> <span class='ocrx_word' id='word_1_353' title='bbox 3116 2819 3258 2875; x_wconf 89' lang='lat' dir='ltr'><strong>velle</strong></span> <span class='ocrx_word' id='word_1_354' title='bbox 3287 2820 3517 2875; x_wconf 89' lang='lat' dir='ltr'><strong>adorare</strong></span> 
     </span>
    </p>
   </div>
   <div class='ocr_carea' id='block_1_41' title="bbox 326 2895 3518 2974">
    <p class='ocr_par' dir='ltr' id='par_1_41' title="bbox 326 2895 3518 2974">
     <span class='ocr_line' id='line_1_42' title="bbox 326 2895 3518 2974; baseline 0.004 -25"><span class='ocrx_word' id='word_1_355' title='bbox 326 2896 454 2950; x_wconf 79' lang='lat'><strong>642.</strong></span> <span class='ocrx_word' id='word_1_356' title='bbox 570 2895 657 2950; x_wconf 89' lang='lat'><strong>30.</strong></span> <span class='ocrx_word' id='word_1_357' title='bbox 807 2897 861 2952; x_wconf 88' lang='lat'><strong>7.</strong></span> <span class='ocrx_word' id='word_1_358' title='bbox 972 2897 1056 2951; x_wconf 89' lang='lat'><strong>11.</strong></span> <span class='ocrx_word' id='word_1_359' title='bbox 1172 2897 1259 2951; x_wconf 83' lang='lat'><strong>12.</strong></span> <span class='ocrx_word' id='word_1_360' title='bbox 1409 2897 1461 2952; x_wconf 89' lang='lat'><strong>2.</strong></span> <span class='ocrx_word' id='word_1_361' title='bbox 1570 2899 1661 2954; x_wconf 87' lang='lat'><strong>29.</strong></span> <span class='ocrx_word' id='word_1_362' title='bbox 1910 2905 2145 2960; x_wconf 85' lang='lat' dir='ltr'><strong>Haumar</strong></span> <span class='ocrx_word' id='word_1_363' title='bbox 2189 2905 2417 2960; x_wconf 89' lang='lat' dir='ltr'><strong>amiram</strong></span> <span class='ocrx_word' id='word_1_364' title='bbox 2472 2905 2891 2974; x_wconf 90' lang='lat' dir='ltr'><strong>Saracenorum,</strong></span> <span class='ocrx_word' id='word_1_365' title='bbox 2929 2906 3099 2963; x_wconf 90' lang='lat' dir='ltr'><strong>inﬁxo</strong></span> <span class='ocrx_word' id='word_1_366' title='bbox 3159 2909 3215 2964; x_wconf 91' lang='lat' dir='ltr'><strong>in</strong></span> <span class='ocrx_word' id='word_1_367' title='bbox 3269 2917 3518 2964; x_wconf 84' lang='lat' dir='ltr'><strong>ventrem</strong></span> 
     </span>
    </p>
   </div>
   <div class='ocr_carea' id='block_1_42' title="bbox 255 2987 3516 3067">
    <p class='ocr_par' dir='ltr' id='par_1_42' title="bbox 255 2987 3516 3067">
     <span class='ocr_line' id='line_1_43' title="bbox 255 2987 3516 3067; baseline 0.003 -25"><span class='ocrx_word' id='word_1_368' title='bbox 255 2990 338 3055; x_wconf 78' lang='lat' dir='ltr'><strong>(Il.</strong></span> <span class='ocrx_word' id='word_1_369' title='bbox 397 2989 502 3056; x_wconf 71' lang='grc' dir='ltr'><strong>τη.)</strong></span> <span class='ocrx_word' id='word_1_370' title='bbox 565 2987 842 3042; x_wconf 85' lang='lat' dir='ltr'><strong>Heraclius</strong></span> <span class='ocrx_word' id='word_1_371' title='bbox 903 2988 1204 3060; x_wconf 86' lang='lat' dir='ltr'><strong>imperator</strong></span> <span class='ocrx_word' id='word_1_372' title='bbox 1250 2989 1498 3045; x_wconf 91' lang='lat' dir='ltr'><strong>moritur.</strong></span> <span class='ocrx_word' id='word_1_373' title='bbox 1541 2990 1805 3047; x_wconf 88' lang='lat' dir='ltr'><strong>Constan-</strong></span> <span class='ocrx_word' id='word_1_374' title='bbox 1908 2993 2027 3061; x_wconf 89' lang='lat' dir='ltr'><strong>ejus</strong></span> <span class='ocrx_word' id='word_1_375' title='bbox 2057 2992 2242 3067; x_wconf 90' lang='lat' dir='ltr'><strong>gladio</strong></span> <span class='ocrx_word' id='word_1_376' title='bbox 2289 2994 2523 3064; x_wconf 88' lang='lat' dir='ltr'><strong>peremit</strong></span> <span class='ocrx_word' id='word_1_377' title='bbox 2555 3009 2711 3060; x_wconf 87' lang='lat' dir='ltr'><strong>eum;</strong></span> <span class='ocrx_word' id='word_1_378' title='bbox 2748 2996 2836 3051; x_wconf 91' lang='lat' dir='ltr'><strong>cui</strong></span> <span class='ocrx_word' id='word_1_379' title='bbox 2888 2996 3118 3053; x_wconf 79' lang='lat' dir='ltr'><strong>llotmen</strong></span> <span class='ocrx_word' id='word_1_380' title='bbox 3164 2997 3516 3063; x_wconf 89' lang='lat' dir='ltr'><strong>substitutus,</strong></span> 
     </span>
    </p>
   </div>
   <div class='ocr_carea' id='block_1_43' title="bbox 182 3081 3520 3164">
    <p class='ocr_par' dir='ltr' id='par_1_43' title="bbox 182 3081 3520 3164">
     <span class='ocr_line' id='line_1_44' title="bbox 182 3081 3520 3164; baseline 0.003 -26"><span class='ocrx_word' id='word_1_381' title='bbox 182 3084 335 3138; x_wconf 88' lang='lat' dir='ltr'><strong>tinus</strong></span> <span class='ocrx_word' id='word_1_382' title='bbox 365 3081 517 3138; x_wconf 90' lang='lat' dir='ltr'><strong>ﬁlius</strong></span> <span class='ocrx_word' id='word_1_383' title='bbox 564 3082 684 3151; x_wconf 86' lang='lat' dir='ltr'><strong>ejus</strong></span> <span class='ocrx_word' id='word_1_384' title='bbox 712 3083 1080 3147; x_wconf 90' lang='lat' dir='ltr'><strong>substituitur,</strong></span> <span class='ocrx_word' id='word_1_385' title='bbox 1123 3090 1177 3138; x_wconf 87' lang='lat' dir='ltr'><strong>et</strong></span> <span class='ocrx_word' id='word_1_386' title='bbox 1230 3093 1425 3154; x_wconf 88' lang='lat' dir='ltr'><strong>quarto</strong></span> <span class='ocrx_word' id='word_1_387' title='bbox 1482 3101 1671 3142; x_wconf 89' lang='lat' dir='ltr'><strong>mense</strong></span> <span class='ocrx_word' id='word_1_388' title='bbox 1700 3087 1803 3141; x_wconf 92' lang='lat' dir='ltr'><strong>im-</strong></span> <span class='ocrx_word' id='word_1_389' title='bbox 1828 3133 1875 3164; x_wconf 60' lang='grc' dir='ltr'>ρ</span> <span class='ocrx_word' id='word_1_390' title='bbox 1908 3089 2067 3143; x_wconf 87' lang='lat' dir='ltr'><strong>annis</strong></span> <span class='ocrx_word' id='word_1_391' title='bbox 2095 3088 2165 3142; x_wconf 90' lang='lat'><strong>10</strong></span> <span class='ocrx_word' id='word_1_392' title='bbox 2212 3087 2567 3159; x_wconf 89' lang='lat' dir='ltr'><strong>principatur.</strong></span> <span class='ocrx_word' id='word_1_393' title='bbox 2603 3089 2684 3156; x_wconf 74' lang='grc' dir='ltr'><strong>(ϐ.</strong></span> <span class='ocrx_word' id='word_1_394' title='bbox 2719 3108 2749 3146; x_wconf 85' lang='lat' dir='ltr'><strong>r</strong></span> <span class='ocrx_word' id='word_1_395' title='bbox 2802 3091 2882 3160; x_wconf 87' lang='lat' dir='ltr'><strong>F.)</strong></span> <span class='ocrx_word' id='word_1_396' title='bbox 2916 3091 3181 3164; x_wconf 90' lang='lat' dir='ltr'><strong>Pippinus</strong></span> <span class='ocrx_word' id='word_1_397' title='bbox 3219 3093 3393 3163; x_wconf 92' lang='lat' dir='ltr'><strong>major</strong></span> <span class='ocrx_word' id='word_1_398' title='bbox 3418 3093 3520 3147; x_wconf 90' lang='lat' dir='ltr'><strong>do-</strong></span> 
     </span>
    </p>
   </div>
   <div class='ocr_carea' id='block_1_44' title="bbox 181 3133 3520 3252">
    <p class='ocr_par' dir='ltr' id='par_1_44' title="bbox 181 3133 3520 3252">
     <span class='ocr_line' id='line_1_45' title="bbox 184 3133 3486 3164; baseline 0.003 -26"><span class='ocrx_word' id='word_1_399' title='bbox 184 3133 330 3138; x_wconf 68' lang='lat'><strong>_-_-_-</strong></span> <span class='ocrx_word' id='word_1_400' title='bbox 365 3133 512 3138; x_wconf 52' lang='grc' dir='ltr'><strong>--ηπ</strong></span> <span class='ocrx_word' id='word_1_401' title='bbox 570 3133 681 3151; x_wconf 65' lang='lat'><strong>-,_-</strong></span> <span class='ocrx_word' id='word_1_402' title='bbox 713 3133 1080 3147; x_wconf 77' lang='lat'><strong>_--------_--_-,</strong></span> <span class='ocrx_word' id='word_1_403' title='bbox 1128 3133 1174 3138; x_wconf 58' lang='grc' dir='ltr'>η</span> <span class='ocrx_word' id='word_1_404' title='bbox 1233 3133 1420 3154; x_wconf 43' lang='grc' dir='ltr'><strong>Ἱππ</strong></span> <span class='ocrx_word' id='word_1_405' title='bbox 1484 3133 1669 3142; x_wconf 58' lang='grc' dir='ltr'><strong>---μην</strong></span> <span class='ocrx_word' id='word_1_406' title='bbox 1908 3133 2067 3143; x_wconf 73' lang='lat'><strong>.......-</strong></span> <span class='ocrx_word' id='word_1_407' title='bbox 2100 3133 2161 3142; x_wconf 85' lang='grc'><strong>-..</strong></span> <span class='ocrx_word' id='word_1_408' title='bbox 2213 3133 2567 3159; x_wconf 81' lang='grc'><strong>,........,........</strong></span> <span class='ocrx_word' id='word_1_409' title='bbox 2604 3133 2684 3156; x_wconf 62' lang='grc' dir='ltr'><strong>ν-.</strong></span> <span class='ocrx_word' id='word_1_410' title='bbox 2720 3133 2732 3146; x_wconf 90' lang='grc'><strong><em>,</em></strong></span> <span class='ocrx_word' id='word_1_411' title='bbox 2802 3133 2819 3145; x_wconf 93' lang='grc'><strong>.</strong></span> <span class='ocrx_word' id='word_1_412' title='bbox 2845 3133 2882 3160; x_wconf 89' lang='lat'><strong>.,</strong></span> <span class='ocrx_word' id='word_1_413' title='bbox 2918 3133 2933 3145; x_wconf 94' lang='lat'><strong>.</strong></span> <span class='ocrx_word' id='word_1_414' title='bbox 2957 3133 3181 3164; x_wconf 69' lang='grc'><strong>.,,,,.......</strong></span> <span class='ocrx_word' id='word_1_415' title='bbox 3220 3133 3380 3163; x_wconf 53' lang='grc' dir='ltr'><strong>...μνη</strong></span> <span class='ocrx_word' id='word_1_416' title='bbox 3418 3133 3486 3147; x_wconf 78' lang='grc' dir='ltr'><strong>..ν</strong></span> 
     </span>
     <span class='ocr_line' id='line_1_46' title="bbox 181 3133 3520 3252; baseline 0.003 -27"><span class='ocrx_word' id='word_1_417' title='bbox 181 3172 320 3243; x_wconf 86' lang='lat' dir='ltr'><strong>perii</strong></span> <span class='ocrx_word' id='word_1_418' title='bbox 354 3172 442 3226; x_wconf 91' lang='lat' dir='ltr'><strong>sui</strong></span> <span class='ocrx_word' id='word_1_419' title='bbox 472 3188 505 3226; x_wconf 93' lang='lat' dir='ltr'><strong>a</strong></span> <span class='ocrx_word' id='word_1_420' title='bbox 536 3186 771 3227; x_wconf 83' lang='lat' dir='ltr'><strong>noverca</strong></span> <span class='ocrx_word' id='word_1_421' title='bbox 798 3188 895 3226; x_wconf 88' lang='lat' dir='ltr'><strong>sua</strong></span> <span class='ocrx_word' id='word_1_422' title='bbox 928 3172 1153 3227; x_wconf 83' lang='lat' dir='ltr'><strong>Martina</strong></span> <span class='ocrx_word' id='word_1_423' title='bbox 1184 3178 1240 3227; x_wconf 90' lang='lat' dir='ltr'><strong>et</strong></span> <span class='ocrx_word' id='word_1_424' title='bbox 1291 3172 1457 3244; x_wconf 83' lang='lat' dir='ltr'><strong>Pyrro</strong></span> <span class='ocrx_word' id='word_1_425' title='bbox 1493 3175 1804 3245; x_wconf 87' lang='lat' dir='ltr'><strong>patriarcha</strong></span> <span class='ocrx_word' id='word_1_426' title='bbox 1827 3133 1877 3202; x_wconf 65' lang='grc' dir='ltr'>Ο</span> <span class='ocrx_word' id='word_1_427' title='bbox 1906 3193 2029 3233; x_wconf 88' lang='lat' dir='ltr'><strong>mus</strong></span> <span class='ocrx_word' id='word_1_428' title='bbox 2058 3177 2289 3233; x_wconf 89' lang='lat' dir='ltr'><strong>moritur</strong></span> <span class='ocrx_word' id='word_1_429' title='bbox 2327 3179 2491 3247; x_wconf 89' lang='lat'><strong>(169).</strong></span> <span class='ocrx_word' id='word_1_430' title='bbox 2549 3178 2894 3235; x_wconf 86' lang='lat' dir='ltr'><strong>Grimoaldus</strong></span> <span class='ocrx_word' id='word_1_431' title='bbox 2942 3180 3089 3236; x_wconf 89' lang='lat' dir='ltr'><strong>ﬁlius</strong></span> <span class='ocrx_word' id='word_1_432' title='bbox 3142 3181 3261 3252; x_wconf 89' lang='lat' dir='ltr'><strong>ejus</strong></span> <span class='ocrx_word' id='word_1_433' title='bbox 3292 3181 3345 3236; x_wconf 90' lang='lat' dir='ltr'><strong>in</strong></span> <span class='ocrx_word' id='word_1_434' title='bbox 3394 3182 3520 3236; x_wconf 85' lang='lat' dir='ltr'><strong>aula</strong></span> 
     </span>
    </p>
   </div>
   <div class='ocr_carea' id='block_1_45' title="bbox 179 3266 3029 3343">
    <p class='ocr_par' dir='ltr' id='par_1_45' title="bbox 179 3266 3029 3343">
     <span class='ocr_line' id='line_1_47' title="bbox 179 3266 3029 3343; baseline 0.002 -25"><span class='ocrx_word' id='word_1_435' title='bbox 179 3282 402 3322; x_wconf 80' lang='lat' dir='ltr'><strong>veneno</strong></span> <span class='ocrx_word' id='word_1_436' title='bbox 433 3266 797 3338; x_wconf 81' lang='lat' dir='ltr'><strong>extinguitur,</strong></span> <span class='ocrx_word' id='word_1_437' title='bbox 828 3275 884 3321; x_wconf 84' lang='lat' dir='ltr'><strong>et</strong></span> <span class='ocrx_word' id='word_1_438' title='bbox 911 3266 1138 3322; x_wconf 87' lang='lat' dir='ltr'><strong>Martina</strong></span> <span class='ocrx_word' id='word_1_439' title='bbox 1181 3283 1303 3322; x_wconf 90' lang='lat' dir='ltr'><strong>cum</strong></span> <span class='ocrx_word' id='word_1_440' title='bbox 1358 3268 1471 3324; x_wconf 90' lang='lat' dir='ltr'><strong>ﬁlio</strong></span> <span class='ocrx_word' id='word_1_441' title='bbox 1509 3285 1610 3324; x_wconf 91' lang='lat' dir='ltr'><strong>suo</strong></span> <span class='ocrx_word' id='word_1_442' title='bbox 1638 3270 1806 3325; x_wconf 81' lang='lat' dir='ltr'><strong>Hera-</strong></span> <span class='ocrx_word' id='word_1_443' title='bbox 1907 3267 2180 3342; x_wconf 86' lang='lat' dir='ltr'><strong>Sigeberti</strong></span> <span class='ocrx_word' id='word_1_444' title='bbox 2214 3269 2358 3343; x_wconf 83' lang='lat' dir='ltr'><strong>regis</strong></span> <span class='ocrx_word' id='word_1_445' title='bbox 2386 3275 2642 3339; x_wconf 88' lang='lat' dir='ltr'><strong>potenter</strong></span> <span class='ocrx_word' id='word_1_446' title='bbox 2670 3270 3029 3342; x_wconf 90' lang='lat' dir='ltr'><strong>principatur.</strong></span> 
     </span>
    </p>
   </div>
   <div class='ocr_carea' id='block_1_46' title="bbox 177 3357 1808 3432">
    <p class='ocr_par' dir='ltr' id='par_1_46' title="bbox 177 3357 1804 3432">
     <span class='ocr_line' id='line_1_48' title="bbox 177 3357 1804 3432; baseline 0.002 -20"><span class='ocrx_word' id='word_1_447' title='bbox 177 3359 341 3412; x_wconf 88' lang='lat' dir='ltr'><strong>clona</strong></span> <span class='ocrx_word' id='word_1_448' title='bbox 397 3357 695 3429; x_wconf 91' lang='lat' dir='ltr'><strong>imperium</strong></span> <span class='ocrx_word' id='word_1_449' title='bbox 737 3357 949 3428; x_wconf 89' lang='lat' dir='ltr'><strong>arripit.</strong></span> <span class='ocrx_word' id='word_1_450' title='bbox 990 3358 1197 3429; x_wconf 71' lang='grc' dir='ltr'><strong>(Ριιεο.)</strong></span> <span class='ocrx_word' id='word_1_451' title='bbox 1249 3358 1516 3415; x_wconf 88' lang='lat' dir='ltr'><strong>Sisebodo</strong></span> <span class='ocrx_word' id='word_1_452' title='bbox 1573 3359 1804 3432; x_wconf 84' lang='lat' dir='ltr'><strong>Wisigo-</strong></span> 
     </span>
    </p>
   </div>
   <div class='ocr_carea' id='block_1_47' title="bbox 1931 3357 3373 3432">
    <p class='ocr_par' dir='ltr' id='par_1_47' title="bbox 2043 3358 3373 3415">
     <span class='ocr_line' id='line_1_49' title="bbox 2043 3358 3373 3415; baseline 0 -4"><span class='ocrx_word' id='word_1_453' title='bbox 2043 3358 2168 3414; x_wconf 84' lang='lat'><strong>648.</strong></span> <span class='ocrx_word' id='word_1_454' title='bbox 2316 3359 2370 3412; x_wconf 81' lang='grc'><strong>5.</strong></span> <span class='ocrx_word' id='word_1_455' title='bbox 2521 3359 2571 3413; x_wconf 89' lang='grc'><strong>1.</strong></span> <span class='ocrx_word' id='word_1_456' title='bbox 2719 3358 2771 3413; x_wconf 88' lang='lat'><strong>5.</strong></span> <span class='ocrx_word' id='word_1_457' title='bbox 2917 3359 2973 3413; x_wconf 85' lang='lat'><strong>2.</strong></span> <span class='ocrx_word' id='word_1_458' title='bbox 3121 3360 3174 3414; x_wconf 93' lang='lat'><strong>8.</strong></span> <span class='ocrx_word' id='word_1_459' title='bbox 3322 3361 3373 3415; x_wconf 82' lang='lat'><strong>4.</strong></span> 
     </span>
    </p>
   </div>
   <div class='ocr_carea' id='block_1_48' title="bbox 180 3446 3519 3526">
    <p class='ocr_par' dir='ltr' id='par_1_48' title="bbox 180 3446 3519 3526">
     <span class='ocr_line' id='line_1_50' title="bbox 180 3446 3519 3526; baseline 0.002 -25"><span class='ocrx_word' id='word_1_460' title='bbox 180 3448 404 3501; x_wconf 92' lang='lat' dir='ltr'><strong>thorum</strong></span> <span class='ocrx_word' id='word_1_461' title='bbox 469 3462 602 3518; x_wconf 86' lang='lat' dir='ltr'><strong>rege</strong></span> <span class='ocrx_word' id='word_1_462' title='bbox 648 3452 885 3512; x_wconf 91' lang='lat' dir='ltr'><strong>mortuo,</strong></span> <span class='ocrx_word' id='word_1_463' title='bbox 944 3446 1177 3501; x_wconf 82' lang='lat' dir='ltr'><strong>Suitilan</strong></span> <span class='ocrx_word' id='word_1_464' title='bbox 1230 3447 1558 3514; x_wconf 90' lang='lat' dir='ltr'><strong>succedens,</strong></span> <span class='ocrx_word' id='word_1_465' title='bbox 1622 3455 1811 3520; x_wconf 83' lang='lat' dir='ltr'><strong>regnat</strong></span> <span class='ocrx_word' id='word_1_466' title='bbox 1984 3452 2061 3519; x_wconf 85' lang='grc' dir='ltr'><strong>(Η.</strong></span> <span class='ocrx_word' id='word_1_467' title='bbox 2118 3456 2219 3522; x_wconf 86' lang='lat' dir='ltr'><strong>m.)</strong></span> <span class='ocrx_word' id='word_1_468' title='bbox 2250 3453 2506 3508; x_wconf 90' lang='lat' dir='ltr'><strong>Saraceni</strong></span> <span class='ocrx_word' id='word_1_469' title='bbox 2547 3453 2776 3509; x_wconf 83' lang='lat' dir='ltr'><strong>Africam</strong></span> <span class='ocrx_word' id='word_1_470' title='bbox 2810 3463 3099 3526; x_wconf 89' lang='lat' dir='ltr'><strong>occupant.</strong></span> <span class='ocrx_word' id='word_1_471' title='bbox 3150 3455 3519 3525; x_wconf 68' lang='lat' dir='ltr'><strong>(Banx.)San-</strong></span> 
     </span>
    </p>
   </div>
   <div class='ocr_carea' id='block_1_49' title="bbox 179 3537 3522 3618">
    <p class='ocr_par' dir='ltr' id='par_1_49' title="bbox 179 3537 3522 3618">
     <span class='ocr_line' id='line_1_51' title="bbox 179 3537 3522 3618; baseline 0.002 -25"><span class='ocrx_word' id='word_1_472' title='bbox 179 3540 346 3593; x_wconf 88' lang='lat' dir='ltr'><strong>annis</strong></span> <span class='ocrx_word' id='word_1_473' title='bbox 387 3537 613 3607; x_wconf 74' lang='lat'><strong>2.1117.)</strong></span> <span class='ocrx_word' id='word_1_474' title='bbox 664 3538 1023 3612; x_wconf 87' lang='lat' dir='ltr'><strong>Dagobertus,</strong></span> <span class='ocrx_word' id='word_1_475' title='bbox 1067 3537 1376 3594; x_wconf 87' lang='lat' dir='ltr'><strong>Saxonibus</strong></span> <span class='ocrx_word' id='word_1_476' title='bbox 1415 3550 1609 3595; x_wconf 86' lang='lat' dir='ltr'><strong>contra</strong></span> <span class='ocrx_word' id='word_1_477' title='bbox 1639 3540 1812 3594; x_wconf 83' lang='lat' dir='ltr'><strong>Wini-</strong></span> <span class='ocrx_word' id='word_1_478' title='bbox 1911 3548 2033 3597; x_wconf 91' lang='lat' dir='ltr'><strong>ctus</strong></span> <span class='ocrx_word' id='word_1_479' title='bbox 2097 3542 2297 3597; x_wconf 87' lang='lat' dir='ltr'><strong>Fursus</strong></span> <span class='ocrx_word' id='word_1_480' title='bbox 2338 3543 2390 3597; x_wconf 90' lang='lat' dir='ltr'><strong>in</strong></span> <span class='ocrx_word' id='word_1_481' title='bbox 2442 3542 2702 3599; x_wconf 81' lang='lat' dir='ltr'><strong>Hibernia</strong></span> <span class='ocrx_word' id='word_1_482' title='bbox 2756 3545 2988 3609; x_wconf 83' lang='lat' dir='ltr'><strong>claruit;</strong></span> <span class='ocrx_word' id='word_1_483' title='bbox 3044 3546 3137 3617; x_wconf 92' lang='lat' dir='ltr'><strong>qui</strong></span> <span class='ocrx_word' id='word_1_484' title='bbox 3198 3545 3522 3618; x_wconf 77' lang='lat' dir='ltr'><strong>peregrina-</strong></span> 
     </span>
    </p>
   </div>
   <div class='ocr_carea' id='block_1_50' title="bbox 181 3627 3519 3709">
    <p class='ocr_par' dir='ltr' id='par_1_50' title="bbox 181 3627 3519 3709">
     <span class='ocr_line' id='line_1_52' title="bbox 181 3627 3519 3709; baseline 0.002 -26"><span class='ocrx_word' id='word_1_485' title='bbox 181 3630 289 3683; x_wconf 89' lang='lat' dir='ltr'><strong>dos</strong></span> <span class='ocrx_word' id='word_1_486' title='bbox 318 3628 427 3683; x_wconf 87' lang='lat' dir='ltr'><strong>sibi</strong></span> <span class='ocrx_word' id='word_1_487' title='bbox 460 3627 883 3690; x_wconf 86' lang='lat' dir='ltr'><strong>auxiliantibus,</strong></span> <span class='ocrx_word' id='word_1_488' title='bbox 930 3644 1174 3683; x_wconf 89' lang='lat' dir='ltr'><strong>annuum</strong></span> <span class='ocrx_word' id='word_1_489' title='bbox 1208 3630 1633 3702; x_wconf 84' lang='lat' dir='ltr'><strong>quingentarum</strong></span> <span class='ocrx_word' id='word_1_490' title='bbox 1684 3649 1808 3689; x_wconf 91' lang='lat' dir='ltr'><strong>vac-</strong></span> <span class='ocrx_word' id='word_1_491' title='bbox 1909 3633 2115 3687; x_wconf 89' lang='lat' dir='ltr'><strong>tionem</strong></span> <span class='ocrx_word' id='word_1_492' title='bbox 2176 3649 2276 3704; x_wconf 87' lang='lat' dir='ltr'><strong>pro</strong></span> <span class='ocrx_word' id='word_1_493' title='bbox 2332 3633 2546 3690; x_wconf 88' lang='lat' dir='ltr'><strong>Christo</strong></span> <span class='ocrx_word' id='word_1_494' title='bbox 2604 3651 2915 3709; x_wconf 84' lang='lat' dir='ltr'><strong>aggressus,</strong></span> <span class='ocrx_word' id='word_1_495' title='bbox 2958 3636 3027 3690; x_wconf 91' lang='lat' dir='ltr'><strong>ad</strong></span> <span class='ocrx_word' id='word_1_496' title='bbox 3082 3636 3283 3691; x_wconf 81' lang='lat' dir='ltr'><strong>Gallias</strong></span> <span class='ocrx_word' id='word_1_497' title='bbox 3342 3652 3519 3706; x_wconf 87' lang='lat' dir='ltr'><strong>usque</strong></span> 
     </span>
    </p>
   </div>
   <div class='ocr_carea' id='block_1_51' title="bbox 183 3718 3516 3794">
    <p class='ocr_par' dir='ltr' id='par_1_51' title="bbox 183 3718 3516 3794">
     <span class='ocr_line' id='line_1_53' title="bbox 183 3718 3516 3794; baseline 0.001 -19"><span class='ocrx_word' id='word_1_498' title='bbox 183 3735 373 3775; x_wconf 85' lang='lat' dir='ltr'><strong>earum</strong></span> <span class='ocrx_word' id='word_1_499' title='bbox 402 3718 676 3773; x_wconf 89' lang='lat' dir='ltr'><strong>tributum</strong></span> <span class='ocrx_word' id='word_1_500' title='bbox 704 3719 788 3774; x_wconf 91' lang='lat' dir='ltr'><strong>eis</strong></span> <span class='ocrx_word' id='word_1_501' title='bbox 807 3719 1075 3794; x_wconf 91' lang='lat' dir='ltr'><strong>indulget.</strong></span> <span class='ocrx_word' id='word_1_502' title='bbox 1908 3720 2183 3792; x_wconf 83' lang='lat' dir='ltr'><strong>pervenit,</strong></span> <span class='ocrx_word' id='word_1_503' title='bbox 2219 3721 2291 3793; x_wconf 90' lang='lat' dir='ltr'><strong>[et</strong></span> <span class='ocrx_word' id='word_1_504' title='bbox 2317 3737 2346 3774; x_wconf 88' lang='lat' dir='ltr'><strong>a</strong></span> <span class='ocrx_word' id='word_1_505' title='bbox 2374 3721 2684 3777; x_wconf 89' lang='lat' dir='ltr'><strong>Chlodoveo</strong></span> <span class='ocrx_word' id='word_1_506' title='bbox 2707 3739 2838 3793; x_wconf 78' lang='lat' dir='ltr'><strong>rege</strong></span> <span class='ocrx_word' id='word_1_507' title='bbox 2868 3724 3174 3779; x_wconf 91' lang='lat' dir='ltr'><strong>honoriﬁce</strong></span> <span class='ocrx_word' id='word_1_508' title='bbox 3206 3730 3516 3793; x_wconf 81' lang='lat' dir='ltr'><strong>susceptus,</strong></span> 
     </span>
    </p>
   </div>
   <div class='ocr_carea' id='block_1_52' title="bbox 330 3810 3518 3883">
    <p class='ocr_par' dir='ltr' id='par_1_52' title="bbox 330 3810 3518 3883">
     <span class='ocr_line' id='line_1_54' title="bbox 330 3810 3518 3883; baseline -0.001 -19"><span class='ocrx_word' id='word_1_509' title='bbox 330 3810 460 3864; x_wconf 90' lang='lat'><strong>643.</strong></span> <span class='ocrx_word' id='word_1_510' title='bbox 612 3814 660 3864; x_wconf 95' lang='lat'><strong>1.</strong></span> <span class='ocrx_word' id='word_1_511' title='bbox 808 3810 862 3865; x_wconf 91' lang='lat'><strong>8.</strong></span> <span class='ocrx_word' id='word_1_512' title='bbox 977 3812 1062 3866; x_wconf 87' lang='lat'><strong>12.</strong></span> <span class='ocrx_word' id='word_1_513' title='bbox 1177 3811 1263 3867; x_wconf 91' lang='lat'><strong>13.</strong></span> <span class='ocrx_word' id='word_1_514' title='bbox 1414 3813 1466 3868; x_wconf 90' lang='lat'><strong>3.</strong></span> <span class='ocrx_word' id='word_1_515' title='bbox 1618 3814 1667 3867; x_wconf 91' lang='lat'><strong>1.</strong></span> <span class='ocrx_word' id='word_1_516' title='bbox 1909 3812 2249 3867; x_wconf 87' lang='lat' dir='ltr'><strong>Latiniacum</strong></span> <span class='ocrx_word' id='word_1_517' title='bbox 2268 3811 2582 3866; x_wconf 66' lang='lat' dir='ltr'><strong>coenobium</strong></span> <span class='ocrx_word' id='word_1_518' title='bbox 2613 3810 2862 3868; x_wconf 89' lang='lat' dir='ltr'><strong>fundavit</strong></span> <span class='ocrx_word' id='word_1_519' title='bbox 2884 3812 2992 3883; x_wconf 74' lang='lat'><strong>’07.]</strong></span> <span class='ocrx_word' id='word_1_520' title='bbox 3019 3814 3185 3877; x_wconf 90' lang='lat' dir='ltr'><strong>Quem</strong></span> <span class='ocrx_word' id='word_1_521' title='bbox 3211 3828 3321 3867; x_wconf 90' lang='lat' dir='ltr'><strong>non</strong></span> <span class='ocrx_word' id='word_1_522' title='bbox 3345 3811 3518 3866; x_wconf 61' lang='lat' dir='ltr'><strong>multa</strong></span> 
     </span>
    </p>
   </div>
   <div class='ocr_carea' id='block_1_53' title="bbox 258 3900 3520 3974">
    <p class='ocr_par' dir='ltr' id='par_1_53' title="bbox 258 3900 3520 3974">
     <span class='ocr_line' id='line_1_55' title="bbox 258 3900 3520 3974; baseline -0.001 -18"><span class='ocrx_word' id='word_1_523' title='bbox 258 3903 345 3971; x_wconf 84' lang='grc' dir='ltr'><strong>(Η.</strong></span> <span class='ocrx_word' id='word_1_524' title='bbox 405 3904 509 3969; x_wconf 87' lang='lat' dir='ltr'><strong>m.)</strong></span> <span class='ocrx_word' id='word_1_525' title='bbox 570 3900 915 3967; x_wconf 82' lang='lat' dir='ltr'><strong>Heraclonas,</strong></span> <span class='ocrx_word' id='word_1_526' title='bbox 949 3902 1163 3957; x_wconf 90' lang='lat' dir='ltr'><strong>absciso</strong></span> <span class='ocrx_word' id='word_1_527' title='bbox 1195 3902 1300 3957; x_wconf 88' lang='lat' dir='ltr'><strong>sibi</strong></span> <span class='ocrx_word' id='word_1_528' title='bbox 1358 3920 1515 3972; x_wconf 89' lang='lat' dir='ltr'><strong>naso,</strong></span> <span class='ocrx_word' id='word_1_529' title='bbox 1547 3912 1601 3959; x_wconf 88' lang='lat' dir='ltr'><strong>et</strong></span> <span class='ocrx_word' id='word_1_530' title='bbox 1669 3905 1808 3961; x_wconf 83' lang='lat' dir='ltr'><strong>Mar-</strong></span> <span class='ocrx_word' id='word_1_531' title='bbox 1909 3910 2031 3974; x_wconf 91' lang='lat' dir='ltr'><strong>post</strong></span> <span class='ocrx_word' id='word_1_532' title='bbox 2078 3903 2272 3958; x_wconf 89' lang='lat' dir='ltr'><strong>fratres</strong></span> <span class='ocrx_word' id='word_1_533' title='bbox 2314 3902 2397 3955; x_wconf 89' lang='lat' dir='ltr'><strong>sui</strong></span> <span class='ocrx_word' id='word_1_534' title='bbox 2457 3901 2730 3955; x_wconf 83' lang='lat' dir='ltr'><strong>Foillanus</strong></span> <span class='ocrx_word' id='word_1_535' title='bbox 2769 3910 2825 3956; x_wconf 94' lang='lat' dir='ltr'><strong>et</strong></span> <span class='ocrx_word' id='word_1_536' title='bbox 2860 3902 3085 3956; x_wconf 81' lang='lat' dir='ltr'><strong>Ultanue</strong></span> <span class='ocrx_word' id='word_1_537' title='bbox 3124 3901 3239 3971; x_wconf 90' lang='lat' dir='ltr'><strong>pari</strong></span> <span class='ocrx_word' id='word_1_538' title='bbox 3278 3901 3520 3974; x_wconf 88' lang='lat' dir='ltr'><strong>peregri-</strong></span> 
     </span>
    </p>
   </div>
   <div class='ocr_carea' id='block_1_54' title="bbox 185 3989 3516 4066">
    <p class='ocr_par' dir='ltr' id='par_1_54' title="bbox 185 3989 3516 4066">
     <span class='ocr_line' id='line_1_56' title="bbox 185 3989 3516 4066; baseline -0.002 -19"><span class='ocrx_word' id='word_1_539' title='bbox 185 3993 305 4047; x_wconf 89' lang='lat' dir='ltr'><strong>tina</strong></span> <span class='ocrx_word' id='word_1_540' title='bbox 336 3998 514 4045; x_wconf 85' lang='lat' dir='ltr'><strong>mater</strong></span> <span class='ocrx_word' id='word_1_541' title='bbox 545 3991 669 4059; x_wconf 90' lang='lat' dir='ltr'><strong>ejus</strong></span> <span class='ocrx_word' id='word_1_542' title='bbox 715 3989 929 4045; x_wconf 88' lang='lat' dir='ltr'><strong>abscisa</strong></span> <span class='ocrx_word' id='word_1_543' title='bbox 961 3991 1150 4066; x_wconf 85' lang='lat' dir='ltr'><strong>lingua</strong></span> <span class='ocrx_word' id='word_1_544' title='bbox 1205 3992 1528 4059; x_wconf 82' lang='lat' dir='ltr'><strong>exiliantur;</strong></span> <span class='ocrx_word' id='word_1_545' title='bbox 1586 4000 1639 4048; x_wconf 92' lang='lat' dir='ltr'><strong>et</strong></span> <span class='ocrx_word' id='word_1_546' title='bbox 1666 3996 1804 4050; x_wconf 90' lang='lat' dir='ltr'><strong>Con-</strong></span> <span class='ocrx_word' id='word_1_547' title='bbox 1909 3995 2079 4051; x_wconf 92' lang='lat' dir='ltr'><strong>nandi</strong></span> <span class='ocrx_word' id='word_1_548' title='bbox 2109 4002 2233 4050; x_wconf 91' lang='lat' dir='ltr'><strong>voto</strong></span> <span class='ocrx_word' id='word_1_549' title='bbox 2264 3992 2459 4055; x_wconf 83' lang='lat' dir='ltr'><strong>secuti,</strong></span> <span class='ocrx_word' id='word_1_550' title='bbox 2500 4007 2599 4062; x_wconf 92' lang='lat' dir='ltr'><strong>per</strong></span> <span class='ocrx_word' id='word_1_551' title='bbox 2625 3990 2824 4045; x_wconf 84' lang='lat' dir='ltr'><strong>Gallias</strong></span> <span class='ocrx_word' id='word_1_552' title='bbox 2851 3990 3183 4046; x_wconf 87' lang='lat' dir='ltr'><strong>claruerunt.</strong></span> <span class='ocrx_word' id='word_1_553' title='bbox 3212 3990 3282 4043; x_wconf 86' lang='lat' dir='ltr'><strong>Ex</strong></span> <span class='ocrx_word' id='word_1_554' title='bbox 3315 3989 3516 4059; x_wconf 82' lang='lat' dir='ltr'><strong>quibus</strong></span> 
     </span>
    </p>
   </div>
   <div class='ocr_carea' id='block_1_55' title="bbox 181 4077 3521 4155">
    <p class='ocr_par' dir='ltr' id='par_1_55' title="bbox 181 4077 3521 4155">
     <span class='ocr_line' id='line_1_57' title="bbox 181 4077 3521 4155; baseline -0 -21"><span class='ocrx_word' id='word_1_555' title='bbox 181 4089 359 4144; x_wconf 89' lang='lat' dir='ltr'><strong>stans,</strong></span> <span class='ocrx_word' id='word_1_556' title='bbox 402 4079 499 4150; x_wconf 88' lang='lat' dir='ltr'><strong>qui</strong></span> <span class='ocrx_word' id='word_1_557' title='bbox 532 4088 591 4132; x_wconf 87' lang='lat' dir='ltr'><strong>et</strong></span> <span class='ocrx_word' id='word_1_558' title='bbox 647 4077 1033 4134; x_wconf 86' lang='lat' dir='ltr'><strong>Constantinus</strong></span> <span class='ocrx_word' id='word_1_559' title='bbox 1081 4080 1300 4147; x_wconf 88' lang='lat' dir='ltr'><strong>dicitur,</strong></span> <span class='ocrx_word' id='word_1_560' title='bbox 1350 4080 1496 4136; x_wconf 89' lang='lat' dir='ltr'><strong>ﬁlius</strong></span> <span class='ocrx_word' id='word_1_561' title='bbox 1535 4082 1808 4139; x_wconf 85' lang='lat' dir='ltr'><strong>Constan-</strong></span> <span class='ocrx_word' id='word_1_562' title='bbox 1909 4087 2185 4142; x_wconf 85' lang='lat' dir='ltr'><strong>Foillanus</strong></span> <span class='ocrx_word' id='word_1_563' title='bbox 2237 4085 2383 4139; x_wconf 93' lang='lat' dir='ltr'><strong>dono</strong></span> <span class='ocrx_word' id='word_1_564' title='bbox 2438 4081 2720 4137; x_wconf 87' lang='lat' dir='ltr'><strong>Gertrudis</strong></span> <span class='ocrx_word' id='word_1_565' title='bbox 2748 4081 2980 4155; x_wconf 87' lang='lat' dir='ltr'><strong>virginis</strong></span> <span class='ocrx_word' id='word_1_566' title='bbox 3010 4081 3274 4136; x_wconf 89' lang='lat' dir='ltr'><strong>Fossense</strong></span> <span class='ocrx_word' id='word_1_567' title='bbox 3321 4095 3521 4135; x_wconf 83' lang='lat' dir='ltr'><strong>mona-</strong></span> 
     </span>
    </p>
   </div>
   <div class='ocr_carea' id='block_1_56' title="bbox 180 4170 3519 4245">
    <p class='ocr_par' dir='ltr' id='par_1_56' title="bbox 180 4170 3519 4245">
     <span class='ocr_line' id='line_1_58' title="bbox 180 4170 3519 4245; baseline -0.001 -18"><span class='ocrx_word' id='word_1_568' title='bbox 180 4172 309 4236; x_wconf 88' lang='lat' dir='ltr'><strong>tini,</strong></span> <span class='ocrx_word' id='word_1_569' title='bbox 345 4170 597 4245; x_wconf 85' lang='lat' dir='ltr'><strong>regnavit</strong></span> <span class='ocrx_word' id='word_1_570' title='bbox 626 4170 787 4224; x_wconf 90' lang='lat' dir='ltr'><strong>annis</strong></span> <span class='ocrx_word' id='word_1_571' title='bbox 833 4170 902 4224; x_wconf 85' lang='lat'><strong>26</strong></span> <span class='ocrx_word' id='word_1_572' title='bbox 933 4171 1017 4226; x_wconf 83' lang='grc'><strong>¹⁰³.</strong></span> <span class='ocrx_word' id='word_1_573' title='bbox 1076 4172 1262 4239; x_wconf 71' lang='grc' dir='ltr'><strong>(Βεω,</strong></span> <span class='ocrx_word' id='word_1_574' title='bbox 1294 4179 1355 4228; x_wconf 85' lang='grc'><strong>11.</strong></span> <span class='ocrx_word' id='word_1_575' title='bbox 1414 4175 1482 4240; x_wconf 86' lang='lat' dir='ltr'><strong>e.)</strong></span> <span class='ocrx_word' id='word_1_576' title='bbox 1529 4175 1809 4232; x_wconf 87' lang='lat' dir='ltr'><strong>Oswaldus</strong></span> <span class='ocrx_word' id='word_1_577' title='bbox 1906 4175 2133 4231; x_wconf 89' lang='lat' dir='ltr'><strong>stcrium</strong></span> <span class='ocrx_word' id='word_1_578' title='bbox 2166 4183 2357 4245; x_wconf 89' lang='lat' dir='ltr'><strong>postea</strong></span> <span class='ocrx_word' id='word_1_579' title='bbox 2410 4173 2677 4235; x_wconf 87' lang='lat' dir='ltr'><strong>fundavit,</strong></span> <span class='ocrx_word' id='word_1_580' title='bbox 2711 4172 2807 4225; x_wconf 89' lang='lat' dir='ltr'><strong>ubi</strong></span> <span class='ocrx_word' id='word_1_581' title='bbox 2865 4172 3028 4226; x_wconf 88' lang='lat' dir='ltr'><strong>etiam</strong></span> <span class='ocrx_word' id='word_1_582' title='bbox 3072 4170 3329 4241; x_wconf 85' lang='lat' dir='ltr'><strong>martyrio</strong></span> <span class='ocrx_word' id='word_1_583' title='bbox 3357 4185 3519 4224; x_wconf 85' lang='lat' dir='ltr'><strong>coro-</strong></span> 
     </span>
    </p>
   </div>
   <div class='ocr_carea' id='block_1_57' title="bbox 182 4262 3527 4344">
    <p class='ocr_par' dir='ltr' id='par_1_57' title="bbox 182 4262 3527 4344">
     <span class='ocr_line' id='line_1_59' title="bbox 182 4262 3527 4344; baseline -0.002 -24"><span class='ocrx_word' id='word_1_584' title='bbox 182 4282 278 4320; x_wconf 84' lang='lat' dir='ltr'><strong>rex</strong></span> <span class='ocrx_word' id='word_1_585' title='bbox 322 4264 898 4335; x_wconf 79' lang='lat' dir='ltr'><strong>Nordanymbroruma</strong></span> <span class='ocrx_word' id='word_1_586' title='bbox 928 4265 1111 4320; x_wconf 91' lang='lat' dir='ltr'><strong>Penda</strong></span> <span class='ocrx_word' id='word_1_587' title='bbox 1161 4267 1481 4323; x_wconf 82' lang='lat' dir='ltr'><strong>Merciorum</strong></span> <span class='ocrx_word' id='word_1_588' title='bbox 1538 4285 1667 4344; x_wconf 89' lang='lat' dir='ltr'><strong>rege</strong></span> <span class='ocrx_word' id='word_1_589' title='bbox 1708 4287 1809 4343; x_wconf 88' lang='lat' dir='ltr'><strong>pe-</strong></span> <span class='ocrx_word' id='word_1_590' title='bbox 1908 4278 2069 4326; x_wconf 90' lang='lat' dir='ltr'><strong>natus</strong></span> <span class='ocrx_word' id='word_1_591' title='bbox 2097 4268 2350 4341; x_wconf 91' lang='lat' dir='ltr'><strong>quiescit.</strong></span> <span class='ocrx_word' id='word_1_592' title='bbox 2398 4267 2485 4335; x_wconf 89' lang='lat' dir='ltr'><strong>(G.</strong></span> <span class='ocrx_word' id='word_1_593' title='bbox 2514 4273 2684 4337; x_wconf 66' lang='lat' dir='ltr'><strong>penu</strong></span> <span class='ocrx_word' id='word_1_594' title='bbox 2718 4265 2978 4321; x_wconf 85' lang='lat' dir='ltr'><strong>Martinus</strong></span> <span class='ocrx_word' id='word_1_595' title='bbox 3030 4264 3289 4319; x_wconf 69' lang='lat' dir='ltr'><strong>Romanae</strong></span> <span class='ocrx_word' id='word_1_596' title='bbox 3338 4262 3527 4317; x_wconf 59' lang='lat' dir='ltr'><strong>eiecto-</strong></span> 
     </span>
    </p>
   </div>
   <div class='ocr_carea' id='block_1_58' title="bbox 184 4352 3527 4438">
    <p class='ocr_par' dir='ltr' id='par_1_58' title="bbox 184 4352 3527 4438">
     <span class='ocr_line' id='line_1_60' title="bbox 184 4352 3527 4438; baseline -0.003 -22"><span class='ocrx_word' id='word_1_597' title='bbox 184 4363 440 4425; x_wconf 87' lang='lat' dir='ltr'><strong>rimitur;</strong></span> <span class='ocrx_word' id='word_1_598' title='bbox 496 4362 655 4431; x_wconf 90' lang='lat' dir='ltr'><strong>cujus</strong></span> <span class='ocrx_word' id='word_1_599' title='bbox 698 4360 844 4416; x_wconf 88' lang='lat' dir='ltr'><strong>ﬁlius</strong></span> <span class='ocrx_word' id='word_1_600' title='bbox 896 4362 1035 4417; x_wconf 87' lang='lat' dir='ltr'><strong>Oswi</strong></span> <span class='ocrx_word' id='word_1_601' title='bbox 1089 4371 1283 4438; x_wconf 89' lang='lat' dir='ltr'><strong>regnat</strong></span> <span class='ocrx_word' id='word_1_602' title='bbox 1351 4372 1474 4435; x_wconf 92' lang='lat' dir='ltr'><strong>post</strong></span> <span class='ocrx_word' id='word_1_603' title='bbox 1530 4381 1654 4421; x_wconf 90' lang='lat' dir='ltr'><strong>eum</strong></span> <span class='ocrx_word' id='word_1_604' title='bbox 1706 4383 1807 4422; x_wconf 87' lang='lat' dir='ltr'><strong>an-</strong></span> <span class='ocrx_word' id='word_1_605' title='bbox 1907 4365 2008 4421; x_wconf 73' lang='lat' dir='ltr'><strong>site</strong></span> <span class='ocrx_word' id='word_1_606' title='bbox 2053 4364 2182 4417; x_wconf 75' lang='lat' dir='ltr'><strong>71us</strong></span> <span class='ocrx_word' id='word_1_607' title='bbox 2232 4362 2477 4432; x_wconf 90' lang='lat' dir='ltr'><strong>prcsidct</strong></span> <span class='ocrx_word' id='word_1_608' title='bbox 2548 4361 2747 4429; x_wconf 77' lang='lat' dir='ltr'><strong>(Fasn.)</strong></span> <span class='ocrx_word' id='word_1_609' title='bbox 2797 4357 3107 4432; x_wconf 86' lang='lat' dir='ltr'><strong>Sigibertus</strong></span> <span class='ocrx_word' id='word_1_610' title='bbox 3152 4371 3244 4411; x_wconf 87' lang='lat' dir='ltr'><strong>rex</strong></span> <span class='ocrx_word' id='word_1_611' title='bbox 3297 4352 3527 4409; x_wconf 81' lang='lat' dir='ltr'><strong>Radulfo</strong></span> 
     </span>
    </p>
   </div>
   <div class='ocr_carea' id='block_1_59' title="bbox 185 4447 2952 4529">
    <p class='ocr_par' dir='ltr' id='par_1_59' title="bbox 185 4447 2952 4529">
     <span class='ocr_line' id='line_1_61' title="bbox 185 4447 2952 4529; baseline -0.002 -24"><span class='ocrx_word' id='word_1_612' title='bbox 185 4453 276 4505; x_wconf 90' lang='lat' dir='ltr'><strong>nis</strong></span> <span class='ocrx_word' id='word_1_613' title='bbox 316 4452 389 4507; x_wconf 85' lang='lat'><strong>28</strong></span> <span class='ocrx_word' id='word_1_614' title='bbox 458 4452 666 4521; x_wconf 69' lang='grc' dir='ltr'><strong>(Ριιευ.)</strong></span> <span class='ocrx_word' id='word_1_615' title='bbox 712 4453 1053 4529; x_wconf 89' lang='lat' dir='ltr'><strong>Dagobertus</strong></span> <span class='ocrx_word' id='word_1_616' title='bbox 1093 4455 1395 4511; x_wconf 84' lang='lat' dir='ltr'><strong>Wascones</strong></span> <span class='ocrx_word' id='word_1_617' title='bbox 1425 4457 1651 4528; x_wconf 84' lang='lat' dir='ltr'><strong>subigit.</strong></span> <span class='ocrx_word' id='word_1_618' title='bbox 1718 4459 1808 4514; x_wconf 84' lang='lat' dir='ltr'><strong>Ju-</strong></span> <span class='ocrx_word' id='word_1_619' title='bbox 1834 4501 1885 4529; x_wconf 68' lang='grc' dir='ltr'>η</span> <span class='ocrx_word' id='word_1_620' title='bbox 1909 4456 2278 4529; x_wconf 88' lang='lat' dir='ltr'><strong>Turingorum</strong></span> <span class='ocrx_word' id='word_1_621' title='bbox 2312 4452 2439 4507; x_wconf 89' lang='lat' dir='ltr'><strong>duci</strong></span> <span class='ocrx_word' id='word_1_622' title='bbox 2470 4450 2621 4505; x_wconf 92' lang='lat' dir='ltr'><strong>bello</strong></span> <span class='ocrx_word' id='word_1_623' title='bbox 2655 4447 2952 4504; x_wconf 90' lang='lat' dir='ltr'><strong>concurrit.</strong></span> 
     </span>
    </p>
   </div>
   <div class='ocr_carea' id='block_1_60' title="bbox 184 4544 1804 4623">
    <p class='ocr_par' dir='ltr' id='par_1_60' title="bbox 184 4544 1804 4623">
     <span class='ocr_line' id='line_1_62' title="bbox 184 4544 1804 4623; baseline 0.007 -27"><span class='ocrx_word' id='word_1_624' title='bbox 184 4544 366 4599; x_wconf 85' lang='lat' dir='ltr'><strong>dacail</strong></span> <span class='ocrx_word' id='word_1_625' title='bbox 421 4560 512 4599; x_wconf 91' lang='lat' dir='ltr'><strong>rex</strong></span> <span class='ocrx_word' id='word_1_626' title='bbox 561 4545 867 4601; x_wconf 90' lang='lat' dir='ltr'><strong>Brittonum</strong></span> <span class='ocrx_word' id='word_1_627' title='bbox 941 4548 1171 4623; x_wconf 90' lang='lat' dir='ltr'><strong>gratiam</strong></span> <span class='ocrx_word' id='word_1_628' title='bbox 1228 4549 1346 4620; x_wconf 90' lang='lat' dir='ltr'><strong>ejus</strong></span> <span class='ocrx_word' id='word_1_629' title='bbox 1402 4550 1508 4605; x_wconf 87' lang='lat' dir='ltr'><strong>sibi</strong></span> <span class='ocrx_word' id='word_1_630' title='bbox 1565 4553 1804 4609; x_wconf 89' lang='lat' dir='ltr'><strong>redimit.</strong></span> 
     </span>
    </p>
   </div>
   <div class='ocr_carea' id='block_1_61' title="bbox 565 2533 1670 2592">
    <p class='ocr_par' dir='ltr' id='par_1_61' title="bbox 565 2533 1670 2592">
     <span class='ocr_line' id='line_1_63' title="bbox 565 2533 1670 2592; baseline 0.004 -4"><span class='ocrx_word' id='word_1_631' title='bbox 565 2533 655 2589; x_wconf 94' lang='lat'><strong>29.</strong></span> <span class='ocrx_word' id='word_1_632' title='bbox 805 2536 859 2589; x_wconf 90' lang='lat'><strong>6.</strong></span> <span class='ocrx_word' id='word_1_633' title='bbox 972 2534 1062 2591; x_wconf 91' lang='grc'><strong>10.</strong></span> <span class='ocrx_word' id='word_1_634' title='bbox 1176 2536 1264 2591; x_wconf 91' lang='grc'><strong>11.</strong></span> <span class='ocrx_word' id='word_1_635' title='bbox 1418 2538 1465 2591; x_wconf 94' lang='grc'><strong>1.</strong></span> <span class='ocrx_word' id='word_1_636' title='bbox 1577 2536 1670 2592; x_wconf 84' lang='lat'><strong>28.</strong></span> 
     </span>
    </p>
   </div>
   <div class='ocr_carea' id='block_1_62' title="bbox 253 2622 1806 2692">
    <p class='ocr_par' dir='ltr' id='par_1_62' title="bbox 253 2622 1806 2692">
     <span class='ocr_line' id='line_1_64' title="bbox 253 2622 1806 2692; baseline 0.001 -15"><span class='ocrx_word' id='word_1_637' title='bbox 253 2624 339 2691; x_wconf 84' lang='lat' dir='ltr'><strong>(H.</strong></span> <span class='ocrx_word' id='word_1_638' title='bbox 388 2625 491 2692; x_wconf 86' lang='lat' dir='ltr'><strong>m.)</strong></span> <span class='ocrx_word' id='word_1_639' title='bbox 519 2622 804 2690; x_wconf 87' lang='lat' dir='ltr'><strong>Saraceni,</strong></span> <span class='ocrx_word' id='word_1_640' title='bbox 837 2623 1020 2679; x_wconf 87' lang='lat' dir='ltr'><strong>Persis</strong></span> <span class='ocrx_word' id='word_1_641' title='bbox 1072 2624 1270 2679; x_wconf 89' lang='lat' dir='ltr'><strong>iterum</strong></span> <span class='ocrx_word' id='word_1_642' title='bbox 1312 2624 1458 2680; x_wconf 89' lang='lat' dir='ltr'><strong>bello</strong></span> <span class='ocrx_word' id='word_1_643' title='bbox 1498 2625 1675 2692; x_wconf 86' lang='lat' dir='ltr'><strong>vietis,</strong></span> <span class='ocrx_word' id='word_1_644' title='bbox 1727 2625 1806 2680; x_wconf 87' lang='lat' dir='ltr'><strong>fu-</strong></span> 
     </span>
    </p>
   </div>
   <div class='ocr_carea' id='block_1_63' title="bbox 179 2715 1803 2790">
    <p class='ocr_par' dir='ltr' id='par_1_63' title="bbox 179 2715 1803 2790">
     <span class='ocr_line' id='line_1_65' title="bbox 179 2715 1803 2790; baseline 0.001 -20"><span class='ocrx_word' id='word_1_645' title='bbox 179 2724 311 2788; x_wconf 80' lang='lat' dir='ltr'><strong>gato</strong></span> <span class='ocrx_word' id='word_1_646' title='bbox 336 2730 473 2790; x_wconf 86' lang='lat' dir='ltr'><strong>rege</strong></span> <span class='ocrx_word' id='word_1_647' title='bbox 501 2730 696 2771; x_wconf 89' lang='lat' dir='ltr'><strong>eorum</strong></span> <span class='ocrx_word' id='word_1_648' title='bbox 729 2715 997 2783; x_wconf 85' lang='lat' dir='ltr'><strong>Ermisda,</strong></span> <span class='ocrx_word' id='word_1_649' title='bbox 1027 2721 1195 2771; x_wconf 91' lang='lat' dir='ltr'><strong>totam</strong></span> <span class='ocrx_word' id='word_1_650' title='bbox 1225 2716 1507 2772; x_wconf 91' lang='lat' dir='ltr'><strong>Persidem</strong></span> <span class='ocrx_word' id='word_1_651' title='bbox 1539 2718 1645 2772; x_wconf 90' lang='lat' dir='ltr'><strong>sibi</strong></span> <span class='ocrx_word' id='word_1_652' title='bbox 1672 2718 1803 2773; x_wconf 91' lang='lat' dir='ltr'><strong>sub-</strong></span> 
     </span>
    </p>
   </div>
   <div class='ocr_carea' id='block_1_64' title="bbox 176 2806 396 2878">
    <p class='ocr_par' dir='ltr' id='par_1_64' title="bbox 176 2806 396 2878">
     <span class='ocr_line' id='line_1_66' title="bbox 176 2806 396 2878; baseline 0 -20"><span class='ocrx_word' id='word_1_653' title='bbox 176 2806 396 2878; x_wconf 88' lang='lat' dir='ltr'><strong>jugant.</strong></span> 
     </span>
    </p>
   </div>
   <div class='ocr_carea' id='block_1_65' title="bbox 2041 4535 3377 4602">
    <p class='ocr_par' dir='ltr' id='par_1_65' title="bbox 2041 4535 3377 4602">
     <span class='ocr_line' id='line_1_67' title="bbox 2041 4535 3377 4602; baseline -0.011 -1"><span class='ocrx_word' id='word_1_654' title='bbox 2041 4546 2148 4602; x_wconf 81' lang='lat'><strong>649</strong></span> <span class='ocrx_word' id='word_1_655' title='bbox 2318 4543 2369 4597; x_wconf 88' lang='grc'><strong>6.</strong></span> <span class='ocrx_word' id='word_1_656' title='bbox 2517 4541 2552 4596; x_wconf 87' lang='lat'><strong>2</strong></span> <span class='ocrx_word' id='word_1_657' title='bbox 2720 4541 2774 4594; x_wconf 86' lang='lat'><strong>4.</strong></span> <span class='ocrx_word' id='word_1_658' title='bbox 2920 4535 2971 4592; x_wconf 87' lang='lat'><strong>3.</strong></span> <span class='ocrx_word' id='word_1_659' title='bbox 3123 4537 3178 4591; x_wconf 89' lang='lat'><strong>9.</strong></span> <span class='ocrx_word' id='word_1_660' title='bbox 3324 4535 3377 4588; x_wconf 79' lang='lat'><strong>5.</strong></span> 
     </span>
    </p>
   </div>
   <div class='ocr_carea' id='block_1_66' title="bbox 186 4631 1813 4707">
    <p class='ocr_par' dir='ltr' id='par_1_66' title="bbox 186 4631 1813 4707">
     <span class='ocr_line' id='line_1_68' title="bbox 186 4631 1813 4707; baseline 0.008 -23"><span class='ocrx_word' id='word_1_661' title='bbox 186 4632 373 4705; x_wconf 82' lang='lat' dir='ltr'><strong>[Virgo</strong></span> <span class='ocrx_word' id='word_1_662' title='bbox 413 4631 607 4687; x_wconf 88' lang='lat' dir='ltr'><strong>Christi</strong></span> <span class='ocrx_word' id='word_1_663' title='bbox 676 4634 969 4707; x_wconf 82' lang='lat' dir='ltr'><strong>Reginulfa</strong></span> <span class='ocrx_word' id='word_1_664' title='bbox 1008 4637 1297 4693; x_wconf 90' lang='lat' dir='ltr'><strong>sanctitate</strong></span> <span class='ocrx_word' id='word_1_665' title='bbox 1361 4639 1532 4695; x_wconf 90' lang='lat' dir='ltr'><strong>claret</strong></span> <span class='ocrx_word' id='word_1_666' title='bbox 1590 4641 1645 4695; x_wconf 89' lang='lat' dir='ltr'><strong>in</strong></span> <span class='ocrx_word' id='word_1_667' title='bbox 1687 4642 1813 4697; x_wconf 88' lang='lat' dir='ltr'><strong>Gal-</strong></span> 
     </span>
    </p>
   </div>
   <div class='ocr_carea' id='block_1_67' title="bbox 187 4722 389 4777">
    <p class='ocr_par' dir='ltr' id='par_1_67' title="bbox 187 4722 389 4777">
     <span class='ocr_line' id='line_1_69' title="bbox 187 4722 389 4777; baseline -0.015 0"><span class='ocrx_word' id='word_1_668' title='bbox 187 4723 264 4777; x_wconf 88' lang='lat' dir='ltr'><strong>lia</strong></span> <span class='ocrx_word' id='word_1_669' title='bbox 298 4722 389 4774; x_wconf 67' lang='grc' dir='ltr'><strong>ωδ.</strong></span> 
     </span>
    </p>
   </div>
   <div class='ocr_carea' id='block_1_68' title="bbox 325 4723 1666 4883">
    <p class='ocr_par' dir='ltr' id='par_1_68' title="bbox 325 4723 1666 4883">
     <span class='ocr_line' id='line_1_70' title="bbox 325 4723 368 4756; baseline 0 0"><span class='ocrx_word' id='word_1_670' title='bbox 325 4723 368 4756; x_wconf 76' lang='grc' dir='ltr'><strong>οι</strong></span> 
     </span>
     <span class='ocr_line' id='line_1_71' title="bbox 325 4723 1666 4883; baseline 0.009 -12"><span class='ocrx_word' id='word_1_671' title='bbox 325 4723 452 4872; x_wconf 56' lang='lat'><strong>6414.</strong></span> <span class='ocrx_word' id='word_1_672' title='bbox 614 4819 633 4872; x_wconf 90' lang='lat'><strong>1</strong></span> <span class='ocrx_word' id='word_1_673' title='bbox 811 4821 864 4876; x_wconf 92' lang='lat'><strong>9.</strong></span> <span class='ocrx_word' id='word_1_674' title='bbox 977 4824 1062 4878; x_wconf 82' lang='grc'><strong>15.</strong></span> <span class='ocrx_word' id='word_1_675' title='bbox 1178 4826 1263 4879; x_wconf 80' lang='lat'><strong>14.</strong></span> <span class='ocrx_word' id='word_1_676' title='bbox 1412 4828 1466 4882; x_wconf 88' lang='lat'><strong>4.</strong></span> <span class='ocrx_word' id='word_1_677' title='bbox 1613 4828 1666 4883; x_wconf 88' lang='lat'><strong>2.</strong></span> 
     </span>
    </p>
   </div>
   <div class='ocr_carea' id='block_1_69' title="bbox 255 4908 1810 4984">
    <p class='ocr_par' dir='ltr' id='par_1_69' title="bbox 255 4908 1810 4984">
     <span class='ocr_line' id='line_1_72' title="bbox 255 4908 1810 4984; baseline 0.008 -22"><span class='ocrx_word' id='word_1_678' title='bbox 255 4908 344 4977; x_wconf 78' lang='grc' dir='ltr'><strong>(Η.</strong></span> <span class='ocrx_word' id='word_1_679' title='bbox 376 4911 473 4977; x_wconf 87' lang='lat' dir='ltr'><strong>m.)</strong></span> <span class='ocrx_word' id='word_1_680' title='bbox 528 4909 803 4965; x_wconf 81' lang='lat' dir='ltr'><strong>Haudmar</strong></span> <span class='ocrx_word' id='word_1_681' title='bbox 856 4912 1055 4968; x_wconf 91' lang='lat' dir='ltr'><strong>amiras</strong></span> <span class='ocrx_word' id='word_1_682' title='bbox 1083 4915 1349 4984; x_wconf 90' lang='lat' dir='ltr'><strong>templum</strong></span> <span class='ocrx_word' id='word_1_683' title='bbox 1390 4916 1495 4971; x_wconf 89' lang='lat' dir='ltr'><strong>sibi</strong></span> <span class='ocrx_word' id='word_1_684' title='bbox 1554 4917 1810 4975; x_wconf 87' lang='lat' dir='ltr'><strong>Hierusa-</strong></span> 
     </span>
    </p>
   </div>
   <div class='ocr_carea' id='block_1_70' title="bbox 180 4996 1806 5070">
    <p class='ocr_par' dir='ltr' id='par_1_70' title="bbox 180 4996 1806 5070">
     <span class='ocr_line' id='line_1_73' title="bbox 180 4996 1806 5070; baseline 0.007 -20"><span class='ocrx_word' id='word_1_685' title='bbox 180 4996 294 5052; x_wconf 87' lang='lat' dir='ltr'><strong>lem</strong></span> <span class='ocrx_word' id='word_1_686' title='bbox 345 4996 603 5065; x_wconf 70' lang='lat' dir='ltr'><strong>aadiﬁcat,</strong></span> <span class='ocrx_word' id='word_1_687' title='bbox 665 5004 720 5054; x_wconf 91' lang='lat' dir='ltr'><strong>et</strong></span> <span class='ocrx_word' id='word_1_688' title='bbox 749 4999 882 5070; x_wconf 90' lang='lat' dir='ltr'><strong>quia</strong></span> <span class='ocrx_word' id='word_1_689' title='bbox 913 5001 1065 5058; x_wconf 91' lang='lat' dir='ltr'><strong>nullo</strong></span> <span class='ocrx_word' id='word_1_690' title='bbox 1116 5004 1283 5059; x_wconf 90' lang='lat' dir='ltr'><strong>modo</strong></span> <span class='ocrx_word' id='word_1_691' title='bbox 1310 5011 1583 5060; x_wconf 87' lang='lat' dir='ltr'><strong>structura</strong></span> <span class='ocrx_word' id='word_1_692' title='bbox 1612 5008 1806 5062; x_wconf 86' lang='lat' dir='ltr'><strong>consi-</strong></span> 
     </span>
    </p>
   </div>
   <div class='ocr_carea' id='block_1_71' title="bbox 178 5090 1812 5163">
    <p class='ocr_par' dir='ltr' id='par_1_71' title="bbox 178 5090 1812 5163">
     <span class='ocr_line' id='line_1_74' title="bbox 178 5090 1812 5163; baseline 0.007 -22"><span class='ocrx_word' id='word_1_693' title='bbox 178 5094 335 5143; x_wconf 88' lang='lat' dir='ltr'><strong>stere</strong></span> <span class='ocrx_word' id='word_1_694' title='bbox 379 5095 612 5158; x_wconf 90' lang='lat' dir='ltr'><strong>poterat,</strong></span> <span class='ocrx_word' id='word_1_695' title='bbox 646 5090 1003 5163; x_wconf 79' lang='lat' dir='ltr'><strong>suggestione</strong></span> <span class='ocrx_word' id='word_1_696' title='bbox 1052 5093 1366 5150; x_wconf 76' lang='lat' dir='ltr'><strong>Judzeorum</strong></span> <span class='ocrx_word' id='word_1_697' title='bbox 1397 5112 1614 5151; x_wconf 91' lang='lat' dir='ltr'><strong>crucem</strong></span> <span class='ocrx_word' id='word_1_698' title='bbox 1646 5097 1812 5153; x_wconf 89' lang='lat' dir='ltr'><strong>desu-</strong></span> 
     </span>
    </p>
   </div>
   <div class='ocr_carea' id='block_1_72' title="bbox 180 5180 1811 5256">
    <p class='ocr_par' dir='ltr' id='par_1_72' title="bbox 180 5180 1811 5256">
     <span class='ocr_line' id='line_1_75' title="bbox 180 5180 1811 5256; baseline 0.007 -24"><span class='ocrx_word' id='word_1_699' title='bbox 180 5194 286 5250; x_wconf 87' lang='lat' dir='ltr'><strong>per</strong></span> <span class='ocrx_word' id='word_1_700' title='bbox 338 5189 582 5235; x_wconf 90' lang='lat' dir='ltr'><strong>montem</strong></span> <span class='ocrx_word' id='word_1_701' title='bbox 615 5180 811 5236; x_wconf 88' lang='lat' dir='ltr'><strong>Oliveti</strong></span> <span class='ocrx_word' id='word_1_702' title='bbox 866 5182 983 5237; x_wconf 91' lang='lat' dir='ltr'><strong>tolli</strong></span> <span class='ocrx_word' id='word_1_703' title='bbox 1040 5184 1295 5256; x_wconf 90' lang='lat' dir='ltr'><strong>imperat,</strong></span> <span class='ocrx_word' id='word_1_704' title='bbox 1323 5195 1379 5241; x_wconf 92' lang='lat' dir='ltr'><strong>et</strong></span> <span class='ocrx_word' id='word_1_705' title='bbox 1421 5187 1502 5243; x_wconf 90' lang='lat' dir='ltr'><strong>sic</strong></span> <span class='ocrx_word' id='word_1_706' title='bbox 1538 5196 1811 5244; x_wconf 89' lang='lat' dir='ltr'><strong>structura</strong></span> 
     </span>
    </p>
   </div>
   <div class='ocr_carea' id='block_1_73' title="bbox 1981 4624 3525 4711">
    <p class='ocr_par' dir='ltr' id='par_1_73' title="bbox 1981 4624 3525 4711">
     <span class='ocr_line' id='line_1_76' title="bbox 1981 4624 3525 4711; baseline -0.009 -19"><span class='ocrx_word' id='word_1_707' title='bbox 1981 4636 2191 4711; x_wconf 82' lang='lat' dir='ltr'><strong>Eligius</strong></span> <span class='ocrx_word' id='word_1_708' title='bbox 2229 4632 2503 4700; x_wconf 89' lang='lat' dir='ltr'><strong>Noviomi,</strong></span> <span class='ocrx_word' id='word_1_709' title='bbox 2550 4631 2866 4697; x_wconf 89' lang='lat' dir='ltr'><strong>Audoenus,</strong></span> <span class='ocrx_word' id='word_1_710' title='bbox 2898 4628 2992 4700; x_wconf 92' lang='lat' dir='ltr'><strong>qui</strong></span> <span class='ocrx_word' id='word_1_711' title='bbox 3034 4634 3089 4683; x_wconf 91' lang='lat' dir='ltr'><strong>et</strong></span> <span class='ocrx_word' id='word_1_712' title='bbox 3141 4626 3313 4692; x_wconf 88' lang='lat' dir='ltr'><strong>Dado,</strong></span> <span class='ocrx_word' id='word_1_713' title='bbox 3365 4624 3525 4679; x_wconf 83' lang='lat' dir='ltr'><strong>Roto-</strong></span> 
     </span>
    </p>
   </div>
   <div class='ocr_carea' id='block_1_74' title="bbox 1913 4715 3524 4808">
    <p class='ocr_par' dir='ltr' id='par_1_74' title="bbox 1913 4715 3524 4808">
     <span class='ocr_line' id='line_1_77' title="bbox 1913 4715 3524 4808; baseline -0.012 -20"><span class='ocrx_word' id='word_1_714' title='bbox 1913 4733 2055 4808; x_wconf 85' lang='lat' dir='ltr'><strong>magi</strong></span> <span class='ocrx_word' id='word_1_715' title='bbox 2101 4729 2309 4787; x_wconf 87' lang='lat' dir='ltr'><strong>clarent</strong></span> <span class='ocrx_word' id='word_1_716' title='bbox 2347 4723 2615 4798; x_wconf 84' lang='lat' dir='ltr'><strong>episcOpi,</strong></span> <span class='ocrx_word' id='word_1_717' title='bbox 2665 4729 2720 4777; x_wconf 89' lang='lat' dir='ltr'><strong>et</strong></span> <span class='ocrx_word' id='word_1_718' title='bbox 2762 4721 3096 4775; x_wconf 88' lang='lat' dir='ltr'><strong>Philibertus</strong></span> <span class='ocrx_word' id='word_1_719' title='bbox 3143 4725 3197 4773; x_wconf 90' lang='lat' dir='ltr'><strong>et</strong></span> <span class='ocrx_word' id='word_1_720' title='bbox 3236 4715 3524 4808; x_wconf 83' lang='lat' dir='ltr'><strong>Richarius</strong></span> 
     </span>
    </p>
   </div>
   <div class='ocr_carea' id='block_1_75' title="bbox 1911 4805 3525 4887">
    <p class='ocr_par' dir='ltr' id='par_1_75' title="bbox 1911 4805 3525 4887">
     <span class='ocr_line' id='line_1_78' title="bbox 1911 4805 3525 4887; baseline -0.013 -6"><span class='ocrx_word' id='word_1_721' title='bbox 1911 4805 2258 4880; x_wconf 75' lang='lat' dir='ltr'><strong>Pontivensis</strong></span> <span class='ocrx_word' id='word_1_722' title='bbox 2304 4819 2553 4876; x_wconf 89' lang='lat' dir='ltr'><strong>abbates.</strong></span> <span class='ocrx_word' id='word_1_723' title='bbox 2612 4814 2894 4887; x_wconf 84' lang='lat' dir='ltr'><strong>Ansigisus</strong></span> <span class='ocrx_word' id='word_1_724' title='bbox 2942 4811 3106 4867; x_wconf 90' lang='lat' dir='ltr'><strong>etiam</strong></span> <span class='ocrx_word' id='word_1_725' title='bbox 3164 4808 3308 4864; x_wconf 89' lang='lat' dir='ltr'><strong>ﬁlius</strong></span> <span class='ocrx_word' id='word_1_726' title='bbox 3350 4805 3525 4862; x_wconf 85' lang='lat' dir='ltr'><strong>sancti</strong></span> 
     </span>
    </p>
   </div>
   <div class='ocr_carea' id='block_1_76' title="bbox 1910 4893 3528 4981">
    <p class='ocr_par' dir='ltr' id='par_1_76' title="bbox 1910 4893 3528 4981">
     <span class='ocr_line' id='line_1_79' title="bbox 1910 4893 3528 4981; baseline -0.011 -9"><span class='ocrx_word' id='word_1_727' title='bbox 1910 4914 2116 4972; x_wconf 87' lang='lat' dir='ltr'><strong>Arnulﬁ</strong></span> <span class='ocrx_word' id='word_1_728' title='bbox 2164 4913 2426 4979; x_wconf 88' lang='lat' dir='ltr'><strong>clarebat,</strong></span> <span class='ocrx_word' id='word_1_729' title='bbox 2486 4910 2572 4966; x_wconf 91' lang='lat' dir='ltr'><strong>cui</strong></span> <span class='ocrx_word' id='word_1_730' title='bbox 2619 4909 2800 4981; x_wconf 83' lang='lat' dir='ltr'><strong>Begga</strong></span> <span class='ocrx_word' id='word_1_731' title='bbox 2853 4893 3009 4962; x_wconf 51' lang='lat' dir='ltr'><strong>so’ror</strong></span> <span class='ocrx_word' id='word_1_732' title='bbox 3060 4902 3358 4960; x_wconf 88' lang='lat' dir='ltr'><strong>Grimoaldi</strong></span> <span class='ocrx_word' id='word_1_733' title='bbox 3418 4917 3528 4956; x_wconf 92' lang='lat' dir='ltr'><strong>nu-</strong></span> 
     </span>
    </p>
   </div>
   <div class='ocr_carea' id='block_1_77' title="bbox 1912 5015 2115 5080">
    <p class='ocr_par' dir='ltr' id='par_1_77' title="bbox 1912 5015 2115 5080">
     <span class='ocr_line' id='line_1_80' title="bbox 1912 5015 2115 5080; baseline -0.005 -17"><span class='ocrx_word' id='word_1_734' title='bbox 1912 5015 2115 5080; x_wconf 88' lang='lat' dir='ltr'><strong>pserat,</strong></span> 
     </span>
    </p>
   </div>
   <div class='ocr_carea' id='block_1_78' title="bbox 2052 5082 3389 5151">
    <p class='ocr_par' dir='ltr' id='par_1_78' title="bbox 2052 5082 3389 5151">
     <span class='ocr_line' id='line_1_81' title="bbox 2052 5082 3389 5151; baseline -0.012 0"><span class='ocrx_word' id='word_1_735' title='bbox 2052 5096 2179 5151; x_wconf 77' lang='lat'><strong>650.</strong></span> <span class='ocrx_word' id='word_1_736' title='bbox 2328 5093 2382 5148; x_wconf 92' lang='lat'><strong>7.</strong></span> <span class='ocrx_word' id='word_1_737' title='bbox 2528 5089 2582 5145; x_wconf 90' lang='lat'><strong>3.</strong></span> <span class='ocrx_word' id='word_1_738' title='bbox 2728 5088 2782 5142; x_wconf 80' lang='grc'><strong>5.</strong></span> <span class='ocrx_word' id='word_1_739' title='bbox 2928 5088 2981 5140; x_wconf 89' lang='lat'><strong>4.</strong></span> <span class='ocrx_word' id='word_1_740' title='bbox 3100 5083 3184 5140; x_wconf 89' lang='lat'><strong>10.</strong></span> <span class='ocrx_word' id='word_1_741' title='bbox 3335 5082 3389 5135; x_wconf 90' lang='lat'><strong>1.</strong></span> 
     </span>
    </p>
   </div>
   <div class='ocr_carea' id='block_1_79' title="bbox 1981 5167 3525 5253">
    <p class='ocr_par' dir='ltr' id='par_1_79' title="bbox 1981 5167 3525 5253">
     <span class='ocr_line' id='line_1_82' title="bbox 1981 5167 3525 5253; baseline -0.012 -12"><span class='ocrx_word' id='word_1_742' title='bbox 1981 5191 2056 5253; x_wconf 76' lang='grc' dir='ltr'><strong>(ν.</strong></span> <span class='ocrx_word' id='word_1_743' title='bbox 2110 5182 2308 5252; x_wconf 84' lang='lat' dir='ltr'><strong>Gertr.)</strong></span> <span class='ocrx_word' id='word_1_744' title='bbox 2363 5182 2463 5236; x_wconf 88' lang='lat' dir='ltr'><strong>ltta</strong></span> <span class='ocrx_word' id='word_1_745' title='bbox 2519 5177 2706 5233; x_wconf 88' lang='lat' dir='ltr'><strong>relicta</strong></span> <span class='ocrx_word' id='word_1_746' title='bbox 2755 5174 2973 5246; x_wconf 89' lang='lat' dir='ltr'><strong>Pippini</strong></span> <span class='ocrx_word' id='word_1_747' title='bbox 3026 5172 3289 5228; x_wconf 90' lang='lat' dir='ltr'><strong>instinctu</strong></span> <span class='ocrx_word' id='word_1_748' title='bbox 3349 5167 3525 5225; x_wconf 90' lang='lat' dir='ltr'><strong>sancti</strong></span> 
     </span>
    </p>
   </div>
   <div class='ocr_carea' id='block_1_80' title="bbox 1542 5327 2173 5384">
    <p class='ocr_par' dir='ltr' id='par_1_80' title="bbox 1542 5327 2173 5384">
     <span class='ocr_line' id='line_1_83' title="bbox 1542 5327 2173 5384; baseline 0 -3"><span class='ocrx_word' id='word_1_749' title='bbox 1542 5327 1763 5384; x_wconf 76' lang='lat' dir='ltr'><strong>VARUE</strong></span> <span class='ocrx_word' id='word_1_750' title='bbox 1803 5327 2173 5384; x_wconf 79' lang='lat' dir='ltr'><strong>LECTIONES.</strong></span> 
     </span>
    </p>
   </div>
   <div class='ocr_carea' id='block_1_81' title="bbox 255 5425 1936 5498">
    <p class='ocr_par' dir='ltr' id='par_1_81' title="bbox 255 5425 1936 5498">
     <span class='ocr_line' id='line_1_84' title="bbox 255 5425 1936 5498; baseline 0.005 -20"><span class='ocrx_word' id='word_1_751' title='bbox 255 5425 431 5498; x_wconf 63' lang='lat' dir='ltr'><strong>mila</strong></span> <span class='ocrx_word' id='word_1_752' title='bbox 461 5427 512 5481; x_wconf 85' lang='lat'><strong>1.</strong></span> <span class='ocrx_word' id='word_1_753' title='bbox 547 5426 711 5495; x_wconf 72' lang='lat' dir='ltr'><strong>(corr.</strong></span> <span class='ocrx_word' id='word_1_754' title='bbox 740 5425 1050 5498; x_wconf 80' lang='lat' dir='ltr'><strong>erXXVll.)</strong></span> <span class='ocrx_word' id='word_1_755' title='bbox 1104 5429 1164 5483; x_wconf 79' lang='grc' dir='ltr'><strong>Β.</strong></span> <span class='ocrx_word' id='word_1_756' title='bbox 1200 5429 1380 5485; x_wconf 78' lang='lat' dir='ltr'><strong>XXVII</strong></span> <span class='ocrx_word' id='word_1_757' title='bbox 1413 5432 1471 5485; x_wconf 83' lang='lat' dir='ltr'><strong>A.</strong></span> <span class='ocrx_word' id='word_1_758' title='bbox 1525 5431 1675 5486; x_wconf 85' lang='lat' dir='ltr'><strong>XXV.</strong></span> <span class='ocrx_word' id='word_1_759' title='bbox 1713 5434 1806 5489; x_wconf 85' lang='lat' dir='ltr'><strong>B4.</strong></span> <span class='ocrx_word' id='word_1_760' title='bbox 1844 5433 1936 5490; x_wconf 87' lang='lat' dir='ltr'><strong>C3.</strong></span> 
     </span>
    </p>
   </div>
   <div class='ocr_carea' id='block_1_82' title="bbox 2048 5412 3516 5495">
    <p class='ocr_par' dir='ltr' id='par_1_82' title="bbox 2048 5412 3516 5495">
     <span class='ocr_line' id='line_1_85' title="bbox 2048 5412 3516 5495; baseline -0.014 -9"><span class='ocrx_word' id='word_1_761' title='bbox 2048 5432 2115 5467; x_wconf 73' lang='grc'><strong>¹⁰⁶</strong></span> <span class='ocrx_word' id='word_1_762' title='bbox 2143 5432 2268 5486; x_wconf 83' lang='lat' dir='ltr'><strong>add.</strong></span> <span class='ocrx_word' id='word_1_763' title='bbox 2305 5426 2395 5495; x_wconf 82' lang='grc' dir='ltr'><strong>1β.</strong></span> <span class='ocrx_word' id='word_1_764' title='bbox 2424 5445 2439 5495; x_wconf 87' lang='grc'>;</span> <span class='ocrx_word' id='word_1_765' title='bbox 2488 5427 2604 5481; x_wconf 84' lang='lat' dir='ltr'><strong>rell.</strong></span> <span class='ocrx_word' id='word_1_766' title='bbox 2674 5424 2741 5459; x_wconf 80' lang='grc'><strong>¹⁰⁸</strong></span> <span class='ocrx_word' id='word_1_767' title='bbox 2770 5424 2893 5477; x_wconf 85' lang='lat' dir='ltr'><strong>add.</strong></span> <span class='ocrx_word' id='word_1_768' title='bbox 2926 5418 3019 5493; x_wconf 82' lang='grc' dir='ltr'><strong>1β.</strong></span> <span class='ocrx_word' id='word_1_769' title='bbox 3049 5437 3063 5482; x_wconf 80' lang='grc' dir='ltr'>ς</span> <span class='ocrx_word' id='word_1_770' title='bbox 3092 5419 3208 5473; x_wconf 76' lang='lat' dir='ltr'><strong>rell.</strong></span> <span class='ocrx_word' id='word_1_771' title='bbox 3235 5420 3431 5485; x_wconf 64' lang='lat' dir='ltr'><strong>prater</strong></span> <span class='ocrx_word' id='word_1_772' title='bbox 3458 5412 3516 5463; x_wconf 82' lang='grc' dir='ltr'><strong>Λ.</strong></span> 
     </span>
    </p>
   </div>
   <div class='ocr_carea' id='block_1_83' title="bbox 183 5496 2891 5571">
    <p class='ocr_par' dir='ltr' id='par_1_83' title="bbox 183 5496 2891 5571">
     <span class='ocr_line' id='line_1_86' title="bbox 183 5496 2891 5571; baseline -0.002 -20"><span class='ocrx_word' id='word_1_773' title='bbox 183 5496 253 5530; x_wconf 75' lang='grc'><strong>⁸⁸⁸</strong></span> <span class='ocrx_word' id='word_1_774' title='bbox 273 5497 391 5551; x_wconf 85' lang='lat' dir='ltr'><strong>add.</strong></span> <span class='ocrx_word' id='word_1_775' title='bbox 428 5498 480 5551; x_wconf 90' lang='lat'><strong>1.</strong></span> <span class='ocrx_word' id='word_1_776' title='bbox 508 5504 612 5552; x_wconf 80' lang='lat' dir='ltr'><strong>aut</strong></span> <span class='ocrx_word' id='word_1_777' title='bbox 640 5501 771 5552; x_wconf 81' lang='lat' dir='ltr'><strong>Ans.</strong></span> <span class='ocrx_word' id='word_1_778' title='bbox 807 5504 905 5551; x_wconf 87' lang='lat' dir='ltr'><strong>aut</strong></span> <span class='ocrx_word' id='word_1_779' title='bbox 934 5496 1069 5570; x_wconf 16' lang='lat'><strong>156,»;</strong></span> <span class='ocrx_word' id='word_1_780' title='bbox 1099 5503 1215 5556; x_wconf 77' lang='lat' dir='ltr'><strong>rell.</strong></span> <span class='ocrx_word' id='word_1_781' title='bbox 1242 5509 1440 5571; x_wconf 72' lang='lat' dir='ltr'><strong>prer</strong></span> <span class='ocrx_word' id='word_1_782' title='bbox 1464 5504 1527 5559; x_wconf 79' lang='grc' dir='ltr'><strong>Λ.</strong></span> <span class='ocrx_word' id='word_1_783' title='bbox 1611 5504 1675 5537; x_wconf 81' lang='grc'><strong>¹⁶⁷</strong></span> <span class='ocrx_word' id='word_1_784' title='bbox 1703 5507 1827 5559; x_wconf 88' lang='lat' dir='ltr'><strong>add.</strong></span> <span class='ocrx_word' id='word_1_785' title='bbox 1856 5512 1955 5559; x_wconf 78' lang='lat' dir='ltr'><strong>aut</strong></span> <span class='ocrx_word' id='word_1_786' title='bbox 1984 5509 2113 5559; x_wconf 71' lang='lat' dir='ltr'><strong>Ana.</strong></span> <span class='ocrx_word' id='word_1_787' title='bbox 2146 5508 2262 5557; x_wconf 79' lang='lat' dir='ltr'><strong>aut.</strong></span> <span class='ocrx_word' id='word_1_788' title='bbox 2298 5496 2424 5571; x_wconf 56' lang='lat'><strong>15.;</strong></span> <span class='ocrx_word' id='word_1_789' title='bbox 2462 5498 2577 5553; x_wconf 79' lang='lat' dir='ltr'><strong>rell.</strong></span> <span class='ocrx_word' id='word_1_790' title='bbox 2610 5502 2805 5567; x_wconf 76' lang='lat' dir='ltr'><strong>prwter</strong></span> <span class='ocrx_word' id='word_1_791' title='bbox 2833 5497 2891 5547; x_wconf 79' lang='grc' dir='ltr'><strong>Λ.</strong></span> 
     </span>
    </p>
   </div>
   <div class='ocr_carea' id='block_1_84' title="bbox 1751 5610 1962 5665">
    <p class='ocr_par' dir='ltr' id='par_1_84' title="bbox 1751 5610 1962 5665">
     <span class='ocr_line' id='line_1_87' title="bbox 1751 5610 1962 5665; baseline 0 -2"><span class='ocrx_word' id='word_1_792' title='bbox 1751 5610 1962 5665; x_wconf 66' lang='grc' dir='ltr'><strong>ΝΟΤᾸΕ.</strong></span> 
     </span>
    </p>
   </div>
   <div class='ocr_carea' id='block_1_85' title="bbox 258 5672 1327 5745">
    <p class='ocr_par' dir='ltr' id='par_1_85' title="bbox 258 5672 1327 5745">
     <span class='ocr_line' id='line_1_88' title="bbox 258 5672 1327 5745; baseline 0.004 -18"><span class='ocrx_word' id='word_1_793' title='bbox 258 5672 392 5745; x_wconf 65' lang='grc' dir='ltr'><strong>(19οζ</strong></span> <span class='ocrx_word' id='word_1_794' title='bbox 412 5674 569 5729; x_wconf 82' lang='lat' dir='ltr'><strong>Errat</strong></span> <span class='ocrx_word' id='word_1_795' title='bbox 609 5672 761 5744; x_wconf 74' lang='lat' dir='ltr'><strong>Sig;</strong></span> <span class='ocrx_word' id='word_1_796' title='bbox 785 5672 924 5728; x_wconf 91' lang='lat' dir='ltr'><strong>obiit</strong></span> <span class='ocrx_word' id='word_1_797' title='bbox 944 5674 1090 5732; x_wconf 86' lang='lat' dir='ltr'><strong>circa</strong></span> <span class='ocrx_word' id='word_1_798' title='bbox 1119 5694 1170 5733; x_wconf 85' lang='lat' dir='ltr'><strong>a.</strong></span> <span class='ocrx_word' id='word_1_799' title='bbox 1201 5676 1327 5733; x_wconf 82' lang='lat'><strong>640.</strong></span> 
     </span>
    </p>
   </div>
  </div>
