3894 6220
402 307 425 361 1
437 307 505 360 23

1628 310 1964 365 SIGEBERTI
2006 312 2517 371 GEMBLACENSIS.

3642 330 3757 386 124

469 428 700 481 Amandi
727 443 788 481 se
813 435 868 482 et
896 444 996 483 sua
1034 431 1146 484 Deo
1176 430 1474 494 devovens,
1504 432 1900 488 monasterium
1930 433 2013 487 Ni-
2035 440 2088 507 Α
2114 435 2316 491 aestivis
2345 438 2633 495 mensibus
2658 449 2901 515 grassata
2931 452 3040 512 est;
3073 449 3286 504 cunctis
3315 451 3619 510 visibiliter
3649 472 3748 527 ap.

396 512 641 569 vialense
673 514 944 584 fundavit,
975 516 1139 589 eique
1167 517 1331 572 filiam
1362 536 1516 574 suam
1550 519 1867 575 Gertrudem
1897 521 2005 576 Deo

396 600 619 673 dignam
665 603 934 676 virginem
980 606 1209 677 prefccit
1263 608 1557 664 Autbertus
1598 608 2006 665 Cameracensis

396 690 693 763 episcopus
721 692 907 747 claret.

471 785 595 842 651.
676 788 738 844 Β.
780 789 832 843 8.
914 790 966 843 S.
1045 791 1078 845 4
1179 792 1233 848 F.
1310 794 1366 847 6.
1444 793 1501 850 L.
1575 796 1628 849 5.
1705 797 1765 849 Α.
1843 797 1932 851 11.

1102 879 1166 934 W
1266 881 1318 936 7.

471 966 558 1038 (P.
604 968 685 1031 D.)
734 969 1014 1027 Rodoaldo
1065 972 1480 1047 Langobardum
1532 990 1659 1048 rege
1700 984 2008 1048 perempto,

400 1057 615 1129 Aripert
646 1070 839 1133 regnat
866 1062 1029 1117 annis
1054 1063 1088 1119 9
1112 1064 1197 1117 ίοδ.
1229 1065 1308 1135 (ν.
1339 1067 1392 1120 S.
1414 1070 1584 1135 Rem.)
1618 1067 1727 1121 Rex
1760 1067 2010 1142 Sigiber-

402 1158 487 1207 tus
513 1155 582 1209 de
614 1157 926 1227 posteritate
947 1158 1116 1229 prolis
1136 1159 1456 1230 desperans,
1489 1161 1780 1217 duodecim
1813 1178 2010 1217 mona-

402 1251 569 1306 steria
602 1252 727 1307 hinc
754 1252 883 1308 inde
916 1255 1023 1310 Deo
1062 1258 1454 1325 construxit,in
1483 1258 1687 1330 quibus
1713 1260 2007 1315 Stabulaus

398 1349 454 1396 et
477 1342 935 1400 Malmundarium
967 1347 1306 1415 eminebant,
1336 1358 1671 1421 cooperante
1700 1351 1806 1406 sibi
1834 1351 1889 1406 in
1922 1352 2008 1407 his

397 1430 603 1497 majore
634 1432 831 1488 domus
858 1435 1169 1492 Grimoaldo
1202 1446 1257 1493 et
1279 1438 1708 1509 Trajectensium
1742 1441 2004 1513 episcopo

399 1522 676 1580 Remaclo.
708 1527 805 1591 Qui
836 1528 1125 1585 Remaclus
1153 1548 1263 1586 non
1288 1533 1458 1589 multo
1475 1543 1600 1605 post
1628 1542 1881 1605 pertesus
1910 1553 2001 1590 se-

2113 532 2361 595 parente,
2393 527 2599 584 bonum
2633 537 2688 585 et
2717 532 2920 589 malum
2948 537 3207 609 angelum
3251 547 3417 596 noctu
3450 542 3745 599 civitatem

2105 617 2359 684 circuire,
2390 626 2445 673 et
2470 621 2691 691 quoties
2711 623 2871 694 jussu
2899 624 3033 681 boni
3082 628 3264 701 angeli
3293 631 3471 687 malus
3496 634 3746 709 angelus

2104 709 2399 777 venabulo,
2427 713 2577 784 quod
2620 731 2787 770 manu
2836 716 3069 785 ferebat,
3117 721 3317 777 ostium
3346 725 3744 798 cujuscunque

2109 795 2306 853 domus
2341 802 2727 871 percussisset,
2746 810 2825 860 tot
2851 821 2914 861 ex
2945 807 3140 863 eadem
3170 809 3335 867 domo
3362 816 3627 886 sequenti
3648 795 3744 871 die

2115 886 2433 944 interibant.
2469 890 2607 960 [Hoc
2637 900 2885 965 tempore
2914 905 3137 953 sanctus
3163 899 3441 958 Foillanus
3480 903 3740 961 Fossen-

2114 981 2190 1036 sis
2218 984 2602 1055 martyrizatur
2631 986 2740 1058 “0].

2243 1075 2367 1131 655.
2484 1078 2569 1133 12.
2716 1081 2769 1135 8.
2884 1082 2970 1136 10.
3124 1087 3175 1139 1.
3290 1087 3375 1144 15.
3491 1092 3583 1147 11.

2186 1165 2270 1232 (11.
2302 1166 2398 1235 m.)
2454 1166 2709 1223 Saraceni
2752 1177 2912 1241 capta
2960 1171 3152 1229 Rhodo
3183 1174 3451 1233 famosum
3482 1179 3612 1248 ejus
3642 1197 3744 1237 eo-

2108 1252 2312 1310 lossum
2338 1261 2688 1322 everterunt;
2722 1272 2788 1312 ex
2819 1259 2980 1328 cujus
3020 1278 3129 1317 aere
3156 1265 3262 1320 900
3287 1268 3487 1322 cameli
3515 1271 3746 1325 onerati

2108 1349 2255 1397 sunt.

2317 1445 2441 1499 556.
2554 1448 2641 1502 13.
2757 1451 2810 1504 9.
2927 1453 3010 1506 11.
3123 1456 3340 1512 5.!6.
3424 1457 3509 1512 12.

2173 1536 2559 1593 Constantinus
2602 1540 2899 1612 imperator
2955 1545 3245 1602 Saracenis
3295 1549 3475 1604 navali
3537 1567 3738 1626 pugna

393 1617 659 1673 cularium
711 1624 1067 1691 tumultuum,
1110 1625 1164 1679 in
1196 1626 1318 1696 ipso
1350 1628 2000 1686 Stabulausmonachicae
2100 1640 2451 1700 congreSSUS,
2507 1628 2874 1702 ignominiOSe
2930 1633 3188 1690 vincitur.
3241 1637 3365 1705 (1b.)
3418 1637 3740 1710 Sigibertus

392 1708 514 1763 vitae
542 1712 835 1783 assumpsit
865 1714 1132 1772 habitum.
1172 1717 1264 1772 His
1292 1718 1489 1775 diebus
1535 1722 1689 1776 multi
1720 1722 2006 1795 utriusque
2032 1751 2082 1818 Β
2108 1715 2653 1818 rex-Austrasiot‘un‘l
2673 1811 2687 1818 -
2707 1721 2955 1818 moritur,
2998 1724 3310 1818 Dagoberto
3337 1725 3455 1783 ﬁlio
3482 1708 3597 1783 suo
3630 1729 3737 1782 ad-

394 1814 556 1852 sexus
582 1800 633 1852 in
657 1800 843 1855 Galliis
871 1802 1206 1870 claruerunt,
1234 1808 1327 1878 qui
1379 1810 1445 1861 ad
1478 1811 1851 1865 testimonium
1884 1829 2007 1867 san—

396 1886 602 1942 ctitatis
632 1906 746 1944 sua)
799 1890 854 1944 in
884 1892 1224 1949 mdiﬁcandis
1255 1897 1364 1953 Deo
1392 1901 1743 1955 monasteriis
1779 1917 2002 1972 cperam

399 1994 553 2034 suam
584 1992 938 2040 navaverunt.
973 1987 1044 2041 Ex
1084 1988 1174 2042 his
1203 1989 1259 2044 in
1288 1999 1477 2046 nostra
1501 1991 1708 2047 vicinia
1738 1999 1870 2049 tunc
1908 1994 2011 2049 flo-

402 2070 599 2128 rebant
648 2073 996 2146 Landclinus,
1046 2080 1139 2152 qui
1196 2088 1249 2136 et
1314 2083 1580 2151 Morosus,
1631 2084 1699 2138 ab
1752 2086 2008 2142 Autberto

402 2163 663 2237 episcOpo
693 2184 759 2222 ex
808 2170 1053 2241 predone
1082 2171 1151 2227 ad
1188 2172 1461 2230 Christum
1502 2184 1787 2244 retractus,
1822 2177 2012 2233 funda-

404 2262 489 2309 tor
530 2257 770 2313 cmnobii
828 2259 1144 2327 Lobiensis;
1183 2264 1436 2320 Gislenus
1466 2265 1763 2333 Cellensis;
1804 2269 2010 2325 Madci-

402 2344 588 2416 garius
613 2347 721 2401 dux
750 2348 843 2420 qui
877 2358 932 2404 et
955 2350 1274 2408 Vincentius
1309 2355 1723 2412 Altimontensis
1759 2366 1814 2414 et
1842 2360 2010 2415 Sone-

400 2433 629 2509 giensis,
673 2437 905 2511 ejusque
944 2441 1188 2509 conjunx
1215 2443 1605 2501 Waldcdrudis
1654 2448 2011 2505 Castrilocen-

399 2525 504 2591 sis;
527 2542 794 2599 sororque
819 2530 1210 2588 Waldcdrudis
1229 2534 1567 2609 Aldegundis
1594 2537 1986 2595 Melbodiensis

397 2615 575 2670 Trudo
632 2616 795 2671 etiam
829 2618 1221 2677 Hasbaniensis
1270 2623 1325 2678 in
1367 2632 1613 2696 tyronem
1645 2626 1842 2683 Christi
1861 2629 2011 2687 .ado-

401 2707 662 2762 lescebat.
719 2709 909 2765 Preter
963 2712 1063 2767 hos
1117 2720 1171 2768 et
1218 2715 1310 2769 alii
1370 2718 1525 2771 multi
1574 2719 1645 2774 de
1685 2720 1877 2794 Anglia
1921 2722 2005 2775 vel

399 2799 602 2854 Scottia
641 2800 697 2854 in
736 2802 924 2858 Galliis
963 2808 1402 2877 peregrinantes,
1432 2811 1659 2866 verbum
1703 2813 1793 2868 Dei
1840 2814 2010 2868 semi-

399 2888 626 2956 nabant,
676 2892 1023 2965 multumque
1056 2896 1288 2952 fructum
1322 2899 1433 2955 Deo
1461 2900 1761 2970 faciebant,
1794 2904 2009 2960 scilicet

404 2980 542 3048 Etto,
598 2982 913 3052 Bertuinus,
964 2987 1242 3060 Eloquius.
1299 2992 1523 3052 (Transi.
1573 2994 1629 3049 S.
1686 2996 1772 3067 Β.)
1814 2996 2010 3054 C(eno-

402 3071 554 3126 bium
594 3073 941 3132 Floriaeense
996 3096 1026 3134 a
1080 3079 1431 3139 Leodeboldo
1478 3085 1676 3142 abbate
1728 3088 2008 3157 fundatur,

401 3166 458 3214 et
501 3177 610 3216 non
638 3163 810 3218 multo
842 3173 967 3235 post
993 3182 1196 3239 corpus
1232 3171 1407 3225 sancti
1457 3173 1739 3230 Benedicti
1770 3177 2006 3245 abbatis,

402 3255 471 3309 ab
511 3256 725 3329 Agiult‘o
755 3260 1026 3316 monacho
1054 3278 1085 3316 a
1111 3272 1291 3319 castro
1327 3264 1548 3323 Cassino
1579 3269 1843 3337 delatum,
1877 3273 2009 3329 illuc

403 3353 820 3419 transportatur.
903 3350 1111 3423 Corpus
1177 3371 1307 3411 vero
1334 3359 1538 3413 sororis
1616 3361 1736 3431 ejus
1810 3371 2013 3421 sanctae

404 3437 756 3494 Scholasticae
785 3439 1153 3511 Cynomannis
1180 3446 1522 3506 transfertur.

546 3534 670 3588 652.
816 3536 869 3592 9.
1019 3540 1068 3595 5.
1214 3543 1267 3596 7.
1415 3545 1466 3599 1.
1580 3548 1667 3603 12.
1816 3551 1870 3605 8.

478 3624 687 3695 (ΒεοΑ.)
717 3624 1103 3683 Constantinus
1134 3629 1430 3702 imperator
1457 3651 1490 3690 a
1526 3635 1693 3694 Paulo
1744 3637 2011 3696 Constan-

408 3713 770 3784 lin0politano
796 3716 1076 3788 deceptus,
1120 3721 1374 3790 exposuit
1403 3728 1591 3794 typum
1624 3733 1813 3782 contra
1842 3727 2006 3785 fidem

405 3802 751 3871 catholicam,
783 3822 885 3862 nec
915 3824 1078 3863 unam
1111 3825 1215 3865 nec
1243 3812 1383 3867 duas
1417 3814 1730 3871 voluntates
1759 3823 1852 3873 aut
1880 3833 2010 3889 ope-

401 3894 646 3951 rationes
677 3895 734 3951 in
758 3897 965 3955 Christo
994 3900 1265 3959 definiens
1290 3921 1414 3960 esse
1444 3906 1822 3969 conﬁtendas;
1852 3910 2007 3981 quasi

402 3987 539 4042 nihil
565 3989 708 4045 velle
736 3991 821 4046 vel
872 3994 1089 4062 operari
1130 3996 1445 4052 credendus
1495 3999 1565 4053 sit
1607 3998 1872 4055 Christus.
1930 4002 2007 4057 0b

400 4079 507 4135 hoc
558 4079 822 4138 Martinus
868 4101 1009 4156 papa
1034 4096 1367 4160 congregata
1424 4090 1610 4146 Romae
1657 4092 1760 4146 105
1797 4092 2008 4164 episco-

402 4183 596 4238 porum
647 4172 881 4243 synodo,
945 4176 1431 4231 anathematizavit
1468 4177 1742 4235 hereticos
1785 4178 2002 4250 Cyrum,

399 4260 673 4337 Sergium,
705 4264 953 4335 Pyrrum,
984 4266 1208 4321 Paulum
1240 4284 1464 4341 quoque
1511 4272 1787 4341 presentis
1818 4290 2008 4344 perse-

398 4352 638 4407 cutionis
664 4353 1026 4418 incentorem.
1057 4355 1361 4411 aecclesiam
1388 4368 1579 4429 aperta
1608 4370 1663 4416 et
1685 4362 1901 4420 occulta
1919 4366 2004 4420 in-

400 4440 690 4498 festatione
742 4450 1031 4497 vexantem
1121 4443 1432 4517 Sigibertus
1490 4463 1585 4503 rex
1627 4450 2002 4510 llildebertum

398 4531 571 4588 ﬁlium
591 4534 888 4591 Grimoaldi
920 4536 1144 4605 majoris
1180 4537 1379 4593 domus
1407 4538 1635 4611 adoptat
1657 4542 1715 4598 in
1747 4543 1919 4601 filium
1953 4554 2009 4602 et

399 4622 456 4677 in
480 4639 728 4697 regnum.

516 4712 640 4767 653.
790 4712 876 4766 10.
1024 4712 1077 4768 6.
1225 4714 1259 4768 8
1388 4716 1442 4770 2.
1595 4719 1678 4773 13.
1827 4722 1880 4776 9.

466 4802 748 4858 Judoehus
775 4803 919 4877 regis
970 4803 1272 4860 Brittonum
1315 4806 1478 4873 ﬁlius,
1529 4817 1714 4880 spreto
1754 4828 1924 4888 regno
1956 4821 2011 4869 et

401 4894 629 4959 mundo,
674 4894 996 4969 peregrinus
1023 4903 1077 4950 et
1120 4898 1369 4966 eremita,
1403 4899 1457 4954 in
1497 4918 1639 4977 pago
1662 4903 1888 4961 Pontivo
1919 4923 2008 4961 re-

401 4986 609 5056 quievit
648 4986 703 5040 in
758 4986 967 5042 Christo
1000 4988 1083 5043 “’9.
1120 4988 1196 5059 (G.
1248 4993 1423 5063 poni.)
1466 4992 1858 5052 Constantinus
1890 4997 2001 5052 im-

398 5084 620 5146 perator
649 5075 816 5131 misso
854 5077 1087 5134 exarcho
1112 5079 1181 5133 ad
1213 5080 1442 5152 Italiam,
1472 5082 1758 5159 impugnat
1788 5085 1881 5141 Dei
1904 5101 2006 5141 aec-

400 5163 646 5229 clesiam.

520 5254 644 5309 651.
757 5254 845 5308 11.
993 5257 1045 5310 7.
1192 5259 1245 5313 9.
1394 5260 1446 5315 3.
1561 5263 1648 5320 14.
1798 5265 1885 5319 10.

476 5352 553 5413 (Η.
606 5350 707 5416 m.)
761 5346 911 5422 Ignis
939 5348 1009 5404 de
1033 5352 1177 5407 caelo
1208 5352 1429 5421 cecidit,
1488 5361 1545 5410 et
1575 5355 1737 5411 timor
1774 5372 2008 5429 magnus

401 5451 570 5507 super
623 5437 880 5493 homines
931 5439 1100 5495 venit.
1135 5441 1453 5497 Pestilentia
1481 5444 1803 5516 gravissima
1833 5445 2009 5501 tribus

2107 1807 2326 1861 modum
2361 1811 2587 1878 parvulo
2617 1810 2747 1867 fidei
2788 1812 3082 1870 Grimoaldi
3125 1818 3545 1885 commendato,
3573 1827 3641 1875 ut
3673 1821 3736 1875 in

2106 1913 2336 1971 regnum
2384 1900 2503 1970 ejus
2564 1903 2768 1959 auxilio
2825 1917 3233 1976 promoveatur.
3301 1910 3485 1979 (θεολ,
3550 1918 3620 1966 Η.
3658 1916 3741 1980 e.)

2109 1991 2249 2046 Oswi
2283 2009 2374 2048 rex
2429 1994 2993 2068 Nordanymbrorum,
3050 2002 3194 2059 facto
3247 2004 3359 2061 Deo
3386 2007 3513 2061 caeli
3574 2017 3736 2074 voto,

2111 2083 2310 2139 Pendae
2340 2085 2661 2143 Merciorum
2690 2091 2806 2164 regi
2849 2095 3128 2150 concurrit
3166 2112 3290 2151 cum
3336 2099 3583 2154 exercitu
3614 2116 3733 2156 non

2112 2174 2321 2240 multo;
2372 2185 2427 2232 et
2457 2178 2599 2234 inter
2638 2181 2863 2238 nimiam
2891 2184 3216 2242 Merciorum
3269 2196 3509 2265 stragem
3543 2191 3730 2262 ipsum

2111 2282 2294 2337 regem
2329 2267 2565 2325 Pendam
2612 2274 2852 2343 perimit,
2913 2285 3250 2352 gentemque
3297 2281 3624 2337 Merciorum
3658 2285 3730 2338 ad

2111 2354 2380 2411 Christum
2439 2361 2685 2416 converti
2716 2362 2863 2418 fecit.
2898 2364 3079 2422 Pictos
3132 2384 3353 2443 quoque
3403 2387 3575 2447 regno
3625 2374 3736 2428 An-

2109 2445 2323 2517 glorum
2349 2448 2616 2504 subdidit.

2252 2536 2376 2591 657.
2489 2540 2576 2593 14.
2690 2543 2777 2597 10.
2888 2545 2976 2600 12.
3123 2550 3176 2604 6.
3290 2551 3379 2605 17.
3494 2552 3582 2610 13.

2183 2625 2273 2690 (Η.
2303 2628 2479 2697 poni.)
2529 2628 2813 2702 Olympius
2843 2636 3111 2692 exarchus
3155 2638 3224 2693 ad
3262 2641 3562 2714 regendam
3616 2643 3734 2697 Ita-

2110 2712 2237 2768 liam
2262 2714 2331 2769 ab
2360 2715 2692 2787 imperatore
2718 2720 3078 2780 Constantino
3106 2712 3732 2793 missus,vetMartinum

2109 2822 2306 2877 papam
2334 2808 2588 2865 occidere
2620 2811 2828 2879 jussus,
2857 2831 2980 2870 cum
3014 2816 3175 2871 aliter
3222 2833 3333 2874 non
3364 2827 3570 2890 posset,
3621 2830 3732 2878 tra-

2109 2898 2296 2965 ctavit,
2329 2910 2390 2955 ut
2420 2900 2564 2955 inter
2614 2903 2905 2961 missarum
2936 2908 3227 2972 solemnia.
3284 2926 3408 2965 cum
3439 2911 3547 2967 sibi
3605 2914 3730 2985 ipse

2111 3007 2251 3062 papa
2284 3000 2528 3047 sanctam
2562 2997 3010 3053 communionem
3039 3001 3367 3071 porrigeret,
3398 3003 3550 3058 illum
3596 3021 3735 3076 spa-

2110 3082 2282 3137 tarius
2310 3100 2442 3139 suus
2469 3086 2784 3156 perimeret.
2840 3090 2948 3145 Sed
3006 3086 3285 3163 spatarius
3333 3095 3468 3151 hora
3517 3105 3728 3154 sanctae

2110 3176 2519 3232 communionis
2536 3196 2731 3251 papam
2754 3182 2907 3239 nullo
2929 3184 3094 3240 modo
3124 3185 3313 3241 videre
3331 3189 3529 3258 potuit.
3566 3189 3730 3245 Exar-

2108 3264 2246 3319 chus
2274 3281 2404 3320 vero
2436 3268 2603 3337 paulo
2634 3278 2758 3340 post
2789 3272 2842 3326 in
2884 3273 3071 3328 Sicilia
3100 3292 3131 3330 a
3160 3276 3448 3332 Saracenis
3496 3280 3738 3350 turpiter

2113 3355 2311 3423 victus,
2351 3357 2567 3429 turpius
2618 3361 2802 3431 periit.
2836 3362 2930 3431 (Η.
2961 3364 3059 3434 m.)
3110 3364 3342 3420 Hotmen
3375 3366 3551 3423 amira
3579 3386 3737 3425 sara-

2114 3461 2376 3501 cenornm
2443 3458 2768 3522 perempto;
2815 3453 3094 3509 Muhavias
3145 3470 3209 3510 ex
3263 3456 3472 3513 amireo
3532 3460 3741 3516 amiras

2112 3535 2286 3590 factus
2337 3536 2676 3609 principatur
2725 3541 2889 3596 annis
2930 3542 3019 3596 23.
3049 3544 3135 3613 (G.
3192 3562 3240 3598 ν.
3274 3549 3356 3610 F.)
3387 3546 3740 3604 Grimoaldus

2111 3625 2285 3694 major
2313 3626 2531 3693 domus,
2560 3628 2789 3685 domino
2819 3645 2919 3685 suo
2968 3631 3260 3704 Dagoberti
3316 3634 3581 3709 Sigiberti
3616 3636 3734 3695 ﬁlio

2110 3721 2328 3769 attonso
2349 3721 2400 3768 et
2432 3730 2531 3785 per
2561 3715 2826 3772 Didonem
2868 3717 3247 3774 Pictavensem
3294 3721 3620 3794 episcopum
3679 3727 3732 3782 in

2112 3802 2368 3859 Scottiam
2422 3803 2654 3872 direéto,
2723 3805 3102 3863 llildebertum
3144 3808 3316 3865 ﬁlium
3376 3827 3540 3867 suum
3600 3815 3736 3873 facit

2110 3890 2516 3947 Austrasiorum
2546 3909 2753 3968 regem.

2242 3987 2366 4042 658.
2479 3988 2567 4043 15.
2715 3990 2767 4043 1.
2881 3991 2968 4046 13.
3116 3994 3196 4047 7.‘
3281 3995 3368 4050 18.
3483 3997 3574 4051 14.

2182 4075 2306 4147 (1b.)
2334 4076 2523 4131 Franci
2553 4077 2806 4133 dolentes
2835 4095 3003 4150 super
3049 4078 3373 4136 infidelitate
3425 4081 3726 4139 Grimoaldi

2107 4171 2297 4219 contra
2326 4163 2497 4219 filium
2530 4165 2812 4240 Stgiberti,
2853 4175 3069 4238 captum
3105 4185 3231 4223 eum
3273 4178 3599 4237 presentant
3627 4172 3728 4228 Pa-

2107 4254 2268 4310 risius
2289 4256 2501 4324 judicio
2528 4257 2857 4325 Chlodovei;
2891 4275 3056 4331 quem
3089 4259 3441 4317 Cnlodoveus
3474 4262 3727 4319 vincula-

2110 4352 2223 4400 tum
2254 4362 2441 4402 amara
2480 4348 2533 4402 in
2565 4363 2781 4403 carcere
2811 4348 2941 4405 fecit
2978 4357 3153 4405 morte
3180 4352 3468 4417 consumi;
3521 4353 3728 4408 filium-

2109 4453 2219 4509 que
2272 4454 2431 4493 suum
2456 4439 2733 4508 juniorem
2775 4440 3074 4495 Hildricum
3107 4455 3292 4515 regem
3333 4440 3465 4497 fecit
3497 4444 3727 4498 Austra-

2107 4532 2338 4589 siorum.
2372 4539 2447 4597 (ν.
2504 4534 2699 4606 Gertr.)
2733 4534 2877 4590 Obiit
2925 4536 3026 4590 ltta
3059 4542 3233 4592 mater
3260 4547 3466 4592 sanctae
3499 4538 3727 4594 Gertru-

2108 4620 2213 4675 dis.
2273 4625 2352 4687 (V.
2386 4622 2587 4682 Lamb.)
2650 4607 2975 4679 Theodardo
3030 4622 3294 4694 episcopo
3347 4627 3724 4697 martyrizato,

2106 4719 2328 4767 sanctus
2357 4712 2677 4768 Lambertus
2708 4713 2853 4768 ﬁlius
2890 4714 3020 4785 Apri
3059 4715 3280 4771 comitis
3334 4716 3725 4788 episcopatum

2110 4801 2511 4869 Trajectensem
2531 4800 2767 4857 illustrat
2795 4802 2970 4877 gloria
2988 4803 3288 4859 nobilitatis
3314 4812 3371 4859 et
3395 4807 3580 4877 gratia
3601 4824 3729 4863 san-

2112 4897 2335 4963 ctitatis,
2377 4892 2646 4952 Atrabatis
2673 4897 2803 4951 dum
2843 4913 3046 4968 corpus
3072 4898 3248 4953 sancti
3286 4899 3511 4955 Vedasti
3550 4909 3729 4958 trans-

2104 4991 2339 5046 ferretur
2365 5006 2395 5045 a
2420 4990 2746 5046 Vindiciano
2774 4993 2836 5027 ¹¹¹
2867 4992 3152 5062 episcopo,
3178 4993 3536 5063 presentibus
3571 4996 3727 5051 Lam-

2104 5078 2262 5134 berto
2286 5077 2593 5154 Tungrensi
2632 5086 2687 5134 et
2735 5080 3045 5136 Audomaro
3093 5079 3442 5136 Tarwanensi
3487 5082 3728 5156 aliisque

2104 5171 2309 5226 sanctis
2336 5170 2614 5243 episcOpis
2652 5178 2708 5226 et
2737 5170 3052 5238 abbatibus,
3085 5171 3449 5239 Audomarus,
3483 5174 3584 5245 qui
3607 5192 3729 5246 pre-

2106 5263 2262 5320 senio
2287 5279 2450 5319 cecus
2478 5274 2615 5331 erat,
2647 5265 2777 5319 dum
2824 5266 3082 5335 precibus
3111 5268 3452 5337 presentium
3503 5270 3730 5341 episco-

2109 5369 2301 5425 porum
2331 5362 2386 5408 et
2429 5353 2644 5409 meritis
2672 5356 2847 5410 sancti
2895 5356 3115 5411 Vedasti
3158 5357 3503 5413 illuminatus
3555 5368 3727 5426 esset,

2109 5462 2240 5518 egre
2266 5444 2451 5501 ferens
2477 5462 2538 5501 se
2569 5446 2863 5502 liberatum
2895 5463 3020 5502 esse
3044 5463 3076 5502 a
3106 5448 3360 5516 cecitate,
3402 5465 3571 5520 quam
3628 5468 3729 5522 pro

1744 5573 1966 5629 VARM‘I
1994 5573 2267 5629 LECTION
2274 5573 2370 5628 ES.

476 5662 542 5743 ιθξ
566 5665 677 5722 Vll.
714 5667 803 5726 C3.
851 5668 917 5704 ¹⁰⁹
965 5672 1088 5727 add.
1125 5673 1203 5737 1γ.
1235 5674 1351 5728 reti.
1439 5672 1507 5707 ¹⁰⁹
1526 5674 1650 5728 add.
1682 5680 1781 5729 aut
1825 5676 1956 5728 Αηδ.
1987 5680 2087 5729 aut
2116 5673 2195 5727 1δ.
2232 5674 2347 5728 rell.
2390 5680 2589 5743 praeter
2616 5674 2678 5733 A.
2744 5674 2805 5709 ¹¹¹
2836 5672 3103 5730 Autberto
3160 5674 3254 5731 Β2.
3308 5674 3362 5729 5.
3421 5672 3517 5729 C1.
3549 5674 3606 5732 3.
3639 5676 3730 5743 D.,

400 5736 537 5804 quod
553 5746 781 5799 rectum.
