3894 6220
163 295 261 349 125

165 538 264 577 sus
307 520 379 575 ad
424 524 620 574 votum
680 534 842 573 suum
898 524 1185 574 excecatus
1232 524 1336 574 est.
1393 521 1460 555 ¹¹²
1512 520 1605 589 (cf.
1649 522 1799 575 Bald.

170 615 213 679 ι,
255 611 372 681 19.)

243 706 372 763 659.
416 705 480 760 R.
520 704 606 760 16.
662 704 718 758 S.
751 703 806 757 2.
855 702 911 757 Ρ.
956 703 1043 758 14.
1089 703 1143 757 L.
1195 703 1246 757 8.
1285 702 1344 757 Α.
1405 703 1490 758 19.
1523 702 1728 759 W.15.

245 799 327 863 (G.
353 793 527 864 pom.)
553 790 790 847 Martino
807 808 948 862 papa
975 806 1071 861 pro
1093 791 1446 847 confessione
1470 790 1624 858 ﬁdei,
1643 793 1801 862 jussu

167 885 531 943 Constantini
561 884 785 940 exiliato
816 884 1002 956 ibique
1049 884 1332 952 defuncto,
1365 884 1644 960 Eugenius
1676 886 1803 940 72ml

170 984 448 1038 Romana:
481 979 750 1035 arcclesiae
807 979 1067 1050 presidet.
1131 978 1212 1047 (H.
1265 981 1366 1049 γη.)
1414 979 1804 1036 Constantinus

163 1072 453 1126 Sclaviam
473 1069 584 1124 sibi
614 1068 821 1143 subigit
847 1068 934 1125 “3.

321 1165 453 1221 660.
567 1163 655 1217 17.
767 1162 819 1219 3.
933 1162 1017 1218 15.
1165 1163 1218 1218 9.
1331 1163 1420 1219 20.
1570 1165 1657 1218 16.

247 1260 344 1327 (Η.
372 1256 776 1329 m.)Muhavias
810 1257 1205 1314 Saracenorum
1249 1259 1451 1315 amiras
1502 1275 1627 1314 cum
1659 1259 1804 1319 Con-

162 1348 434 1405 stantino
467 1349 797 1419 imperatore
847 1347 1024 1404 ﬁrmat
1055 1358 1298 1419 pactum,
1325 1356 1383 1405 ut
1413 1350 1669 1405 Saraceni
1704 1350 1806 1405 Ro-

163 1441 361 1495 manis
384 1440 602 1495 solvant
631 1439 916 1505 tributum,
972 1439 1184 1495 scilicet
1233 1457 1332 1510 per
1384 1442 1632 1513 singulos
1682 1442 1805 1497 dies

169 1532 524 1593 nomismata
566 1530 718 1586 mille
772 1538 825 1585 et
870 1547 1089 1587 servum
1118 1539 1174 1587 et
1199 1548 1422 1604 equum.
1459 1532 1805 1588 Chlodoveus

168 1640 277 1677 rex
304 1637 518 1693 corpus
543 1621 717 1677 sancti
737 1622 981 1693 Dionysii
1006 1624 1329 1678 Parisiensis
1366 1623 1803 1695 disc00periens,

170 1712 376 1766 minus
395 1710 676 1784 religiose,
702 1710 831 1766 licet
872 1712 1100 1781 cupide,
1144 1727 1209 1767 os
1250 1712 1461 1767 brachii
1490 1713 1612 1783 ejus
1645 1712 1806 1786 fregit

171 1809 232 1855 et
253 1800 445 1870 rapuit
470 1818 486 1863 ;
513 1814 753 1870 moxque
806 1799 859 1853 in
909 1801 1205 1854 amentiam
1234 1807 1556 1871 perpetuam
1589 1800 1801 1855 incidit.

172 1889 262 1956 (P.
294 1888 383 1956 D.)
417 1888 636 1959 Aripert
681 1888 1171 1962 Langobardorum
1225 1905 1351 1961 rege
1381 1888 1665 1956 defuncto,
1699 1889 1807 1944 Go-

169 1976 457 2031 debertus
487 1984 543 2031 et
575 1976 845 2031 Bertarith
898 1976 997 2031 ﬁlii
1029 1978 1150 2046 ejus
1202 1994 1409 2032 annum
1468 1986 1638 2050 agunt
1694 1992 1805 2032 non

173 2077 289 2123 tam
315 2068 378 2122 in
410 2082 585 2139 regno
634 2069 1044 2139 componendo,
1076 2085 1240 2140 quam
1279 2069 1348 2125 de
1378 2085 1548 2142 regno
1574 2076 1804 2126 conten-

173 2162 394 2217 dendo.

325 2253 456 2309 661.
570 2253 657 2309 18.
769 2256 823 2308 4.
935 2255 1022 2311 16.
1164 2258 1212 2310 1.

1351 2256 1440 2309 21.
1570 2256 1654 2311 16.

250 2341 528 2412 (G.pont.)
551 2342 998 2399 Vitalianus73u8
1046 2342 1304 2398 Romanae
1334 2344 1595 2400 {ecclesiae
1627 2344 1803 2417 presi-

173 2430 293 2485 det.
320 2431 378 2500 (.4
430 2430 604 2501 Leod.)
628 2429 774 2485 Obiit
801 2439 1025 2487 sanctus
1053 2432 1334 2487 Amandus
1353 2433 1797 2504 Elnonensis.(H.

174 2526 280 2587 πη.)
303 2522 700 2577 Constantinus
712 2523 1010 2593 imperator
1026 2522 1394 2579 Theodosium
1411 2524 1629 2581 fratrem
1644 2542 1803 2581 suum

175 2611 410 2667 occidit.
439 2611 614 2681 (P.D.)
645 2612 1015 2679 Grimoaldus,
1067 2613 1176 2667 dux
1205 2613 1582 2682 Taurinatum,
1630 2615 1807 2671 Code-

177 2700 621 2767 bertum,ﬁ|ium
679 2701 894 2772 Aripert
935 2701 1080 2776 regis
1134 2701 1643 2775 Langobardorum,
1674 2704 1804 2760 dolo

178 2792 427 2860 perimit,
454 2798 508 2846 et
529 2792 652 2861 ejus
672 2808 902 2865 regnum
926 2792 1143 2864 arripit,
1199 2808 1560 2865 sororemque
1622 2795 1805 2851 Gode-

178 2884 328 2938 berti
362 2899 589 2939 uxorem
631 2883 805 2950 ducit,
836 2885 1193 2959 regnavitque
1232 2886 1392 2940 annis
1412 2886 1580 2958 9.[(A.
1612 2889 1802 2956 Laub.,

179 2978 370 3048 FLon.)
399 2979 635 3034 Sanctus
689 2979 957 3034 Nivardus
1011 2980 1299 3036 Remensis
1328 2981 1799 3054 archiepiscopus,

176 3075 235 3122 et
262 3068 472 3123 Reolus
499 3083 786 3124 successor
818 3069 958 3140 ejus,
1020 3070 1346 3124 Bercharius
1394 3086 1617 3142 quoque
1656 3088 1805 3126 mar-

178 3163 289 3227 tyr,
324 3157 420 3228 qui
454 3156 558 3212 fuit
601 3157 775 3212 abbas
820 3158 1030 3229 primus
1074 3158 1580 3226 Autuillarensium,
1614 3167 1803 3216 sancta

177 3252 355 3306 etiam
401 3252 560 3307 Berta
589 3259 795 3324 martyr
822 3260 877 3308 et
921 3253 1225 3321 abbalissa,
1277 3255 1569 3311 sanctitate
1598 3255 1808 3313 clarent

183 3342 241 3396 in
280 3343 513 3398 Francia
545 3345 628 3396 ιιι.

327 3433 456 3490 662.
573 3435 663 3490 19.
787 3436 841 3491 5.
984 3437 1069 3491 17.
1206 3438 1256 3493 1.
1367 3436 1437 3492 22
1571 3436 1659 3493 18.

256 3524 338 3593 (P.
372 3524 460 3592 D.)
487 3524 878 3579 Constantinus
906 3525 1202 3597 imperator
1231 3525 1443 3581 Italiam
1474 3526 1633 3597 petit,
1667 3526 1809 3581 mul-

181 3626 387 3688 tasque
444 3616 926 3690 Langobardorum
991 3617 1163 3673 urbes
1210 3618 1376 3688 capit,
1433 3618 1804 3675 Beneventum

182 3704 437 3771 obsidet,
487 3705 678 3777 ibique
709 3706 1053 3762 Grimoaldus
1079 3723 1171 3761 rex
1201 3708 1503 3763 exercitum
1537 3709 1658 3778 ejus
1679 3725 1805 3783 gra-

183 3796 543 3852 viteratterit
605 3798 762 3867 (G.r.
818 3799 897 3867 Ρη)
932 3794 1278 3855 Chlodoveus
1336 3816 1427 3854 rex
1472 3800 1800 3857 Francorum

181 3885 351 3951 obiit,
398 3891 457 3940 et
497 3884 785 3940 Lotharius
849 3885 997 3941 ﬁlius
1050 3887 1170 3956 ejus
1220 3889 1471 3944 succedit
1501 3896 1555 3943 et
1584 3891 1803 3946 Lannis

186 3980 403 4048 regnat.
440 3973 610 4041 Hujus
626 3974 801 4043 major
845 3974 1042 4030 domus
1084 3985 1210 4048 post
1232 3976 1669 4033 Erchanoaldum
1703 3978 1804 4035 fuit

183 4066 481 4121 Ebroinus.
540 4072 612 4137 (γ.
663 4069 863 4134 Balth.)
898 4068 1182 4123 Baltliildis
1211 4070 1424 4143 regina,
1472 4081 1650 4125 mater
1691 4072 1799 4128 Lo-

185 4154 681 4216 tharii,Corbeiam
697 4162 753 4210 et
798 4156 1015 4211 Chalam
1058 4158 1389 4213 monasteria
1424 4159 1531 4214 Deo
1555 4168 1802 4216 constru-

179 4248 275 4301 xit.
308 4246 391 4314 (P.
417 4247 500 4317 D.)
553 4247 770 4304 Abhinc
820 4248 1146 4304 Francorum
1193 4250 1414 4324 regibus
1442 4268 1473 4305 a
1502 4252 1666 4307 solita
1690 4252 1801 4309 for-

182 4335 427 4392 titudine
460 4343 513 4391 et
538 4337 772 4391 scientia
816 4338 1306 4409 degenerantibus,
1364 4341 1520 4415 regni
1555 4343 1801 4413 potentia

1680 300 2030 357 CHRONICA.

161 427 341 482 salute
372 437 479 476 sua
513 422 625 477 sibi
649 439 681 477 a
716 423 828 479 Deo
872 423 1172 477 immissum
1207 439 1328 479 esse
1361 426 1660 497 gaudebat,
1688 443 1805 480 rur-
1825 431 1880 499 Α

3412 295 3517 349 126

2048 426 2172 480 663.
2283 426 2374 478 20.
2502 424 2556 477 6.
2692 425 2739 477 1.
2888 423 2943 477 2.
3079 422 3170 478 23.
3282 422 3371 476 19.

1979 518 2103 588 (1b.)
2135 515 2523 572 Constantinus
2577 516 2873 586 imperator
2909 514 3136 569 Romam
3181 513 3334 569 venit
3372 532 3387 578 ;
3445 514 3515 567 de

1908 625 2017 681 qua
2037 609 2298 665 omnibus
2346 624 2526 680 paene,
2574 624 2698 679 qua:
2745 606 2813 662 ad
2870 613 3124 662 ornatum
3150 605 3302 660 urbis
3337 614 3514 667 erant,

1906 700 2102 756 ablatis
2129 701 2197 756 ad
2227 698 2469 755 Siciliam
2497 698 2664 753 vadit.

2044 794 2171 849 664.
2311 792 2402 847 31.
2516 790 2566 845 7.
2696 790 2749 844 2.
2889 789 2942 843 3.
3082 780 3173 843 24.
3282 785 3378 841 20.

1974 887 2362 944 Constantinus
2395 887 2697 957 imperator
2736 884 3030 956 imperium
3078 884 3133 939 in
3192 882 3384 937 urbem
3419 880 3520 935 Ro-

1904 997 2046 1035 mam
2071 980 2370 1034 transferre
2389 978 2600 1043 nititur,
2626 977 2725 1031 sed
2747 993 2778 1031 a
2810 970 3434 1044 Constantinopolitanis
3462 978 3518 1024 et

1906 1072 2192 1127 resistitur.
2239 1071 2427 1141 (Banx,
2486 1074 2532 1123 ll
2600 1080 2667 1136 θ.)
2719 1069 2776 1122 In
2834 1066 3028 1139 Anglia
3057 1065 3204 1121 inter
3229 1064 3433 1139 Anglos
3463 1069 3521 1116 et

1906 1161 2119 1215 Scottos
2144 1172 2343 1230 magna
2373 1157 2444 1212 de
2483 1156 2871 1212 observatione
2910 1156 3128 1226 paschae
3157 1152 3215 1208 fit
3245 1154 3522 1223 discepta-

1905 1253 2001 1319 tio,
2043 1250 2321 1306 mediantc
2346 1249 2483 1305 Oswi
2518 1264 2646 1324 rege
2695 1247 2959 1321 glorioso,
2991 1247 3086 1318 qui
3118 1246 3281 1301 etiam
3328 1260 3519 1299 assen-

1905 1358 1999 1396 sus
2018 1339 2313 1414 estAnglis
2338 1339 2542 1409 pascha
2589 1336 3002 1392 celebrantibus
3036 1350 3189 1389 more
3248 1333 3518 1388 Romano.

1907 1432 2071 1502 (Faxo
2100 1432 2116 1503 )
2146 1430 2450 1486 Sisenando
2494 1429 2923 1503 Wisigotharum
2973 1442 3102 1499 rege
3145 1431 3384 1491 mortuo,
3433 1438 3522 1476 re-

1906 1538 2038 1601 gnat
2066 1527 2339 1583 Chintilan
2379 1525 2539 1580 annis
2601 1525 2683 1579 16.
2742 1528 2820 1592 (V.
2867 1524 3064 1589 Gertr.)
3131 1519 3276 1575 Obiit
3327 1525 3518 1574 sancta

1909 1616 2207 1672 Gerdrudis
2233 1614 2559 1671 Nivialensis
2576 1614 2744 1681 (170.)

2048 1723 2175 1778 665.
2282 1722 2372 1776 22.
2522 1720 2556 1775 8
2715 1719 2766 1775 3.
2905 1719 2958 1773 4.
3082 1716 3174 1769 25.
3321 1714 3374 1767 1.

1978 1820 2033 1889 (Α
2067 1818 2240 1889 Lcod.)
2272 1816 2417 1872 Obiit
2467 1823 2691 1871 sanctus
2739 1813 2948 1886 Eligius
3001 1809 3380 1866 Noviomensis
3406 1806 3522 1876 epi-

1904 1928 2125 1985 scopus.
2187 1914 2374 1982 (BEDA,
2413 1918 2462 1967 Η
2541 1915 2607 1980 e.)
2682 1910 3014 1965 Earconbert
3078 1923 3172 1962 rex
3221 1904 3517 1977 Anglorum

1905 2003 2064 2071 obiit,
2093 2011 2148 2060 et
2190 2003 2337 2060 ﬁlius
2378 2004 2499 2072 ejus
2543 2002 2741 2075 Egbert
2797 2005 2990 2072 regnat
3034 2005 3155 2069 post
3181 2011 3306 2051 eum
3357 1992 3521 2048 annis

1905 2096 1940 2151 9
1972 2097 2059 2151 ιιδ⁹

2042 2202 2168 2258 666.
2280 2200 2367 2257 23.
2482 2201 2536 2253 9.
2680 2199 2733 2253 4.
2883 2197 2935 2253 5.
3090 2198 3139 2249 1.
3320 2189 3376 2244 2.

1975 2292 2057 2359 (G.
2114 2307 2163 2346 ν.
2222 2290 2300 2361 F.)
2352 2289 2639 2344 Lotharius
2695 2304 2787 2342 rex
2858 2286 3191 2340 Francorum
3265 2278 3517 2334 moritur.

1904 2382 2275 2438 Theodericus
2303 2380 2471 2435 frater
2515 2380 2634 2451 ejus
2682 2380 2750 2433 ab
2807 2376 3047 2433 Ebroino
3087 2374 3297 2443 majore
3322 2372 3522 2425 domus

1908 2476 1963 2529 in
1989 2490 2217 2548 regnum
2256 2472 2605 2527 sublimatur.

2082 2571 2205 2625 667.
2318 2569 2408 2624 24.
2519 2570 2606 2624 10.
2723 2569 2775 2622 1.
2886 2567 2939 2624 6.
3087 2566 3141 2618 2.
3295 2562 3349 2616 3.

1980 2660 2055 2727 (Ib
2082 2662 2102 2726 )
2126 2658 2497 2714 Theodericus
2554 2674 2648 2712 rex
2679 2663 2906 2729 propter
2932 2652 3259 2711 insolentias
3296 2647 3521 2705 Ebroini

1905 2767 1937 2806 a
1963 2752 2183 2806 Francis
2220 2750 2559 2821 repudiatur,
2605 2756 2657 2804 et
2701 2749 2871 2803 frater
2913 2747 3035 2816 ejus
3082 2743 3377 2809 llildricus,
3424 2738 3521 2812 qui

1908 2843 1963 2897 in
1988 2840 2202 2896 Austria
2229 2839 2514 2914 regnabat,
2538 2856 2570 2894 a
2596 2839 2807 2894 cunctis
2829 2839 2897 2892 ad
2931 2836 3273 2909 regnandum
3316 2848 3519 2889 evoca-

1908 2941 1994 2986 tur
2047 2932 2210 2986 Porro
2237 2928 2609 2984 Theodericus
2636 2935 2690 2982 et
2742 2926 3015 2981 Ebroinus
3064 2929 3439 2987 tonsorantur,
3468 2927 3525 2975 ct

1901 3022 2279 3078 Theodericus
2324 3020 2563 3075 Parisius
2606 3020 2661 3074 in
2708 3018 2965 3074 ccanobio
3010 3016 3183 3071 sancti
3243 3012 3513 3085 Dionysii,

1828 3121 1876 3188 ρ
1903 3115 2177 3170 Ebroinus
2202 3113 2257 3167 in
2292 3113 2530 3168 Luxovio
2584 3111 2918 3185 relegantur.
2966 3107 3187 3162 Hildrici
3216 3105 3392 3174 major
3417 3104 3520 3159 do-

1906 3227 2027 3265 mus
2071 3215 2187 3264 erat
2236 3206 2574 3262 Vulfoaldus.
2633 3206 2728 3260 llic
2773 3206 2829 3259 in
2882 3201 3140 3275 parochia
3187 3196 3523 3253 Virdunensi

1904 3316 2070 3371 supra
2102 3299 2301 3354 Mosam
2326 3295 2641 3353 cmnobium
2675 3292 2847 3349 sancti
2892 3289 3172 3346 Michaelis
3198 3283 3516 3357 archangeli

1905 3393 2178 3449 fundavit.

2050 3501 2175 3556 668.
2295 3499 2388 3553 25.
2513 3498 2601 3553 11.
2718 3499 2770 3551 1.
2915 3494 2971 3550 6.
3120 3492 3175 3548 3.
3323 3490 3378 3544 4.

1978 3593 2184 3661 (Βευιι.)
2242 3590 2566 3645 Theodorus
2626 3588 3075 3659 archiepiscopus
3132 3592 3188 3641 et
3249 3582 3523 3638 Adrianus

1908 3683 2132 3740 abbasa
2159 3682 2429 3737 Vitaliano
2472 3697 2613 3752 papa
2648 3681 2701 3734 in
2732 3678 2978 3751 Angliam
3012 3678 3343 3750 diriguntur.

2043 3795 2168 3850 669.
2314 3792 2406 3847 26.
2554 3791 2637 3844 12.
2784 3790 2840 3846 2.
2989 3789 3043 3843 8.
3155 3787 3210 3840 4.
3323 3784 3377 3840 5.

1974 3888 2059 3958 (Η.
2088 3885 2191 3957 m.)
2231 3882 2622 3941 Constantinus
2653 3882 2970 3953 imperator,
3003 3878 3098 3951 qui
3128 3887 3184 3934 et
3229 3876 3519 3941 Constans,

1902 3978 2163 4035 omnibus
2187 3976 2302 4031 suis
2329 3990 2545 4038 exosus,
2579 3972 2864 4045 Syracusis
2898 3988 2929 4026 a
2966 3969 3087 4025 suis
3114 3968 3172 4023 in
3203 3968 3403 4022 balneo
3433 3974 3521 4021 est

1902 4071 2135 4127 occisus.
2166 4070 2359 4125 Mizius
2385 4068 2611 4140 quidam
2634 4067 2691 4121 in
2723 4065 2910 4121 Sicilia
2957 4062 3303 4137 tyrannidem
3333 4060 3516 4114 medi-

1903 4167 2067 4225 tatus,
2109 4174 2234 4214 mox
2266 4157 2621 4229 extinguitur.
2660 4155 2973 4211 Constantis
3013 4151 3161 4207 ﬁlius
3202 4147 3515 4205 Constanti«

1903 4265 2007 4304 nus
2035 4256 2158 4320 post
2188 4255 2400 4320 patrem
2430 4247 2664 4318 imperat
2701 4244 2863 4300 annis
2891 4243 2982 4299 1'7.

2045 4345 2171 4399 670.
2320 4343 2372 4396 1.
2513 4330 2608 4398 13:
2752 4339 2805 4395 3.
2952 4341 3007 4393 9.
3154 4336 3209 4393 5.
3319 4334 3372 4389 6.

185 4389 1521 4503 disponebaturpermajogs—
1547 4389 1803 4490 £013};
1828 4389 1887 4459 Β
1978 4389 2255 4503 (ϐλᾶιι.)
2297 4389 2613 4485 A-deoda-tus
2650 4389 3069 4483 71,“;Romanze
3097 4389 3361 4480 tecclesim
3392 4438 3513 4494 pre-

185 4520 338 4573 mine
358 4519 757 4592 regnantibus:
791 4520 996 4592 quibus
1026 4521 1197 4577 moris
1226 4533 1341 4577 erat
1369 4524 1665 4595 principari
1686 4527 1805 4598 qui-

186 4611 314 4664 dem
344 4611 648 4665 secundum
700 4627 897 4683 genus,
950 4618 1004 4667 et
1048 4612 1123 4666 nil
1154 4629 1321 4688 agere
1365 4616 1450 4669 vel
1482 4615 1798 4687 disponere,

186 4718 351 4772 quam
374 4702 832 4757 irrationabiliter
859 4703 1025 4758 edere
1055 4711 1109 4759 et
1159 4704 1375 4771 bibere,
1397 4706 1658 4779 domique
1685 4725 1805 4765 mo-

182 4790 313 4853 rari,
342 4798 399 4845 ct
429 4790 691 4847 Kalendis
736 4791 860 4845 Maii
910 4792 1192 4862 presidere
1235 4809 1418 4849 coram
1480 4801 1589 4850 tota
1613 4807 1803 4869 gente,

183 4880 493 4935 etsalutare
538 4888 593 4934 et
629 4879 878 4941 salutari,
913 4880 1181 4953 obsequia
1214 4890 1269 4937 et
1290 4881 1435 4938 dona
1480 4885 1734 4956 accipere
1750 4893 1805 4942 et

184 4969 513 5039 rependere,
545 4978 602 5025 et
625 4969 708 5025 sic
736 4984 924 5024 secum
973 4985 1149 5042 usque
1180 4972 1248 5027 ad
1275 4972 1442 5028 alium
1472 4973 1669 5030 Maium
1702 4977 1803 5032 ha-

182 5055 380 5113 bitare.

1903 4527 2065 4582 sidet.
2094 4527 2278 4595 tBsnx,
2310 4531 2373 4579 II.
2408 4525 2484 4595 ε.)
2515 4523 2658 4579 Oswi
2689 4520 3230 4593 Nordanymbrorum
3263 4533 3394 4591 rege
3422 4516 3522 4571 de-

1904 4617 2114 4685 functo,
2146 4615 2399 4691 ngridus
2427 4614 2575 4670 ﬁlius
2605 4613 2728 4682 ejus
2783 4620 2978 4687 regnat
3005 4610 3167 4665 annis
3199 4611 3281 4665 15.
3321 4609 3401 4679 (P.
3437 4608 3523 4678 D.)

1905 4708 2252 4765 Grimoaldus
2274 4724 2366 4779 rex
2389 4705 2899 4782 Langobardorum,
2934 4720 3057 4760 cum
3093 4718 3239 4759 nono
3277 4700 3367 4756 die
3395 4707 3521 4772 post
3624 4712 3627 4715 '

1909 4797 2227 4853 ﬂeotomum
2259 4803 2486 4865 accepto
2517 4811 2647 4850 arcu
2712 4792 3023 4849 columbam
3048 4799 3335 4862 percutere
3368 4789 3525 4843 nisus

1905 4896 2072 4957 esset,
2105 4905 2247 4945 vena
2275 4888 2484 4944 brachii
2515 4888 2636 4959 ejus
2666 4887 2913 4957 disrupta
2941 4891 3044 4953 est,
3067 4892 3123 4940 et
3144 4897 3529 4955 superponen-

1904 4985 2051 5040 tibus
2079 4984 2132 5040 ei
2192 4984 2426 5039 medicis
2476 4990 2748 5038 venenata
2810 4980 3196 5047 medicamina,
3227 4977 3523 5033 defunctus

1902 5082 2003 5129 est.
2035 5075 2113 5129 At
2143 5072 2409 5129 Pertarith
2436 5071 2584 5127 ﬁlius
2613 5070 2863 5141 Ariperth
2888 5066 3333 5144 regis,divinitus
3362 5081 3393 5120 a
3421 5077 3522 5136 pe-

1542 5192 1762 5249 VARI/E
1785 5194 2167 5251 LECTlONES.

251 5289 317 5323 ιιι

336 5292 489 5369 prius
510 5290 767 5369 _brgaiora
795 5291 873 5343 ita
898 5293 956 5344 in
984 5296 1490 5369 ναςιξῃᾳ-ωῃριίαυίι
1515 5300 1623 5366 ipse
1646 5298 1755 5369 Sig.
1789 5317 1905 5355 cur.
1934 5316 2035 5355 sec.
2068 5316 2179 5356 una
2208 5317 2335 5357 cum
2359 5317 2505 5356 anno
2522 5303 2780 5369 sequenti.
2817 5298 2884 5333 ¹¹³
2910 5305 3081 5354 totum
3105 5298 3394 5369 annumin
3418 5310 3521 5348 ra-

179 5376 305 5441 sura
327 5365 553 5441 scripsit
581 5362 697 5429 Sig.
716 5376 861 5441 __cur.
893 5377 1019 5441 sea;
1043 5363 1235 5441 _LXXl.
1260 5362 1403 5441 _e.
1450 5384 1504 5437 p.
1529 5362 1597 5441 ’(1)
1628 5370 1681 5423 S.
1704 5362 1759 5425 ἒ.
1795 5388 1841 5425 s.
1863 5373 2078 5441 desunt)
2104 5373 2282 5427 habet.
2312 5374 2372 5428 A.
2409 5373 2473 5406 ¹¹⁴
2503 5362 2602 5426 ἰιιί
2629 5375 2689 5426 in
2740 5386 2940 5426 rasum
2991 5370 3228 5441 dimidia}
3282 5368 3438 5420 lineae
3468 5370 3521 5418 et

184 5448 503 5516 m‘ntargme
530 5448 622 5501 1γ.
646 5448 767 5487 reu.
798 5448 989 5499 praeter

183 5504 345 5559 adxdzt.
378 5506 445 5540 “5
476 5505 618 5559 Vlll.
645 5504 710 5556 A.
733 5501 827 5556 C1.
847 5501 897 5558 3.
929 5503 989 5558 D.

530 5434 622 5516 _11.
646 5432 991 5516 ζθιζςριλαξιξν
1028 5435 1111 5502 Α.,
1140 5439 1236 5505 qui
1258 5437 1414 5492 habet
1446 5432 1463 5491 ἔ
1493 5445 1546 5493 et
1573 5438 1834 5496 l’ertarith
1866 5432 2087 5498 fratrem
2124 5444 2246 5512 ejus
2267 5442 2607 5516 peregrinari
2640 5442 2841 5514 coegit.
2873 5444 3139 5509 ltaigitur
3187 5439 3298 5505 Sig.
3343 5440 3524 5506 primo

1742 5582 1948 5639 ΝΟΤᾸΞ.

243 5676 379 5750 (170)
410 5677 549 5733 Eam
577 5691 609 5730 a
637 5671 753 5729 659
782 5670 988 5729 obiisse
1018 5675 1219 5747 probat
1250 5674 1442 5732 Hirsch
1483 5696 1538 5750 p.
1568 5679 1659 5735 64.
