3894 6220
394 314 492 367 127

387 437 759 511 regrinatione
784 445 1074 494 revocatus
1103 445 1159 493 et
1196 455 1228 492 a
1273 439 1646 511 Langobardis
1672 439 1727 493 in
1769 433 1995 507 régnum
2025 444 2073 510 Α

388 526 698 591 recollatus,
727 527 977 601 regnavit
999 526 1158 580 annis
1193 526 1359 582 18¹¹⁶.
1391 527 1499 581 Hoc
1530 535 1779 598 tempore
1810 529 2004 589 claruit

386 620 611 668 sanctus
643 614 1295 681 PrejectusArverncnsis
1321 615 1456 669 civis
1478 623 1533 669 et
1564 615 1877 687 episcopus,
1907 620 2001 690 qui

389 705 555 759 etiam
595 704 960 760 martirizalus
988 713 1069 760 est
1097 706 1166 759 ab
1195 706 1368 776 ipsius
1407 706 1559 760 urbis
1588 708 1924 777 primoribus
1944 710 2000 763 in

390 799 655 854 ultionem
692 800 935 855 Hectoris
967 800 1386 854 Massiliensium
1415 801 1730 870 patricii,ab
1761 802 1998 859 Hildrico

393 893 720 949 Francorum
756 910 882 969 rege
910 896 1178 966 perempti
1211 902 1435 965 prepter
1485 895 1786 963 injustitias
1815 897 2007 950 Arver-

391 985 549 1039 nensi
592 986 853 1040 {ecclesiae
906 987 975 1040 ab
1003 1002 1069 1042 eo
1137 987 1332 1040 illatas.
1394 986 1598 1055 (BALD.)
1636 987 1697 1039 In
1729 985 2006 1042 territorio

389 1075 767 1131 Cameracensi
794 1079 945 1151 virgo
975 1078 1067 1133 Dei
1124 1077 1460 1132 Maxelendis
1488 1093 1587 1147 pro
1619 1087 1745 1133 voto
1778 1077 2008 1152 virgini-

392 1164 519 1218 tatis
552 1165 885 1220 llarduinum
916 1172 1212 1221 amatorem
1227 1181 1384 1220 suum
1415 1165 1655 1240 fugiens,
1673 1165 1741 1218 ab
1767 1181 1833 1220 eo
1862 1183 2000 1220 mar-

391 1253 649 1308 tirizatur.
687 1255 785 1319 Qui
829 1272 953 1311 mox
980 1262 1286 1320 exceeatus,
1346 1265 1468 1327 post
1500 1256 1798 1311 triennium
1832 1257 1902 1311 ab
1934 1273 1999 1311 ea

396 1342 749 1397 illuminatur.

462 1430 584 1484 671.
644 1431 705 1485 R.
763 1432 817 1486 2.
870 1431 925 1485 S.
991 1432 1076 1486 M.
1136 1433 1193 1488 F.
1247 1433 1299 1487 4.
1337 1433 1390 1486 ι..
1449 1434 1498 1486 1.
1556 1435 1617 1488 Α.
1663 1435 1715 1489 6.
1759 1434 1845 1488 W.
1872 1436 1930 1488 7.

462 1522 552 1591 (H.
585 1524 676 1591 m.)
746 1522 1134 1578 Constantinus
1163 1524 1462 1595 imperator
1513 1525 1708 1581 fratres
1736 1543 1868 1582 suos
1899 1528 1999 1581 ha-

391 1614 528 1667 bens
557 1625 866 1685 suspectos,
895 1632 965 1670 ne
995 1625 1423 1689 conregnarent,
1471 1633 1635 1672 nasos
1672 1634 1866 1674 eorum
1900 1620 2001 1674 ab-

389 1708 570 1763 scidit.
597 1711 781 1777 (Bana,
815 1712 884 1764 ll.
912 1712 982 1780 e.)
1020 1711 1130 1766 Hoc
1160 1718 1410 1783 tempore
1428 1713 1651 1784 quidam
1688 1714 1743 1767 in
1778 1715 1998 1770 Britan-

394 1802 486 1855 nia
516 1818 547 1856 a
576 1812 751 1858 morte
781 1821 1097 1874 resurgens.
1127 1809 1317 1873 multa,
1346 1823 1467 1878 qua:
1498 1808 1633 1862 vidit
1652 1808 1720 1863 de
1743 1809 1876 1864 locis
1895 1826 2002 1881 pee-

393 1908 586 1947 narum
613 1900 668 1949 et
689 1896 990 1969 purgatorii
1021 1896 1163 1969 ignis
1193 1898 1337 1963 loco,
1370 1900 1647 1953 enarravit

538 1986 662 2042 672.
810 1988 861 2043 3.
1016 1992 1095 2045 15.
1247 1991 1299 2046 5.
1446 1993 1500 2047 2.
1648 1995 1699 2046 7.
1803 1993 1857 2048 8.

467 2077 679 2146 (BEDA.)
730 2079 986 2134 Saraceni
1045 2081 1250 2136 italiam
1302 2082 1589 2149 invadunt,
1631 2094 1686 2138 et
1743 2084 2002 2139 omnibus

394 2170 626 2242 direptis
650 2174 1030 2229 Alexandriam
1098 2177 1332 2231 redeunt
1371 2178 1458 2247 (V.
1512 2179 1568 2233 S.
1602 2178 1750 2249 Am.)
1780 2181 2003 2235 Amatus

393 2262 689 2333 episcopus
718 2265 1100 2321 Senonensisa
1132 2283 1258 2341 rege
1277 2268 1619 2324 Theoderico
1649 2270 1799 2341 gravi
1832 2277 1887 2324 et
1918 2270 2003 2324 in-

394 2351 687 2406 revocabili
720 2353 889 2409 exilio
912 2354 1004 2409 diu
1029 2355 1323 2410 tribulatur
1343 2356 1429 2411 “7.

566 2443 690 2499 673.
840 2447 892 2499 ιι.
1011 2448 1093 2501 16.
1233 2447 1286 2502 6.
1436 2448 1488 2504 3.
1600 2449 1652 2503 8.
1766 2450 1820 2506 9.

467 2529 652 2597 (Bern,
704 2530 770 2587 ΙΙ.
827 2535 892 2603 e.)
929 2533 1168 2609 Egberth
1226 2550 1319 2589 rex
1361 2535 1662 2609 Anglorum
1704 2537 1844 2592 obiit
1875 2540 2003 2603 ;cui

394 2614 624 2672 Lothere
654 2618 823 2675 frater
840 2622 961 2692 ejus
990 2624 1294 2678 succedens
1312 2633 1506 2696 regnat
1524 2626 1686 2679 annis
1707 2626 1775 2679 12
1812 2628 2004 2694 (H.m.)

398 2704 564 2778 liyrisj
589 2710 844 2779 apparuit
886 2710 942 2765 in
974 2713 1114 2768 ccelo
1170 2728 1363 2767 mense
1414 2712 1634 2776 Marcio,
1673 2722 1728 2768 et
1780 2714 2009 2769 tremuit

396 2798 577 2852 omnis
598 2815 748 2863 caro,
777 2802 852 2857 ita
880 2811 1156 2859 utomnes
1187 2804 1460 2871 dicerent,
1479 2806 1627 2876 quod
1661 2821 2006 2861 consumma-

398 2883 474 2938 tio
517 2894 662 2942 esset
688 2890 772 2946 “3.

538 2978 662 3033 674.
812 2981 865 3034 5.
978 2982 1044 3037 17
1161 2984 1215 3036 7,
1365 2985 1419 3037 4.
1572 2986 1620 3037 1.
1734 2984 1821 3041 10.

472 3068 654 3136 (ΒεοΑ,
686 3074 756 3127 ΙΙ.
785 3073 854 3147 e.)
882 3075 1199 3131 Theodorus
1251 3076 1307 3130 in
1339 3078 1528 3150 Anglia
1551 3080 1761 3148 synodo
1795 3078 1999 3145 habita,

401 3158 686 3216 constituit
735 3164 903 3218 multa
962 3166 1226 3221 aecclesiae
1285 3168 1458 3222 utilia.
1532 3168 1625 3223 Hic
1683 3169 2004 3224 Theodorus

399 3247 617 3318 scripsit
663 3253 1096 3321 prenitentialem
1161 3256 1385 3325 librum,
1434 3258 1673 3313 mirabili
1729 3268 1785 3315 et
1848 3268 2009 3315 cauta

397 3335 729 3396 discretione
750 3344 1099 3419 distinguens
1165 3348 1387 3403 modum
1432 3349 1773 3422 singularum
1805 3351 2003 3422 culpa-

401 3443 538 3482 rum.

577 3518 701 3575 675.
810 3524 863 3580 6.
985 3527 1072 3581 18.
1203 3528 1258 3582 8.
1403 3532 1455 3585 5.
1570 3532 1624 3586 2.
1736 3533 1824 3588 11.

471 3607 560 3677 (Η.
602 3613 694 3681 m.)
736 3614 918 3672 Stolus
970 3618 1367 3676 Saracenorum
1429 3629 1621 3678 contra
1682 3622 2005 3679 Constanti-

404 3698 648 3766 n0polim
678 3703 960 3774 applicuit.
979 3707 1076 3772 Qui
1110 3710 1239 3764 dum
1274 3710 1592 3783 peraliquot
1622 3728 1798 3767 annos
1827 3690 2009 3768 chris-

400 3789 563 3846 tianis
587 3794 827 3852 inaniter
857 3804 1284 3866 concurrissent,
1311 3805 1367 3859 in
1425 3807 1713 3862 redeundo
1745 3823 1809 3862 ex
1836 3808 2007 3864 multa

395 3894 547 3954 parte
574 3890 799 3949 dimersi
836 3896 1180 3957 interierunt.

574 3977 697 4034 676.
819 3985 871 4038 7.
993 3988 1080 4042 19.
1229 3990 1282 4043 8.
1403 3991 1457 4043 7.
1568 3990 1620 4045 3.
1735 3992 1822 4045 12.

468 4067 560 4131 (ν.
589 4067 646 4125 S.
676 4072 864 4141 Leod.)
886 4075 1158 4133 Hildricus
1189 4095 1280 4133 rex
1309 4078 1529 4133 levitate
1568 4095 1783 4135 morum
1812 4097 2004 4136 accen-

396 4154 475 4209 dit
502 4156 558 4211 in
586 4175 646 4214 se
675 4163 801 4218 odia
834 4166 1180 4224 Francorum.
1217 4170 1448 4226 Sanctus
1478 4170 1847 4243 Leodegarius
1894 4173 2008 4228 Au-

396 4248 815 4319 gustidunensis
855 4256 1151 4328 episcopus
1179 4257 1247 4312 ab
1280 4274 1346 4333 ep
1392 4259 1448 4311 in
1484 4259 1725 4316 Luxovio
1770 4263 2008 4318 retrudi-

400 4341 503 4390 tur.
526 4338 703 4410 (P.D.)
735 4343 792 4396 In
827 4344 979 4398 [talia
1011 4354 1175 4401 tanta:
1205 4347 1406 4417 pluviae
1432 4349 1747 4405 ettonitrua
1763 4350 2004 4420 fuerunt,

1629 310 1972 364 SlGEBERTI
2013 310 2508 367 GEMBLACENSIS

2034 3121 2083 3189 C

3632 316 3748 368 1%

2253 439 2378 493 677.
2493 438 2545 492 8.
2656 438 2746 493 20.
2860 440 2946 494 10.
3058 440 3112 492 7.
3260 442 3313 494 4.
3469 440 3559 497 13.

2173 528 2450 598 (G.pont.)
2491 529 2676 583 Donus
2717 528 2845 582 74M
2896 528 3155 583 Romanae
3198 515 3470 584 aecclesize
3543 531 3747 601 presi-

2100 620 2195 675 det
2226 620 2310 672 “0.
2349 622 2432 689 (ΙΙ.
2462 620 2553 687 m.)
2602 619 2889 675 Saracenis
2944 628 3001 673 et
3051 619 3323 674 Arabibus
3352 636 3480 675 cum
3521 620 3745 676 Roma-

2099 729 2295 768 norum
2323 712 2567 767 exercitu
2588 712 2923 786 congressis,
2957 712 3288 767 occiduntur
3313 713 3738 769 Saracenorum

2099 804 2168 858 30
2185 803 2334 857 milia
2365 804 2451 871 (G.
2478 805 2658 875 pont.)
2685 802 2760 856 Ab
2792 805 3035 878 Augusto
3052 819 3151 874 per
3173 810 3285 858 tres
3313 820 3541 858 menses
3564 805 3741 860 stella

2108 898 2275 952 radiis
2301 898 2471 952 ccelos
2500 903 2864 968 penetrans,a
2896 904 3047 967 parte
3078 896 3308 952 orientis
3345 913 3376 951 a
3396 897 3530 970 galli
3558 904 3739 952 cantu

2107 1006 2283 1062 usque
2325 992 2381 1046 in
2415 1007 2572 1046 mane
2600 991 2921 1062 apparebat,
2986 1000 3042 1048 et
3091 992 3328 1046 maxima
3356 992 3679 1047 mortalitas
3709 1009 3743 1047 a

2108 1086 2262 1150 parte
2283 1081 2512 1135 orientis
2535 1081 2828 1136 subsecuta
2859 1089 2965 1137 est.

2277 1172 2400 1226 678.
2512 1173 2564 1226 9.
2676 1171 2764 1227 21.
2896 1174 2983 1226 11.
3095 1173 3148 1227 8.
3273 1173 3326 1227 5.
3450 1174 3543 1228 14.

2170 1266 2378 1336 (H.m.)
2409 1257 2705 1320 Kallinicus
2752 1266 3085 1320 architectus
3132 1265 3197 1319 ab
3242 1266 3518 1337 Heliopoli
3552 1265 3735 1337 Syria:

2102 1357 2169 1411 ad
2205 1358 2478 1412 Romanos
2500 1356 2766 1430 confugit,
2813 1358 3110 1430 ignemque
3163 1357 3437 1411 marinum
3493 1355 3738 1409 adiuve-

2102 1450 2218 1512 nit;
2248 1462 2358 1517 quo
2398 1446 2480 1499 usi
2526 1446 2752 1500 Romani
2811 1462 2977 1500 naves
3023 1446 3422 1501 Saracenorum
3489 1459 3736 1498 exusse-

2104 1546 2250 1602 runt,
2279 1546 2334 1592 et
2362 1554 2470 1592 una
2495 1554 2618 1592 cum
2645 1537 2935 1593 animabus
2974 1553 3201 1608 prorsus
3228 1536 3635 1601 incenderunt,
3673 1542 3735 1589 et

2104 1632 2176 1685 ita
2207 1632 2433 1687 victoria
2461 1632 2615 1703 potiti
2649 1639 2795 1687 sunt.

2241 1720 2365 1774 679.
2482 1722 2562 1775 10.
2692 1720 2780 1775 22.
2896 1721 2982 1774 12.
3104 1721 3156 1774 9.
3269 1720 3323 1773 6.
3448 1717 3541 1774 15.

2172 1809 2453 1878 (G.pont.)
2484 1809 2692 1883 Agatho
2743 1809 2871 1864 ’75ιιει
2931 1810 3188 1864 Romanae
3242 1807 3510 1863 tecclesiae
3542 1806 3733 1878 presi-

2103 1895 2214 1951 det.
2251 1896 2330 1967 (G.
2360 1914 2410 1952 ν.
2442 1899 2522 1967 F.)
2554 1896 2746 1951 Bodilo
2778 1896 3036 1963 Francus,
3067 1912 3233 1969 quem
3266 1895 3547 1951 Hildricus
3577 1894 3732 1970 liga-

2103 1997 2216 2045 tum
2248 1989 2316 2044 ad
2343 1990 2585 2061 stipitem
2608 1990 2744 2044 caedi
2766 1989 3045 2061 praecepit,
3096 1988 3396 2044 Hildrieum
3429 1988 3487 2042 in
3549 2003 3733 2043 vena-

2103 2079 2255 2133 tione
2284 2087 2596 2149 exceptum.
2629 2095 2755 2134 cum
2788 2078 3043 2151 Blithilde
3070 2094 3240 2133 uxore
3257 2078 3377 2145 ejus
3405 2084 3731 2151 pregnante

2104 2169 2379 2227 interficit.
2409 2171 2782 2226 Theodericus
2832 2186 3002 2243 regno
3042 2169 3372 2225 restituitur.
3416 2169 3731 2224 Leudesins

2105 2262 2252 2317 filius
2309 2262 2694 2326 Erchonoaldi,
2751 2262 2981 2317 consilio
3032 2260 3355 2334 Leodegarii
3403 2259 3662 2330 episcopi
3694 2275 3731 2313 a

2106 2351 2343 2407 Luxovio
2375 2351 2611 2406 revocati
2643 2352 2984 2422 aliorumque
3028 2350 3373 2421 principum,
3404 2348 3584 2416 major
3614 2348 3729 2402 do-

2106 2457 2227 2495 mus
2251 2440 2621 2496 constituitur.
2647 2440 2736 2511 (H.
2773 2439 2871 2511 m.)
2905 2440 3052 2494 lnter
3090 2439 3369 2492 Romanos
3394 2444 3450 2491 et
3480 2437 3726 2492 Sarace-

2106 2548 2207 2588 nos
2237 2533 2292 2587 in
2323 2532 2392 2587 39
2420 2548 2594 2588 annos
2650 2549 2754 2604 pax
2802 2541 2887 2587 est
2939 2529 3283 2594 confirmata,
3338 2537 3399 2583 ut
3457 2528 3727 2583 Saraceni

2108 2624 2366 2680 Romanis
2387 2625 2505 2679 auri
2539 2624 2706 2679 libras
2753 2624 2856 2678 tria
2910 2622 3064 2676 milia
3088 2628 3145 2676 et
3186 2620 3334 2675 viros
3364 2618 3617 2690 captivos
3656 2617 3733 2673 50

2105 2723 2160 2771 et
2179 2732 2356 2788 equos
2388 2716 2606 2770 nobiles
2635 2715 2706 2772 50
2734 2714 3018 2769 annuatim
3047 2712 3285 2769 solvant.

2246 2807 2370 2861 680.
2496 2805 2582 2858 11.
2704 2803 2793 2860 23.
2913 2803 2965 2856 1.
3088 2802 3171 2856 10.
3307 2801 3361 2853 7.
3484 2799 3572 2853 16.

2179 2903 2391 2973 (H.m.)
2423 2902 2567 2955 Gens
2622 2899 2934 2974 Bulgarum,
2982 2913 3103 2970 qua:
3159 2905 3215 2952 et
3269 2896 3388 2967 ipsa
3442 2911 3473 2949 a
3517 2893 3727 2949 Scithia

2103 2992 2396 3064 egrediens
2427 2990 2629 3061 passim
2670 2988 3099 3053 debachabatur,
3156 3002 3255 3056 per
3299 2984 3587 3039 Thraciam
3620 2984 3725 3038 Ba-

2105 3084 2253 3137 thaia
2283 3081 2423 3135 duce
2445 3086 2740 3153 grassatur.
2776 3077 2987 3142 Quibus
3024 3074 3363 3132 Constantini
3423 3076 3725 3144 imperato—

2108 3179 2185 3232 ris
2215 3191 2510 3232 occurrens
2541 3173 2837 3239 exercitus,
2868 3172 2936 3227 ab
2960 3172 3040 3227 eis
3062 3171 3294 3242 turpiter
3320 3169 3565 3241 fugatus,
3602 3184 3729 3241 gra-

2107 3268 2248 3323 vitcr
2277 3275 2359 3323 est
2389 3266 2633 3331 attritus;
2666 3272 2720 3319 et
2740 3265 2879 3319 adeo
2923 3280 3023 3334 per
3047 3264 3349 3318 Romanam
3381 3276 3498 3315 rem
3534 3260 3726 3330 publi-

2107 3375 2226 3414 cam
2249 3374 2441 3413 eorum
2473 3356 2703 3410 invaluit
2728 3370 3008 3421 excursus,
3037 3360 3096 3408 ut
3117 3353 3416 3423 imperator
3443 3365 3581 3421 pace
3599 3366 3725 3405 cum

2110 3450 2192 3503 eis
2233 3448 2392 3515 facta,
2450 3463 2636 3502 annua
2698 3455 2858 3517 pacta
2923 3446 3004 3500 eis
3054 3444 3288 3516 prebere
3353 3442 3425 3497 sit
3471 3448 3718 3496 coactus.

2109 3538 2192 3607 (G.
2223 3555 2270 3592 r.
2298 3538 2385 3606 F.)
2408 3537 2683 3591 Ebroinus
2715 3552 2745 3589 a
2789 3535 3025 3590 Luxovio
3057 3548 3336 3607 egressus,
3387 3533 3538 3586 vires
3568 3547 3724 3586 resu-

2107 3626 2227 3690 mit,
2258 3624 2609 3679 insidiatores
2646 3639 2777 3678 suos
2822 3622 3044 3693 premit,
3094 3638 3265 3693 super
3316 3621 3722 3676 Theodericum

2109 3730 2293 3789 regem
2326 3712 2505 3777 irruit,
2537 3713 2825 3767 thesauros
2854 3712 2973 3780 ejus
3001 3718 3057 3765 et
3082 3709 3346 3766 aecclesiae
3362 3708 3723 3780 diripit,Leu-

2107 3807 2319 3862 desium
2342 3807 2607 3875 majorem
2638 3805 2835 3859 domus
2863 3803 3104 3875 perimit,
3136 3801 3510 3857 Chlodoveum
3545 3817 3727 3872 quen-

2107 3901 2231 3953 dam
2264 3898 2480 3971 fingens
2509 3914 2631 3953 esse
2654 3896 2828 3951 tilium
2860 3896 3101 3951 Lotharii
3133 3895 3281 3968 regis
3310 3910 3498 3968 regem
3515 3894 3624 3949 sibi
3654 3894 3728 3949 fa-

2105 3992 2200 4057 cit,
2228 3993 2294 4046 ad
2326 3992 2447 4058 ejus
2466 3995 2867 4045 sacramentum
2896 4004 3034 4060 quos
3101 3995 3284 4058 potest
3315 3986 3522 4057 poenis,
3552 3987 3724 4041 minis

2108 4093 2163 4137 et
2200 4082 2483 4139 blanditiis
2499 4080 2751 4152 impellit,
2782 4081 2945 4148 (ann
2973 4082 2984 4145 ι
3012 4078 3344 4134 Chintiliane
3373 4094 3504 4150 rege
3531 4077 3725 4133 defun-

2109 4180 2216 4236 cto,
2246 4173 2451 4247 Tolgan
2482 4170 2628 4226 ﬁlius
2653 4170 2775 4239 ejus
2802 4170 2983 4224 adhuc
3014 4183 3170 4239 puer,
3201 4167 3257 4220 in
3281 4181 3455 4238 regno
3492 4166 3724 4239 Wisigo-

2108 4266 2327 4320 thorum
2350 4264 2677 4329 succedens,
2705 4267 2902 4335 regnat
2930 4261 3091 4315 annis
3140 4260 3192 4314 4.
3236 4258 3455 4313 Abhinc
3484 4273 3716 4331 regnum

2108 4358 2396 4431 Bulgarum
2444 4355 2819 4411 adnotandum
2887 4361 2991 4419 est,
3034 4368 3268 4424 quorum
3321 4366 3417 4405 rex
3468 4350 3722 4405 Bathaias

400 4429 592 4499 quales
620 4433 771 4488 nulla
796 4441 929 4490 aetas
951 4437 1236 4493 hominum
1286 4450 1578 4503 memorat,
1612 4448 1671 4495 ut
1698 4442 1862 4497 etiam
1905 4446 2008 4501 ho-
2034 4426 2088 4494 D
2108 4426 2239 4503 erat
2275 4448 2361 4517 (G.
2390 4449 2565 4518 pont.)
2596 4446 2804 4518 Agatho
2842 4460 2985 4516 papa
3015 4442 3261 4512 suscepit
3314 4439 3557 4495 divalem
3601 4440 3720 4507 jus-

398 4518 579 4574 mines
599 4530 653 4576 et
682 4524 901 4594 peculia
930 4524 1144 4601 fulgure
1171 4527 1484 4583 interirent.
1512 4530 1573 4584 Et
1601 4531 1707 4585 nisi
1740 4549 1840 4604 per
1856 4534 2008 4591 laeta-

401 4608 543 4676 nias,
583 4627 720 4682 quas
742 4615 992 4685 quotidie
1014 4615 1313 4683 faciebant,
1345 4618 1611 4675 Dominus
1636 4630 1784 4676 esset
1815 4624 2006 4694 propi-

399 4702 586 4772 tiatus,
619 4723 729 4763 non
757 4710 1065 4779 potuissent
1118 4712 1372 4767 homines
1396 4713 1649 4770 triturare
1678 4718 1766 4772 vel
1789 4717 1845 4771 in
1878 4719 2006 4773 hor-

400 4791 509 4846 reis
537 4792 812 4851 frumenta
850 4799 1192 4863 recondere;
1226 4800 1282 4854 in
1316 4809 1518 4856 tantam
1549 4811 1607 4858 ut
1634 4820 1699 4859 ex
1733 4806 1869 4877 ipsis
1890 4806 2009 4877 plu-

397 4885 503 4941 viis
532 4889 716 4946 denuo
746 4891 1027 4964 legumina
1058 4904 1480 4953 renascerentur
1517 4906 1571 4954 et
1605 4900 1673 4955 ad
1720 4901 2007 4956 maturita—

400 4985 509 5033 tem
542 4981 873 5037 devenirent
903 4984 990 5039 ιη.

2107 4537 2323 4591 sionem
2350 4534 2683 4607 principum,
2707 4542 2769 4588 ut
2791 4533 3086 4607 suggessit,
3142 4548 3243 4603 per
3281 4547 3446 4603 quam
3481 4531 3719 4585 relevata

2108 4638 2191 4682 est
2210 4627 2509 4698 quantitas,
2538 4642 2661 4698 quae
2684 4625 2846 4681 solita
2884 4636 3002 4679 erat
3040 4624 3155 4678 dari
3212 4638 3310 4695 pro
3365 4621 3718 4677 ordinatione

2108 4717 2387 4790 pontificis
2414 4716 2699 4779 facienda;
2733 4714 2812 4769 sic
2841 4721 3046 4779 tamen,
3094 4720 3155 4768 ut
3205 4712 3251 4766 si
3278 4710 3576 4783 contigerit
3597 4718 3723 4782 post

2110 4808 2231 4875 ejus
2253 4806 2541 4860 transitum
2571 4803 2900 4859 electionem
2925 4801 3065 4867 ﬁeri,
3088 4816 3198 4855 non
3226 4799 3428 4854 debeat
3453 4799 3720 4866 ordinari,

2110 4899 2204 4971 qui
2236 4898 2445 4953 electus
2470 4896 2654 4962 fuerit,
2685 4895 2790 4949 nisi
2842 4894 2994 4965 prius
3023 4892 3279 4949 decretus
3311 4891 3596 4964 generalis
3633 4890 3719 4944 in-

2110 4989 2428 5046 troducatur
2485 4987 2541 5041 in
2580 4984 2788 5060 regiam
2844 4984 3035 5039 urbem
3091 4982 3395 5038 secundum
3432 4980 3716 5052 antiquam

1748 5125 1968 5180 VARUE
1993 5122 2368 5180 LECTIONES.

455 5221 698 5302 ,ξίδιΧῩΙΙ
721 5225 789 5302 A.
833 5225 922 5279 Ci.
956 5226 990 5284 3
1044 5229 1101 5282 D.
1135 5231 1423 5302 Sequentia
1453 5235 1562 5290 Hoc
1593 5265 1659 5275 —
1689 5235 2029 5289 illuminatur
2081 5236 2139 5288 in
2192 5248 2367 5298 marg.
2404 5230 2535 5285 add.
2569 5228 3038 5302 Sig.rcur.tertiis
3067 5223 3369 5302 ςγνειιηίίτ⁸
3397 5223 3627 5302 A_ma_tus
3653 5255 3718 5264 —

400 5290 829 5376 tribulatunSig.
861 5313 974 5352 cur.
1006 5303 1181 5357 tertiis
1195 5290 1230 5368 ;⁸
1250 5306 1373 5376 rell.
1410 5306 1476 5340 “3
1509 5305 1663 5376 Hyris
1694 5337 1756 5345 -
1805 5314 1950 5360 esset
1990 5307 2104 5372 Sig.
2136 5319 2250 5358 cur.
2278 5290 2384 5376 sec.
2412 5302 2530 5355 rell.
2562 5290 2653 5376 “ff
2681 5301 2740 5353 A.
2762 5301 2872 5376 hic
2924 5298 3102 5376 exibet
3146 5296 3310 5376 verba
3340 5295 3393 5347 S.
3417 5294 3721 5376 Audoenus

400 5364 493 5433 qui
524 5371 580 5442 et
601 5364 750 5442 _Dado
783 5368 845 5422 R.
876 5384 927 5423 e.
959 5385 1012 5426 ο.
1045 5389 1114 5427 ex
1142 5364 1205 5426 α.
1236 5374 1359 5435 690.
1401 5377 1498 5430 ubi
1531 5364 1593 5430 e'a
1649 5380 1866 5431 omittit.
1901 5376 1971 5410 ¹²⁰
2030 5364 2113 5430 ita
2140 5389 2319 5428 errore
2367 5374 2551 5442 lapsus
2583 5372 2696 5439 Sig.
2757 5372 2842 5424 hic
2894 5369 3101 5430 scribit,
3149 5365 3722 5442 ςίηίῃηροᾴεηιᾼςννονε

391 5437 649 5557 lin
675 5442 1059 5527 sequentibus;
1094 5444 1220 5498 84“.
1253 5447 1288 5499 5
1316 5447 1515 5529 habent
1563 5447 1733 5531 LXXV
1770 5453 1821 5501 et
1856 5450 1934 5502 sic
1979 5461 2140 5531 pomo
2173 5462 2188 5510 ;
2221 5443 2394 5528 C123.
2424 5435 2477 5497 et
2514 5435 2674 5497 iidem
2707 5444 2909 5525 Dpnum
2937 5443 3129 5522 vocant
3155 5435 3345 5519 LXXV],
3379 5436 3720 5502 Agathonem

609 5546 620 5557 .
656 5512 705 5557 et
733 5511 946 5557 Lemiem
984 5519 1111 5557 1th
1138 5515 1332 5557 LXXVI
1387 5522 1466 5557 ain
1493 5522 1554 5557 ut
1579 5519 1647 5557 ab
1695 5520 1818 5557 mdo
1860 5534 1976 5557 num
2010 5518 2280 5557 Rmnhnrtn
2309 5519 2501 5557 πίον-πίνη
2528 5516 2885 5557 ρηηυρηιηηίε
2921 5510 2982 5557 ῐ)-
3014 5525 3111 5557 mu.
3142 5524 3254 5557 mm
3281 5507 3410 5557 inde
3433 5506 3504 5557 ab
3533 5522 3589 5557 α.
3621 5506 3720 5557 5311

443 5503 705 5587 ᾏΧγῐηθτ
732 5503 946 5567 Leonem
984 5503 1111 5569 item
1136 5515 1356 5583 LXXVI,
1387 5520 1467 5571 ita
1493 5522 1554 5572 ut
1579 5519 1647 5573 ab
1695 5520 1818 5572 inde
1860 5503 2280 5584 cum'Sigebcrto
2309 5517 2501 5587 iterum
2528 5515 2886 5587 conpegtiqut;
2921 5510 2983 5587 ρ,
3014 5512 3111 5579 Qui
3132 5509 3254 5587 jam
3281 5507 3410 5560 inde
3424 5506 3725 5587 ξιρέξοηᾷἶὶεξ

404 5576 738 5655 δραερςνιωη
764 5596 881 5637 una
908 5600 1126 5641 numero
1151 5576 1516 5655 praecesserat,
1548 5592 1757 5644 Donum
1791 5593 1945 5644 vocat
1974 5576 2191 5653 LXXVI,
2239 5586 2578 5655 Agathonem
2632 5582 2874 5647 LXXVII,
2917 5576 3145 5636 Leonem
3192 5580 3394 5633 iterum
3423 5576 3648 5631 LXXVII
3677 5582 3724 5633 et

400 5647 480 5701 sic
506 5647 768 5720 deinceps.
