  <div class='ocr_page' id='page_1' title='image "/cluster/home/n/w/nwhite01/storage/ocr_20150623/160/uva.x000829802/070.png"; bbox 0 0 3894 6220; ppageno 0'>
   <div class='ocr_carea' id='block_1_1' title="bbox 125 295 1762 361">
    <p class='ocr_par' dir='ltr' id='par_1_1' title="bbox 125 296 1756 361">
     <span class='ocr_line' id='line_1_1' title="bbox 125 296 1756 361; baseline -0.007 0"><span class='ocrx_word' id='word_1_1' title='bbox 125 307 218 361; x_wconf 81' lang='grc'>129</span> <span class='ocrx_word' id='word_1_2' title='bbox 1631 296 1756 351; x_wconf 83' lang='lat' dir='ltr'><strong>CllR</strong></span> 
     </span>
    </p>
   </div>
   <div class='ocr_carea' id='block_1_2' title="bbox 1874 295 1978 361">
    <p class='ocr_par' dir='ltr' id='par_1_2' title="bbox 1878 295 1978 349">
     <span class='ocr_line' id='line_1_2' title="bbox 1878 295 1978 349; baseline 0 0"><span class='ocrx_word' id='word_1_3' title='bbox 1878 295 1978 349; x_wconf 83' lang='lat' dir='ltr'><strong>CA.</strong></span> 
     </span>
    </p>
   </div>
   <div class='ocr_carea' id='block_1_3' title="bbox 3366 307 3468 364">
    <p class='ocr_par' dir='ltr' id='par_1_3' title="bbox 3366 307 3468 364">
     <span class='ocr_line' id='line_1_3' title="bbox 3366 307 3468 364; baseline 0.02 -2"><span class='ocrx_word' id='word_1_4' title='bbox 3366 307 3468 364; x_wconf 89' lang='grc'>130</span> 
     </span>
    </p>
   </div>
   <div class='ocr_carea' id='block_1_4' title="bbox 122 423 3464 495">
    <p class='ocr_par' dir='ltr' id='par_1_4' title="bbox 122 423 3464 495">
     <span class='ocr_line' id='line_1_4' title="bbox 122 423 3464 495; baseline 0.001 -12"><span class='ocrx_word' id='word_1_5' title='bbox 122 429 627 493; x_wconf 75' lang='lat' dir='ltr'><strong>consuetudinem;</strong></span> <span class='ocrx_word' id='word_1_6' title='bbox 684 438 890 484; x_wconf 92' lang='lat' dir='ltr'><strong>etcum</strong></span> <span class='ocrx_word' id='word_1_7' title='bbox 939 443 1131 483; x_wconf 88' lang='lat' dir='ltr'><strong>eorum</strong></span> <span class='ocrx_word' id='word_1_8' title='bbox 1168 426 1397 482; x_wconf 89' lang='lat' dir='ltr'><strong>scientia</strong></span> <span class='ocrx_word' id='word_1_9' title='bbox 1423 432 1479 480; x_wconf 90' lang='lat' dir='ltr'><strong>et</strong></span> <span class='ocrx_word' id='word_1_10' title='bbox 1498 425 1748 494; x_wconf 88' lang='lat' dir='ltr'><strong>jussione</strong></span> <span class='ocrx_word' id='word_1_11' title='bbox 1777 425 1827 492; x_wconf 81' lang='grc' dir='ltr'>Α</span> <span class='ocrx_word' id='word_1_12' title='bbox 1854 423 1922 477; x_wconf 90' lang='lat' dir='ltr'><strong>ad</strong></span> <span class='ocrx_word' id='word_1_13' title='bbox 1953 423 2220 478; x_wconf 88' lang='lat' dir='ltr'><strong>maximos</strong></span> <span class='ocrx_word' id='word_1_14' title='bbox 2261 423 2468 478; x_wconf 71' lang='lat' dir='ltr'><strong>militize</strong></span> <span class='ocrx_word' id='word_1_15' title='bbox 2495 424 2730 479; x_wconf 83' lang='lat' dir='ltr'><strong>honores</strong></span> <span class='ocrx_word' id='word_1_16' title='bbox 2763 437 3101 495; x_wconf 81' lang='lat' dir='ltr'><strong>provexerat.</strong></span> <span class='ocrx_word' id='word_1_17' title='bbox 3136 430 3342 486; x_wconf 89' lang='lat' dir='ltr'><strong>Lohere</strong></span> <span class='ocrx_word' id='word_1_18' title='bbox 3371 448 3464 487; x_wconf 87' lang='lat' dir='ltr'><strong>rex</strong></span> 
     </span>
    </p>
   </div>
   <div class='ocr_carea' id='block_1_5' title="bbox 124 517 993 588">
    <p class='ocr_par' dir='ltr' id='par_1_5' title="bbox 124 517 993 588">
     <span class='ocr_line' id='line_1_5' title="bbox 124 517 993 588; baseline -0.002 -16"><span class='ocrx_word' id='word_1_19' title='bbox 124 519 326 572; x_wconf 90' lang='lat' dir='ltr'><strong>debeat</strong></span> <span class='ocrx_word' id='word_1_20' title='bbox 360 518 647 576; x_wconf 76' lang='lat' dir='ltr'><strong>ordinatio</strong></span> <span class='ocrx_word' id='word_1_21' title='bbox 681 517 993 588; x_wconf 87' lang='lat' dir='ltr'><strong>provenire.</strong></span> 
     </span>
    </p>
   </div>
   <div class='ocr_carea' id='block_1_6' title="bbox 193 606 1406 662">
    <p class='ocr_par' dir='ltr' id='par_1_6' title="bbox 193 606 1406 662">
     <span class='ocr_line' id='line_1_6' title="bbox 193 606 1406 662; baseline -0.002 0"><span class='ocrx_word' id='word_1_22' title='bbox 193 610 318 662; x_wconf 85' lang='grc'>681.</span> <span class='ocrx_word' id='word_1_23' title='bbox 405 609 446 662; x_wconf 79' lang='lat' dir='ltr'><strong>R</strong></span> <span class='ocrx_word' id='word_1_24' title='bbox 525 609 613 662; x_wconf 90' lang='grc'><strong>12.</strong></span> <span class='ocrx_word' id='word_1_25' title='bbox 693 608 748 662; x_wconf 84' lang='grc'><strong>8.</strong></span> <span class='ocrx_word' id='word_1_26' title='bbox 808 608 895 661; x_wconf 83' lang='grc'><strong>24.</strong></span> <span class='ocrx_word' id='word_1_27' title='bbox 976 607 1032 660; x_wconf 86' lang='lat' dir='ltr'><strong>F.</strong></span> <span class='ocrx_word' id='word_1_28' title='bbox 1086 607 1138 662; x_wconf 89' lang='lat'><strong>‘2.</strong></span> <span class='ocrx_word' id='word_1_29' title='bbox 1221 606 1277 662; x_wconf 88' lang='lat' dir='ltr'>L.</span> <span class='ocrx_word' id='word_1_30' title='bbox 1321 607 1406 662; x_wconf 90' lang='grc'><strong>11.</strong></span> 
     </span>
    </p>
   </div>
   <div class='ocr_carea' id='block_1_7' title="bbox 691 699 1175 772">
    <p class='ocr_par' dir='ltr' id='par_1_7' title="bbox 691 699 1175 772">
     <span class='ocr_line' id='line_1_7' title="bbox 691 699 1175 772; baseline 0 -20"><span class='ocrx_word' id='word_1_31' title='bbox 691 699 773 752; x_wconf 86' lang='lat' dir='ltr'><strong>W.</strong></span> <span class='ocrx_word' id='word_1_32' title='bbox 817 717 870 770; x_wconf 85' lang='lat' dir='ltr'><strong>g.</strong></span> <span class='ocrx_word' id='word_1_33' title='bbox 949 699 1106 772; x_wconf 88' lang='lat' dir='ltr'><strong>Bulg.</strong></span> <span class='ocrx_word' id='word_1_34' title='bbox 1153 701 1175 752; x_wconf 89' lang='grc'><strong>1</strong></span> 
     </span>
    </p>
   </div>
   <div class='ocr_carea' id='block_1_8' title="bbox 200 788 1754 860">
    <p class='ocr_par' dir='ltr' id='par_1_8' title="bbox 200 788 1754 860">
     <span class='ocr_line' id='line_1_8' title="bbox 200 788 1754 860; baseline -0.001 -15"><span class='ocrx_word' id='word_1_35' title='bbox 200 792 410 860; x_wconf 73' lang='grc' dir='ltr'><strong>(ΒιωΑ.)</strong></span> <span class='ocrx_word' id='word_1_36' title='bbox 464 793 626 845; x_wconf 82' lang='lat' dir='ltr'><strong>Sexta</strong></span> <span class='ocrx_word' id='word_1_37' title='bbox 687 790 932 860; x_wconf 80' lang='lat' dir='ltr'><strong>synodus</strong></span> <span class='ocrx_word' id='word_1_38' title='bbox 980 788 1307 843; x_wconf 75' lang='lat' dir='ltr'><strong>universalis</strong></span> <span class='ocrx_word' id='word_1_39' title='bbox 1370 788 1754 844; x_wconf 88' lang='lat' dir='ltr'><strong>Constantino-</strong></span> 
     </span>
    </p>
   </div>
   <div class='ocr_carea' id='block_1_9' title="bbox 129 880 1758 954">
    <p class='ocr_par' dir='ltr' id='par_1_9' title="bbox 129 880 1758 954">
     <span class='ocr_line' id='line_1_9' title="bbox 129 880 1758 954; baseline -0.001 -17"><span class='ocrx_word' id='word_1_40' title='bbox 129 883 242 952; x_wconf 89' lang='lat' dir='ltr'><strong>poli</strong></span> <span class='ocrx_word' id='word_1_41' title='bbox 290 888 684 954; x_wconf 73' lang='lat' dir='ltr'><strong>congregatur,</strong></span> <span class='ocrx_word' id='word_1_42' title='bbox 730 880 784 933; x_wconf 91' lang='lat' dir='ltr'><strong>in</strong></span> <span class='ocrx_word' id='word_1_43' title='bbox 825 895 932 951; x_wconf 89' lang='lat' dir='ltr'><strong>qua</strong></span> <span class='ocrx_word' id='word_1_44' title='bbox 981 880 1247 952; x_wconf 80' lang='lat' dir='ltr'><strong>Georgius</strong></span> <span class='ocrx_word' id='word_1_45' title='bbox 1297 880 1758 950; x_wconf 90' lang='lat' dir='ltr'><strong>Constantinopo-</strong></span> 
     </span>
    </p>
   </div>
   <div class='ocr_carea' id='block_1_10' title="bbox 127 974 1760 1045">
    <p class='ocr_par' dir='ltr' id='par_1_10' title="bbox 127 974 1760 1045">
     <span class='ocr_line' id='line_1_10' title="bbox 127 974 1760 1045; baseline 0 -15"><span class='ocrx_word' id='word_1_46' title='bbox 127 977 340 1030; x_wconf 89' lang='lat' dir='ltr'><strong>litanus</strong></span> <span class='ocrx_word' id='word_1_47' title='bbox 382 975 682 1045; x_wconf 82' lang='lat' dir='ltr'><strong>episcOpus</strong></span> <span class='ocrx_word' id='word_1_48' title='bbox 729 974 798 1028; x_wconf 89' lang='lat' dir='ltr'><strong>ab</strong></span> <span class='ocrx_word' id='word_1_49' title='bbox 839 989 1025 1028; x_wconf 89' lang='lat' dir='ltr'><strong>errore</strong></span> <span class='ocrx_word' id='word_1_50' title='bbox 1072 974 1557 1029; x_wconf 89' lang='lat' dir='ltr'><strong>monothelitarum</strong></span> <span class='ocrx_word' id='word_1_51' title='bbox 1609 990 1760 1030; x_wconf 82' lang='lat' dir='ltr'><strong>revo-</strong></span> 
     </span>
    </p>
   </div>
   <div class='ocr_carea' id='block_1_11' title="bbox 128 1068 1761 1133">
    <p class='ocr_par' dir='ltr' id='par_1_11' title="bbox 128 1068 1761 1133">
     <span class='ocr_line' id='line_1_11' title="bbox 128 1068 1761 1133; baseline -0.001 -7"><span class='ocrx_word' id='word_1_52' title='bbox 128 1081 321 1133; x_wconf 87' lang='lat' dir='ltr'><strong>catur;</strong></span> <span class='ocrx_word' id='word_1_53' title='bbox 363 1069 674 1124; x_wconf 80' lang='lat' dir='ltr'><strong>Macharius</strong></span> <span class='ocrx_word' id='word_1_54' title='bbox 721 1083 848 1123; x_wconf 90' lang='lat' dir='ltr'><strong>vero</strong></span> <span class='ocrx_word' id='word_1_55' title='bbox 895 1068 1271 1124; x_wconf 82' lang='lat' dir='ltr'><strong>Antiochenus</strong></span> <span class='ocrx_word' id='word_1_56' title='bbox 1321 1077 1374 1123; x_wconf 84' lang='lat' dir='ltr'><strong>et</strong></span> <span class='ocrx_word' id='word_1_57' title='bbox 1412 1070 1592 1124; x_wconf 88' lang='lat' dir='ltr'><strong>cuncti</strong></span> <span class='ocrx_word' id='word_1_58' title='bbox 1625 1069 1761 1124; x_wconf 89' lang='lat' dir='ltr'><strong>duas</strong></span> 
     </span>
    </p>
   </div>
   <div class='ocr_carea' id='block_1_12' title="bbox 130 1160 1760 1231">
    <p class='ocr_par' dir='ltr' id='par_1_12' title="bbox 130 1160 1760 1231">
     <span class='ocr_line' id='line_1_12' title="bbox 130 1160 1760 1231; baseline 0 -15"><span class='ocrx_word' id='word_1_59' title='bbox 130 1163 453 1218; x_wconf 78' lang='lat' dir='ltr'><strong>voluntates</strong></span> <span class='ocrx_word' id='word_1_60' title='bbox 513 1170 567 1216; x_wconf 91' lang='lat' dir='ltr'><strong>et</strong></span> <span class='ocrx_word' id='word_1_61' title='bbox 619 1161 975 1231; x_wconf 89' lang='lat' dir='ltr'><strong>operationes</strong></span> <span class='ocrx_word' id='word_1_62' title='bbox 1022 1161 1076 1215; x_wconf 89' lang='lat' dir='ltr'><strong>in</strong></span> <span class='ocrx_word' id='word_1_63' title='bbox 1112 1177 1220 1214; x_wconf 90' lang='lat' dir='ltr'><strong>una</strong></span> <span class='ocrx_word' id='word_1_64' title='bbox 1275 1160 1471 1216; x_wconf 83' lang='lat' dir='ltr'><strong>Christi</strong></span> <span class='ocrx_word' id='word_1_65' title='bbox 1524 1177 1760 1231; x_wconf 86' lang='lat' dir='ltr'><strong>persona</strong></span> 
     </span>
    </p>
   </div>
   <div class='ocr_carea' id='block_1_13' title="bbox 131 1251 1757 1326">
    <p class='ocr_par' dir='ltr' id='par_1_13' title="bbox 131 1251 1757 1326">
     <span class='ocr_line' id='line_1_13' title="bbox 131 1251 1757 1326; baseline -0.001 -19"><span class='ocrx_word' id='word_1_66' title='bbox 131 1262 427 1326; x_wconf 81' lang='lat' dir='ltr'><strong>negantes,</strong></span> <span class='ocrx_word' id='word_1_67' title='bbox 463 1252 1012 1306; x_wconf 89' lang='lat' dir='ltr'><strong>anathematizantur.</strong></span> <span class='ocrx_word' id='word_1_68' title='bbox 1046 1251 1104 1304; x_wconf 92' lang='lat' dir='ltr'><strong>In</strong></span> <span class='ocrx_word' id='word_1_69' title='bbox 1139 1251 1238 1305; x_wconf 89' lang='lat' dir='ltr'><strong>hac</strong></span> <span class='ocrx_word' id='word_1_70' title='bbox 1278 1251 1490 1320; x_wconf 83' lang='lat' dir='ltr'><strong>synodo</strong></span> <span class='ocrx_word' id='word_1_71' title='bbox 1537 1251 1757 1306; x_wconf 89' lang='lat' dir='ltr'><strong>fuerunt</strong></span> 
     </span>
    </p>
   </div>
   <div class='ocr_carea' id='block_1_14' title="bbox 133 1343 724 1415">
    <p class='ocr_par' dir='ltr' id='par_1_14' title="bbox 133 1343 724 1415">
     <span class='ocr_line' id='line_1_14' title="bbox 133 1343 724 1415; baseline -0.003 -17"><span class='ocrx_word' id='word_1_72' title='bbox 133 1345 389 1415; x_wconf 80' lang='lat' dir='ltr'><strong>episcopi</strong></span> <span class='ocrx_word' id='word_1_73' title='bbox 420 1343 529 1398; x_wconf 86' lang='grc'><strong>289</strong></span> <span class='ocrx_word' id='word_1_74' title='bbox 553 1345 724 1412; x_wconf 87' lang='grc'>(171).</span> 
     </span>
    </p>
   </div>
   <div class='ocr_carea' id='block_1_15' title="bbox 306 1431 1596 1488">
    <p class='ocr_par' dir='ltr' id='par_1_15' title="bbox 306 1431 1596 1488">
     <span class='ocr_line' id='line_1_15' title="bbox 306 1431 1596 1488; baseline -0.002 -1"><span class='ocrx_word' id='word_1_75' title='bbox 306 1433 435 1487; x_wconf 86' lang='grc'>682.</span> <span class='ocrx_word' id='word_1_76' title='bbox 520 1431 603 1488; x_wconf 89' lang='grc'><strong>13.</strong></span> <span class='ocrx_word' id='word_1_77' title='bbox 680 1432 770 1485; x_wconf 80' lang='grc'>25.</span> <span class='ocrx_word' id='word_1_78' title='bbox 883 1432 1100 1486; x_wconf 90' lang='grc'>3.12.</span> <span class='ocrx_word' id='word_1_79' title='bbox 1213 1432 1265 1487; x_wconf 90' lang='grc'><strong>9.</strong></span> <span class='ocrx_word' id='word_1_80' title='bbox 1377 1433 1430 1486; x_wconf 89' lang='grc'><strong>2.</strong></span> <span class='ocrx_word' id='word_1_81' title='bbox 1543 1433 1596 1486; x_wconf 88' lang='grc'><strong>2.</strong></span> 
     </span>
    </p>
   </div>
   <div class='ocr_carea' id='block_1_16' title="bbox 206 1519 1763 1594">
    <p class='ocr_par' dir='ltr' id='par_1_16' title="bbox 206 1519 1763 1594">
     <span class='ocr_line' id='line_1_16' title="bbox 206 1519 1763 1594; baseline 0 -20"><span class='ocrx_word' id='word_1_82' title='bbox 206 1520 380 1590; x_wconf 84' lang='lat' dir='ltr'><strong>(Cant</strong></span> <span class='ocrx_word' id='word_1_83' title='bbox 440 1521 621 1579; x_wconf 85' lang='lat' dir='ltr'><strong>Fred.)</strong></span> <span class='ocrx_word' id='word_1_84' title='bbox 714 1522 947 1574; x_wconf 84' lang='lat' dir='ltr'><strong>Sanctus</strong></span> <span class='ocrx_word' id='word_1_85' title='bbox 999 1519 1368 1594; x_wconf 80' lang='lat' dir='ltr'><strong>Leodegarius</strong></span> <span class='ocrx_word' id='word_1_86' title='bbox 1424 1521 1763 1591; x_wconf 81' lang='lat' dir='ltr'><strong>Augustidu-</strong></span> 
     </span>
    </p>
   </div>
   <div class='ocr_carea' id='block_1_17' title="bbox 137 1608 1764 1680">
    <p class='ocr_par' dir='ltr' id='par_1_17' title="bbox 137 1608 1764 1680">
     <span class='ocr_line' id='line_1_17' title="bbox 137 1608 1764 1680; baseline 0.001 -18"><span class='ocrx_word' id='word_1_87' title='bbox 137 1609 331 1662; x_wconf 91' lang='lat' dir='ltr'><strong>nensis</strong></span> <span class='ocrx_word' id='word_1_88' title='bbox 361 1609 663 1678; x_wconf 86' lang='lat' dir='ltr'><strong>episcOpus</strong></span> <span class='ocrx_word' id='word_1_89' title='bbox 695 1608 763 1661; x_wconf 89' lang='lat' dir='ltr'><strong>ab</strong></span> <span class='ocrx_word' id='word_1_90' title='bbox 797 1609 1036 1662; x_wconf 87' lang='lat' dir='ltr'><strong>Ebroino</strong></span> <span class='ocrx_word' id='word_1_91' title='bbox 1068 1610 1304 1680; x_wconf 83' lang='lat' dir='ltr'><strong>capitur,</strong></span> <span class='ocrx_word' id='word_1_92' title='bbox 1354 1617 1408 1664; x_wconf 92' lang='lat' dir='ltr'><strong>et</strong></span> <span class='ocrx_word' id='word_1_93' title='bbox 1440 1626 1562 1664; x_wconf 88' lang='lat' dir='ltr'><strong>cum</strong></span> <span class='ocrx_word' id='word_1_94' title='bbox 1598 1609 1764 1664; x_wconf 88' lang='lat' dir='ltr'><strong>fratre</strong></span> 
     </span>
    </p>
   </div>
   <div class='ocr_carea' id='block_1_18' title="bbox 139 1698 1766 1773">
    <p class='ocr_par' dir='ltr' id='par_1_18' title="bbox 139 1698 1766 1773">
     <span class='ocr_line' id='line_1_18' title="bbox 139 1698 1766 1773; baseline 0.002 -21"><span class='ocrx_word' id='word_1_95' title='bbox 139 1715 239 1754; x_wconf 91' lang='lat' dir='ltr'><strong>suo</strong></span> <span class='ocrx_word' id='word_1_96' title='bbox 287 1699 494 1753; x_wconf 87' lang='lat' dir='ltr'><strong>Gerino</strong></span> <span class='ocrx_word' id='word_1_97' title='bbox 551 1699 791 1773; x_wconf 83' lang='lat' dir='ltr'><strong>graviter</strong></span> <span class='ocrx_word' id='word_1_98' title='bbox 820 1698 1099 1773; x_wconf 79' lang='lat' dir='ltr'><strong>afﬂigitur.</strong></span> <span class='ocrx_word' id='word_1_99' title='bbox 1157 1700 1389 1754; x_wconf 84' lang='lat' dir='ltr'><strong>Cerinus</strong></span> <span class='ocrx_word' id='word_1_100' title='bbox 1442 1718 1550 1755; x_wconf 91' lang='lat' dir='ltr'><strong>non</strong></span> <span class='ocrx_word' id='word_1_101' title='bbox 1594 1702 1766 1756; x_wconf 91' lang='lat' dir='ltr'><strong>multo</strong></span> 
     </span>
    </p>
   </div>
   <div class='ocr_carea' id='block_1_19' title="bbox 143 1788 1764 1860">
    <p class='ocr_par' dir='ltr' id='par_1_19' title="bbox 143 1788 1764 1860">
     <span class='ocr_line' id='line_1_19' title="bbox 143 1788 1764 1860; baseline 0.001 -17"><span class='ocrx_word' id='word_1_102' title='bbox 143 1798 267 1858; x_wconf 88' lang='lat' dir='ltr'><strong>post</strong></span> <span class='ocrx_word' id='word_1_103' title='bbox 312 1789 595 1858; x_wconf 85' lang='lat' dir='ltr'><strong>lapidibus</strong></span> <span class='ocrx_word' id='word_1_104' title='bbox 638 1788 892 1843; x_wconf 89' lang='lat' dir='ltr'><strong>obruitur</strong></span> <span class='ocrx_word' id='word_1_105' title='bbox 961 1792 1047 1860; x_wconf 84' lang='grc' dir='ltr'>(Η.</span> <span class='ocrx_word' id='word_1_106' title='bbox 1099 1807 1152 1844; x_wconf 89' lang='lat' dir='ltr'><strong>m</strong></span> <span class='ocrx_word' id='word_1_107' title='bbox 1183 1794 1198 1860; x_wconf 86' lang='lat'>)</span> <span class='ocrx_word' id='word_1_108' title='bbox 1232 1791 1512 1845; x_wconf 85' lang='lat' dir='ltr'><strong>Muhavias</strong></span> <span class='ocrx_word' id='word_1_109' title='bbox 1542 1792 1764 1847; x_wconf 86' lang='lat' dir='ltr'><strong>Sarace-</strong></span> 
     </span>
    </p>
   </div>
   <div class='ocr_carea' id='block_1_20' title="bbox 145 1882 1767 1954">
    <p class='ocr_par' dir='ltr' id='par_1_20' title="bbox 145 1882 1767 1954">
     <span class='ocr_line' id='line_1_20' title="bbox 145 1882 1767 1954; baseline 0.002 -19"><span class='ocrx_word' id='word_1_110' title='bbox 145 1899 346 1936; x_wconf 90' lang='lat' dir='ltr'><strong>norum</strong></span> <span class='ocrx_word' id='word_1_111' title='bbox 392 1883 595 1936; x_wconf 89' lang='lat' dir='ltr'><strong>amiras</strong></span> <span class='ocrx_word' id='word_1_112' title='bbox 621 1882 880 1945; x_wconf 89' lang='lat' dir='ltr'><strong>moritur;</strong></span> <span class='ocrx_word' id='word_1_113' title='bbox 923 1892 1046 1953; x_wconf 90' lang='lat' dir='ltr'><strong>post</strong></span> <span class='ocrx_word' id='word_1_114' title='bbox 1076 1899 1239 1954; x_wconf 90' lang='lat' dir='ltr'><strong>quem</strong></span> <span class='ocrx_word' id='word_1_115' title='bbox 1275 1884 1424 1938; x_wconf 90' lang='lat' dir='ltr'><strong>Gizid</strong></span> <span class='ocrx_word' id='word_1_116' title='bbox 1456 1884 1601 1938; x_wconf 82' lang='lat' dir='ltr'><strong>filius</strong></span> <span class='ocrx_word' id='word_1_117' title='bbox 1648 1885 1767 1952; x_wconf 88' lang='lat' dir='ltr'><strong>ejus</strong></span> 
     </span>
    </p>
   </div>
   <div class='ocr_carea' id='block_1_21' title="bbox 146 1973 1768 2044">
    <p class='ocr_par' dir='ltr' id='par_1_21' title="bbox 146 1973 1768 2044">
     <span class='ocr_line' id='line_1_21' title="bbox 146 1973 1768 2044; baseline 0 -16"><span class='ocrx_word' id='word_1_118' title='bbox 146 1974 328 2028; x_wconf 92' lang='lat' dir='ltr'><strong>tribus</strong></span> <span class='ocrx_word' id='word_1_119' title='bbox 359 1973 523 2028; x_wconf 84' lang='lat' dir='ltr'><strong>annis</strong></span> <span class='ocrx_word' id='word_1_120' title='bbox 568 1973 925 2044; x_wconf 89' lang='lat' dir='ltr'><strong>principatur.</strong></span> <span class='ocrx_word' id='word_1_121' title='bbox 960 1975 1044 2040; x_wconf 91' lang='lat' dir='ltr'><strong>(G.</strong></span> <span class='ocrx_word' id='word_1_122' title='bbox 1073 1977 1248 2044; x_wconf 84' lang='lat' dir='ltr'><strong>pont.)</strong></span> <span class='ocrx_word' id='word_1_123' title='bbox 1281 1977 1338 2029; x_wconf 91' lang='lat' dir='ltr'><strong>lu</strong></span> <span class='ocrx_word' id='word_1_124' title='bbox 1387 1975 1540 2030; x_wconf 90' lang='lat' dir='ltr'><strong>ltalia</strong></span> <span class='ocrx_word' id='word_1_125' title='bbox 1595 1976 1768 2030; x_wconf 84' lang='lat' dir='ltr'><strong>tribus</strong></span> 
     </span>
    </p>
   </div>
   <div class='ocr_carea' id='block_1_22' title="bbox 148 2063 1768 2137">
    <p class='ocr_par' dir='ltr' id='par_1_22' title="bbox 148 2063 1768 2137">
     <span class='ocr_line' id='line_1_22' title="bbox 148 2063 1768 2137; baseline 0.003 -21"><span class='ocrx_word' id='word_1_126' title='bbox 148 2063 358 2116; x_wconf 59' lang='lat' dir='ltr'><strong>astatis</strong></span> <span class='ocrx_word' id='word_1_127' title='bbox 409 2064 696 2118; x_wconf 88' lang='lat' dir='ltr'><strong>mensibus</strong></span> <span class='ocrx_word' id='word_1_128' title='bbox 745 2064 1066 2137; x_wconf 85' lang='lat' dir='ltr'><strong>gravissima</strong></span> <span class='ocrx_word' id='word_1_129' title='bbox 1122 2064 1408 2119; x_wconf 87' lang='lat' dir='ltr'><strong>hominum</strong></span> <span class='ocrx_word' id='word_1_130' title='bbox 1467 2065 1768 2120; x_wconf 86' lang='lat' dir='ltr'><strong>mortalitas</strong></span> 
     </span>
    </p>
   </div>
   <div class='ocr_carea' id='block_1_23' title="bbox 149 2151 427 2206">
    <p class='ocr_par' dir='ltr' id='par_1_23' title="bbox 149 2151 427 2206">
     <span class='ocr_line' id='line_1_23' title="bbox 149 2151 427 2206; baseline -0.004 -1"><span class='ocrx_word' id='word_1_131' title='bbox 149 2151 291 2206; x_wconf 84' lang='lat' dir='ltr'><strong>facta</strong></span> <span class='ocrx_word' id='word_1_132' title='bbox 313 2161 427 2206; x_wconf 89' lang='lat' dir='ltr'><strong>est.</strong></span> 
     </span>
    </p>
   </div>
   <div class='ocr_carea' id='block_1_24' title="bbox 290 2244 1626 2299">
    <p class='ocr_par' dir='ltr' id='par_1_24' title="bbox 290 2244 1626 2299">
     <span class='ocr_line' id='line_1_24' title="bbox 290 2244 1626 2299; baseline 0 0"><span class='ocrx_word' id='word_1_133' title='bbox 290 2244 420 2299; x_wconf 84' lang='grc'>683.</span> <span class='ocrx_word' id='word_1_134' title='bbox 498 2245 585 2298; x_wconf 84' lang='grc'><strong>14.</strong></span> <span class='ocrx_word' id='word_1_135' title='bbox 702 2245 752 2298; x_wconf 94' lang='grc'><strong>1.</strong></span> <span class='ocrx_word' id='word_1_136' title='bbox 865 2245 916 2298; x_wconf 95' lang='grc'><strong>4.</strong></span> <span class='ocrx_word' id='word_1_137' title='bbox 1026 2245 1108 2298; x_wconf 89' lang='grc'>13.</span> <span class='ocrx_word' id='word_1_138' title='bbox 1222 2245 1312 2298; x_wconf 88' lang='grc'><strong>10.</strong></span> <span class='ocrx_word' id='word_1_139' title='bbox 1427 2247 1479 2298; x_wconf 89' lang='grc'>3.</span> <span class='ocrx_word' id='word_1_140' title='bbox 1593 2247 1626 2299; x_wconf 92' lang='lat'>3</span> 
     </span>
    </p>
   </div>
   <div class='ocr_carea' id='block_1_25' title="bbox 225 2333 1771 2408">
    <p class='ocr_par' dir='ltr' id='par_1_25' title="bbox 225 2333 1771 2408">
     <span class='ocr_line' id='line_1_25' title="bbox 225 2333 1771 2408; baseline 0.002 -22"><span class='ocrx_word' id='word_1_141' title='bbox 225 2334 441 2403; x_wconf 64' lang='lat' dir='ltr'><strong>(Bima)</strong></span> <span class='ocrx_word' id='word_1_142' title='bbox 474 2334 533 2386; x_wconf 84' lang='lat' dir='ltr'><strong>In</strong></span> <span class='ocrx_word' id='word_1_143' title='bbox 573 2334 766 2408; x_wconf 79' lang='lat' dir='ltr'><strong>Anglia</strong></span> <span class='ocrx_word' id='word_1_144' title='bbox 801 2333 969 2388; x_wconf 88' lang='lat' dir='ltr'><strong>claret</strong></span> <span class='ocrx_word' id='word_1_145' title='bbox 1023 2333 1338 2389; x_wconf 86' lang='lat' dir='ltr'><strong>Edildrudis</strong></span> <span class='ocrx_word' id='word_1_146' title='bbox 1382 2335 1591 2406; x_wconf 87' lang='lat' dir='ltr'><strong>regina,</strong></span> <span class='ocrx_word' id='word_1_147' title='bbox 1650 2351 1771 2406; x_wconf 66' lang='lat' dir='ltr'><strong>quae</strong></span> 
     </span>
    </p>
   </div>
   <div class='ocr_carea' id='block_1_26' title="bbox 149 2421 1771 2495">
    <p class='ocr_par' dir='ltr' id='par_1_26' title="bbox 149 2421 1771 2495">
     <span class='ocr_line' id='line_1_26' title="bbox 149 2421 1771 2495; baseline 0.002 -20"><span class='ocrx_word' id='word_1_148' title='bbox 149 2422 333 2476; x_wconf 90' lang='lat' dir='ltr'><strong>tribus</strong></span> <span class='ocrx_word' id='word_1_149' title='bbox 364 2421 497 2476; x_wconf 88' lang='lat' dir='ltr'><strong>viris</strong></span> <span class='ocrx_word' id='word_1_150' title='bbox 551 2429 741 2492; x_wconf 85' lang='lat' dir='ltr'><strong>nupta,</strong></span> <span class='ocrx_word' id='word_1_151' title='bbox 773 2423 924 2495; x_wconf 86' lang='lat' dir='ltr'><strong>virgo</strong></span> <span class='ocrx_word' id='word_1_152' title='bbox 965 2423 1286 2492; x_wconf 90' lang='lat' dir='ltr'><strong>permansit.</strong></span> <span class='ocrx_word' id='word_1_153' title='bbox 1330 2423 1496 2490; x_wconf 88' lang='lat' dir='ltr'><strong>Cujus</strong></span> <span class='ocrx_word' id='word_1_154' title='bbox 1543 2432 1771 2479; x_wconf 66' lang='lat' dir='ltr'><strong>mortuae</strong></span> 
     </span>
    </p>
   </div>
   <div class='ocr_carea' id='block_1_27' title="bbox 150 2513 1771 2587">
    <p class='ocr_par' dir='ltr' id='par_1_27' title="bbox 150 2513 1771 2587">
     <span class='ocr_line' id='line_1_27' title="bbox 150 2513 1771 2587; baseline 0.002 -18"><span class='ocrx_word' id='word_1_155' title='bbox 150 2530 357 2584; x_wconf 89' lang='lat' dir='ltr'><strong>corpus</strong></span> <span class='ocrx_word' id='word_1_156' title='bbox 401 2521 520 2584; x_wconf 89' lang='lat' dir='ltr'><strong>post</strong></span> <span class='ocrx_word' id='word_1_157' title='bbox 554 2515 614 2569; x_wconf 86' lang='grc'><strong>11</strong></span> <span class='ocrx_word' id='word_1_158' title='bbox 669 2513 967 2584; x_wconf 60' lang='lat' dir='ltr'><strong>sepulturae</strong></span> <span class='ocrx_word' id='word_1_159' title='bbox 1024 2531 1138 2570; x_wconf 66' lang='lat' dir='ltr'><strong>suae</strong></span> <span class='ocrx_word' id='word_1_160' title='bbox 1169 2530 1346 2570; x_wconf 87' lang='lat' dir='ltr'><strong>annos</strong></span> <span class='ocrx_word' id='word_1_161' title='bbox 1392 2516 1771 2587; x_wconf 89' lang='lat' dir='ltr'><strong>incorruptum</strong></span> 
     </span>
    </p>
   </div>
   <div class='ocr_carea' id='block_1_28' title="bbox 153 2609 590 2661">
    <p class='ocr_par' dir='ltr' id='par_1_28' title="bbox 153 2609 590 2661">
     <span class='ocr_line' id='line_1_28' title="bbox 153 2609 590 2661; baseline 0 -1"><span class='ocrx_word' id='word_1_162' title='bbox 153 2609 444 2661; x_wconf 89' lang='lat' dir='ltr'><strong>inventum</strong></span> <span class='ocrx_word' id='word_1_163' title='bbox 486 2615 590 2660; x_wconf 90' lang='lat' dir='ltr'><strong>est.</strong></span> 
     </span>
    </p>
   </div>
   <div class='ocr_carea' id='block_1_29' title="bbox 305 2695 1619 2752">
    <p class='ocr_par' dir='ltr' id='par_1_29' title="bbox 305 2695 1619 2752">
     <span class='ocr_line' id='line_1_29' title="bbox 305 2695 1619 2752; baseline 0.001 -3"><span class='ocrx_word' id='word_1_164' title='bbox 305 2695 432 2749; x_wconf 67' lang='grc'>684.</span> <span class='ocrx_word' id='word_1_165' title='bbox 529 2695 612 2748; x_wconf 75' lang='lat'><strong>15.</strong></span> <span class='ocrx_word' id='word_1_166' title='bbox 722 2695 776 2747; x_wconf 86' lang='grc'><strong>2.</strong></span> <span class='ocrx_word' id='word_1_167' title='bbox 891 2696 942 2748; x_wconf 77' lang='lat'><strong>5.</strong></span> <span class='ocrx_word' id='word_1_168' title='bbox 1034 2696 1121 2750; x_wconf 89' lang='grc'><strong>14.</strong></span> <span class='ocrx_word' id='word_1_169' title='bbox 1201 2699 1287 2752; x_wconf 88' lang='grc'><strong>11.</strong></span> <span class='ocrx_word' id='word_1_170' title='bbox 1401 2700 1454 2752; x_wconf 89' lang='grc'><strong>4.</strong></span> <span class='ocrx_word' id='word_1_171' title='bbox 1567 2699 1619 2751; x_wconf 83' lang='grc'><strong>4.</strong></span> 
     </span>
    </p>
   </div>
   <div class='ocr_carea' id='block_1_30' title="bbox 1486 608 1674 661">
    <p class='ocr_par' dir='ltr' id='par_1_30' title="bbox 1486 608 1674 661">
     <span class='ocr_line' id='line_1_30' title="bbox 1486 608 1674 661; baseline 0 -1"><span class='ocrx_word' id='word_1_172' title='bbox 1486 609 1546 661; x_wconf 83' lang='grc' dir='ltr'>Α.</span> <span class='ocrx_word' id='word_1_173' title='bbox 1623 608 1674 660; x_wconf 89' lang='grc'>8.</span> 
     </span>
    </p>
   </div>
   <div class='ocr_carea' id='block_1_31' title="bbox 1854 513 3462 590">
    <p class='ocr_par' dir='ltr' id='par_1_31' title="bbox 1854 513 3462 590">
     <span class='ocr_line' id='line_1_31' title="bbox 1854 513 3462 590; baseline 0.006 -24"><span class='ocrx_word' id='word_1_174' title='bbox 1854 514 2147 582; x_wconf 80' lang='lat' dir='ltr'><strong>Anglorum</strong></span> <span class='ocrx_word' id='word_1_175' title='bbox 2181 513 2439 577; x_wconf 84' lang='lat' dir='ltr'><strong>moritur;</strong></span> <span class='ocrx_word' id='word_1_176' title='bbox 2471 522 2526 567; x_wconf 90' lang='lat' dir='ltr'><strong>et</strong></span> <span class='ocrx_word' id='word_1_177' title='bbox 2571 514 2824 588; x_wconf 83' lang='lat' dir='ltr'><strong>ngridus</strong></span> <span class='ocrx_word' id='word_1_178' title='bbox 2874 533 2963 570; x_wconf 87' lang='lat' dir='ltr'><strong>rex</strong></span> <span class='ocrx_word' id='word_1_179' title='bbox 3014 517 3462 590; x_wconf 84' lang='lat' dir='ltr'><strong>Nordanymbro-</strong></span> 
     </span>
    </p>
   </div>
   <div class='ocr_carea' id='block_1_32' title="bbox 1854 605 3462 674">
    <p class='ocr_par' dir='ltr' id='par_1_32' title="bbox 1854 605 3462 674">
     <span class='ocr_line' id='line_1_32' title="bbox 1854 605 3462 674; baseline 0.005 -16"><span class='ocrx_word' id='word_1_180' title='bbox 1854 621 1972 658; x_wconf 92' lang='lat' dir='ltr'><strong>rum</strong></span> <span class='ocrx_word' id='word_1_181' title='bbox 2001 622 2031 658; x_wconf 92' lang='lat' dir='ltr'><strong>a</strong></span> <span class='ocrx_word' id='word_1_182' title='bbox 2059 605 2220 658; x_wconf 87' lang='lat' dir='ltr'><strong>Pictis</strong></span> <span class='ocrx_word' id='word_1_183' title='bbox 2245 605 2543 674; x_wconf 88' lang='lat' dir='ltr'><strong>perimitur.</strong></span> <span class='ocrx_word' id='word_1_184' title='bbox 2582 606 2734 672; x_wconf 85' lang='lat' dir='ltr'><strong>Picti,</strong></span> <span class='ocrx_word' id='word_1_185' title='bbox 2762 606 2933 661; x_wconf 93' lang='lat' dir='ltr'><strong>Scotti</strong></span> <span class='ocrx_word' id='word_1_186' title='bbox 2959 617 3012 661; x_wconf 90' lang='lat' dir='ltr'><strong>et</strong></span> <span class='ocrx_word' id='word_1_187' title='bbox 3037 609 3324 664; x_wconf 88' lang='lat' dir='ltr'><strong>Britonnes</strong></span> <span class='ocrx_word' id='word_1_188' title='bbox 3357 614 3462 666; x_wconf 76' lang='lat' dir='ltr'><strong>An-</strong></span> 
     </span>
    </p>
   </div>
   <div class='ocr_carea' id='block_1_33' title="bbox 1854 699 3465 773">
    <p class='ocr_par' dir='ltr' id='par_1_33' title="bbox 1854 699 3465 773">
     <span class='ocr_line' id='line_1_33' title="bbox 1854 699 3465 773; baseline 0.002 -21"><span class='ocrx_word' id='word_1_189' title='bbox 1854 699 1974 773; x_wconf 87' lang='lat' dir='ltr'><strong>glos</strong></span> <span class='ocrx_word' id='word_1_190' title='bbox 2004 699 2167 752; x_wconf 91' lang='lat' dir='ltr'><strong>nimis</strong></span> <span class='ocrx_word' id='word_1_191' title='bbox 2196 706 2470 770; x_wconf 86' lang='lat' dir='ltr'><strong>premunt.</strong></span> <span class='ocrx_word' id='word_1_192' title='bbox 2497 705 2550 752; x_wconf 91' lang='lat' dir='ltr'><strong>et</strong></span> <span class='ocrx_word' id='word_1_193' title='bbox 2581 699 2854 763; x_wconf 75' lang='lat' dir='ltr'><strong>libertate,</strong></span> <span class='ocrx_word' id='word_1_194' title='bbox 2880 717 3041 771; x_wconf 90' lang='lat' dir='ltr'><strong>quam</strong></span> <span class='ocrx_word' id='word_1_195' title='bbox 3073 701 3201 754; x_wconf 89' lang='lat' dir='ltr'><strong>olim</strong></span> <span class='ocrx_word' id='word_1_196' title='bbox 3229 719 3326 772; x_wconf 87' lang='lat' dir='ltr'><strong>per</strong></span> <span class='ocrx_word' id='word_1_197' title='bbox 3355 705 3465 756; x_wconf 82' lang='lat' dir='ltr'><strong>An-</strong></span> 
     </span>
    </p>
   </div>
   <div class='ocr_carea' id='block_1_34' title="bbox 1855 787 3465 862">
    <p class='ocr_par' dir='ltr' id='par_1_34' title="bbox 1855 787 3465 862">
     <span class='ocr_line' id='line_1_34' title="bbox 1855 787 3465 862; baseline 0.002 -23"><span class='ocrx_word' id='word_1_198' title='bbox 1855 787 1975 862; x_wconf 82' lang='lat' dir='ltr'><strong>glos</strong></span> <span class='ocrx_word' id='word_1_199' title='bbox 2002 788 2374 858; x_wconf 85' lang='lat' dir='ltr'><strong>perdiderant,</strong></span> <span class='ocrx_word' id='word_1_200' title='bbox 2417 794 2657 857; x_wconf 87' lang='lat' dir='ltr'><strong>recepta,</strong></span> <span class='ocrx_word' id='word_1_201' title='bbox 2715 789 2937 842; x_wconf 92' lang='lat' dir='ltr'><strong>multam</strong></span> <span class='ocrx_word' id='word_1_202' title='bbox 2994 789 3202 862; x_wconf 67' lang='lat' dir='ltr'><strong>Anglia:</strong></span> <span class='ocrx_word' id='word_1_203' title='bbox 3254 798 3465 858; x_wconf 89' lang='lat' dir='ltr'><strong>partem</strong></span> 
     </span>
    </p>
   </div>
   <div class='ocr_carea' id='block_1_35' title="bbox 1858 880 3466 954">
    <p class='ocr_par' dir='ltr' id='par_1_35' title="bbox 1858 880 3466 954">
     <span class='ocr_line' id='line_1_35' title="bbox 1858 880 3466 954; baseline 0.003 -20"><span class='ocrx_word' id='word_1_204' title='bbox 1858 881 2138 934; x_wconf 83' lang='lat' dir='ltr'><strong>invadunt.</strong></span> <span class='ocrx_word' id='word_1_205' title='bbox 2177 881 2298 934; x_wconf 86' lang='lat' dir='ltr'><strong>Post</strong></span> <span class='ocrx_word' id='word_1_206' title='bbox 2330 881 2539 934; x_wconf 92' lang='lat' dir='ltr'><strong>Lohere</strong></span> <span class='ocrx_word' id='word_1_207' title='bbox 2581 881 2829 954; x_wconf 82' lang='lat' dir='ltr'><strong>regnavit</strong></span> <span class='ocrx_word' id='word_1_208' title='bbox 2870 880 3065 936; x_wconf 85' lang='lat' dir='ltr'><strong>Edrich</strong></span> <span class='ocrx_word' id='word_1_209' title='bbox 3125 882 3285 935; x_wconf 91' lang='lat' dir='ltr'><strong>annis</strong></span> <span class='ocrx_word' id='word_1_210' title='bbox 3325 883 3466 939; x_wconf 90' lang='lat' dir='ltr'><strong>duo-</strong></span> 
     </span>
    </p>
   </div>
   <div class='ocr_carea' id='block_1_36' title="bbox 1859 968 3477 1040">
    <p class='ocr_par' dir='ltr' id='par_1_36' title="bbox 1859 968 3477 1040">
     <span class='ocr_line' id='line_1_36' title="bbox 1859 968 3477 1040; baseline 0.002 -18"><span class='ocrx_word' id='word_1_211' title='bbox 1859 969 1978 1023; x_wconf 88' lang='lat' dir='ltr'><strong>bus.</strong></span> <span class='ocrx_word' id='word_1_212' title='bbox 2017 968 2236 1040; x_wconf 86' lang='lat' dir='ltr'><strong>ngrido</strong></span> <span class='ocrx_word' id='word_1_213' title='bbox 2287 985 2416 1023; x_wconf 87' lang='lat' dir='ltr'><strong>vero</strong></span> <span class='ocrx_word' id='word_1_214' title='bbox 2445 969 2750 1023; x_wconf 86' lang='lat' dir='ltr'><strong>succedens</strong></span> <span class='ocrx_word' id='word_1_215' title='bbox 2802 969 2967 1022; x_wconf 83' lang='lat' dir='ltr'><strong>frater</strong></span> <span class='ocrx_word' id='word_1_216' title='bbox 2997 969 3117 1036; x_wconf 87' lang='lat' dir='ltr'><strong>ejus</strong></span> <span class='ocrx_word' id='word_1_217' title='bbox 3166 969 3335 1024; x_wconf 75' lang='lat' dir='ltr'><strong>Alfi-id</strong></span> <span class='ocrx_word' id='word_1_218' title='bbox 3389 988 3477 1026; x_wconf 85' lang='lat' dir='ltr'><strong>re-</strong></span> 
     </span>
    </p>
   </div>
   <div class='ocr_carea' id='block_1_37' title="bbox 1860 1059 3470 1134">
    <p class='ocr_par' dir='ltr' id='par_1_37' title="bbox 1860 1059 3470 1134">
     <span class='ocr_line' id='line_1_37' title="bbox 1860 1059 3470 1134; baseline 0.001 -20"><span class='ocrx_word' id='word_1_219' title='bbox 1860 1061 2049 1134; x_wconf 82' lang='lat' dir='ltr'><strong>gnavit</strong></span> <span class='ocrx_word' id='word_1_220' title='bbox 2089 1061 2248 1113; x_wconf 90' lang='lat' dir='ltr'><strong>annis</strong></span> <span class='ocrx_word' id='word_1_221' title='bbox 2274 1059 2361 1115; x_wconf 91' lang='grc'>20.</span> <span class='ocrx_word' id='word_1_222' title='bbox 2400 1061 2490 1130; x_wconf 71' lang='grc' dir='ltr'>(ν.</span> <span class='ocrx_word' id='word_1_223' title='bbox 2534 1062 2665 1128; x_wconf 82' lang='grc' dir='ltr'><strong>Κίι)</strong></span> <span class='ocrx_word' id='word_1_224' title='bbox 2701 1061 2934 1113; x_wconf 86' lang='lat' dir='ltr'><strong>Sanctus</strong></span> <span class='ocrx_word' id='word_1_225' title='bbox 2996 1059 3274 1116; x_wconf 83' lang='lat' dir='ltr'><strong>Chilianus</strong></span> <span class='ocrx_word' id='word_1_226' title='bbox 3311 1061 3470 1116; x_wconf 89' lang='lat' dir='ltr'><strong>Scot-</strong></span> 
     </span>
    </p>
   </div>
   <div class='ocr_carea' id='block_1_38' title="bbox 1863 1149 2961 1220">
    <p class='ocr_par' dir='ltr' id='par_1_38' title="bbox 1863 1149 2961 1220">
     <span class='ocr_line' id='line_1_38' title="bbox 1863 1149 2961 1220; baseline -0.003 -15"><span class='ocrx_word' id='word_1_227' title='bbox 1863 1159 1950 1205; x_wconf 89' lang='lat' dir='ltr'><strong>tus</strong></span> <span class='ocrx_word' id='word_1_228' title='bbox 1982 1149 2438 1220; x_wconf 69' lang='lat' dir='ltr'><strong>Wirziburgensic</strong></span> <span class='ocrx_word' id='word_1_229' title='bbox 2456 1149 2749 1219; x_wconf 85' lang='lat' dir='ltr'><strong>episcopus</strong></span> <span class='ocrx_word' id='word_1_230' title='bbox 2772 1151 2961 1204; x_wconf 87' lang='lat' dir='ltr'><strong>claret.</strong></span> 
     </span>
    </p>
   </div>
   <div class='ocr_carea' id='block_1_39' title="bbox 2000 1238 3304 1293">
    <p class='ocr_par' dir='ltr' id='par_1_39' title="bbox 2000 1238 3304 1293">
     <span class='ocr_line' id='line_1_39' title="bbox 2000 1238 3304 1293; baseline -0.002 0"><span class='ocrx_word' id='word_1_231' title='bbox 2000 1238 2122 1293; x_wconf 83' lang='lat'>686.</span> <span class='ocrx_word' id='word_1_232' title='bbox 2227 1238 2310 1290; x_wconf 87' lang='grc'>17.</span> <span class='ocrx_word' id='word_1_233' title='bbox 2430 1238 2477 1290; x_wconf 90' lang='grc'><strong>1.</strong></span> <span class='ocrx_word' id='word_1_234' title='bbox 2591 1239 2807 1292; x_wconf 89' lang='grc'>7.16.</span> <span class='ocrx_word' id='word_1_235' title='bbox 2927 1239 2973 1290; x_wconf 90' lang='grc'><strong>1.</strong></span> <span class='ocrx_word' id='word_1_236' title='bbox 3085 1239 3138 1291; x_wconf 89' lang='grc'><strong>2.</strong></span> <span class='ocrx_word' id='word_1_237' title='bbox 3252 1239 3304 1292; x_wconf 84' lang='grc'><strong>6.</strong></span> 
     </span>
    </p>
   </div>
   <div class='ocr_carea' id='block_1_40' title="bbox 1933 1331 3472 1403">
    <p class='ocr_par' dir='ltr' id='par_1_40' title="bbox 1933 1331 3472 1403">
     <span class='ocr_line' id='line_1_40' title="bbox 1933 1331 3472 1403; baseline -0.001 -15"><span class='ocrx_word' id='word_1_238' title='bbox 1933 1334 2000 1398; x_wconf 89' lang='lat' dir='ltr'><strong>(G</strong></span> <span class='ocrx_word' id='word_1_239' title='bbox 2048 1337 2226 1402; x_wconf 84' lang='lat' dir='ltr'><strong>pont.)</strong></span> <span class='ocrx_word' id='word_1_240' title='bbox 2267 1331 2546 1386; x_wconf 85' lang='lat' dir='ltr'><strong>Johannes</strong></span> <span class='ocrx_word' id='word_1_241' title='bbox 2587 1332 2844 1386; x_wconf 79' lang='lat' dir='ltr'><strong>Romanae</strong></span> <span class='ocrx_word' id='word_1_242' title='bbox 2897 1332 3158 1386; x_wconf 70' lang='lat' dir='ltr'><strong>zecclesiae</strong></span> <span class='ocrx_word' id='word_1_243' title='bbox 3190 1333 3318 1386; x_wconf 83' lang='lat' dir='ltr'><strong>78us</strong></span> <span class='ocrx_word' id='word_1_244' title='bbox 3349 1349 3472 1403; x_wconf 84' lang='lat' dir='ltr'><strong>pre-</strong></span> 
     </span>
    </p>
   </div>
   <div class='ocr_carea' id='block_1_41' title="bbox 1861 1420 3479 1490">
    <p class='ocr_par' dir='ltr' id='par_1_41' title="bbox 1861 1420 3479 1490">
     <span class='ocr_line' id='line_1_41' title="bbox 1861 1420 3479 1490; baseline 0 -14"><span class='ocrx_word' id='word_1_245' title='bbox 1861 1422 2024 1476; x_wconf 87' lang='lat' dir='ltr'><strong>sidet.</strong></span> <span class='ocrx_word' id='word_1_246' title='bbox 2057 1425 2168 1487; x_wconf 81' lang='lat'><strong>((11.</strong></span> <span class='ocrx_word' id='word_1_247' title='bbox 2201 1424 2299 1487; x_wconf 83' lang='lat' dir='ltr'><strong>m.)</strong></span> <span class='ocrx_word' id='word_1_248' title='bbox 2350 1420 2701 1474; x_wconf 89' lang='lat' dir='ltr'><strong>Constantino</strong></span> <span class='ocrx_word' id='word_1_249' title='bbox 2736 1421 3060 1490; x_wconf 89' lang='lat' dir='ltr'><strong>imperatore</strong></span> <span class='ocrx_word' id='word_1_250' title='bbox 3120 1429 3358 1487; x_wconf 89' lang='lat' dir='ltr'><strong>mortuo,</strong></span> <span class='ocrx_word' id='word_1_251' title='bbox 3387 1423 3479 1476; x_wconf 83' lang='lat' dir='ltr'><strong>Ju-</strong></span> 
     </span>
    </p>
   </div>
   <div class='ocr_carea' id='block_1_42' title="bbox 1867 1509 3482 1578">
    <p class='ocr_par' dir='ltr' id='par_1_42' title="bbox 1867 1509 3482 1578">
     <span class='ocr_line' id='line_1_42' title="bbox 1867 1509 3482 1578; baseline 0 -14"><span class='ocrx_word' id='word_1_252' title='bbox 1867 1511 2138 1564; x_wconf 90' lang='lat' dir='ltr'><strong>stiuianus</strong></span> <span class='ocrx_word' id='word_1_253' title='bbox 2201 1509 2348 1563; x_wconf 80' lang='lat' dir='ltr'><strong>ﬁlius</strong></span> <span class='ocrx_word' id='word_1_254' title='bbox 2398 1510 2515 1576; x_wconf 90' lang='lat' dir='ltr'><strong>ejus</strong></span> <span class='ocrx_word' id='word_1_255' title='bbox 2556 1510 2789 1578; x_wconf 86' lang='lat' dir='ltr'><strong>imperat</strong></span> <span class='ocrx_word' id='word_1_256' title='bbox 2841 1509 3000 1562; x_wconf 90' lang='lat' dir='ltr'><strong>annis</strong></span> <span class='ocrx_word' id='word_1_257' title='bbox 3058 1509 3136 1562; x_wconf 83' lang='lat'><strong>10.</strong></span> <span class='ocrx_word' id='word_1_258' title='bbox 3195 1511 3482 1564; x_wconf 88' lang='lat' dir='ltr'><strong>Saracenis</strong></span> 
     </span>
    </p>
   </div>
   <div class='ocr_carea' id='block_1_43' title="bbox 1870 1597 3489 1670">
    <p class='ocr_par' dir='ltr' id='par_1_43' title="bbox 1870 1597 3489 1670">
     <span class='ocr_line' id='line_1_43' title="bbox 1870 1597 3489 1670; baseline 0 -18"><span class='ocrx_word' id='word_1_259' title='bbox 1870 1598 2210 1670; x_wconf 87' lang='lat' dir='ltr'><strong>principatur</strong></span> <span class='ocrx_word' id='word_1_260' title='bbox 2240 1597 2519 1651; x_wconf 88' lang='lat' dir='ltr'><strong>Habdalan</strong></span> <span class='ocrx_word' id='word_1_261' title='bbox 2548 1612 2693 1650; x_wconf 88' lang='lat' dir='ltr'><strong>anno</strong></span> <span class='ocrx_word' id='word_1_262' title='bbox 2718 1612 2849 1650; x_wconf 89' lang='lat' dir='ltr'><strong>uno.</strong></span> <span class='ocrx_word' id='word_1_263' title='bbox 2896 1598 3075 1670; x_wconf 83' lang='lat' dir='ltr'><strong>Begga</strong></span> <span class='ocrx_word' id='word_1_264' title='bbox 3107 1598 3294 1651; x_wconf 84' lang='lat' dir='ltr'><strong>relicta</strong></span> <span class='ocrx_word' id='word_1_265' title='bbox 3324 1599 3489 1652; x_wconf 84' lang='lat' dir='ltr'><strong>Ansi-</strong></span> 
     </span>
    </p>
   </div>
   <div class='ocr_carea' id='block_1_44' title="bbox 1867 1689 3489 1765">
    <p class='ocr_par' dir='ltr' id='par_1_44' title="bbox 1867 1689 3489 1765">
     <span class='ocr_line' id='line_1_44' title="bbox 1867 1689 3489 1765; baseline -0.001 -20"><span class='ocrx_word' id='word_1_266' title='bbox 1867 1692 1970 1765; x_wconf 91' lang='lat' dir='ltr'><strong>gisi</strong></span> <span class='ocrx_word' id='word_1_267' title='bbox 2005 1708 2064 1745; x_wconf 89' lang='lat' dir='ltr'><strong>se</strong></span> <span class='ocrx_word' id='word_1_268' title='bbox 2111 1698 2163 1744; x_wconf 90' lang='lat' dir='ltr'><strong>et</strong></span> <span class='ocrx_word' id='word_1_269' title='bbox 2208 1707 2306 1743; x_wconf 89' lang='lat' dir='ltr'><strong>sua</strong></span> <span class='ocrx_word' id='word_1_270' title='bbox 2359 1690 2466 1744; x_wconf 88' lang='lat' dir='ltr'><strong>Deo</strong></span> <span class='ocrx_word' id='word_1_271' title='bbox 2515 1689 2813 1758; x_wconf 88' lang='lat' dir='ltr'><strong>mancipat,</strong></span> <span class='ocrx_word' id='word_1_272' title='bbox 2852 1698 2905 1742; x_wconf 91' lang='lat' dir='ltr'><strong>et</strong></span> <span class='ocrx_word' id='word_1_273' title='bbox 2941 1691 3332 1744; x_wconf 83' lang='lat' dir='ltr'><strong>monasterium</strong></span> <span class='ocrx_word' id='word_1_274' title='bbox 3378 1693 3489 1744; x_wconf 86' lang='lat' dir='ltr'><strong>An-</strong></span> 
     </span>
    </p>
   </div>
   <div class='ocr_carea' id='block_1_45' title="bbox 1795 1742 2398 1835">
    <p class='ocr_par' dir='ltr' id='par_1_45' title="bbox 1795 1742 2398 1835">
     <span class='ocr_line' id='line_1_45' title="bbox 1795 1742 2398 1835; baseline -0.01 1"><span class='ocrx_word' id='word_1_275' title='bbox 1795 1742 1843 1808; x_wconf 81' lang='grc' dir='ltr'>Β</span> <span class='ocrx_word' id='word_1_276' title='bbox 1868 1742 2160 1835; x_wconf 46' lang='lat' dir='ltr'><strong>agas...</strong></span> <span class='ocrx_word' id='word_1_277' title='bbox 2188 1742 2398 1832; x_wconf 53' lang='grc' dir='ltr'>...απ</span> 
     </span>
    </p>
   </div>
   <div class='ocr_carea' id='block_1_46' title="bbox 2014 1866 3322 1926">
    <p class='ocr_par' dir='ltr' id='par_1_46' title="bbox 2014 1866 3322 1926">
     <span class='ocr_line' id='line_1_46' title="bbox 2014 1866 3322 1926; baseline -0.005 -2"><span class='ocrx_word' id='word_1_278' title='bbox 2014 1871 2146 1926; x_wconf 85' lang='grc'>687.</span> <span class='ocrx_word' id='word_1_279' title='bbox 2263 1870 2310 1922; x_wconf 92' lang='grc'><strong>1.</strong></span> <span class='ocrx_word' id='word_1_280' title='bbox 2425 1869 2476 1921; x_wconf 90' lang='grc'><strong>1.</strong></span> <span class='ocrx_word' id='word_1_281' title='bbox 2587 1869 2639 1920; x_wconf 89' lang='grc'><strong>8.</strong></span> <span class='ocrx_word' id='word_1_282' title='bbox 2727 1867 2815 1919; x_wconf 90' lang='grc'><strong>17.</strong></span> <span class='ocrx_word' id='word_1_283' title='bbox 2927 1867 2980 1920; x_wconf 87' lang='grc'><strong>2.</strong></span> <span class='ocrx_word' id='word_1_284' title='bbox 3105 1866 3156 1919; x_wconf 91' lang='grc'>3.</span> <span class='ocrx_word' id='word_1_285' title='bbox 3270 1867 3322 1918; x_wconf 89' lang='grc'><strong>7.</strong></span> 
     </span>
    </p>
   </div>
   <div class='ocr_carea' id='block_1_47' title="bbox 1940 1959 3490 2032">
    <p class='ocr_par' dir='ltr' id='par_1_47' title="bbox 1940 1959 3490 2032">
     <span class='ocr_line' id='line_1_47' title="bbox 1940 1959 3490 2032; baseline -0.005 -12"><span class='ocrx_word' id='word_1_286' title='bbox 1940 1965 2025 2031; x_wconf 90' lang='lat' dir='ltr'><strong>(G.</strong></span> <span class='ocrx_word' id='word_1_287' title='bbox 2079 1967 2270 2032; x_wconf 81' lang='lat' dir='ltr'><strong>pont.).</strong></span> <span class='ocrx_word' id='word_1_288' title='bbox 2309 1961 2494 2016; x_wconf 91' lang='lat' dir='ltr'><strong>Conon</strong></span> <span class='ocrx_word' id='word_1_289' title='bbox 2541 1961 2799 2016; x_wconf 74' lang='lat' dir='ltr'><strong>Romanze</strong></span> <span class='ocrx_word' id='word_1_290' title='bbox 2841 1959 3103 2013; x_wconf 65' lang='lat' dir='ltr'><strong>recclesiaa</strong></span> <span class='ocrx_word' id='word_1_291' title='bbox 3145 1959 3272 2012; x_wconf 72' lang='grc' dir='ltr'><strong>79ι13</strong></span> <span class='ocrx_word' id='word_1_292' title='bbox 3318 1959 3490 2028; x_wconf 89' lang='lat' dir='ltr'><strong>presi-</strong></span> 
     </span>
    </p>
   </div>
   <div class='ocr_carea' id='block_1_48' title="bbox 1869 2050 3489 2124">
    <p class='ocr_par' dir='ltr' id='par_1_48' title="bbox 1869 2050 3489 2124">
     <span class='ocr_line' id='line_1_48' title="bbox 1869 2050 3489 2124; baseline -0.003 -14"><span class='ocrx_word' id='word_1_293' title='bbox 1869 2056 1982 2110; x_wconf 88' lang='lat' dir='ltr'><strong>det.</strong></span> <span class='ocrx_word' id='word_1_294' title='bbox 2025 2057 2109 2124; x_wconf 83' lang='lat' dir='ltr'><strong>(II.</strong></span> <span class='ocrx_word' id='word_1_295' title='bbox 2153 2056 2250 2124; x_wconf 90' lang='lat' dir='ltr'><strong>m.)</strong></span> <span class='ocrx_word' id='word_1_296' title='bbox 2285 2053 2659 2107; x_wconf 89' lang='lat' dir='ltr'><strong>llabdimelich</strong></span> <span class='ocrx_word' id='word_1_297' title='bbox 2705 2052 2904 2106; x_wconf 88' lang='lat' dir='ltr'><strong>amiras</strong></span> <span class='ocrx_word' id='word_1_298' title='bbox 2954 2050 3294 2121; x_wconf 87' lang='lat' dir='ltr'><strong>principalur</strong></span> <span class='ocrx_word' id='word_1_299' title='bbox 3327 2051 3489 2105; x_wconf 87' lang='lat' dir='ltr'><strong>Sara-</strong></span> 
     </span>
    </p>
   </div>
   <div class='ocr_carea' id='block_1_49' title="bbox 1871 2145 3484 2206">
    <p class='ocr_par' dir='ltr' id='par_1_49' title="bbox 1871 2145 3484 2206">
     <span class='ocr_line' id='line_1_49' title="bbox 1871 2145 3484 2206; baseline -0.004 -1"><span class='ocrx_word' id='word_1_300' title='bbox 1871 2151 2026 2206; x_wconf 87' lang='lat' dir='ltr'><strong>cenis</strong></span> <span class='ocrx_word' id='word_1_301' title='bbox 2075 2150 2236 2203; x_wconf 90' lang='lat' dir='ltr'><strong>annis</strong></span> <span class='ocrx_word' id='word_1_302' title='bbox 2287 2149 2373 2202; x_wconf 83' lang='grc'><strong>22.</strong></span> <span class='ocrx_word' id='word_1_303' title='bbox 2412 2148 2564 2202; x_wconf 86' lang='lat' dir='ltr'><strong>Inter</strong></span> <span class='ocrx_word' id='word_1_304' title='bbox 2592 2146 2962 2201; x_wconf 70' lang='lat' dir='ltr'><strong>Iustinianum</strong></span> <span class='ocrx_word' id='word_1_305' title='bbox 3015 2153 3068 2200; x_wconf 86' lang='lat' dir='ltr'><strong>et</strong></span> <span class='ocrx_word' id='word_1_306' title='bbox 3110 2145 3484 2200; x_wconf 75' lang='lat' dir='ltr'><strong>l-labdimelich</strong></span> 
     </span>
    </p>
   </div>
   <div class='ocr_carea' id='block_1_50' title="bbox 1873 2235 3491 2312">
    <p class='ocr_par' dir='ltr' id='par_1_50' title="bbox 1873 2235 3491 2312">
     <span class='ocr_line' id='line_1_50' title="bbox 1873 2235 3491 2312; baseline -0.004 -16"><span class='ocrx_word' id='word_1_307' title='bbox 1873 2259 1975 2312; x_wconf 86' lang='lat' dir='ltr'><strong>pax</strong></span> <span class='ocrx_word' id='word_1_308' title='bbox 2007 2241 2286 2308; x_wconf 87' lang='lat' dir='ltr'><strong>convenit,</strong></span> <span class='ocrx_word' id='word_1_309' title='bbox 2317 2249 2374 2293; x_wconf 93' lang='lat' dir='ltr'><strong>ut</strong></span> <span class='ocrx_word' id='word_1_310' title='bbox 2413 2241 2626 2293; x_wconf 85' lang='lat' dir='ltr'><strong>solvant</strong></span> <span class='ocrx_word' id='word_1_311' title='bbox 2673 2238 2928 2291; x_wconf 88' lang='lat' dir='ltr'><strong>Saraceni</strong></span> <span class='ocrx_word' id='word_1_312' title='bbox 2966 2236 3226 2290; x_wconf 77' lang='lat' dir='ltr'><strong>Romanis</strong></span> <span class='ocrx_word' id='word_1_313' title='bbox 3257 2235 3491 2307; x_wconf 85' lang='lat' dir='ltr'><strong>singulis</strong></span> 
     </span>
    </p>
   </div>
   <div class='ocr_carea' id='block_1_51' title="bbox 1873 2329 3494 2397">
    <p class='ocr_par' dir='ltr' id='par_1_51' title="bbox 1873 2329 3494 2397">
     <span class='ocr_line' id='line_1_51' title="bbox 1873 2329 3494 2397; baseline -0.004 -10"><span class='ocrx_word' id='word_1_314' title='bbox 1873 2333 2072 2387; x_wconf 90' lang='lat' dir='ltr'><strong>diebus</strong></span> <span class='ocrx_word' id='word_1_315' title='bbox 2099 2331 2248 2385; x_wconf 82' lang='lat' dir='ltr'><strong>inille</strong></span> <span class='ocrx_word' id='word_1_316' title='bbox 2273 2329 2600 2385; x_wconf 89' lang='lat' dir='ltr'><strong>nomismata</strong></span> <span class='ocrx_word' id='word_1_317' title='bbox 2633 2337 2686 2382; x_wconf 90' lang='lat' dir='ltr'><strong>et</strong></span> <span class='ocrx_word' id='word_1_318' title='bbox 2713 2344 2927 2382; x_wconf 88' lang='lat' dir='ltr'><strong>servum</strong></span> <span class='ocrx_word' id='word_1_319' title='bbox 2960 2333 3013 2380; x_wconf 92' lang='lat' dir='ltr'><strong>et</strong></span> <span class='ocrx_word' id='word_1_320' title='bbox 3061 2344 3288 2397; x_wconf 89' lang='lat' dir='ltr'><strong>equum.</strong></span> <span class='ocrx_word' id='word_1_321' title='bbox 3324 2329 3410 2393; x_wconf 81' lang='lat' dir='ltr'><strong>(G.</strong></span> <span class='ocrx_word' id='word_1_322' title='bbox 3446 2343 3494 2380; x_wconf 80' lang='grc' dir='ltr'>ν.</span> 
     </span>
    </p>
   </div>
   <div class='ocr_carea' id='block_1_52' title="bbox 1873 2421 3491 2498">
    <p class='ocr_par' dir='ltr' id='par_1_52' title="bbox 1873 2421 3491 2498">
     <span class='ocr_line' id='line_1_52' title="bbox 1873 2421 3491 2498; baseline -0.006 -15"><span class='ocrx_word' id='word_1_323' title='bbox 1873 2429 2012 2498; x_wconf 85' lang='lat' dir='ltr'><strong>F.r.)</strong></span> <span class='ocrx_word' id='word_1_324' title='bbox 2053 2426 2338 2481; x_wconf 88' lang='lat' dir='ltr'><strong>Vulfoaldo</strong></span> <span class='ocrx_word' id='word_1_325' title='bbox 2398 2425 2605 2490; x_wconf 84' lang='lat' dir='ltr'><strong>majore</strong></span> <span class='ocrx_word' id='word_1_326' title='bbox 2659 2423 2857 2476; x_wconf 90' lang='lat' dir='ltr'><strong>domus</strong></span> <span class='ocrx_word' id='word_1_327' title='bbox 2925 2428 3162 2483; x_wconf 89' lang='lat' dir='ltr'><strong>mortuo,</strong></span> <span class='ocrx_word' id='word_1_328' title='bbox 3226 2421 3491 2490; x_wconf 83' lang='lat' dir='ltr'><strong>Pippinus</strong></span> 
     </span>
    </p>
   </div>
   <div class='ocr_carea' id='block_1_53' title="bbox 1877 2509 3497 2587">
    <p class='ocr_par' dir='ltr' id='par_1_53' title="bbox 1877 2509 3497 2587">
     <span class='ocr_line' id='line_1_53' title="bbox 1877 2509 3497 2587; baseline -0.006 -17"><span class='ocrx_word' id='word_1_329' title='bbox 1877 2516 2023 2570; x_wconf 83' lang='lat' dir='ltr'><strong>filius</strong></span> <span class='ocrx_word' id='word_1_330' title='bbox 2046 2514 2282 2587; x_wconf 78' lang='lat' dir='ltr'><strong>Ansigisi</strong></span> <span class='ocrx_word' id='word_1_331' title='bbox 2326 2513 2669 2584; x_wconf 89' lang='lat' dir='ltr'><strong>principatur</strong></span> <span class='ocrx_word' id='word_1_332' title='bbox 2700 2512 2751 2563; x_wconf 88' lang='lat' dir='ltr'><strong>in</strong></span> <span class='ocrx_word' id='word_1_333' title='bbox 2790 2510 3004 2564; x_wconf 80' lang='lat' dir='ltr'><strong>Austria</strong></span> <span class='ocrx_word' id='word_1_334' title='bbox 3033 2525 3156 2562; x_wconf 92' lang='lat' dir='ltr'><strong>cum</strong></span> <span class='ocrx_word' id='word_1_335' title='bbox 3197 2509 3338 2562; x_wconf 86' lang='lat' dir='ltr'><strong>duce</strong></span> <span class='ocrx_word' id='word_1_336' title='bbox 3365 2509 3497 2561; x_wconf 82' lang='lat' dir='ltr'><strong>Mar-</strong></span> 
     </span>
    </p>
   </div>
   <div class='ocr_carea' id='block_1_54' title="bbox 1877 2599 3490 2678">
    <p class='ocr_par' dir='ltr' id='par_1_54' title="bbox 1877 2599 3490 2678">
     <span class='ocr_line' id='line_1_54' title="bbox 1877 2599 3490 2678; baseline -0.006 -16"><span class='ocrx_word' id='word_1_337' title='bbox 1877 2609 2013 2662; x_wconf 91' lang='lat' dir='ltr'><strong>tino.</strong></span> <span class='ocrx_word' id='word_1_338' title='bbox 2049 2608 2256 2671; x_wconf 84' lang='lat' dir='ltr'><strong>Quibus</strong></span> <span class='ocrx_word' id='word_1_339' title='bbox 2287 2620 2614 2678; x_wconf 86' lang='lat' dir='ltr'><strong>congressus</strong></span> <span class='ocrx_word' id='word_1_340' title='bbox 2669 2602 2959 2664; x_wconf 82' lang='lat' dir='ltr'><strong>Ebroinus,</strong></span> <span class='ocrx_word' id='word_1_341' title='bbox 2990 2600 3219 2654; x_wconf 87' lang='lat' dir='ltr'><strong>victoria</strong></span> <span class='ocrx_word' id='word_1_342' title='bbox 3251 2599 3490 2669; x_wconf 87' lang='lat' dir='ltr'><strong>potitur;</strong></span> 
     </span>
    </p>
   </div>
   <div class='ocr_carea' id='block_1_55' title="bbox 1876 2689 3500 2771">
    <p class='ocr_par' dir='ltr' id='par_1_55' title="bbox 1876 2689 3500 2771">
     <span class='ocr_line' id='line_1_55' title="bbox 1876 2689 3500 2771; baseline -0.007 -18"><span class='ocrx_word' id='word_1_343' title='bbox 1876 2699 2136 2754; x_wconf 86' lang='lat' dir='ltr'><strong>Martinus</strong></span> <span class='ocrx_word' id='word_1_344' title='bbox 2193 2697 2411 2771; x_wconf 83' lang='lat' dir='ltr'><strong>fugiens</strong></span> <span class='ocrx_word' id='word_1_345' title='bbox 2464 2695 2530 2748; x_wconf 89' lang='lat' dir='ltr'><strong>ab</strong></span> <span class='ocrx_word' id='word_1_346' title='bbox 2600 2693 2838 2748; x_wconf 85' lang='lat' dir='ltr'><strong>Ebroino</strong></span> <span class='ocrx_word' id='word_1_347' title='bbox 2898 2690 3206 2762; x_wconf 91' lang='lat' dir='ltr'><strong>perimitur.</strong></span> <span class='ocrx_word' id='word_1_348' title='bbox 3269 2689 3355 2758; x_wconf 82' lang='lat' dir='ltr'><strong>(P.</strong></span> <span class='ocrx_word' id='word_1_349' title='bbox 3413 2689 3500 2757; x_wconf 85' lang='grc' dir='ltr'>υ.)</span> 
     </span>
    </p>
   </div>
   <div class='ocr_carea' id='block_1_56' title="bbox 234 2784 3499 2865">
    <p class='ocr_par' dir='ltr' id='par_1_56' title="bbox 234 2784 3499 2865">
     <span class='ocr_line' id='line_1_56' title="bbox 234 2784 3499 2865; baseline -0.001 -23"><span class='ocrx_word' id='word_1_350' title='bbox 234 2786 319 2846; x_wconf 74' lang='lat' dir='ltr'><strong>tG.</strong></span> <span class='ocrx_word' id='word_1_351' title='bbox 351 2788 528 2856; x_wconf 71' lang='lat' dir='ltr'><strong>poni.)</strong></span> <span class='ocrx_word' id='word_1_352' title='bbox 561 2785 668 2841; x_wconf 88' lang='lat' dir='ltr'><strong>Leo</strong></span> <span class='ocrx_word' id='word_1_353' title='bbox 694 2787 884 2855; x_wconf 90' lang='lat' dir='ltr'><strong>junior</strong></span> <span class='ocrx_word' id='word_1_354' title='bbox 914 2788 1038 2843; x_wconf 71' lang='lat' dir='ltr'><strong>&#39;76us</strong></span> <span class='ocrx_word' id='word_1_355' title='bbox 1077 2789 1334 2844; x_wconf 78' lang='lat' dir='ltr'><strong>Romanae</strong></span> <span class='ocrx_word' id='word_1_356' title='bbox 1362 2791 1629 2846; x_wconf 64' lang='lat' dir='ltr'><strong>aecclesiae</strong></span> <span class='ocrx_word' id='word_1_357' title='bbox 1655 2807 1782 2861; x_wconf 86' lang='lat' dir='ltr'><strong>pre-</strong></span> <span class='ocrx_word' id='word_1_358' title='bbox 1882 2795 2126 2850; x_wconf 89' lang='lat' dir='ltr'><strong>Pertarid</strong></span> <span class='ocrx_word' id='word_1_359' title='bbox 2179 2791 2660 2865; x_wconf 84' lang='lat' dir='ltr'><strong>Langobardorum</strong></span> <span class='ocrx_word' id='word_1_360' title='bbox 2749 2805 2875 2861; x_wconf 87' lang='lat' dir='ltr'><strong>rege</strong></span> <span class='ocrx_word' id='word_1_361' title='bbox 2928 2796 3165 2850; x_wconf 91' lang='lat' dir='ltr'><strong>mortuo,</strong></span> <span class='ocrx_word' id='word_1_362' title='bbox 3236 2784 3499 2855; x_wconf 87' lang='lat' dir='ltr'><strong>Cunipert</strong></span> 
     </span>
    </p>
   </div>
   <div class='ocr_carea' id='block_1_57' title="bbox 154 2876 3496 2959">
    <p class='ocr_par' dir='ltr' id='par_1_57' title="bbox 154 2876 3496 2959">
     <span class='ocr_line' id='line_1_57' title="bbox 154 2876 3496 2959; baseline 0 -29"><span class='ocrx_word' id='word_1_363' title='bbox 154 2876 323 2930; x_wconf 85' lang='lat' dir='ltr'><strong>sidet.</strong></span> <span class='ocrx_word' id='word_1_364' title='bbox 386 2877 676 2931; x_wconf 86' lang='lat' dir='ltr'><strong>Ravennas</strong></span> <span class='ocrx_word' id='word_1_365' title='bbox 706 2879 955 2934; x_wconf 68' lang='lat' dir='ltr'><strong>azcclesia</strong></span> <span class='ocrx_word' id='word_1_366' title='bbox 996 2897 1228 2935; x_wconf 86' lang='lat' dir='ltr'><strong>censura</strong></span> <span class='ocrx_word' id='word_1_367' title='bbox 1268 2882 1634 2952; x_wconf 83' lang='lat' dir='ltr'><strong>imperatoris,</strong></span> <span class='ocrx_word' id='word_1_368' title='bbox 1677 2883 1778 2937; x_wconf 89' lang='lat' dir='ltr'><strong>sub</strong></span> <span class='ocrx_word' id='word_1_369' title='bbox 1881 2887 2028 2942; x_wconf 83' lang='lat' dir='ltr'><strong>ﬁlius</strong></span> <span class='ocrx_word' id='word_1_370' title='bbox 2054 2889 2173 2957; x_wconf 82' lang='lat' dir='ltr'><strong>ejus</strong></span> <span class='ocrx_word' id='word_1_371' title='bbox 2204 2893 2393 2959; x_wconf 75' lang='lat' dir='ltr'><strong>regnat</strong></span> <span class='ocrx_word' id='word_1_372' title='bbox 2422 2884 2580 2939; x_wconf 84' lang='lat' dir='ltr'><strong>annis</strong></span> <span class='ocrx_word' id='word_1_373' title='bbox 2616 2883 2696 2938; x_wconf 77' lang='grc'><strong>12.</strong></span> <span class='ocrx_word' id='word_1_374' title='bbox 2731 2883 2921 2950; x_wconf 78' lang='grc' dir='ltr'><strong>(ΒεοΑ,</strong></span> <span class='ocrx_word' id='word_1_375' title='bbox 2953 2881 3021 2934; x_wconf 86' lang='grc' dir='ltr'>Η.</span> <span class='ocrx_word' id='word_1_376' title='bbox 3051 2878 3121 2948; x_wconf 86' lang='lat' dir='ltr'><strong>e.)</strong></span> <span class='ocrx_word' id='word_1_377' title='bbox 3153 2877 3348 2931; x_wconf 85' lang='lat' dir='ltr'><strong>Edrich</strong></span> <span class='ocrx_word' id='word_1_378' title='bbox 3381 2879 3496 2930; x_wconf 77' lang='lat' dir='ltr'><strong>An-</strong></span> 
     </span>
    </p>
   </div>
   <div class='ocr_carea' id='block_1_58' title="bbox 156 2967 3504 3049">
    <p class='ocr_par' dir='ltr' id='par_1_58' title="bbox 156 2967 3504 3049">
     <span class='ocr_line' id='line_1_58' title="bbox 156 2967 3504 3049; baseline -0 -29"><span class='ocrx_word' id='word_1_379' title='bbox 156 2967 512 3023; x_wconf 89' lang='lat' dir='ltr'><strong>ordinatione</strong></span> <span class='ocrx_word' id='word_1_380' title='bbox 569 2968 718 3023; x_wconf 88' lang='lat' dir='ltr'><strong>sedis</strong></span> <span class='ocrx_word' id='word_1_381' title='bbox 765 2970 1083 3040; x_wconf 61' lang='lat' dir='ltr'><strong>apostolica;</strong></span> <span class='ocrx_word' id='word_1_382' title='bbox 1125 2972 1373 3027; x_wconf 91' lang='lat' dir='ltr'><strong>restituta</strong></span> <span class='ocrx_word' id='word_1_383' title='bbox 1415 2981 1516 3036; x_wconf 89' lang='lat' dir='ltr'><strong>est,</strong></span> <span class='ocrx_word' id='word_1_384' title='bbox 1568 2974 1777 3028; x_wconf 88' lang='lat' dir='ltr'><strong>scilicet</strong></span> <span class='ocrx_word' id='word_1_385' title='bbox 1879 2979 2090 3049; x_wconf 83' lang='lat' dir='ltr'><strong>glorum</strong></span> <span class='ocrx_word' id='word_1_386' title='bbox 2127 2993 2254 3048; x_wconf 72' lang='lat' dir='ltr'><strong>rege</strong></span> <span class='ocrx_word' id='word_1_387' title='bbox 2287 2981 2526 3037; x_wconf 91' lang='lat' dir='ltr'><strong>mortuo,</strong></span> <span class='ocrx_word' id='word_1_388' title='bbox 2577 2970 2786 3026; x_wconf 89' lang='lat' dir='ltr'><strong>externi</strong></span> <span class='ocrx_word' id='word_1_389' title='bbox 2826 2985 2984 3043; x_wconf 86' lang='lat' dir='ltr'><strong>reges</strong></span> <span class='ocrx_word' id='word_1_390' title='bbox 3035 2984 3264 3039; x_wconf 78' lang='lat' dir='ltr'><strong>regnum</strong></span> <span class='ocrx_word' id='word_1_391' title='bbox 3297 2967 3504 3040; x_wconf 75' lang='lat' dir='ltr'><strong>Angliae</strong></span> 
     </span>
    </p>
   </div>
   <div class='ocr_carea' id='block_1_59' title="bbox 159 3057 1762 3163">
    <p class='ocr_par' dir='ltr' id='par_1_59' title="bbox 159 3057 1762 3130">
     <span class='ocr_line' id='line_1_59' title="bbox 159 3057 1762 3130; baseline 0.003 -18"><span class='ocrx_word' id='word_1_392' title='bbox 159 3057 346 3128; x_wconf 88' lang='lat' dir='ltr'><strong>utqui</strong></span> <span class='ocrx_word' id='word_1_393' title='bbox 371 3057 427 3110; x_wconf 88' lang='lat' dir='ltr'><strong>in</strong></span> <span class='ocrx_word' id='word_1_394' title='bbox 459 3074 524 3111; x_wconf 86' lang='lat' dir='ltr'><strong>ea</strong></span> <span class='ocrx_word' id='word_1_395' title='bbox 555 3057 764 3112; x_wconf 87' lang='lat' dir='ltr'><strong>electus</strong></span> <span class='ocrx_word' id='word_1_396' title='bbox 796 3057 959 3113; x_wconf 88' lang='lat' dir='ltr'><strong>fuerit</strong></span> <span class='ocrx_word' id='word_1_397' title='bbox 984 3061 1303 3130; x_wconf 75' lang='lat' dir='ltr'><strong>epis00pus,</strong></span> <span class='ocrx_word' id='word_1_398' title='bbox 1347 3063 1399 3116; x_wconf 91' lang='lat' dir='ltr'><strong>in</strong></span> <span class='ocrx_word' id='word_1_399' title='bbox 1432 3063 1622 3116; x_wconf 91' lang='lat' dir='ltr'><strong>urbem</strong></span> <span class='ocrx_word' id='word_1_400' title='bbox 1675 3063 1762 3117; x_wconf 36' lang='lat' dir='ltr'><strong>Ro‘</strong></span> 
     </span>
    </p>
   </div>
   <div class='ocr_carea' id='block_1_60' title="bbox 1874 3057 3506 3163">
    <p class='ocr_par' dir='ltr' id='par_1_60' title="bbox 1880 3061 3506 3142">
     <span class='ocr_line' id='line_1_60' title="bbox 1880 3061 3506 3142; baseline -0.006 -17"><span class='ocrx_word' id='word_1_401' title='bbox 1880 3072 2208 3142; x_wconf 88' lang='lat' dir='ltr'><strong>disperdunt</strong></span> <span class='ocrx_word' id='word_1_402' title='bbox 2255 3081 2310 3125; x_wconf 91' lang='lat' dir='ltr'><strong>et</strong></span> <span class='ocrx_word' id='word_1_403' title='bbox 2339 3068 2656 3123; x_wconf 87' lang='lat' dir='ltr'><strong>discindunt</strong></span> <span class='ocrx_word' id='word_1_404' title='bbox 2697 3065 2932 3120; x_wconf 67' lang='lat' dir='ltr'><strong>annis-i.</strong></span> <span class='ocrx_word' id='word_1_405' title='bbox 2966 3065 3200 3118; x_wconf 89' lang='lat' dir='ltr'><strong>Sanctus</strong></span> <span class='ocrx_word' id='word_1_406' title='bbox 3231 3061 3506 3117; x_wconf 86' lang='lat' dir='ltr'><strong>Cuthber-</strong></span> 
     </span>
    </p>
   </div>
   <div class='ocr_carea' id='block_1_61' title="bbox 160 3148 2831 3235">
    <p class='ocr_par' dir='ltr' id='par_1_61' title="bbox 160 3148 2831 3235">
     <span class='ocr_line' id='line_1_61' title="bbox 160 3148 2831 3235; baseline 0.002 -33"><span class='ocrx_word' id='word_1_407' title='bbox 160 3165 311 3203; x_wconf 89' lang='lat' dir='ltr'><strong>mam</strong></span> <span class='ocrx_word' id='word_1_408' title='bbox 345 3148 530 3202; x_wconf 88' lang='lat' dir='ltr'><strong>veniat</strong></span> <span class='ocrx_word' id='word_1_409' title='bbox 558 3148 900 3202; x_wconf 87' lang='lat' dir='ltr'><strong>ordinandus</strong></span> <span class='ocrx_word' id='word_1_410' title='bbox 957 3150 1142 3219; x_wconf 75' lang='grc' dir='ltr'><strong>(ΒεοΑ,</strong></span> <span class='ocrx_word' id='word_1_411' title='bbox 1177 3153 1244 3206; x_wconf 83' lang='grc' dir='ltr'><strong>ΙΙ.</strong></span> <span class='ocrx_word' id='word_1_412' title='bbox 1305 3158 1370 3216; x_wconf 89' lang='lat' dir='ltr'><strong>e.)</strong></span> <span class='ocrx_word' id='word_1_413' title='bbox 1405 3151 1661 3224; x_wconf 85' lang='lat' dir='ltr'><strong>ngridus</strong></span> <span class='ocrx_word' id='word_1_414' title='bbox 1693 3169 1784 3208; x_wconf 81' lang='lat' dir='ltr'><strong>rex</strong></span> <span class='ocrx_word' id='word_1_415' title='bbox 1813 3148 1857 3163; x_wconf 66' lang='grc' dir='ltr'>ν</span> <span class='ocrx_word' id='word_1_416' title='bbox 1891 3168 1978 3216; x_wconf 68' lang='grc' dir='ltr'><strong>ως</strong></span> <span class='ocrx_word' id='word_1_417' title='bbox 2011 3161 2308 3235; x_wconf 74' lang='lat' dir='ltr'><strong>Anglorum</strong></span> <span class='ocrx_word' id='word_1_418' title='bbox 2345 3159 2643 3229; x_wconf 86' lang='lat' dir='ltr'><strong>episcopus</strong></span> <span class='ocrx_word' id='word_1_419' title='bbox 2673 3155 2831 3210; x_wconf 92' lang='lat' dir='ltr'><strong>obiit.</strong></span> 
     </span>
    </p>
   </div>
   <div class='ocr_carea' id='block_1_62' title="bbox 161 3239 3345 3317">
    <p class='ocr_par' dir='ltr' id='par_1_62' title="bbox 161 3239 3345 3317">
     <span class='ocr_line' id='line_1_62' title="bbox 161 3239 3345 3317; baseline 0.001 -22"><span class='ocrx_word' id='word_1_420' title='bbox 161 3239 450 3294; x_wconf 73' lang='lat' dir='ltr'><strong>innoxiam</strong></span> <span class='ocrx_word' id='word_1_421' title='bbox 491 3239 762 3293; x_wconf 73' lang='lat' dir='ltr'><strong>Hiberniae</strong></span> <span class='ocrx_word' id='word_1_422' title='bbox 819 3249 1039 3313; x_wconf 89' lang='lat' dir='ltr'><strong>gentem</strong></span> <span class='ocrx_word' id='word_1_423' title='bbox 1093 3240 1334 3314; x_wconf 86' lang='lat' dir='ltr'><strong>graviter</strong></span> <span class='ocrx_word' id='word_1_424' title='bbox 1393 3241 1783 3312; x_wconf 91' lang='lat' dir='ltr'><strong>depopulatur.</strong></span> <span class='ocrx_word' id='word_1_425' title='bbox 2059 3262 2184 3317; x_wconf 44' lang='lat'>633.</span> <span class='ocrx_word' id='word_1_426' title='bbox 2297 3261 2350 3313; x_wconf 63' lang='grc'><strong>2,</strong></span> <span class='ocrx_word' id='word_1_427' title='bbox 2472 3263 2518 3312; x_wconf 71' lang='grc' dir='ltr'><strong>ι,</strong></span> <span class='ocrx_word' id='word_1_428' title='bbox 2629 3260 2683 3315; x_wconf 71' lang='grc'><strong>9,</strong></span> <span class='ocrx_word' id='word_1_429' title='bbox 2805 3261 2850 3311; x_wconf 78' lang='grc' dir='ltr'><strong>ι,</strong></span> <span class='ocrx_word' id='word_1_430' title='bbox 2968 3259 3015 3311; x_wconf 75' lang='grc' dir='ltr'><strong>ί,</strong></span> <span class='ocrx_word' id='word_1_431' title='bbox 3129 3255 3180 3306; x_wconf 71' lang='grc'><strong>4,</strong></span> <span class='ocrx_word' id='word_1_432' title='bbox 3293 3253 3345 3305; x_wconf 85' lang='lat'><strong>8.</strong></span> 
     </span>
    </p>
   </div>
   <div class='ocr_carea' id='block_1_63' title="bbox 162 3331 3514 3428">
    <p class='ocr_par' dir='ltr' id='par_1_63' title="bbox 162 3331 3514 3428">
     <span class='ocr_line' id='line_1_63' title="bbox 162 3331 3514 3428; baseline -0.001 -41"><span class='ocrx_word' id='word_1_433' title='bbox 162 3334 375 3402; x_wconf 57' lang='lat' dir='ltr'><strong>(Fract)</strong></span> <span class='ocrx_word' id='word_1_434' title='bbox 418 3332 658 3402; x_wconf 83' lang='lat' dir='ltr'><strong>Tolgane</strong></span> <span class='ocrx_word' id='word_1_435' title='bbox 689 3347 722 3385; x_wconf 89' lang='lat' dir='ltr'><strong>a</strong></span> <span class='ocrx_word' id='word_1_436' title='bbox 750 3331 1072 3402; x_wconf 86' lang='lat' dir='ltr'><strong>Wisigothis</strong></span> <span class='ocrx_word' id='word_1_437' title='bbox 1114 3342 1338 3404; x_wconf 90' lang='lat' dir='ltr'><strong>propter</strong></span> <span class='ocrx_word' id='word_1_438' title='bbox 1369 3334 1622 3402; x_wconf 76' lang='lat' dir='ltr'><strong>pueritiae</strong></span> <span class='ocrx_word' id='word_1_439' title='bbox 1651 3335 1786 3390; x_wconf 88' lang='lat' dir='ltr'><strong>levi-</strong></span> <span class='ocrx_word' id='word_1_440' title='bbox 1959 3356 2050 3426; x_wconf 46' lang='lat' dir='ltr'><strong>(G.</strong></span> <span class='ocrx_word' id='word_1_441' title='bbox 2097 3359 2273 3425; x_wconf 39' lang='lat' dir='ltr'><strong>pom.)</strong></span> <span class='ocrx_word' id='word_1_442' title='bbox 2308 3355 2532 3428; x_wconf 65' lang='lat' dir='ltr'><strong>Sergius</strong></span> <span class='ocrx_word' id='word_1_443' title='bbox 2568 3355 2697 3410; x_wconf 75' lang='lat' dir='ltr'><strong>80us</strong></span> <span class='ocrx_word' id='word_1_444' title='bbox 2736 3354 2998 3408; x_wconf 57' lang='lat' dir='ltr'><strong>Romam</strong></span> <span class='ocrx_word' id='word_1_445' title='bbox 3041 3347 3304 3404; x_wconf 55' lang='lat' dir='ltr'><strong>mcclesim</strong></span> <span class='ocrx_word' id='word_1_446' title='bbox 3336 3343 3514 3416; x_wconf 72' lang='grc' dir='ltr'><strong>ρι-θεί-</strong></span> 
     </span>
    </p>
   </div>
   <div class='ocr_carea' id='block_1_64' title="bbox 164 3427 1762 3514">
    <p class='ocr_par' dir='ltr' id='par_1_64' title="bbox 164 3427 1762 3497">
     <span class='ocr_line' id='line_1_64' title="bbox 164 3427 1762 3497; baseline 0.001 -14"><span class='ocrx_word' id='word_1_447' title='bbox 164 3436 336 3484; x_wconf 91' lang='lat' dir='ltr'><strong>tatem</strong></span> <span class='ocrx_word' id='word_1_448' title='bbox 391 3427 684 3497; x_wconf 89' lang='lat' dir='ltr'><strong>reprobato</strong></span> <span class='ocrx_word' id='word_1_449' title='bbox 734 3437 788 3481; x_wconf 91' lang='lat' dir='ltr'><strong>et</strong></span> <span class='ocrx_word' id='word_1_450' title='bbox 848 3428 901 3481; x_wconf 93' lang='lat' dir='ltr'><strong>in</strong></span> <span class='ocrx_word' id='word_1_451' title='bbox 941 3427 1198 3481; x_wconf 89' lang='lat' dir='ltr'><strong>clericum</strong></span> <span class='ocrx_word' id='word_1_452' title='bbox 1231 3435 1532 3483; x_wconf 90' lang='lat' dir='ltr'><strong>tonsorato.</strong></span> <span class='ocrx_word' id='word_1_453' title='bbox 1579 3429 1762 3484; x_wconf 84' lang='lat' dir='ltr'><strong>Chinta</strong></span> 
     </span>
    </p>
   </div>
   <div class='ocr_carea' id='block_1_65' title="bbox 1874 3427 3511 3514">
    <p class='ocr_par' dir='ltr' id='par_1_65' title="bbox 1891 3427 3511 3514">
     <span class='ocr_line' id='line_1_65' title="bbox 1891 3427 3511 3514; baseline -0.01 -10"><span class='ocrx_word' id='word_1_454' title='bbox 1891 3450 2003 3504; x_wconf 91' lang='lat' dir='ltr'><strong>det.</strong></span> <span class='ocrx_word' id='word_1_455' title='bbox 2037 3447 2132 3502; x_wconf 86' lang='lat' dir='ltr'><strong>Hic</strong></span> <span class='ocrx_word' id='word_1_456' title='bbox 2162 3447 2215 3500; x_wconf 93' lang='lat' dir='ltr'><strong>in</strong></span> <span class='ocrx_word' id='word_1_457' title='bbox 2241 3427 2478 3500; x_wconf 88' lang='lat' dir='ltr'><strong>sacrario</strong></span> <span class='ocrx_word' id='word_1_458' title='bbox 2509 3445 2682 3500; x_wconf 90' lang='lat' dir='ltr'><strong>sancti</strong></span> <span class='ocrx_word' id='word_1_459' title='bbox 2714 3445 2854 3499; x_wconf 87' lang='lat' dir='ltr'><strong>Petri</strong></span> <span class='ocrx_word' id='word_1_460' title='bbox 2906 3442 3216 3514; x_wconf 92' lang='lat' dir='ltr'><strong>portionem</strong></span> <span class='ocrx_word' id='word_1_461' title='bbox 3257 3451 3511 3509; x_wconf 83' lang='lat' dir='ltr'><strong>magnam</strong></span> 
     </span>
    </p>
   </div>
   <div class='ocr_carea' id='block_1_66' title="bbox 163 3519 3514 3603">
    <p class='ocr_par' dir='ltr' id='par_1_66' title="bbox 163 3519 3514 3603">
     <span class='ocr_line' id='line_1_66' title="bbox 163 3519 3514 3603; baseline -0.004 -11"><span class='ocrx_word' id='word_1_462' title='bbox 163 3520 369 3575; x_wconf 70' lang='grc' dir='ltr'><strong>δίηάυε</strong></span> <span class='ocrx_word' id='word_1_463' title='bbox 403 3527 596 3592; x_wconf 52' lang='lat' dir='ltr'><strong>regnat</strong></span> <span class='ocrx_word' id='word_1_464' title='bbox 633 3526 758 3589; x_wconf 69' lang='grc' dir='ltr'><strong>Ροει</strong></span> <span class='ocrx_word' id='word_1_465' title='bbox 786 3535 910 3573; x_wconf 72' lang='lat' dir='ltr'><strong>eum</strong></span> <span class='ocrx_word' id='word_1_466' title='bbox 941 3519 1101 3573; x_wconf 68' lang='lat' dir='ltr'><strong>annis</strong></span> <span class='ocrx_word' id='word_1_467' title='bbox 1129 3519 1220 3572; x_wconf 65' lang='grc'><strong>20·</strong></span> <span class='ocrx_word' id='word_1_468' title='bbox 1893 3537 2187 3593; x_wconf 71' lang='lat' dir='ltr'><strong>dominicae</strong></span> <span class='ocrx_word' id='word_1_469' title='bbox 2219 3535 2399 3591; x_wconf 89' lang='lat' dir='ltr'><strong>crucis</strong></span> <span class='ocrx_word' id='word_1_470' title='bbox 2441 3535 2672 3589; x_wconf 90' lang='lat' dir='ltr'><strong>invenit.</strong></span> <span class='ocrx_word' id='word_1_471' title='bbox 2705 3530 3113 3603; x_wconf 88' lang='lat' dir='ltr'><strong>Consequentia</strong></span> <span class='ocrx_word' id='word_1_472' title='bbox 3159 3528 3379 3582; x_wconf 87' lang='lat' dir='ltr'><strong>missam</strong></span> <span class='ocrx_word' id='word_1_473' title='bbox 3419 3541 3514 3579; x_wconf 85' lang='lat' dir='ltr'><strong>ce-</strong></span> 
     </span>
    </p>
   </div>
   <div class='ocr_carea' id='block_1_67' title="bbox 314 3609 3515 3699">
    <p class='ocr_par' dir='ltr' id='par_1_67' title="bbox 314 3609 3515 3699">
     <span class='ocr_line' id='line_1_67' title="bbox 314 3609 3515 3699; baseline -0.001 -23"><span class='ocrx_word' id='word_1_474' title='bbox 314 3610 443 3664; x_wconf 73' lang='lat'><strong>635-</strong></span> <span class='ocrx_word' id='word_1_475' title='bbox 548 3610 633 3664; x_wconf 69' lang='grc'>16·</span> <span class='ocrx_word' id='word_1_476' title='bbox 749 3609 798 3664; x_wconf 84' lang='lat'><strong>3-</strong></span> <span class='ocrx_word' id='word_1_477' title='bbox 911 3609 963 3664; x_wconf 80' lang='grc'><strong>6·</strong></span> <span class='ocrx_word' id='word_1_478' title='bbox 1052 3610 1136 3665; x_wconf 72' lang='grc'><strong>15·</strong></span> <span class='ocrx_word' id='word_1_479' title='bbox 1228 3611 1314 3664; x_wconf 58' lang='lat'><strong>1‘2-</strong></span> <span class='ocrx_word' id='word_1_480' title='bbox 1433 3614 1480 3665; x_wconf 72' lang='grc' dir='ltr'><strong>ί·</strong></span> <span class='ocrx_word' id='word_1_481' title='bbox 1596 3612 1647 3668; x_wconf 86' lang='lat'><strong>5-</strong></span> <span class='ocrx_word' id='word_1_482' title='bbox 1894 3629 2148 3685; x_wconf 88' lang='lat' dir='ltr'><strong>lebrandi</strong></span> <span class='ocrx_word' id='word_1_483' title='bbox 2181 3629 2292 3696; x_wconf 88' lang='lat' dir='ltr'><strong>jam</strong></span> <span class='ocrx_word' id='word_1_484' title='bbox 2320 3627 2386 3681; x_wconf 90' lang='lat' dir='ltr'><strong>ad</strong></span> <span class='ocrx_word' id='word_1_485' title='bbox 2422 3627 2690 3699; x_wconf 88' lang='lat' dir='ltr'><strong>integram</strong></span> <span class='ocrx_word' id='word_1_486' title='bbox 2723 3625 3029 3694; x_wconf 88' lang='lat' dir='ltr'><strong>composita</strong></span> <span class='ocrx_word' id='word_1_487' title='bbox 3069 3623 3136 3676; x_wconf 88' lang='lat' dir='ltr'><strong>ab</strong></span> <span class='ocrx_word' id='word_1_488' title='bbox 3174 3619 3515 3692; x_wconf 90' lang='lat' dir='ltr'><strong>apostoliset</strong></span> 
     </span>
    </p>
   </div>
   <div class='ocr_carea' id='block_1_68' title="bbox 241 3702 1762 3792">
    <p class='ocr_par' dir='ltr' id='par_1_68' title="bbox 241 3702 1762 3774">
     <span class='ocr_line' id='line_1_68' title="bbox 241 3702 1762 3774; baseline -0.001 -15"><span class='ocrx_word' id='word_1_489' title='bbox 241 3704 326 3769; x_wconf 88' lang='lat' dir='ltr'><strong>(G.</strong></span> <span class='ocrx_word' id='word_1_490' title='bbox 355 3703 534 3772; x_wconf 82' lang='lat' dir='ltr'><strong>pont.)</strong></span> <span class='ocrx_word' id='word_1_491' title='bbox 565 3702 898 3756; x_wconf 89' lang='lat' dir='ltr'><strong>Benedictus</strong></span> <span class='ocrx_word' id='word_1_492' title='bbox 927 3702 1054 3755; x_wconf 62' lang='lat' dir='ltr'><strong>77M</strong></span> <span class='ocrx_word' id='word_1_493' title='bbox 1084 3703 1343 3758; x_wconf 62' lang='lat' dir='ltr'><strong>Romanae</strong></span> <span class='ocrx_word' id='word_1_494' title='bbox 1382 3703 1646 3758; x_wconf 56' lang='lat' dir='ltr'><strong>{ecclesiae</strong></span> <span class='ocrx_word' id='word_1_495' title='bbox 1674 3721 1762 3774; x_wconf 82' lang='lat' dir='ltr'><strong>pre</strong></span> 
     </span>
    </p>
   </div>
   <div class='ocr_carea' id='block_1_69' title="bbox 1874 3702 3518 3792">
    <p class='ocr_par' dir='ltr' id='par_1_69' title="bbox 1894 3710 3518 3792">
     <span class='ocr_line' id='line_1_69' title="bbox 1894 3710 3518 3792; baseline -0.009 -14"><span class='ocrx_word' id='word_1_496' title='bbox 1894 3719 2211 3792; x_wconf 88' lang='lat' dir='ltr'><strong>apostolicis</strong></span> <span class='ocrx_word' id='word_1_497' title='bbox 2241 3717 2391 3779; x_wconf 89' lang='lat' dir='ltr'><strong>viris,</strong></span> <span class='ocrx_word' id='word_1_498' title='bbox 2422 3716 2685 3786; x_wconf 87' lang='lat' dir='ltr'><strong>epistolas</strong></span> <span class='ocrx_word' id='word_1_499' title='bbox 2711 3715 2918 3784; x_wconf 90' lang='lat' dir='ltr'><strong>quippe</strong></span> <span class='ocrx_word' id='word_1_500' title='bbox 2950 3722 3004 3767; x_wconf 91' lang='lat' dir='ltr'><strong>et</strong></span> <span class='ocrx_word' id='word_1_501' title='bbox 3052 3711 3340 3785; x_wconf 88' lang='lat' dir='ltr'><strong>evangelia</strong></span> <span class='ocrx_word' id='word_1_502' title='bbox 3373 3710 3518 3764; x_wconf 89' lang='lat' dir='ltr'><strong>reci-</strong></span> 
     </span>
    </p>
   </div>
   <div class='ocr_carea' id='block_1_70' title="bbox 164 3790 1762 3872">
    <p class='ocr_par' dir='ltr' id='par_1_70' title="bbox 164 3790 1762 3863">
     <span class='ocr_line' id='line_1_70' title="bbox 164 3790 1762 3863; baseline 0.001 -16"><span class='ocrx_word' id='word_1_503' title='bbox 164 3791 336 3847; x_wconf 86' lang='lat' dir='ltr'><strong>sidet.</strong></span> <span class='ocrx_word' id='word_1_504' title='bbox 373 3793 465 3862; x_wconf 81' lang='lat' dir='ltr'><strong>(II.</strong></span> <span class='ocrx_word' id='word_1_505' title='bbox 510 3793 603 3858; x_wconf 89' lang='lat' dir='ltr'><strong>m)</strong></span> <span class='ocrx_word' id='word_1_506' title='bbox 637 3790 788 3844; x_wconf 87' lang='lat' dir='ltr'><strong>Gizid</strong></span> <span class='ocrx_word' id='word_1_507' title='bbox 847 3798 1062 3846; x_wconf 90' lang='lat' dir='ltr'><strong>mortuo</strong></span> <span class='ocrx_word' id='word_1_508' title='bbox 1109 3791 1387 3846; x_wconf 87' lang='lat' dir='ltr'><strong>Marhuam</strong></span> <span class='ocrx_word' id='word_1_509' title='bbox 1450 3792 1762 3863; x_wconf 91' lang='lat' dir='ltr'><strong>principatu</strong></span> 
     </span>
    </p>
   </div>
   <div class='ocr_carea' id='block_1_71' title="bbox 1874 3790 3516 3872">
    <p class='ocr_par' dir='ltr' id='par_1_71' title="bbox 1894 3790 3516 3872">
     <span class='ocr_line' id='line_1_71' title="bbox 1894 3790 3516 3872; baseline -0.01 -6"><span class='ocrx_word' id='word_1_510' title='bbox 1894 3790 2045 3866; x_wconf 77' lang='lat' dir='ltr'><strong>tabat</strong></span> <span class='ocrx_word' id='word_1_511' title='bbox 2074 3807 2324 3862; x_wconf 72' lang='lat' dir='ltr'><strong>:ecclesia</strong></span> <span class='ocrx_word' id='word_1_512' title='bbox 2345 3821 2408 3858; x_wconf 83' lang='lat' dir='ltr'><strong>ex</strong></span> <span class='ocrx_word' id='word_1_513' title='bbox 2431 3805 2781 3872; x_wconf 91' lang='lat' dir='ltr'><strong>antiquorum</strong></span> <span class='ocrx_word' id='word_1_514' title='bbox 2807 3802 3120 3864; x_wconf 87' lang='lat' dir='ltr'><strong>traditione,</strong></span> <span class='ocrx_word' id='word_1_515' title='bbox 3151 3816 3274 3870; x_wconf 77' lang='lat' dir='ltr'><strong>quae</strong></span> <span class='ocrx_word' id='word_1_516' title='bbox 3305 3798 3516 3869; x_wconf 87' lang='lat' dir='ltr'><strong>digesta</strong></span> 
     </span>
    </p>
   </div>
   <div class='ocr_carea' id='block_1_72' title="bbox 165 3885 3515 3964">
    <p class='ocr_par' dir='ltr' id='par_1_72' title="bbox 165 3885 3515 3964">
     <span class='ocr_line' id='line_1_72' title="bbox 165 3885 3515 3964; baseline -0.004 -12"><span class='ocrx_word' id='word_1_517' title='bbox 165 3886 465 3941; x_wconf 70' lang='lat' dir='ltr'><strong>Saracenis</strong></span> <span class='ocrx_word' id='word_1_518' title='bbox 519 3901 664 3940; x_wconf 75' lang='grc' dir='ltr'><strong>ειηΠο</strong></span> <span class='ocrx_word' id='word_1_519' title='bbox 714 3887 763 3938; x_wconf 73' lang='grc' dir='ltr'>1ο</span> <span class='ocrx_word' id='word_1_520' title='bbox 829 3885 906 3956; x_wconf 87' lang='lat' dir='ltr'><strong>(V</strong></span> <span class='ocrx_word' id='word_1_521' title='bbox 985 3889 1194 3951; x_wconf 57' lang='lat' dir='ltr'><strong>Lamb.)</strong></span> <span class='ocrx_word' id='word_1_522' title='bbox 1249 3886 1621 3942; x_wconf 72' lang='lat' dir='ltr'><strong>TheOdet‘iCUS</strong></span> <span class='ocrx_word' id='word_1_523' title='bbox 1695 3905 1791 3942; x_wconf 78' lang='grc' dir='ltr'><strong>1·οΧ</strong></span> <span class='ocrx_word' id='word_1_524' title='bbox 1891 3907 2021 3954; x_wconf 88' lang='lat' dir='ltr'><strong>sunt</strong></span> <span class='ocrx_word' id='word_1_525' title='bbox 2050 3897 2103 3949; x_wconf 93' lang='lat' dir='ltr'><strong>in</strong></span> <span class='ocrx_word' id='word_1_526' title='bbox 2146 3895 2306 3959; x_wconf 86' lang='lat' dir='ltr'><strong>libro,</strong></span> <span class='ocrx_word' id='word_1_527' title='bbox 2341 3894 2434 3964; x_wconf 91' lang='lat' dir='ltr'><strong>qui</strong></span> <span class='ocrx_word' id='word_1_528' title='bbox 2475 3891 2786 3962; x_wconf 81' lang='lat' dir='ltr'><strong>appellatur</strong></span> <span class='ocrx_word' id='word_1_529' title='bbox 2831 3904 3040 3951; x_wconf 88' lang='lat' dir='ltr'><strong>comes,</strong></span> <span class='ocrx_word' id='word_1_530' title='bbox 3073 3903 3236 3958; x_wconf 93' lang='lat' dir='ltr'><strong>quem</strong></span> <span class='ocrx_word' id='word_1_531' title='bbox 3269 3886 3336 3938; x_wconf 91' lang='lat' dir='ltr'><strong>ad</strong></span> <span class='ocrx_word' id='word_1_532' title='bbox 3371 3885 3515 3938; x_wconf 90' lang='lat' dir='ltr'><strong>Con-</strong></span> 
     </span>
    </p>
   </div>
   <div class='ocr_carea' id='block_1_73' title="bbox 165 3973 3516 4048">
    <p class='ocr_par' dir='ltr' id='par_1_73' title="bbox 165 3973 3516 4048">
     <span class='ocr_line' id='line_1_73' title="bbox 165 3973 3516 4048; baseline -0.006 -4"><span class='ocrx_word' id='word_1_533' title='bbox 165 3975 473 4030; x_wconf 69' lang='lat' dir='ltr'><strong>Ebminum</strong></span> <span class='ocrx_word' id='word_1_534' title='bbox 506 3975 561 4028; x_wconf 75' lang='grc' dir='ltr'><strong>ίη</strong></span> <span class='ocrx_word' id='word_1_535' title='bbox 605 3974 832 4047; x_wconf 54' lang='lat' dir='ltr'><strong>gratiam</strong></span> <span class='ocrx_word' id='word_1_536' title='bbox 867 3974 1063 4044; x_wconf 74' lang='lat' dir='ltr'><strong>recipit</strong></span> <span class='ocrx_word' id='word_1_537' title='bbox 1102 3975 1333 4046; x_wconf 76' lang='lat' dir='ltr'><strong>eiusque</strong></span> <span class='ocrx_word' id='word_1_538' title='bbox 1364 3975 1598 4030; x_wconf 71' lang='grc' dir='ltr'><strong>οοηείίίο</strong></span> <span class='ocrx_word' id='word_1_539' title='bbox 1626 3991 1787 4046; x_wconf 70' lang='lat' dir='ltr'><strong>syno-</strong></span> <span class='ocrx_word' id='word_1_540' title='bbox 1893 3985 2191 4042; x_wconf 88' lang='lat' dir='ltr'><strong>stantinum</strong></span> <span class='ocrx_word' id='word_1_541' title='bbox 2230 3981 2576 4036; x_wconf 88' lang='lat' dir='ltr'><strong>Hicronimus</strong></span> <span class='ocrx_word' id='word_1_542' title='bbox 2626 3978 2912 4048; x_wconf 90' lang='lat' dir='ltr'><strong>scripsisse</strong></span> <span class='ocrx_word' id='word_1_543' title='bbox 2944 3976 3175 4040; x_wconf 84' lang='lat' dir='ltr'><strong>dicitur;</strong></span> <span class='ocrx_word' id='word_1_544' title='bbox 3208 3973 3516 4027; x_wconf 85' lang='lat' dir='ltr'><strong>Alexander</strong></span> 
     </span>
    </p>
   </div>
   <div class='ocr_carea' id='block_1_74' title="bbox 168 4062 3522 4140">
    <p class='ocr_par' dir='ltr' id='par_1_74' title="bbox 168 4062 3522 4140">
     <span class='ocr_line' id='line_1_74' title="bbox 168 4062 3522 4140; baseline -0.001 -24"><span class='ocrx_word' id='word_1_545' title='bbox 168 4063 308 4118; x_wconf 85' lang='lat' dir='ltr'><strong>dum</strong></span> <span class='ocrx_word' id='word_1_546' title='bbox 324 4063 711 4132; x_wconf 89' lang='lat' dir='ltr'><strong>episcoporum</strong></span> <span class='ocrx_word' id='word_1_547' title='bbox 743 4062 908 4133; x_wconf 80' lang='lat' dir='ltr'><strong>cogit,</strong></span> <span class='ocrx_word' id='word_1_548' title='bbox 943 4069 995 4116; x_wconf 87' lang='lat' dir='ltr'><strong>et</strong></span> <span class='ocrx_word' id='word_1_549' title='bbox 1028 4062 1082 4115; x_wconf 88' lang='lat' dir='ltr'><strong>in</strong></span> <span class='ocrx_word' id='word_1_550' title='bbox 1119 4065 1218 4117; x_wconf 87' lang='lat' dir='ltr'><strong>hac</strong></span> <span class='ocrx_word' id='word_1_551' title='bbox 1249 4064 1453 4118; x_wconf 78' lang='lat' dir='ltr'><strong>multos</strong></span> <span class='ocrx_word' id='word_1_552' title='bbox 1484 4081 1696 4131; x_wconf 75' lang='lat' dir='ltr'><strong>eorum,</strong></span> <span class='ocrx_word' id='word_1_553' title='bbox 1730 4082 1793 4122; x_wconf 74' lang='lat' dir='ltr'><strong>ex</strong></span> <span class='ocrx_word' id='word_1_554' title='bbox 1897 4083 2079 4129; x_wconf 90' lang='lat' dir='ltr'><strong>autem</strong></span> <span class='ocrx_word' id='word_1_555' title='bbox 2120 4078 2305 4126; x_wconf 85' lang='lat' dir='ltr'><strong>sextus</strong></span> <span class='ocrx_word' id='word_1_556' title='bbox 2349 4085 2509 4140; x_wconf 89' lang='lat' dir='ltr'><strong>papa,</strong></span> <span class='ocrx_word' id='word_1_557' title='bbox 2555 4068 2646 4140; x_wconf 91' lang='lat' dir='ltr'><strong>qui</strong></span> <span class='ocrx_word' id='word_1_558' title='bbox 2681 4067 2918 4121; x_wconf 89' lang='lat' dir='ltr'><strong>instituit</strong></span> <span class='ocrx_word' id='word_1_559' title='bbox 2944 4081 3141 4136; x_wconf 89' lang='lat' dir='ltr'><strong>aquam</strong></span> <span class='ocrx_word' id='word_1_560' title='bbox 3176 4062 3438 4116; x_wconf 87' lang='lat' dir='ltr'><strong>benedici</strong></span> <span class='ocrx_word' id='word_1_561' title='bbox 3467 4068 3522 4115; x_wconf 92' lang='lat' dir='ltr'><strong>et</strong></span> 
     </span>
    </p>
   </div>
   <div class='ocr_carea' id='block_1_75' title="bbox 170 4151 3525 4238">
    <p class='ocr_par' dir='ltr' id='par_1_75' title="bbox 170 4151 3525 4238">
     <span class='ocr_line' id='line_1_75' title="bbox 170 4151 3525 4238; baseline -0.004 -18"><span class='ocrx_word' id='word_1_562' title='bbox 170 4151 460 4206; x_wconf 54' lang='lat' dir='ltr'><strong>sententia</strong></span> <span class='ocrx_word' id='word_1_563' title='bbox 502 4151 744 4215; x_wconf 68' lang='grc' dir='ltr'><strong>Ειποίηίν</strong></span> <span class='ocrx_word' id='word_1_564' title='bbox 784 4151 1110 4221; x_wconf 53' lang='lat' dir='ltr'><strong>episcopatu</strong></span> <span class='ocrx_word' id='word_1_565' title='bbox 1153 4152 1348 4222; x_wconf 49' lang='lat' dir='ltr'><strong>Privati</strong></span> <span class='ocrx_word' id='word_1_566' title='bbox 1377 4153 1593 4224; x_wconf 79' lang='lat' dir='ltr'><strong>aliquos</strong></span> <span class='ocrx_word' id='word_1_567' title='bbox 1629 4155 1794 4208; x_wconf 58' lang='lat' dir='ltr'><strong>etiam</strong></span> <span class='ocrx_word' id='word_1_568' title='bbox 1899 4164 2142 4238; x_wconf 82' lang='lat' dir='ltr'><strong>aspergi,</strong></span> <span class='ocrx_word' id='word_1_569' title='bbox 2188 4163 2280 4234; x_wconf 87' lang='lat' dir='ltr'><strong>qui</strong></span> <span class='ocrx_word' id='word_1_570' title='bbox 2315 4161 2552 4216; x_wconf 92' lang='lat' dir='ltr'><strong>instituit</strong></span> <span class='ocrx_word' id='word_1_571' title='bbox 2583 4160 2763 4215; x_wconf 92' lang='lat' dir='ltr'><strong>oleum</strong></span> <span class='ocrx_word' id='word_1_572' title='bbox 2796 4157 3028 4232; x_wconf 90' lang='lat' dir='ltr'><strong>singulis</strong></span> <span class='ocrx_word' id='word_1_573' title='bbox 3058 4155 3220 4209; x_wconf 92' lang='lat' dir='ltr'><strong>annis</strong></span> <span class='ocrx_word' id='word_1_574' title='bbox 3260 4152 3525 4206; x_wconf 88' lang='lat' dir='ltr'><strong>benedici</strong></span> 
     </span>
    </p>
   </div>
   <div class='ocr_carea' id='block_1_76' title="bbox 175 4242 3522 4326">
    <p class='ocr_par' dir='ltr' id='par_1_76' title="bbox 175 4242 3522 4326">
     <span class='ocr_line' id='line_1_76' title="bbox 175 4242 3522 4326; baseline 0.001 -29"><span class='ocrx_word' id='word_1_575' title='bbox 175 4242 543 4298; x_wconf 85' lang='lat' dir='ltr'><strong>inrcvocabili</strong></span> <span class='ocrx_word' id='word_1_576' title='bbox 592 4242 760 4296; x_wconf 88' lang='lat' dir='ltr'><strong>exilio</strong></span> <span class='ocrx_word' id='word_1_577' title='bbox 791 4243 1035 4296; x_wconf 86' lang='lat' dir='ltr'><strong>damnat.</strong></span> <span class='ocrx_word' id='word_1_578' title='bbox 1068 4243 1178 4296; x_wconf 81' lang='lat' dir='ltr'><strong>Sub</strong></span> <span class='ocrx_word' id='word_1_579' title='bbox 1216 4250 1322 4297; x_wconf 87' lang='lat' dir='ltr'><strong>tam</strong></span> <span class='ocrx_word' id='word_1_580' title='bbox 1368 4245 1677 4314; x_wconf 89' lang='lat' dir='ltr'><strong>procelloso</strong></span> <span class='ocrx_word' id='word_1_581' title='bbox 1706 4247 1798 4301; x_wconf 87' lang='lat' dir='ltr'><strong>do-</strong></span> <span class='ocrx_word' id='word_1_582' title='bbox 1900 4258 1966 4312; x_wconf 74' lang='lat' dir='ltr'><strong>ab</strong></span> <span class='ocrx_word' id='word_1_583' title='bbox 2010 4257 2294 4326; x_wconf 69' lang='lat' dir='ltr'><strong>episcopo,</strong></span> <span class='ocrx_word' id='word_1_584' title='bbox 2328 4263 2381 4308; x_wconf 77' lang='lat' dir='ltr'><strong>et</strong></span> <span class='ocrx_word' id='word_1_585' title='bbox 2412 4261 2569 4308; x_wconf 82' lang='lat' dir='ltr'><strong>vetus</strong></span> <span class='ocrx_word' id='word_1_586' title='bbox 2602 4260 2826 4322; x_wconf 79' lang='lat' dir='ltr'><strong>propter</strong></span> <span class='ocrx_word' id='word_1_587' title='bbox 2861 4249 3158 4304; x_wconf 86' lang='lat' dir='ltr'><strong>novitatem</strong></span> <span class='ocrx_word' id='word_1_588' title='bbox 3190 4244 3522 4300; x_wconf 86' lang='lat' dir='ltr'><strong>sacramenti</strong></span> 
     </span>
    </p>
   </div>
   <div class='ocr_carea' id='block_1_77' title="bbox 169 4333 3518 4411">
    <p class='ocr_par' dir='ltr' id='par_1_77' title="bbox 169 4333 3518 4411">
     <span class='ocr_line' id='line_1_77' title="bbox 169 4333 3518 4411; baseline -0.005 -23"><span class='ocrx_word' id='word_1_589' title='bbox 169 4334 424 4389; x_wconf 66' lang='lat' dir='ltr'><strong>mesticaa</strong></span> <span class='ocrx_word' id='word_1_590' title='bbox 474 4334 877 4404; x_wconf 91' lang='lat' dir='ltr'><strong>persecutionis</strong></span> <span class='ocrx_word' id='word_1_591' title='bbox 907 4335 1140 4389; x_wconf 91' lang='lat' dir='ltr'><strong>tumultu</strong></span> <span class='ocrx_word' id='word_1_592' title='bbox 1180 4342 1401 4390; x_wconf 90' lang='lat' dir='ltr'><strong>sanctus</strong></span> <span class='ocrx_word' id='word_1_593' title='bbox 1445 4337 1610 4391; x_wconf 89' lang='lat' dir='ltr'><strong>etiam</strong></span> <span class='ocrx_word' id='word_1_594' title='bbox 1646 4337 1797 4392; x_wconf 88' lang='lat' dir='ltr'><strong>Lam-</strong></span> <span class='ocrx_word' id='word_1_595' title='bbox 1901 4346 2122 4400; x_wconf 74' lang='lat' dir='ltr'><strong>incendi</strong></span> <span class='ocrx_word' id='word_1_596' title='bbox 2175 4345 2422 4411; x_wconf 47' lang='grc' dir='ltr'><strong>(Βυκριιη</strong></span> <span class='ocrx_word' id='word_1_597' title='bbox 2450 4359 2504 4409; x_wconf 66' lang='grc' dir='ltr'><strong>ν,</strong></span> <span class='ocrx_word' id='word_1_598' title='bbox 2533 4342 2610 4408; x_wconf 79' lang='grc'><strong>3,)</strong></span> <span class='ocrx_word' id='word_1_599' title='bbox 2646 4341 2741 4395; x_wconf 74' lang='lat' dir='ltr'><strong>Hic</strong></span> <span class='ocrx_word' id='word_1_600' title='bbox 2785 4338 3016 4393; x_wconf 65' lang='lat' dir='ltr'><strong>inseruit</strong></span> <span class='ocrx_word' id='word_1_601' title='bbox 3068 4334 3387 4390; x_wconf 65' lang='lat' dir='ltr'><strong>memoriam</strong></span> <span class='ocrx_word' id='word_1_602' title='bbox 3421 4333 3518 4386; x_wconf 76' lang='grc' dir='ltr'>(ιο-</span> 
     </span>
    </p>
   </div>
   <div class='ocr_carea' id='block_1_78' title="bbox 172 4415 3523 4506">
    <p class='ocr_par' dir='ltr' id='par_1_78' title="bbox 172 4415 3523 4506">
     <span class='ocr_line' id='line_1_78' title="bbox 172 4415 3523 4506; baseline -0.005 -15"><span class='ocrx_word' id='word_1_603' title='bbox 172 4424 369 4477; x_wconf 57' lang='lat' dir='ltr'><strong>Penus</strong></span> <span class='ocrx_word' id='word_1_604' title='bbox 403 4439 434 4477; x_wconf 73' lang='lat'>3</span> <span class='ocrx_word' id='word_1_605' title='bbox 463 4422 802 4491; x_wconf 62' lang='grc' dir='ltr'><strong>Ττδὶθοιθηεί</strong></span> <span class='ocrx_word' id='word_1_606' title='bbox 832 4435 1048 4478; x_wconf 67' lang='grc' dir='ltr'><strong>δηιοιυε</strong></span> <span class='ocrx_word' id='word_1_607' title='bbox 1104 4424 1428 4494; x_wconf 53' lang='lat' dir='ltr'><strong>episcopatu</strong></span> <span class='ocrx_word' id='word_1_608' title='bbox 1461 4424 1516 4478; x_wconf 72' lang='lat' dir='ltr'><strong>in</strong></span> <span class='ocrx_word' id='word_1_609' title='bbox 1548 4415 1874 4482; x_wconf 68' lang='lat' dir='ltr'><strong>C(BDObiOD</strong></span> <span class='ocrx_word' id='word_1_610' title='bbox 1902 4437 2118 4492; x_wconf 71' lang='lat' dir='ltr'><strong>minicze</strong></span> <span class='ocrx_word' id='word_1_611' title='bbox 2149 4434 2420 4506; x_wconf 90' lang='lat' dir='ltr'><strong>passionis</strong></span> <span class='ocrx_word' id='word_1_612' title='bbox 2450 4433 2516 4487; x_wconf 88' lang='lat' dir='ltr'><strong>ad</strong></span> <span class='ocrx_word' id='word_1_613' title='bbox 2553 4431 3026 4487; x_wconf 89' lang='lat' dir='ltr'><strong>consecrationem</strong></span> <span class='ocrx_word' id='word_1_614' title='bbox 3070 4424 3438 4487; x_wconf 63' lang='lat' dir='ltr'><strong>eucharistiaa,</strong></span> <span class='ocrx_word' id='word_1_615' title='bbox 3470 4428 3523 4476; x_wconf 91' lang='lat' dir='ltr'><strong>et</strong></span> 
     </span>
    </p>
   </div>
   <div class='ocr_carea' id='block_1_79' title="bbox 173 4518 3524 4593">
    <p class='ocr_par' dir='ltr' id='par_1_79' title="bbox 173 4518 3524 4593">
     <span class='ocr_line' id='line_1_79' title="bbox 173 4518 3524 4593; baseline -0.001 -23"><span class='ocrx_word' id='word_1_616' title='bbox 173 4519 476 4574; x_wconf 86' lang='lat' dir='ltr'><strong>Stabulaus</strong></span> <span class='ocrx_word' id='word_1_617' title='bbox 503 4521 843 4575; x_wconf 62' lang='lat' dir='ltr'><strong>monachicae</strong></span> <span class='ocrx_word' id='word_1_618' title='bbox 874 4521 1077 4592; x_wconf 89' lang='lat' dir='ltr'><strong>quietis</strong></span> <span class='ocrx_word' id='word_1_619' title='bbox 1102 4522 1311 4592; x_wconf 89' lang='lat' dir='ltr'><strong>expetit</strong></span> <span class='ocrx_word' id='word_1_620' title='bbox 1342 4528 1581 4592; x_wconf 88' lang='lat' dir='ltr'><strong>portum,</strong></span> <span class='ocrx_word' id='word_1_621' title='bbox 1617 4521 1802 4593; x_wconf 84' lang='lat' dir='ltr'><strong>ibique</strong></span> <span class='ocrx_word' id='word_1_622' title='bbox 1903 4531 2044 4586; x_wconf 86' lang='lat' dir='ltr'><strong>sicut</strong></span> <span class='ocrx_word' id='word_1_623' title='bbox 2078 4529 2146 4583; x_wconf 90' lang='lat' dir='ltr'><strong>de</strong></span> <span class='ocrx_word' id='word_1_624' title='bbox 2171 4528 2340 4582; x_wconf 87' lang='lat' dir='ltr'><strong>latere</strong></span> <span class='ocrx_word' id='word_1_625' title='bbox 2367 4523 2611 4581; x_wconf 82' lang='lat' dir='ltr'><strong>crucifixi</strong></span> <span class='ocrx_word' id='word_1_626' title='bbox 2644 4524 2770 4578; x_wconf 85' lang='lat' dir='ltr'><strong>Jesu</strong></span> <span class='ocrx_word' id='word_1_627' title='bbox 2797 4522 3010 4577; x_wconf 83' lang='lat' dir='ltr'><strong>efﬂuxit</strong></span> <span class='ocrx_word' id='word_1_628' title='bbox 3032 4518 3258 4592; x_wconf 88' lang='lat' dir='ltr'><strong>sanguis</strong></span> <span class='ocrx_word' id='word_1_629' title='bbox 3286 4523 3339 4570; x_wconf 90' lang='lat' dir='ltr'><strong>et</strong></span> <span class='ocrx_word' id='word_1_630' title='bbox 3362 4531 3524 4586; x_wconf 90' lang='lat' dir='ltr'><strong>aqua,</strong></span> 
     </span>
    </p>
   </div>
   <div class='ocr_carea' id='block_1_80' title="bbox 179 4605 3532 4690">
    <p class='ocr_par' dir='ltr' id='par_1_80' title="bbox 179 4605 3532 4690">
     <span class='ocr_line' id='line_1_80' title="bbox 179 4605 3532 4690; baseline -0.006 -12"><span class='ocrx_word' id='word_1_631' title='bbox 179 4624 281 4678; x_wconf 72' lang='grc' dir='ltr'><strong>ρετ</strong></span> <span class='ocrx_word' id='word_1_632' title='bbox 325 4615 539 4679; x_wconf 58' lang='lat' dir='ltr'><strong>septem</strong></span> <span class='ocrx_word' id='word_1_633' title='bbox 570 4625 747 4665; x_wconf 68' lang='lat' dir='ltr'><strong>annos</strong></span> <span class='ocrx_word' id='word_1_634' title='bbox 777 4609 1044 4664; x_wconf 60' lang='lat' dir='ltr'><strong>llabilaVl‘</strong></span> <span class='ocrx_word' id='word_1_635' title='bbox 1073 4626 1281 4664; x_wconf 41' lang='lat' dir='ltr'><strong>Secum.</strong></span> <span class='ocrx_word' id='word_1_636' title='bbox 1319 4611 1405 4680; x_wconf 67' lang='grc' dir='ltr'><strong>(γε</strong></span> <span class='ocrx_word' id='word_1_637' title='bbox 1459 4610 1641 4677; x_wconf 75' lang='grc' dir='ltr'><strong>Ῑιθοάι)</strong></span> <span class='ocrx_word' id='word_1_638' title='bbox 1674 4610 1805 4664; x_wconf 72' lang='lat' dir='ltr'><strong>San-</strong></span> <span class='ocrx_word' id='word_1_639' title='bbox 1905 4622 1979 4675; x_wconf 92' lang='lat' dir='ltr'><strong>ita</strong></span> <span class='ocrx_word' id='word_1_640' title='bbox 2009 4635 2206 4690; x_wconf 91' lang='lat' dir='ltr'><strong>aquam</strong></span> <span class='ocrx_word' id='word_1_641' title='bbox 2260 4617 2388 4672; x_wconf 88' lang='lat' dir='ltr'><strong>vino</strong></span> <span class='ocrx_word' id='word_1_642' title='bbox 2417 4615 2635 4671; x_wconf 91' lang='lat' dir='ltr'><strong>misceri</strong></span> <span class='ocrx_word' id='word_1_643' title='bbox 2683 4615 2740 4668; x_wconf 91' lang='lat' dir='ltr'><strong>in</strong></span> <span class='ocrx_word' id='word_1_644' title='bbox 2772 4614 2891 4685; x_wconf 88' lang='lat' dir='ltr'><strong>ipsa</strong></span> <span class='ocrx_word' id='word_1_645' title='bbox 2922 4608 3340 4668; x_wconf 84' lang='lat' dir='ltr'><strong>consecratione</strong></span> <span class='ocrx_word' id='word_1_646' title='bbox 3373 4605 3532 4661; x_wconf 90' lang='lat' dir='ltr'><strong>insti-</strong></span> 
     </span>
    </p>
   </div>
   <div class='ocr_carea' id='block_1_81' title="bbox 177 4694 3534 4778">
    <p class='ocr_par' dir='ltr' id='par_1_81' title="bbox 177 4694 3534 4778">
     <span class='ocr_line' id='line_1_81' title="bbox 177 4694 3534 4778; baseline -0.002 -19"><span class='ocrx_word' id='word_1_647' title='bbox 177 4711 303 4759; x_wconf 88' lang='lat' dir='ltr'><strong>ctus</strong></span> <span class='ocrx_word' id='word_1_648' title='bbox 333 4703 672 4778; x_wconf 88' lang='lat' dir='ltr'><strong>Leodgarius</strong></span> <span class='ocrx_word' id='word_1_649' title='bbox 707 4704 801 4758; x_wconf 90' lang='lat' dir='ltr'><strong>diu</strong></span> <span class='ocrx_word' id='word_1_650' title='bbox 861 4707 928 4758; x_wconf 92' lang='lat' dir='ltr'><strong>ab</strong></span> <span class='ocrx_word' id='word_1_651' title='bbox 979 4703 1217 4759; x_wconf 80' lang='lat' dir='ltr'><strong>Ebroino</strong></span> <span class='ocrx_word' id='word_1_652' title='bbox 1259 4711 1640 4770; x_wconf 89' lang='lat' dir='ltr'><strong>tormentatus,</strong></span> <span class='ocrx_word' id='word_1_653' title='bbox 1684 4711 1806 4776; x_wconf 90' lang='lat' dir='ltr'><strong>post</strong></span> <span class='ocrx_word' id='word_1_654' title='bbox 1907 4710 2031 4775; x_wconf 87' lang='lat' dir='ltr'><strong>tuit,</strong></span> <span class='ocrx_word' id='word_1_655' title='bbox 2067 4723 2171 4762; x_wconf 91' lang='lat' dir='ltr'><strong>nec</strong></span> <span class='ocrx_word' id='word_1_656' title='bbox 2211 4706 2395 4760; x_wconf 92' lang='lat' dir='ltr'><strong>vinum</strong></span> <span class='ocrx_word' id='word_1_657' title='bbox 2438 4705 2558 4759; x_wconf 90' lang='lat' dir='ltr'><strong>sine</strong></span> <span class='ocrx_word' id='word_1_658' title='bbox 2584 4720 2748 4776; x_wconf 89' lang='lat' dir='ltr'><strong>aqua,</strong></span> <span class='ocrx_word' id='word_1_659' title='bbox 2778 4719 2881 4757; x_wconf 92' lang='lat' dir='ltr'><strong>nec</strong></span> <span class='ocrx_word' id='word_1_660' title='bbox 2913 4717 3110 4772; x_wconf 88' lang='lat' dir='ltr'><strong>aquam</strong></span> <span class='ocrx_word' id='word_1_661' title='bbox 3140 4699 3258 4754; x_wconf 90' lang='lat' dir='ltr'><strong>sine</strong></span> <span class='ocrx_word' id='word_1_662' title='bbox 3291 4698 3416 4751; x_wconf 88' lang='lat' dir='ltr'><strong>vino</strong></span> <span class='ocrx_word' id='word_1_663' title='bbox 3449 4694 3534 4752; x_wconf 82' lang='lat' dir='ltr'><strong>of-</strong></span> 
     </span>
    </p>
   </div>
   <div class='ocr_carea' id='block_1_82' title="bbox 179 4791 3531 4864">
    <p class='ocr_par' dir='ltr' id='par_1_82' title="bbox 179 4791 3531 4864">
     <span class='ocr_line' id='line_1_82' title="bbox 179 4791 3531 4864; baseline -0.004 -18"><span class='ocrx_word' id='word_1_664' title='bbox 179 4793 385 4847; x_wconf 86' lang='lat' dir='ltr'><strong>famcm</strong></span> <span class='ocrx_word' id='word_1_665' title='bbox 439 4800 493 4846; x_wconf 89' lang='lat' dir='ltr'><strong>et</strong></span> <span class='ocrx_word' id='word_1_666' title='bbox 521 4793 761 4848; x_wconf 90' lang='lat' dir='ltr'><strong>carceris</strong></span> <span class='ocrx_word' id='word_1_667' title='bbox 807 4792 1144 4864; x_wconf 91' lang='lat' dir='ltr'><strong>squalorem,</strong></span> <span class='ocrx_word' id='word_1_668' title='bbox 1181 4800 1303 4863; x_wconf 92' lang='lat' dir='ltr'><strong>post</strong></span> <span class='ocrx_word' id='word_1_669' title='bbox 1332 4793 1620 4848; x_wconf 91' lang='lat' dir='ltr'><strong>oculorum</strong></span> <span class='ocrx_word' id='word_1_670' title='bbox 1650 4793 1804 4847; x_wconf 88' lang='lat' dir='ltr'><strong>evul-</strong></span> <span class='ocrx_word' id='word_1_671' title='bbox 1911 4801 2038 4856; x_wconf 69' lang='lat' dir='ltr'><strong>ferri</strong></span> <span class='ocrx_word' id='word_1_672' title='bbox 2081 4799 2285 4853; x_wconf 71' lang='lat' dir='ltr'><strong>debere</strong></span> <span class='ocrx_word' id='word_1_673' title='bbox 2315 4799 2642 4852; x_wconf 63' lang='lat' dir='ltr'><strong>decernens,</strong></span> <span class='ocrx_word' id='word_1_674' title='bbox 2697 4796 2907 4850; x_wconf 73' lang='lat' dir='ltr'><strong>primus</strong></span> <span class='ocrx_word' id='word_1_675' title='bbox 2933 4793 3116 4848; x_wconf 73' lang='lat' dir='ltr'><strong>Xisms</strong></span> <span class='ocrx_word' id='word_1_676' title='bbox 3165 4792 3228 4826; x_wconf 74' lang='lat' dir='ltr'><strong>ut</strong></span> <span class='ocrx_word' id='word_1_677' title='bbox 3258 4791 3350 4844; x_wconf 83' lang='lat' dir='ltr'><strong>7us</strong></span> <span class='ocrx_word' id='word_1_678' title='bbox 3387 4805 3531 4861; x_wconf 69' lang='lat' dir='ltr'><strong>papa</strong></span> 
     </span>
    </p>
   </div>
   <div class='ocr_carea' id='block_1_83' title="bbox 177 4878 3529 4960">
    <p class='ocr_par' dir='ltr' id='par_1_83' title="bbox 177 4878 3529 4960">
     <span class='ocr_line' id='line_1_83' title="bbox 177 4878 3529 4960; baseline -0.002 -21"><span class='ocrx_word' id='word_1_679' title='bbox 177 4885 420 4949; x_wconf 89' lang='lat' dir='ltr'><strong>sionem,</strong></span> <span class='ocrx_word' id='word_1_680' title='bbox 447 4891 567 4954; x_wconf 91' lang='lat' dir='ltr'><strong>post</strong></span> <span class='ocrx_word' id='word_1_681' title='bbox 593 4884 907 4955; x_wconf 90' lang='lat' dir='ltr'><strong>plantarum</strong></span> <span class='ocrx_word' id='word_1_682' title='bbox 938 4884 1335 4950; x_wconf 89' lang='lat' dir='ltr'><strong>concisionem,</strong></span> <span class='ocrx_word' id='word_1_683' title='bbox 1370 4892 1492 4954; x_wconf 88' lang='lat' dir='ltr'><strong>post</strong></span> <span class='ocrx_word' id='word_1_684' title='bbox 1522 4884 1724 4956; x_wconf 70' lang='lat' dir='ltr'><strong>linguae</strong></span> <span class='ocrx_word' id='word_1_685' title='bbox 1755 4891 1810 4938; x_wconf 90' lang='lat' dir='ltr'><strong>et</strong></span> <span class='ocrx_word' id='word_1_686' title='bbox 1910 4905 2135 4960; x_wconf 86' lang='lat' dir='ltr'><strong>ymnum</strong></span> <span class='ocrx_word' id='word_1_687' title='bbox 2188 4889 2442 4952; x_wconf 82' lang='lat' dir='ltr'><strong>Sanctus,</strong></span> <span class='ocrx_word' id='word_1_688' title='bbox 2477 4890 2717 4950; x_wconf 83' lang='lat' dir='ltr'><strong>sanctus,</strong></span> <span class='ocrx_word' id='word_1_689' title='bbox 2767 4887 2988 4938; x_wconf 80' lang='lat' dir='ltr'><strong>sanctus</strong></span> <span class='ocrx_word' id='word_1_690' title='bbox 3015 4885 3293 4945; x_wconf 85' lang='lat' dir='ltr'><strong>Dominus,</strong></span> <span class='ocrx_word' id='word_1_691' title='bbox 3335 4878 3529 4933; x_wconf 87' lang='lat' dir='ltr'><strong>Teles-</strong></span> 
     </span>
    </p>
   </div>
   <div class='ocr_carea' id='block_1_84' title="bbox 179 4969 3532 5049">
    <p class='ocr_par' dir='ltr' id='par_1_84' title="bbox 179 4969 3532 5049">
     <span class='ocr_line' id='line_1_84' title="bbox 179 4969 3532 5049; baseline -0.002 -19"><span class='ocrx_word' id='word_1_692' title='bbox 179 4977 460 5032; x_wconf 89' lang='lat' dir='ltr'><strong>labiorum</strong></span> <span class='ocrx_word' id='word_1_693' title='bbox 489 4977 854 5044; x_wconf 83' lang='lat' dir='ltr'><strong>excisionem,</strong></span> <span class='ocrx_word' id='word_1_694' title='bbox 895 4977 1115 5033; x_wconf 91' lang='lat' dir='ltr'><strong>tandem</strong></span> <span class='ocrx_word' id='word_1_695' title='bbox 1150 4977 1550 5033; x_wconf 89' lang='lat' dir='ltr'><strong>consummavit</strong></span> <span class='ocrx_word' id='word_1_696' title='bbox 1602 4984 1811 5048; x_wconf 83' lang='lat' dir='ltr'><strong>marty-</strong></span> <span class='ocrx_word' id='word_1_697' title='bbox 1913 4979 2061 5035; x_wconf 83' lang='lat' dir='ltr'><strong>forus</strong></span> <span class='ocrx_word' id='word_1_698' title='bbox 2091 4980 2183 5032; x_wconf 78' lang='lat' dir='ltr'><strong>Sus</strong></span> <span class='ocrx_word' id='word_1_699' title='bbox 2214 4994 2354 5048; x_wconf 88' lang='lat' dir='ltr'><strong>papa</strong></span> <span class='ocrx_word' id='word_1_700' title='bbox 2384 4975 2820 5049; x_wconf 65' lang='lat' dir='ltr'><strong>quadragesimae</strong></span> <span class='ocrx_word' id='word_1_701' title='bbox 2845 4974 3118 5041; x_wconf 89' lang='lat' dir='ltr'><strong>jejunium</strong></span> <span class='ocrx_word' id='word_1_702' title='bbox 3151 4978 3360 5042; x_wconf 88' lang='lat' dir='ltr'><strong>septem</strong></span> <span class='ocrx_word' id='word_1_703' title='bbox 3395 4969 3532 5023; x_wconf 81' lang='lat' dir='ltr'><strong>heb-</strong></span> 
     </span>
    </p>
   </div>
   <div class='ocr_carea' id='block_1_85' title="bbox 183 5060 3528 5143">
    <p class='ocr_par' dir='ltr' id='par_1_85' title="bbox 183 5060 3528 5143">
     <span class='ocr_line' id='line_1_85' title="bbox 183 5060 3528 5143; baseline -0.003 -20"><span class='ocrx_word' id='word_1_704' title='bbox 183 5069 328 5123; x_wconf 88' lang='lat' dir='ltr'><strong>rium</strong></span> <span class='ocrx_word' id='word_1_705' title='bbox 354 5086 454 5140; x_wconf 91' lang='lat' dir='ltr'><strong>per</strong></span> <span class='ocrx_word' id='word_1_706' title='bbox 481 5071 683 5140; x_wconf 89' lang='lat' dir='ltr'><strong>capitis</strong></span> <span class='ocrx_word' id='word_1_707' title='bbox 729 5069 1123 5125; x_wconf 88' lang='lat' dir='ltr'><strong>abscisionem.</strong></span> <span class='ocrx_word' id='word_1_708' title='bbox 1167 5071 1352 5140; x_wconf 63' lang='lat' dir='ltr'><strong>(Bsoa,</strong></span> <span class='ocrx_word' id='word_1_709' title='bbox 1391 5071 1462 5123; x_wconf 84' lang='grc' dir='ltr'>Η.</span> <span class='ocrx_word' id='word_1_710' title='bbox 1495 5085 1562 5128; x_wconf 77' lang='grc' dir='ltr'><strong>θ.)</strong></span> <span class='ocrx_word' id='word_1_711' title='bbox 1595 5069 1814 5143; x_wconf 85' lang='lat' dir='ltr'><strong>Ansigi-</strong></span> <span class='ocrx_word' id='word_1_712' title='bbox 1913 5069 2245 5126; x_wconf 86' lang='lat' dir='ltr'><strong>domadibus</strong></span> <span class='ocrx_word' id='word_1_713' title='bbox 2275 5074 2399 5122; x_wconf 90' lang='lat' dir='ltr'><strong>ante</strong></span> <span class='ocrx_word' id='word_1_714' title='bbox 2440 5067 2644 5137; x_wconf 85' lang='lat' dir='ltr'><strong>pascha</strong></span> <span class='ocrx_word' id='word_1_715' title='bbox 2672 5065 2925 5130; x_wconf 88' lang='lat' dir='ltr'><strong>instituit,</strong></span> <span class='ocrx_word' id='word_1_716' title='bbox 2961 5080 3186 5134; x_wconf 82' lang='lat' dir='ltr'><strong>ymnum</strong></span> <span class='ocrx_word' id='word_1_717' title='bbox 3218 5060 3528 5132; x_wconf 82' lang='lat' dir='ltr'><strong>angelicum</strong></span> 
     </span>
    </p>
   </div>
   <div class='ocr_carea' id='block_1_86' title="bbox 183 5157 1762 5230">
    <p class='ocr_par' dir='ltr' id='par_1_86' title="bbox 183 5158 1762 5230">
     <span class='ocr_line' id='line_1_86' title="bbox 183 5158 1762 5230; baseline -0.001 -18"><span class='ocrx_word' id='word_1_718' title='bbox 183 5174 280 5213; x_wconf 90' lang='lat' dir='ltr'><strong>sus</strong></span> <span class='ocrx_word' id='word_1_719' title='bbox 311 5168 470 5229; x_wconf 88' lang='lat' dir='ltr'><strong>pater</strong></span> <span class='ocrx_word' id='word_1_720' title='bbox 521 5159 703 5230; x_wconf 89' lang='lat' dir='ltr'><strong>Pipini</strong></span> <span class='ocrx_word' id='word_1_721' title='bbox 756 5175 786 5213; x_wconf 93' lang='lat' dir='ltr'><strong>a</strong></span> <span class='ocrx_word' id='word_1_722' title='bbox 813 5159 1105 5215; x_wconf 89' lang='lat' dir='ltr'><strong>Gunduino</strong></span> <span class='ocrx_word' id='word_1_723' title='bbox 1143 5159 1453 5230; x_wconf 88' lang='lat' dir='ltr'><strong>perimitur,</strong></span> <span class='ocrx_word' id='word_1_724' title='bbox 1487 5174 1651 5229; x_wconf 90' lang='lat' dir='ltr'><strong>quem</strong></span> <span class='ocrx_word' id='word_1_725' title='bbox 1695 5158 1762 5230; x_wconf 78' lang='lat' dir='ltr'><strong>ip:</strong></span> 
     </span>
    </p>
   </div>
   <div class='ocr_carea' id='block_1_87' title="bbox 1874 5157 3533 5230">
    <p class='ocr_par' dir='ltr' id='par_1_87' title="bbox 1915 5157 3533 5227">
     <span class='ocr_line' id='line_1_87' title="bbox 1915 5157 3533 5227; baseline -0.006 -8"><span class='ocrx_word' id='word_1_726' title='bbox 1915 5165 2101 5221; x_wconf 82' lang='lat' dir='ltr'><strong>Gloria</strong></span> <span class='ocrx_word' id='word_1_727' title='bbox 2138 5166 2198 5217; x_wconf 82' lang='lat' dir='ltr'><strong>in</strong></span> <span class='ocrx_word' id='word_1_728' title='bbox 2242 5162 2466 5216; x_wconf 64' lang='lat' dir='ltr'><strong>excelsis</strong></span> <span class='ocrx_word' id='word_1_729' title='bbox 2519 5162 2625 5214; x_wconf 90' lang='lat' dir='ltr'><strong>Deo</strong></span> <span class='ocrx_word' id='word_1_730' title='bbox 2655 5157 2868 5213; x_wconf 88' lang='lat' dir='ltr'><strong>addidit</strong></span> <span class='ocrx_word' id='word_1_731' title='bbox 2926 5159 3187 5212; x_wconf 85' lang='lat' dir='ltr'><strong>Damasus</strong></span> <span class='ocrx_word' id='word_1_732' title='bbox 3212 5157 3338 5213; x_wconf 64' lang='lat' dir='ltr'><strong>35“s</strong></span> <span class='ocrx_word' id='word_1_733' title='bbox 3394 5172 3533 5227; x_wconf 88' lang='lat' dir='ltr'><strong>papa</strong></span> 
     </span>
    </p>
   </div>
   <div class='ocr_carea' id='block_1_88' title="bbox 188 5243 3537 5321">
    <p class='ocr_par' dir='ltr' id='par_1_88' title="bbox 188 5243 3537 5321">
     <span class='ocr_line' id='line_1_88' title="bbox 188 5243 3537 5321; baseline -0.002 -19"><span class='ocrx_word' id='word_1_734' title='bbox 188 5250 480 5306; x_wconf 89' lang='lat' dir='ltr'><strong>inventum</strong></span> <span class='ocrx_word' id='word_1_735' title='bbox 510 5260 564 5307; x_wconf 91' lang='lat' dir='ltr'><strong>et</strong></span> <span class='ocrx_word' id='word_1_736' title='bbox 595 5250 866 5307; x_wconf 89' lang='lat' dir='ltr'><strong>nutritum</strong></span> <span class='ocrx_word' id='word_1_737' title='bbox 899 5251 968 5306; x_wconf 91' lang='lat' dir='ltr'><strong>de</strong></span> <span class='ocrx_word' id='word_1_738' title='bbox 997 5267 1154 5308; x_wconf 90' lang='lat' dir='ltr'><strong>sacro</strong></span> <span class='ocrx_word' id='word_1_739' title='bbox 1194 5249 1343 5306; x_wconf 86' lang='lat' dir='ltr'><strong>fonte</strong></span> <span class='ocrx_word' id='word_1_740' title='bbox 1374 5256 1711 5321; x_wconf 87' lang='lat' dir='ltr'><strong>susceperat,</strong></span> <span class='ocrx_word' id='word_1_741' title='bbox 1757 5259 1813 5305; x_wconf 92' lang='lat' dir='ltr'><strong>et</strong></span> <span class='ocrx_word' id='word_1_742' title='bbox 1913 5251 2079 5307; x_wconf 81' lang='lat' dir='ltr'><strong>Credo</strong></span> <span class='ocrx_word' id='word_1_743' title='bbox 2104 5253 2165 5304; x_wconf 81' lang='lat' dir='ltr'><strong>in</strong></span> <span class='ocrx_word' id='word_1_744' title='bbox 2190 5265 2354 5304; x_wconf 84' lang='lat' dir='ltr'><strong>unum</strong></span> <span class='ocrx_word' id='word_1_745' title='bbox 2385 5251 2549 5303; x_wconf 87' lang='lat' dir='ltr'><strong>Deum</strong></span> <span class='ocrx_word' id='word_1_746' title='bbox 2579 5244 2942 5302; x_wconf 90' lang='lat' dir='ltr'><strong>sollemnibus</strong></span> <span class='ocrx_word' id='word_1_747' title='bbox 2975 5243 3173 5299; x_wconf 89' lang='lat' dir='ltr'><strong>diebus</strong></span> <span class='ocrx_word' id='word_1_748' title='bbox 3211 5243 3417 5300; x_wconf 88' lang='lat' dir='ltr'><strong>cantari</strong></span> <span class='ocrx_word' id='word_1_749' title='bbox 3449 5244 3537 5297; x_wconf 85' lang='lat' dir='ltr'><strong>in-</strong></span> 
     </span>
    </p>
   </div>
   <div class='ocr_carea' id='block_1_89' title="bbox 1552 5353 2180 5411">
    <p class='ocr_par' dir='ltr' id='par_1_89' title="bbox 1552 5353 2180 5411">
     <span class='ocr_line' id='line_1_89' title="bbox 1552 5353 2180 5411; baseline -0.002 -4"><span class='ocrx_word' id='word_1_750' title='bbox 1552 5353 1772 5409; x_wconf 79' lang='lat' dir='ltr'><strong>VARUE</strong></span> <span class='ocrx_word' id='word_1_751' title='bbox 1805 5353 2180 5411; x_wconf 84' lang='lat' dir='ltr'><strong>LECTIONES.</strong></span> 
     </span>
    </p>
   </div>
   <div class='ocr_carea' id='block_1_90' title="bbox 261 5449 3538 5530">
    <p class='ocr_par' dir='ltr' id='par_1_90' title="bbox 261 5449 3538 5530">
     <span class='ocr_line' id='line_1_90' title="bbox 261 5449 3538 5530; baseline -0.004 -17"><span class='ocrx_word' id='word_1_752' title='bbox 261 5455 326 5530; x_wconf 57' lang='grc' dir='ltr'>Ψ</span> <span class='ocrx_word' id='word_1_753' title='bbox 356 5457 448 5528; x_wconf 90' lang='lat' dir='ltr'><strong>qui</strong></span> <span class='ocrx_word' id='word_1_754' title='bbox 479 5458 518 5512; x_wconf 89' lang='lat' dir='ltr'><strong>i.</strong></span> <span class='ocrx_word' id='word_1_755' title='bbox 548 5457 740 5513; x_wconf 90' lang='lat' dir='ltr'><strong>oleum</strong></span> <span class='ocrx_word' id='word_1_756' title='bbox 768 5485 834 5498; x_wconf 79' lang='grc' dir='ltr'><strong>-ι</strong></span> <span class='ocrx_word' id='word_1_757' title='bbox 858 5455 1038 5512; x_wconf 82' lang='lat' dir='ltr'><strong>Xistus</strong></span> <span class='ocrx_word' id='word_1_758' title='bbox 1061 5460 1118 5512; x_wconf 86' lang='lat' dir='ltr'><strong>in</strong></span> <span class='ocrx_word' id='word_1_759' title='bbox 1143 5472 1342 5512; x_wconf 80' lang='lat' dir='ltr'><strong>rasura</strong></span> <span class='ocrx_word' id='word_1_760' title='bbox 1366 5457 1535 5511; x_wconf 87' lang='lat' dir='ltr'><strong>unius</strong></span> <span class='ocrx_word' id='word_1_761' title='bbox 1566 5456 1756 5523; x_wconf 87' lang='lat' dir='ltr'><strong>aujam</strong></span> <span class='ocrx_word' id='word_1_762' title='bbox 1784 5458 1961 5524; x_wconf 77' lang='lat' dir='ltr'><strong>primo</strong></span> <span class='ocrx_word' id='word_1_763' title='bbox 1991 5458 2289 5530; x_wconf 62' lang='lat' dir='ltr'><strong>scripserat</strong></span> <span class='ocrx_word' id='word_1_764' title='bbox 2326 5455 2497 5521; x_wconf 62' lang='lat' dir='ltr'><strong>lineas,</strong></span> <span class='ocrx_word' id='word_1_765' title='bbox 2537 5459 2586 5508; x_wconf 83' lang='lat' dir='ltr'><strong>et</strong></span> <span class='ocrx_word' id='word_1_766' title='bbox 2622 5456 2682 5508; x_wconf 86' lang='lat' dir='ltr'><strong>in</strong></span> <span class='ocrx_word' id='word_1_767' title='bbox 2725 5453 2976 5520; x_wconf 81' lang='lat' dir='ltr'><strong>margine</strong></span> <span class='ocrx_word' id='word_1_768' title='bbox 3014 5452 3132 5519; x_wconf 89' lang='lat' dir='ltr'><strong>Sig.</strong></span> <span class='ocrx_word' id='word_1_769' title='bbox 3162 5466 3280 5505; x_wconf 84' lang='lat' dir='ltr'><strong>cur.</strong></span> <span class='ocrx_word' id='word_1_770' title='bbox 3315 5449 3491 5503; x_wconf 78' lang='lat' dir='ltr'><strong>tertiis</strong></span> <span class='ocrx_word' id='word_1_771' title='bbox 3524 5463 3538 5512; x_wconf 88' lang='lat'><strong>;</strong></span> 
     </span>
    </p>
   </div>
   <div class='ocr_carea' id='block_1_91' title="bbox 191 5526 313 5580">
    <p class='ocr_par' dir='ltr' id='par_1_91' title="bbox 191 5526 313 5580">
     <span class='ocr_line' id='line_1_91' title="bbox 191 5526 313 5580; baseline 0.016 -2"><span class='ocrx_word' id='word_1_772' title='bbox 191 5526 313 5580; x_wconf 80' lang='lat' dir='ltr'><strong>rell.</strong></span> 
     </span>
    </p>
   </div>
   <div class='ocr_carea' id='block_1_92' title="bbox 263 5597 1974 5743">
    <p class='ocr_par' dir='ltr' id='par_1_92' title="bbox 263 5597 1974 5743">
     <span class='ocr_line' id='line_1_92' title="bbox 263 5597 1974 5743; baseline -0.001 -19"><span class='ocrx_word' id='word_1_773' title='bbox 263 5669 410 5743; x_wconf 71' lang='lat'><strong>(171)</strong></span> <span class='ocrx_word' id='word_1_774' title='bbox 443 5671 550 5742; x_wconf 79' lang='lat' dir='ltr'><strong>CL,</strong></span> <span class='ocrx_word' id='word_1_775' title='bbox 587 5671 768 5726; x_wconf 70' lang='lat' dir='ltr'><strong>Bsoa.</strong></span> <span class='ocrx_word' id='word_1_776' title='bbox 1769 5597 1974 5653; x_wconf 46' lang='grc' dir='ltr'><strong>ΝΟΜ</strong></span> 
     </span>
    </p>
   </div>
  </div>
