3894 6220
374 327 467 383 131

367 545 646 617 episcopis
676 545 1149 615 Constantinopoli
1170 546 1480 601 celebratae.
1506 544 1830 601 Caelestinus
1854 545 1981 600 Mus

369 653 513 708 papa
539 638 815 703 introitus,
837 637 1141 709 gradualia,
1172 636 1450 692 offertoria
1475 647 1529 693 et
1558 637 1982 693 communiones

307 764 316 775 ι
368 746 432 784 ex
480 729 706 800 psalmis
763 729 1033 785 modulari
1076 729 1477 800 antiphonatim
1536 730 1792 785 instituit.
1830 730 1981 784 Gela-

365 822 480 874 sius
530 822 658 875 47us
723 837 865 892 papa
935 822 1193 876 collectas
1256 830 1309 876 et
1368 821 1699 893 p'refationes
1754 837 1980 892 compo-

365 914 496 969 suit.
565 915 860 989 Gregorius
946 917 1072 969 Gius
1152 932 1292 986 papa
1361 918 1749 986 Kyrieleysan,
1821 916 1980 970 Chri-

363 1006 663 1072 steeieysan
688 1012 742 1059 et
768 1006 998 1059 Alleluia
1032 1014 1182 1059 extra
1213 1005 1726 1077 quinquagesimam
1761 1012 1815 1059 et
1863 1021 1981 1059 ora-

361 1094 570 1149 tionem
597 1095 950 1161 dominicam,
984 1112 1084 1166 per
1112 1112 1277 1167 quam
1305 1096 1479 1150 solam
1505 1097 1740 1167 apostoli
1768 1112 1937 1151 conse
1962 1127 1973 1136 -

362 1184 608 1250 crabant,
660 1191 784 1254 post
807 1199 1073 1239 canonem
1113 1184 1548 1238 consecrationis
1594 1184 1827 1239 addidit.
1893 1184 1973 1251 (G.

353 1274 533 1342 parit.)
560 1273 637 1326 Ad
669 1274 783 1327 haec
812 1272 1001 1328 omnia
1048 1272 1136 1326 hic
1163 1272 1388 1347 Sergius
1442 1274 1547 1328 hoc
1582 1273 1839 1328 ultimum
1879 1272 1980 1328 ad-

361 1363 519 1429 didit,
550 1371 608 1418 ut
648 1364 788 1418 inter
813 1363 1334 1419 communicandum
1388 1365 1578 1432 Agnus
1638 1367 1731 1419 Dei
1762 1380 1792 1418 a
1824 1365 1974 1422 clero

358 1457 626 1506 cantetur.
661 1451 950 1506 Constituit
982 1451 1170 1518 etiam,
1204 1459 1263 1505 ut
1312 1453 1366 1505 in
1410 1452 1838 1508 annuntiatione
1872 1455 1979 1509 Do-

359 1541 517 1608 mini,
548 1542 604 1595 in
636 1542 926 1598 festivitate
958 1560 1084 1615 qum
1118 1542 1321 1597 dicitur
1348 1545 1609 1615 ypapanti
1639 1545 1877 1613 Domini,
1925 1545 1980 1599 in

359 1633 642 1689 nativitate
698 1641 753 1688 et
785 1635 1163 1705 assumptione
1193 1644 1396 1689 sanctae.
1454 1632 1635 1687 Mariae
1663 1638 1863 1687 exeant
1894 1631 1979 1685 le-

359 1725 543 1781 taniai.
577 1725 671 1781 ilic
699 1741 902 1796 corpus
944 1725 1107 1796 primi
1141 1726 1338 1781 Leonis
1370 1741 1521 1796 papa:
1554 1725 1740 1779 divina
1772 1724 1982 1778 revela-

361 1816 513 1871 tione
545 1818 898 1887 transposuit.
934 1817 1035 1887 (V.
1070 1818 1241 1885 Lcad.)
1289 1816 1608 1871 lnnoccntia
1634 1822 1689 1870 et
1718 1816 1980 1870 meritum

358 1908 537 1965 sancti
569 1910 892 1983 Leodegarii
927 1911 1114 1965 multis
1162 1911 1443 1965 miraculis
1473 1911 1842 1966 declarantur.
1876 1911 1968 1980 (Η.

349 2000 447 2065 m.)
505 1999 810 2068 Imperator
849 2015 1038 2070 pacem
1080 2015 1204 2054 cum
1263 1999 1550 2054 Saracenis
1607 2007 1821 2071 pactam
1858 2000 1974 2054 sol-

352 2100 509 2152 vens,
538 2086 680 2141 mala
710 2087 790 2141 eis
821 2087 1025 2154 intulit,
1071 2096 1125 2142 et
1154 2088 1344 2159 pejora
1398 2089 1465 2143 ab
1497 2089 1578 2143 eis
1611 2090 1853 2160 pertulit.
1884 2090 1969 2159 (G.

349 2194 396 2232 1'.
430 2178 511 2248 F.)
542 2178 839 2233 Ebroinum
869 2179 1130 2247 majorem
1176 2180 1376 2235 domus
1423 2181 1715 2248 Neustrize,
1742 2181 1975 2235 Francos

352 2269 659 2324 insolenter
686 2271 1113 2341 opprimentem,
1150 2271 1524 2326 Ermenfridus
1552 2272 1791 2343 perimit,
1820 2280 1875 2327 et
1905 2272 1972 2327 ad

355 2361 608 2432 Pipinum
638 2362 908 2436 confugit.
950 2362 1210 2418 Waratho
1237 2379 1337 2434 pro
1371 2364 1613 2419 Ebroino
1666 2364 1841 2433 major
1868 2364 1972 2420 do-

359 2468 481 2508 mus
505 2454 762 2509 statuitur
786 2455 873 2509 ¹²².

464 2544 588 2599 689.
671 2545 731 2600 R.
773 2546 825 2599 3.
904 2545 1053 2600 8.2.
1134 2545 1190 2599 F.
1234 2547 1321 2600 10.
1404 2546 1553 2601 L.2.
1633 2550 1691 2601 A.
1768 2546 1821 2603 2.

944 2626 1023 2692 W.
1066 2639 1118 2692 ὅ.
1203 2640 1257 2692 Β.
1300 2640 1353 2693 9.

418 2729 503 2791 (Η.
530 2730 629 2797 m.)
655 2728 998 2783 Justinianus
1020 2746 1208 2800 pacem
1235 2746 1359 2784 cum
1391 2729 1717 2803 Bulgaribus
1747 2736 1963 2801 pactam

343 2815 526 2881 solvit,
558 2816 749 2887 eisque
786 2832 1125 2872 concurrens
1183 2819 1359 2888 primo
1400 2818 1548 2883 vicit,
1592 2827 1713 2888 post
1768 2819 1837 2873 ab
1886 2819 1965 2873 eis

345 2914 606 2978 exceptus
632 2909 717 2962 vix
750 2910 944 2964 evasit.
992 2910 1169 2980 (Cant.
1200 2912 1386 2978 Fred.)
1424 2911 1573 2965 Inter
1620 2912 1876 2983 Pipinum
1909 2918 1964 2967 et

344 3000 713 3058 Cissemarum
745 3003 918 3059 filium
949 3005 1297 3061 Warathonis
1345 3008 1492 3078 apud
1534 3008 1833 3063 Namucum
1864 3025 1962 3064 ca-

342 3102 515 3151 strum
572 3112 754 3171 pugna
808 3098 1184 3153 committitur.
1220 3098 1333 3154 Nec
1389 3100 1570 3155 multo
1602 3109 1725 3172 post
1770 3100 1958 3156 Cisse-

346 3202 497 3243 maro
527 3187 790 3243 divinitus
820 3188 1039 3257 punito,
1084 3189 1421 3245 Warathone
1468 3207 1690 3263 quoque
1722 3199 1961 3260 mortuo,

348 3275 624 3330 Bertarius
644 3292 819 3350 gener
840 3274 1191 3333 Warathonis
1211 3276 1271 3334 fit
1293 3279 1470 3347 major
1494 3280 1694 3336 domus
1715 3281 1820 3336 sub
1834 3297 1963 3355 rege

349 3365 716 3425 Theoderico.

520 3458 645 3516 690.
757 3461 811 3515 4.
922 3462 1140 3516 3.11.
1254 3464 1307 3518 3.
1421 3466 1473 3521 3.
1586 3467 1805 3522 6.10.

413 3551 573 3620 (G.r.
606 3552 690 3618 F.)
749 3552 983 3608 Sanctus
1012 3555 1309 3611 Audoenus
1368 3557 1788 3631 Rotomagensis
1835 3560 1961 3632 epi—

340 3660 541 3716 scopus
577 3646 716 3702 obiit
764 3648 850 3703 ηδ.
893 3649 1083 3718 (ΒευΑ,
1118 3653 1184 3706 Η.
1218 3652 1285 3722 e.)
1327 3653 1653 3712 Theodorus
1681 3656 1958 3728 archiepi-

337 3749 541 3806 scopus
570 3736 867 3809 Anglorum
897 3738 1051 3794 obiit.
1088 3740 1243 3811 (Cant
1308 3744 1486 3814 Frcd.)
1532 3744 1721 3801 Franci
1766 3745 1957 3801 Berta-

339 3826 421 3881 rio
449 3827 647 3895 aversi,
688 3827 944 3885 affectant
993 3847 1091 3902 per
1137 3831 1363 3889 obsides
1400 3835 1695 3891 amicitiam
1750 3836 1951 3907 Pipini,

337 3929 577 3988 eumque
604 3917 864 3993 instigant
893 3930 1083 3977 contra
1112 3923 1478 3994 principatum
1512 3925 1763 3980 Bertarii.

513 4013 636 4068 691.
747 4013 801 4069 5.
916 4016 1133 4072 4.12.
1225 4019 1273 4071 4.
1387 4019 1442 4072 4.
1552 4020 1771 4073 7.11.

402 4098 772 4157 Theodericus
801 4121 895 4159 rex
926 4121 1050 4159 cum
1082 4105 1347 4171 Bertario,
1380 4106 1576 4176 Pipino
1597 4123 1950 4181 congressus,

330 4184 604 4255 vincitur;
640 4191 914 4246 Bertarius
961 4208 991 4247 a
1046 4192 1161 4247 suis
1207 4192 1520 4263 perimitur.
1576 4196 1952 4252 Theodericus

329 4290 419 4330 rex
449 4292 479 4331 a
522 4276 719 4348 Pipino
749 4280 983 4349 capitur.
1020 4279 1248 4350 Pipinus
1275 4279 1581 4336 Neustriam
1613 4282 1717 4337 sibi
1750 4283 1945 4352 subju-

1581 324 1923 380 SIGEBERTI
1965 324 2477 391 GEMBIACENSIS.

366 456 612 512 stituitet
635 455 859 511 decreto
896 455 1155 511 secundae
1186 455 1513 511 universalis
1535 455 1753 526 synodi,
1789 471 1844 509 a.
1877 454 1982 508 150
2008 461 2056 525 Α

1989 3143 2040 3213 C

3609 343 3717 400 132

2253 458 2377 515 692.
2491 462 2543 514 6.
2656 464 2874 520 5.13.
2992 467 3041 521 5.
3159 468 3210 521 1.
3327 470 3550 526 8.12.

2156 550 2230 619 (Ρ.
2264 553 2342 616 D.)
2377 553 2559 609 Alahis
2596 553 2705 608 dux
2736 554 2920 628 fugato
2952 556 3256 630 Chunipert
3295 577 3530 636 regnum
3567 563 3713 617 Lan-

2081 644 2451 717 gobardorum
2480 646 2700 716 arripit;
2727 647 2814 701 cui
2845 647 3143 721 Chunipert
3171 652 3320 708 bello
3342 670 3708 730 congressus,

2081 745 2206 782 eum
2231 730 2469 799 perimit,
2502 749 2842 808 regnumque
2871 737 3069 807 recipit
3124 740 3311 807 (BEDA,
3354 745 3424 796 Η.
3465 753 3533 804 e.)
3572 744 3717 797 Wil-

2084 823 2359 881 librordus
2384 843 2505 882 cum
2537 829 2702 884 sociis
2727 830 2791 884 12
2819 832 3049 886 veniens
3069 833 3138 887 ab
3170 836 3385 910 Anglia,
3409 839 3713 893 sanctitate

2083 916 2252 971 claret
2280 916 2335 971 in
2367 919 2557 974 Gallia.
2592 921 2826 976 Sanctus
2847 922 3294 1000 Wandrigisilus,
3332 930 3426 1001 qui
3458 941 3513 986 et
3541 931 3716 985 Wan—

2081 1008 2174 1073 do,
2212 1009 2450 1083 Ansigisi
2493 1012 2714 1080 majoris
2745 1013 2946 1069 domus
2977 1031 3043 1070 ex
3079 1017 3358 1076 Walchiso
3414 1021 3583 1077 fratre
3618 1040 3719 1077 ne-

2085 1118 2205 1173 pos,
2231 1103 2337 1158 hoc
2368 1109 2617 1175 tempore
2647 1105 2866 1174 claruit,
2898 1107 2993 1179 qui
3028 1110 3263 1166 cenobia
3307 1113 3600 1169 Fiscanum
3657 1122 3719 1170 et

2083 1196 2442 1254 Fontinellam
2477 1201 2587 1255 Deo
2617 1203 2921 1259 construxit
2943 1206 3031 1259 ηδ.

2256 1288 2378 1345 693.
2494 1292 2543 1346 7.
2658 1291 2875 1348 6.14.
2990 1296 3042 1349 6.
3155 1297 3210 1351 2.
3321 1298 3374 1351 9.
3452 1299 3542 1354 13.

2153 1382 2327 1453 (Cant.
2381 1388 2561 1452 Fred.)
2613 1388 2985 1445 Theodericus
3033 1408 3125 1447 rex
3158 1391 3487 1449 Francorum
3546 1395 3715 1451 obiit.

2085 1469 2428 1527 Chlodoveus
2456 1472 2600 1529 filius
2627 1476 2745 1544 ejus
2776 1488 2970 1551 regnat
3002 1487 3124 1549 post
3164 1496 3288 1535 eum
3338 1482 3502 1536 annis
3529 1485 3585 1537 4.
3622 1488 3714 1550 (Π.

2082 1558 2186 1627 m.)
2218 1559 2473 1614 Saraceni
2529 1562 2803 1619 Romanos
2849 1566 3174 1639 gravissimo
3226 1569 3373 1625 bello
3437 1578 3715 1628 atterunt.

2085 1649 2269 1716 (Bsna,
2302 1656 2363 1704 II.
2396 1651 2471 1721 e.)
2514 1653 2753 1708 Eualdns
2782 1656 2939 1710 albus
2987 1666 3041 1713 et
3075 1658 3310 1714 Evaldus
3356 1661 3517 1733 niger
3568 1680 3713 1734 pre-

2080 1736 2295 1805 sbiteri,
2326 1740 2616 1797 venientes
2660 1743 2728 1796 ab
2758 1746 2968 1817 Anglia,
3024 1748 3450 1819 martyrizantur
3493 1751 3549 1805 iu
3585 1752 3718 1806 Gal-

2082 1828 2175 1889 lia,
2204 1840 2256 1884 et
2282 1830 2439 1901 jussu
2471 1832 2649 1904 Pipini
2686 1834 3035 1906 sepeliuntur
3065 1837 3120 1893 in
3164 1840 3562 1912 Agrippinensi
3602 1842 3715 1899 Co-

2076 1918 2243 1972 lonia.

2250 2008 2374 2063 694.
2486 2012 2539 2065 8.
2652 2015 2704 2067 7.
2820 2017 2869 2070 1.
2982 2019 3035 2071 7.
3133 2018 3521 2073 3.10.14.

2149 2100 2268 2169 (Ιὺ.)
2312 2100 2541 2171 Pipinus
2592 2104 2915 2161 Rabbodum
2968 2108 3165 2163 ducem
3210 2109 3513 2165 Fresonum
3555 2110 3711 2165 bello

2077 2186 2245 2253 vicit;
2280 2197 2335 2244 ct
2368 2190 2783 2248 Willibrordum
2804 2197 2952 2267 genti
2985 2196 3063 2251 illi
3093 2198 3160 2251 ad
3195 2198 3595 2268 predicandum
3621 2199 3713 2253 di-

2078 2281 2223 2353 rigit.
2254 2281 2464 2353 Kyliani
2498 2283 2960 2359 Wirziburgensis
2990 2288 3236 2359 episcopi
3266 2289 3579 2360 discipulus
3608 2292 3710 2344 Ar-

2076 2371 2205 2425 nual
2239 2372 2291 2425 in
2316 2372 2508 2437 Gallia,
2551 2374 2860 2430 Adamanus
2900 2376 3096 2442 abbas,
3128 2378 3434 2432 Adhelmus
3465 2385 3519 2433 et
3570 2378 3718 2433 Wil-

2075 2460 2179 2515 frid
2200 2461 2449 2535 episc0pi
2482 2463 2692 2519 clarent
2727 2465 2781 2519 in
2806 2465 2998 2541 Anglia
3030 2466 3116 2520 ¹²⁶.

2249 2555 2374 2609 695.
2486 2557 2539 2610 9.
2652 2558 2704 2612 8.
2816 2557 2870 2611 2.
2982 2558 3034 2612 8.
3113 2558 3165 2612 4.
3261 2560 3519 2614 11.15.

2145 2648 2231 2715 (G.
2265 2650 2438 2715 pant.)
2469 2649 2812 2704 Justinianus
2868 2650 3169 2721 imperator
3223 2658 3467 2708 sanctam
3538 2668 3714 2724 syno-

2072 2738 2199 2791 dum
2229 2738 2508 2792 intirmare
2540 2739 2753 2805 nititur,
2778 2746 2832 2794 et
2857 2740 3106 2813 Sergium
3137 2757 3333 2811 papam
3372 2742 3424 2795 in
3459 2742 3561 2796 hoc
3594 2741 3707 2796 sibi

2066 2827 2413 2882 resistentem
2444 2827 2695 2882 aecclesia
2720 2827 3016 2883 deturbare
3066 2827 3263 2883 frustra
3315 2830 3561 2885 molitur.
3616 2833 3701 2901 (II.

2063 2917 2171 2988 m.)
2205 2917 2444 2973 Defectio
2493 2919 2628 2974 solis
2682 2919 2822 2975 facta
2852 2927 2937 2976 est
2967 2922 3099 2976 hora
3151 2921 3264 2977 diei
3298 2923 3486 2989 tertia;
3520 2923 3601 2978 ita
3643 2933 3706 2978 ut

2064 3010 2315 3080 quaedam
2347 3010 2494 3065 clare
2522 3010 2696 3066 stellae
2726 3019 2989 3082 parerent
3016 3014 3101 3066 ηδ.

2233 3103 2357 3157 696.
2435 3103 2523 3157 10.
2637 3103 2689 3159 9.
2804 3105 2856 3161 3.
2970 3106 3022 3159 9.
3122 3105 3175 3161 5.
3254 3107 3342 3161 12.
3424 3109 3513 3163 16.

2136 3193 2230 3257 (ΙΙ.
2264 3192 2357 3262 m.)
2412 3191 2520 3248 Leo
2560 3192 2822 3263 patricius
2865 3194 3233 3249 Justinianum
3284 3213 3456 3268 regno
3490 3198 3699 3270 privat,

2064 3295 2302 3353 eumque
2332 3297 2461 3335 uase
2493 3288 2548 3336 et
2587 3281 2774 3357 lingua
2820 3290 3131 3339 truncatum
3164 3283 3220 3338 in
3256 3285 3426 3340 exilio
3460 3287 3696 3362 relegat.

2066 3370 2211 3425 Beda
2233 3371 2509 3442 presbiter
2539 3379 2595 3426 et
2642 3376 2948 3429 monachus
2974 3375 3189 3430 clarens
3236 3375 3293 3429 in
3338 3376 3553 3449 Anglia,
3596 3379 3697 3432 tri-

2060 3462 2331 3517 cesimum
2382 3462 2559 3517 atatis
2598 3480 2803 3518 annum
2843 3465 2973 3538 agit,
3028 3473 3082 3520 et
3137 3466 3412 3537 reliquum
3472 3474 3700 3538 tempus

2057 3553 2183 3608 vitae
2202 3554 2460 3626 legendo,
2488 3556 2771 3612 tractando
2812 3564 2867 3613 et
2904 3559 3235 3629 exponendo
3269 3566 3521 3615 sanctam
3548 3563 3697 3616 scri-

2059 3652 2271 3716 pturam
2307 3646 2516 3703 utiliter
2539 3648 2731 3720 exigit.

2231 3747 2355 3803 697.
2470 3750 2520 3803 1.
2598 3749 2684 3805 10.
2798 3752 2850 3805 4.
2929 3751 3016 3806 10.
3094 3752 3147 3806 6.
3229 3750 3317 3808 13.
3402 3756 3491 3810 17.
3705 3783 3733 3801 ~

2127 3840 2210 3909 (G.
2259 3857 2309 3894 r.
2350 3844 2435 3908 F.)
2487 3842 2698 3898 Mortuo
2751 3843 3044 3912 Clodoveo,
3099 3846 3460 3903 Hildebertus
3508 3847 3690 3904 frater

2053 3931 2174 3999 ejus
2201 3940 2393 4004 regnat
2424 3941 2543 4003 post
2572 3951 2698 3989 eum
2730 3936 2890 3990 annis
2919 3937 3005 3994 16.
3055 3937 3242 4009 (Beas,
3276 3943 3341 3995 Π.
3374 3944 3450 4008 e.)
3491 3941 3685 3996 Willi-

2051 4023 2286 4078 brordus
2318 4040 2349 4078 a
2377 4025 2568 4098 Sergio
2599 4042 2741 4097 papa
2770 4026 3025 4083 Clemens
3073 4031 3491 4104 agnominatus,
3529 4039 3585 4086 et
3613 4034 3687 4088 ad

2051 4118 2447 4188 predicandum
2478 4119 2628 4193 genti
2660 4120 2958 4176 Fresonum
2985 4123 3280 4194 episcopus
3296 4133 3682 4193 consecratus,

2052 4221 2114 4259 ex
2149 4206 2294 4262 dono
2324 4206 2504 4278 Pipini
2536 4207 2803 4279 principis
2857 4210 3046 4264 sedem
3075 4212 3453 4283 episcopalem
3484 4216 3683 4271 statuit

2050 4294 2102 4348 in
2154 4295 2275 4350 loco
2322 4294 2657 4351 Vultaburch
2710 4296 2880 4365 dicto,
2933 4299 3027 4370 qui
3076 4316 3223 4355 nunc
3272 4300 3675 4372 Vultrajeetum

325 4373 416 4435 gat
445 4372 500 4422 et
536 4366 640 4421 sub
666 4366 1005 4460 Theoderico
1036 4369 1191 4423 solus
1229 4369 1327 4424 toti
1359 4384 1529 4441 regno
1582 4370 1947 4442 principando
2047 4398 2079 4436 a
2119 4382 2342 4437 nomine
2371 4383 2554 4457 gentis
2581 4383 2857 4440 Vultarum
2888 4366 3218 4456 etiTrajecto
3272 4366 3677 4460 compdsitum,

328 4461 524 4581 flatum
559 4458 1064 4581 rrerum|meliorat
1121 4460 1379 4581 ῗῗηοιῑιῖη
1413 4477 1635 4581 (ιξιοξῐὲιο
1683 4463 2201 4581 ιδῐῗιδθνῖῡᾳυθεί
2256 4474 2533 4530 Vultarum
2593 4477 2881 4547 oppidum.
2939 4479 3056 4535 Non
3111 4458 3422 4550 Trajectuin
3480 4458 3678 4561 lingua

328 4550 444 4597 tum
476 4543 533 4598 in
563 4545 898 4614 Trajectensi
951 4547 1230 4618 presulatu
1265 4547 1488 4604 relocat.
1526 4551 1719 4619 (Bson,
1772 4554 1842 4607 H.
1875 4555 1942 4625 e.)

2046 4569 2249 4624 Gallica
2305 4570 2571 4640 oppidum
2629 4571 2848 4627 dicitur.
2896 4577 3051 4642 (Vita
3090 4578 3219 4643 Kit)
3274 4578 3435 4649 Apud
3473 4581 3678 4637 Wirzi-

324 4634 556 4726 Sanctus
584 4636 876 4693 Remaclus
916 4638 1021 4693 hoc
1052 4654 1199 4694 anno
1245 4639 1452 4696 Obiisse
1500 4643 1720 4700 dicitur.
1756 4647 1943 4704 Wich-
2042 4657 2214 4713 burch
2245 4666 2480 4712 castrum
2514 4658 2895 4717 Ostrofrancite
2944 4674 3168 4720 sanctus
3227 4634 3512 4724 Chilianus
3546 4686 3675 4726 cum

325 4725 441 4816 fred
471 4725 616 4782 filius
644 4728 860 4802 Egberti
892 4730 1060 4802 regis,
1113 4730 1382 4804 religione
1411 4739 1466 4789 et
1507 4735 1776 4795 industria
1804 4757 1940 4797 con-
2041 4745 2325 4816 discipulis
2351 4746 2467 4801 suis
2523 4746 2857 4806 Colomanno
2893 4759 2951 4806 et
2980 4752 3288 4810 Tolmanno
3347 4757 3490 4812 clam
3524 4725 3676 4814 mar-

320 4812 571 4881 fortatus,
603 4822 826 4889 gentem
875 4817 1173 4892 Anglorum
1221 4820 1289 4875 ab
1321 4825 1685 4894 Oppressione
1713 4835 1935 4886 extero-

319 4920 437 4960 rum
477 4904 697 4974 liberat,
730 4915 785 4962 et
812 4924 982 4981 super
1004 4925 1103 4966 eos
1131 4910 1201 4969 35
1230 4915 1390 4969 annis
1423 4926 1633 4991 regnat.

2037 4834 2298 4907 tyrizatur
2327 4851 2358 4889 a
2386 4835 2633 4905 Geilana,
2676 4853 2846 4894 uxore
2874 4840 3126 4897 Gozberti
3162 4843 3436 4916 principis
3467 4847 3672 4904 Wirzi-

2034 4927 2408 5000 burgentium,
2462 4945 2583 4999 qua!
2639 4930 2869 4987 timebat
2908 4934 3149 5005 separari
3197 4953 3228 4991 a
3264 4937 3383 4993 viro
3413 4955 3540 5009 suo,
3581 4958 3680 4998 ar-

1677 5047 1898 5104 VARIE
1922 5051 2303 5109 LECTIONES.

394 5155 1012 5254 ιξεξοηξςίξξξερξ
1038 5162 1439 5254 linea‘ttnagest
1468 5170 1718 5254 dimidia,
1751 5176 2049 5254 incipiens:
2082 5177 2384 5254 Ansigisus.
2433 5224 2444 5236 .
2489 5223 2500 5236 .
2549 5223 2562 5236 .
2613 5225 2624 5237 .
2670 5224 2683 5238 .
2724 5188 2961 5243 Exhibet
2997 5205 3060 5245 ea
3105 5206 3244 5247 unus
3291 5195 3353 5249 A.
3383 5198 3495 5253 ita:
3553 5200 3671 5254 An-

323 5226 526 5353 sigisus
551 5235 713 5309 pater
744 5229 958 5301 Pippini
987 5249 1018 5287 a
1064 5233 1358 5293 Gunduino
1404 5226 1714 5310 perimitur:

323 5315 350 5353 a
421 5314 689 5353 maximos
715 5300 923 5353 militiae
949 5303 1185 5353 honores
1206 5318 1527 5353 nmmmmi
1587 5314 1688 5353 ςρηι

320 5300 399 5354 ad
410 5300 689 5378 maximos
705 5300 923 5378 militiae
948 5303 1185 5361 honores
1206 5300 1550 5378 provexerat.
1586 5314 1688 5368 Sed

1750 5244 1918 5340 Quem
1941 5248 2069 5340 ipse
2101 5244 2385 5340 invevntu‘m
2417 5255 2914 5340 etngptritgmﬂet_a
2948 5244 3670 5340 gemmata-susceptum,

1720 5322 1845 5390 past
1868 5318 2043 5374 deleta
2069 5326 2233 5385 sunt;
2275 5324 2351 5390 cf.
2382 5339 2433 5376 a.
2467 5324 2592 5379 685.

2676 5328 2917 5410 “18:31.
2952 5331 3016 5387 R.
3056 5349 3106 5389 e.
3149 5350 3203 5390 o.
3231 5337 3429 5410 desunt
3459 5328 3548 5410 AI,
3574 5328 3675 5398 ubi

1001 5379 1011 5389 .
1206 5371 1221 5378 -
1332 5382 1342 5393 .
1720 5371 1740 5384 ι
1866 5391 1876 5401 ,
2221 5371 2233 5385 ι
2473 5371 2592 5379 ην-
2952 5371 3016 5387 ιι.
3057 5371 3106 5389 υ.
3149 5371 3203 5390 υ.
3231 5371 3427 5394 “om...
3459 5371 3548 5410 ,ιη
3576 5371 3671 5398 um

320 5371 812 5469 gl.
846 5371 970 5469 (3:ng
991 5379 1180 5469 gigni?
1192 5395 1343 5469 gnat
1369 5381 1568 5469 habent
1601 5383 1725 5438 83*.
1762 5386 1832 5469 D._
1852 5404 1916 5469 1n
1943 5395 2357 5469 seguenhanna
2389 5393 2495 5447 (31*
2548 5395 2615 5430 1³⁸
2643 5397 2701 5450 In
2730 5397 2899 5455 Gallia
2926 5432 2998 5442 —
3026 5408 3336 5462 construxit
3364 5413 3423 5464 in
3462 5420 3671 5469 rasura

320 5441 435 5521 Sig.
452 5456 605 5521 __aur._
628 5444 826 5521 tertiis:
903 5446 970 5521 “ﬁ
994 5441 1122 5521 Post
1149 5449 1259 5504 haec
1278 5466 1391 5505 una
1422 5453 1565 5507 linea
1594 5471 1770 5521 erasa,
1816 5441 1908 5520 1ζ.
1936 5441 2121 5515 ὰάἒᾶνῖ

2118 5465 2265 5554 ξδῗῖί
2321 5463 3101 5554 6⁸9⁵.“Ἶ⁰⁰Έ¹Ϋ⁰ΐίίίυνν9αθά
3124 5493 3247 5554 ana
3274 5463 3672 5554 mmmam:

320 5514 381 5566 in
413 5513 499 5574 1ζ.
529 5511 899 5570 additionibu:
927 5518 1180 5574 dabimus
1248 5524 1426 5576 Erasa
1454 5538 1594 5578 unus
1625 5526 1685 5579 A.
1734 5511 2311 5606 eis/iibetwitdevrliegga
2327 5511 2526 5591 relicta
2552 5511 3100 5612 335$;
3121 5511 3247 5604 55'
3259 5511 3671 5624 dﬁ'gciﬁéiquéi

322 5597 487 5624 natura
513 5582 713 5624 Mnnnm
746 5589 1137 5624 mnnnnim-inm
1168 5592 1490 5624 Anrlnnnnnn
1522 5594 1713 5624 μηνὶ...
1775 5600 1891 5624 π..-
1909 5602 2083 5624 ;-;ι....
2111 5602 2203 5624 ομ
2372 5622 2395 5624 η
2419 5623 2428 5624 ,
2466 5623 2502 5624 ρ
2556 5611 2565 5621 .
2735 5616 2747 5624 .
2878 5613 2894 5624 .
2921 5616 2931 5624 .
3185 5619 3202 5624 ,
3315 5622 3328 5624 -
3552 5596 3567 5623 9

1029 5589 1041 5600 .
1878 5582 1885 5583 ,
1909 5582 1942 5613 κ..
1981 5582 2092 5614 Γ.--
2132 5582 2311 5615 -Γοῠη
2337 5582 2349 5589 .
2367 5582 2526 5591 νη--.-
2552 5582 2786 5612 "una.-.
2819 5582 2877 5597 υν
2909 5582 2964 5598 ν,
2992 5582 3092 5600 oua
3121 5582 3232 5604 νῦν
3262 5582 3567 5624 ιιιαιιυιμᾰιι,
3612 5582 3671 5611 ει

322 5597 493 5666 supra
512 5582 714 5639 Mosam
746 5595 1137 5668 monasterium
1161 5592 1491 5647 Andenense
1522 5594 1735 5652 tundat.
1767 5600 1891 5653 Haec
1909 5606 2083 5668 igitur
2106 5602 2223 5672 Sig.
2255 5609 2436 5674 primo
2454 5611 2769 5680 scripserat,
2799 5613 2894 5669 sed
2908 5616 2969 5669 in
2997 5619 3235 5673 secunda
3262 5622 3501 5679 editione
3532 5643 3671 5697 sup-

322 5658 533 5697 ”mss‘t.
942 5690 1012 5697 _
1051 5670 1309 5697 norninant
1340 5663 1499 5697 IIII/'1'}
1552 5666 1658 5697 Amo
1715 5673 1775 5697 ..ι
1804 5670 1901 5697 μέλ
1939 5687 1952 5697 ι
1988 5673 2090 5697 nl."
2141 5680 2331 5697 _“_A-_-
2370 5680 2385 5697 Δ

319 5655 535 5709 pressit.
571 5654 639 5689 ¹²⁶
672 5654 915 5715 Defectio
942 5690 1012 5701 —
1051 5670 1313 5731 parerent
1340 5663 1499 5717 addit
1537 5666 1678 5720 Ans.

1715 5673 1775 5722 ut
1804 5670 1954 5738 vid.;
1986 5673 2108 5728 rell.
2135 5670 2333 5742 praeter
2356 5680 2415 5730 A.
