3894 6220
361 291 465 347 135

359 422 521 477 modo
552 422 753 477 dicitur
779 424 837 476 In
871 422 1116 493 periculo
1169 423 1352 491 maris,
1383 426 1667 482 veneratio
1731 428 1967 482 archan-
1996 435 2044 499 Α

356 514 466 583 geli
492 513 830 585 frequentari
868 514 1013 583 cepit
1044 515 1129 567 ³³⁸.

356 604 480 659 710.
515 605 577 659 R.
618 606 671 658 5.
716 605 770 658 S.
808 606 856 659 1.
900 605 975 658 Fl.
1021 607 1069 660 1.
1111 607 1163 659 5.
1201 605 1255 659 L.
1288 608 1341 660 9.
1374 608 1434 659 Α.
1474 607 1556 662 19.
1581 607 1665 661 W.
1697 609 1749 662 9.
1788 608 1843 661 Β.
1877 609 1964 661 10.

431 697 1009 766 (BsoA.)Justinianus
1049 698 1348 769 imperator
1407 698 1570 752 fidem
1608 699 1967 775 orthodoxam

360 787 664 857 amplexus,
699 783 1115 841 Constantinum
1158 803 1354 857 papam
1386 787 1454 840 ad
1485 803 1545 840 se
1577 787 1968 841 Constantino-

362 874 475 944 poli
495 874 705 941 invitat,
732 890 970 945 eumque
998 874 1312 928 venientem
1339 882 1399 928 ut
1444 874 1768 928 redeuntem
1799 873 1972 948 gloria

361 965 666 1034 apostolico
695 964 859 1037 digna
882 966 1130 1020 honorat.
1184 968 1210 1036 (
1224 968 1285 1022 V.
1334 966 1534 1037 Lamb.)
1568 966 1801 1022 Sanctus
1833 965 1971 1019 Huc-

362 1053 551 1108 bertus
580 1054 790 1109 caelitus
821 1055 1177 1123 ammonitus,
1236 1072 1437 1125 corpus
1494 1057 1669 1110 sancti
1700 1055 1970 1110 Lamberti

361 1162 393 1200 a
429 1147 673 1216 Trajecto
707 1147 966 1201 Leodium
1018 1164 1141 1201 cum
1174 1164 1372 1222 magna
1430 1149 1823 1204 miraculorum
1855 1149 1974 1220 glo-

364 1235 443 1291 ria
464 1236 643 1297 refert,
678 1235 978 1305 sedemque
1025 1236 1400 1306 episcopalem
1432 1236 1487 1289 in
1515 1236 1750 1290 eandem
1782 1237 1976 1290 urbem

363 1324 641 1379 transfert.
680 1324 759 1394 (Ρ.
788 1325 872 1383 D.)
905 1324 1420 1395 AnspranduS'cum
1450 1325 1715 1394 Bajoariis
1763 1325 1973 1379 Italiam

365 1419 584 1489 repetit,
609 1434 731 1472 cum
756 1418 1007 1488 Ariperth
1042 1419 1310 1493 confligit,
1340 1436 1518 1491 eoque
1552 1420 1796 1492 fugiente
1840 1427 1894 1472 et
1925 1419 1979 1472 in

291 1524 303 1534 '
366 1510 590 1565 ﬂuvium
624 1511 900 1573 demerso,
958 1527 1187 1585 regnum
1222 1512 1704 1585 Langobardorum
1761 1511 1977 1581 recipit.

364 1600 686 1671 Ansprando
717 1609 840 1671 post
886 1608 995 1654 tres
1028 1616 1249 1653 menses
1316 1609 1552 1666 mortuo,
1615 1600 1982 1671 Liutprandus
2090 1622 2093 1625 η

365 1694 512 1750 filius
531 1695 653 1764 ejus
668 1702 861 1769 regnat
879 1694 1038 1750 annis
1072 1695 1141 1749 32

578 1789 701 1843 712.
778 1789 811 1842 6
920 1788 973 1841 2.
1055 1788 1138 1841 14.
1218 1787 1269 1840 1.
1345 1788 1436 1841 20.
1515 1788 1599 1841 10.
1678 1788 1765 1840 11.

440 1878 639 1932 Sancta
696 1876 830 1943 Oda,
885 1891 1021 1930 uxor
1083 1875 1284 1949 Boggis
1345 1876 1504 1929 ducis
1561 1875 1979 1945 Aquitanorum,

370 1972 659 2028 sanctitate
692 1970 860 2025 claret
920 1968 975 2022 in
1025 1967 1217 2034 Gallia,
1253 1984 1374 2039 quae
1429 1968 1709 2022 wcclesias
1760 1968 1853 2021 Dei
1884 1983 1982 2021 sua

372 2067 567 2123 ditavit
591 2063 988 2128 munificentia,
1019 2069 1073 2117 et
1101 2064 1342 2119 moriens
1375 2064 1429 2117 in
1462 2062 1783 2117 Leodicensi
1821 2062 1983 2132 quie-

370 2156 445 2211 vit
474 2154 756 2227 parochia.

581 2240 705 2297 612.
784 2240 834 2295 7.
911 2241 962 2297 5.
1042 2240 1128 2293 15.
1211 2240 1265 2293 2.
1342 2240 1431 2293 21.
1513 2240 1599 2294 11.
1679 2240 1767 2293 12.

446 2331 532 2401 (ΙΙ.
565 2330 672 2400 m.)
704 2329 1064 2401 Philippicas,
1111 2327 1205 2398 qui
1263 2335 1318 2381 et
1367 2328 1692 2394 Bardanius,
1720 2327 1989 2382 Iustinia-

374 2442 506 2481 num
536 2426 919 2496 impcratorem
945 2425 1178 2499 jugulat,
1206 2432 1260 2479 et
1293 2434 1415 2495 post
1454 2426 1579 2479 eum
1620 2425 1781 2478 annis
1809 2424 1842 2478 2
1875 2425 1985 2477 im-

373 2525 545 2589 perat.
574 2519 654 2587 (G.
694 2523 873 2588 pont.)
904 2516 1297 2572 Constantinus
1320 2533 1461 2587 papa
1493 2517 1843 2587 populusque
1876 2517 1983 2571 Ro-

349 2626 565 2675 ,manus
594 2624 820 2675 nomen,
853 2609 1062 2663 litteras
1092 2618 1146 2663 et
1173 2607 1401 2680 figuram
1432 2607 1729 2677 Philippici
1763 2607 1985 2662 heretici

374 2697 723 2769 imperatoris
742 2696 1025 2767 suscipere
1056 2697 1291 2766 respuit.

592 2789 715 2843 713.
793 2789 845 2841 1.
922 2788 974 2841 4.
1053 2788 1140 2843 16.
1218 2788 1271 2840 3.
1348 2787 1437 2841 22.
1516 2786 1602 2840 12.
1683 2785 1770 2841 13.

445 2880 615 2951 (Matt.
681 2879 909 2950 [Fann.])
963 2878 1196 2933 Sanctus
1249 2877 1537 2931 Ursmarus
1594 2878 1893 2947 episcopus
1937 2886 1991 2931 et

374 2968 546 3023 abbas
575 2967 860 3023 Lobiensis
888 2966 1123 3021 czenobii
1172 2966 1332 3029 obiit,
1392 2966 1556 3037 eique
1610 2972 1831 3020 sanctus
1887 2966 1989 3019 Er-

376 3058 558 3113 minus
578 3058 632 3112 in
667 3058 937 3132 regimine
978 3058 1248 3112 succedit.
1282 3057 1629 3112 Grimoaldus
1685 3057 1859 3125 major
1888 3056 1992 3112 do-

378 3163 501 3201 mus
563 3146 752 3201 Leodii
809 3152 933 3200 ante
980 3145 1147 3199 altare
1195 3145 1368 3199 sancti
1430 3144 1701 3199 Lamberti
1758 3160 1994 3212 orans,a

379 3235 695 3310 Baingario,
722 3234 959 3289 satellite
994 3234 1246 3288 Rabbodi
1306 3233 1463 3288 ducis
1490 3233 1814 3301 Fresonum,
1845 3234 1993 3306 peri-

380 3331 565 3397 mitur,
590 3338 645 3385 et
695 3328 1083 3384 Theodoaldus
1127 3327 1272 3383 filius
1319 3328 1753 3401 Drogonisl173)
1785 3330 1854 3384 ab
1891 3346 1992 3384 avo

379 3437 481 3477 suo
509 3420 702 3491 Pipino
727 3420 903 3491 major
924 3421 1120 3476 domus
1147 3419 1420 3477 statuitur.

588 3527 712 3581 714.
788 3525 841 3580 2.
917 3527 971 3580 5.
1050 3526 1136 3580 17.
1215 3526 1267 3580 4.
1345 3525 1433 3580 23.
1516 3525 1599 3580 13.
1677 3525 1766 3579 14.

450 3617 530 3683 (Η.
563 3614 660 3685 m.)
685 3614 977 3682 Artemius,
1010 3614 1103 3686 qui
1138 3622 1192 3669 et
1248 3613 1583 3678 Anastasius,
1624 3613 1991 3684 Philippicum

378 3706 600 3782 privans
630 3706 866 3778 imperio
898 3714 951 3762 et
981 3707 1175 3772 oculis,
1204 3706 1439 3778 imperat
1453 3705 1613 3760 annis
1631 3706 1684 3760 2.
1717 3706 1992 3776 (G.pont.)

378 3796 673 3870 Gregorius
703 3796 961 3851 Romanae
992 3796 1253 3852 zecclesiaa
1317 3797 1445 3852 84us
1492 3794 1735 3866 presidct
1768 3796 1853 3849 "9.
1899 3794 1993 3849 Hic

380 3888 684 3956 constituit,
744 3894 803 3943 ut
861 3896 1109 3960 tempore
1165 3888 1605 3961 quadragesimae
1645 3886 1874 3952 5_Feria
1906 3887 1993 3954 je-

377 3980 596 4051 junium
627 3980 997 4035 etcelebritas
1052 3980 1347 4034 missarum
1401 3979 1558 4032 fieret
1609 3977 1663 4030 in
1722 3977 1993 4043 180018818,

383 4072 532 4143 quod
560 4086 672 4127 non
694 4071 860 4127 ﬁebat
889 4079 1071 4128 antea.
1096 4071 1177 4140 (Ρ.
1229 4070 1310 4133 1).)
1348 4070 1612 4124 Petronax
1660 4068 1794 4123 civis
1817 4068 1994 4121 Brixi-

384 4176 543 4229 anus,
600 4160 788 4216 divino
842 4161 1104 4215 instinctu
1148 4168 1204 4213 et
1264 4148 1511 4232 Gregorii
1567 4172 1721 4227 papae
1771 4156 1992 4210 hortatu

383 4253 674 4319 animatus,
698 4252 1014 4307 ccenobium
1055 4249 1229 4304 sancti
1275 4247 1559 4303 Benedicti
1582 4246 1729 4317 apud
1752 4252 1991 4301 castrum

384 4341 662 4396 Cassinum
710 4340 974 4395 nobiliter
1026 4337 1344 4403 retedificat,
1379 4345 1434 4391 et
1464 4335 1567 4391 sub
1600 4335 1870 4410 regimine
1891 4351 1992 4391 suo

384 4432 585 4488 multos
633 4432 703 4486 ad
745 4430 1076 4504 regulariter
1127 4428 1480 4484 serviendum
1538 4429 1650 4482 Deo
1709 4434 1991 4501 aggregat,

385 4523 618 4595 expletis
637 4522 760 4594 plus
791 4522 893 4578 110
914 4521 1095 4586 annis,
1115 4536 1181 4575 ex
1221 4535 1332 4591 quo
1360 4536 1390 4574 a
1422 4518 1798 4592 Langobardis
1826 4519 1996 4575 deso~

386 4614 550 4670 latum
572 4614 749 4669 fuerat
802 4613 974 4683 (Cant.
1030 4612 1211 4680 Fred.)
1264 4611 1491 4683 Pipinus
1543 4612 1805 4684 princeps
1838 4614 1992 4678 obiit,

384 4715 441 4761 et
461 4705 632 4761 ﬁlium
680 4719 840 4759 suum
888 4720 955 4757 ex
995 4702 1221 4772 Alpaide
1254 4703 1528 4771 Karolum,
1578 4704 1842 4760 Tudetem
1880 4705 1996 4761 sive

384 4797 693 4855 Martellum
717 4802 1107 4869 cognomento,
1132 4795 1472 4867 principatus
1496 4796 1581 4851 sui
1605 4796 1866 4852 heredem
1901 4812 1992 4851 re-

386 4885 570 4958 liquit.
605 4882 896 4939 Plictrudis
924 4882 1114 4937 relicta
1168 4882 1347 4954 Pipini
1405 4883 1659 4940 Karolum
1683 4885 1995 4955 privignum

384 4993 545 5032 suum
578 4982 798 5045 captum
829 4975 885 5029 in
917 4974 1141 5030 Colonia
1171 4976 1308 5031 urbe
1363 4977 1629 5033 custodim
1668 4972 1948 5046 mancipat
1978 4991 1993 5042 ;

383 5073 440 5120 et
466 5080 589 5121 cum
618 5070 822 5133 nepote
852 5078 951 5118 suo
980 5063 1330 5120 Theodoaldo
1379 5064 1586 5134 majore
1612 5064 1808 5119 domus
1843 5063 1997 5134 prin-

387 5156 628 5226 cipatum
661 5154 816 5227 regni
839 5161 1086 5225 usurpat.

1562 293 1905 348 SIGEBERTI
1954 295 2476 351 GEMBLACENSIS.

3586 302 3692 355 136

2284 429 2405 483 715.
2483 430 2532 482 1.
2611 430 2664 484 6.
2748 430 2832 484 18.
2910 429 2963 483 5.
3040 430 3128 485 24.
3210 430 3296 484 14.
3376 431 3463 484 15.

2139 524 2257 592 (1b.)
2284 523 2492 578 Mortuo
2550 522 2866 577 Hildeberto
2917 524 3251 579 Francorum
3305 540 3456 597 rege,
3489 524 3694 579 Clodo-

2068 631 2224 679 veus,
2279 614 2425 669 filius
2480 615 2619 683 ejus,
2681 623 2871 689 regnat
2915 616 3075 669 annis
3128 616 3160 669 4
3239 617 3431 671 Franci
3493 624 3697 670 contra

2070 708 2478 764 Theodoaldum
2511 709 2778 764 damnoso
2834 709 3113 781 utrimque
3155 710 3300 765 bello
3356 711 3694 780 conﬂigunt,

2073 814 2251 868 eoque
2278 798 2419 852 victo
2441 797 2838 870 Raginfredum
2886 798 3150 866 majorem
3210 799 3408 853 domus
3457 804 3513 852 et
3546 797 3702 851 Chil-

2074 887 2317 955 pericum
2351 903 2535 960 regem
2568 894 2832 941 statuunt.
2900 886 3130 941 Karolus
3177 887 3247 941 de
3288 886 3541 941 custodia
3585 902 3699 939 non

2072 989 2245 1028 vercze
2284 974 2471 1029 divino
2528 981 2660 1029 nutu
2709 974 2962 1045 eripitur,
3021 990 3257 1046 moxque
3316 974 3698 1045 principatum

2074 1079 2231 1117 suum
2255 1063 2322 1117 de
2355 1080 2520 1117 manu
2573 1062 2891 1137 Raginfredi
2943 1070 3271 1135 extorquere
3324 1061 3708 1132 nititur;pri-—

2078 1166 2279 1222 moque
2302 1151 2589 1205 Rabodum
2617 1151 2814 1205 ducem
2858 1150 3157 1205 Fresonum
3188 1150 3531 1224 Raginfredo
3552 1150 3709 1204 sola-

2080 1244 2307 1298 tiantem
2341 1261 2651 1318 aggressus,
2693 1244 2923 1298 multum
2960 1244 3232 1298 exercitus
3272 1243 3535 1297 damnum
3560 1257 3705 1296 con-

2080 1335 2346 1406 sequitur.
2409 1336 2497 1404 (A.
2554 1338 2742 1401 Xant.)
2792 1334 3026 1389 Sanctus
3078 1334 3326 1406 Egidius
3382 1333 3626 1388 veniens
3675 1349 3709 1386 a

2082 1426 2294 1489 Grecia,
2321 1427 2613 1482 sanctitate
2644 1428 2884 1482 claretin
2915 1426 3212 1482 Provintia.

2294 1534 2417 1587 716.
2494 1534 2548 1587 2.
2643 1534 2696 1588 7.
2778 1537 2799 1588 1
2905 1534 2939 1587 6
3054 1533 3143 1588 25.
3226 1533 3312 1586 15.
3394 1532 3481 1586 16.

2154 1632 2238 1702 (Η.
2272 1638 2372 1701 m.)
2427 1633 2767 1688 Theodosius
2809 1634 3157 1689 Anastasium
3210 1633 3277 1688 de
3337 1632 3576 1703 imperio
3606 1632 3712 1687 de-

2010 1731 2299 1798 Bponens
2366 1742 2607 1797 eumque
2696 1725 3079 1797 presbyterum
3133 1725 3421 1792 ordinans,
3468 1726 3709 1795 imperat

2083 1831 2227 1870 anno
2261 1832 2391 1871 uno.
2429 1817 2526 1882 Qui
2557 1834 2680 1871 cum
2713 1816 2903 1872 fuisset
2931 1818 3081 1872 iners
3123 1824 3177 1873 et
3208 1816 3379 1871 idiota
3432 1824 3485 1871 et
3518 1815 3711 1887 publi-

2084 1922 2269 1961 corum
2327 1908 2673 1982 negotiorum
2721 1917 2962 1975 exactor,
3009 1909 3060 1963 vi
3114 1909 3434 1978 compulsus
3485 1915 3570 1962 est
3626 1906 3697 1960 ab

2084 1998 2638 2070 exercituimperium
2670 2016 2957 2054 assumere
3008 1999 3131 2071 (ιθ.)
3186 1999 3305 2054 Ulid
3346 1998 3551 2052 amiras
3580 2014 3713 2053 mo-

2085 2088 2240 2155 ritur,
2271 2096 2391 2159 post
2421 2106 2587 2159 quem
2618 2089 2913 2159 Zuleymen
2945 2089 3106 2143 annis
3150 2090 3183 2142 3
3232 2089 3523 2143 Saracenis
3550 2088 3714 2159 prin-

2085 2181 2319 2251 cipatur.
2358 2180 2536 2248 (Brem,
2568 2185 2631 2234 11.
2679 2181 2748 2250 e.)
2784 2180 2955 2235 Osred
3004 2180 3543 2251 Nordanymbrorum
3577 2195 3714 2251 rege

2088 2275 2400 2339 perempto,
2434 2267 2682 2321 Coenred
2707 2274 2900 2341 regnat
2922 2268 3085 2322 annis
3105 2268 3156 2321 4.
3190 2268 3425 2322 Ecberth
3470 2268 3713 2322 veniens

2089 2363 2157 2417 ab
2190 2362 2472 2428 Hibernia,
2498 2362 2789 2417 sanctitate
2820 2373 2874 2417 et
2929 2363 3177 2418 doctrina
3208 2363 3376 2417 claret
3406 2363 3463 2417 in
3484 2363 3709 2437 Anglia.

2089 2454 2318 2507 Sanctus
2347 2452 2650 2506 Germanus
2677 2468 2708 2506 a
2763 2452 2957 2521 Byzico
3009 2452 3334 2508 transfertur
3357 2453 3429 2507 ad
3490 2454 3715 2524 episco-

2092 2552 2274 2616 patum
2305 2544 2995 2615 Constantinopolitanum.

2306 2656 2405 2711 7|7
2505 2656 2531 2709 1
2642 2658 2661 2710 1
2787 2657 2840 2709 2.
2937 2658 2986 2712 7.
3066 2657 3153 2711 26.
3237 2658 3322 2712 16.
3406 2658 3492 2713 17.

2161 2758 2247 2827 (11.
2280 2758 2374 2826 m.)
2396 2756 2741 2811 Theodosius
2782 2757 3076 2828 imperium
3107 2758 3357 2828 deponit.
3387 2759 3521 2814 Post
3550 2776 3719 2831 quem

2092 2848 2199 2904 Leo
2220 2849 2290 2904 24
2309 2848 2469 2903 annis
2520 2847 2811 2919 imperavit
2863 2849 2945 2919 (G.
3000 2850 3176 2920 pont.)
3223 2850 3525 2924 Gregorius
3571 2868 3719 2922 papa

2094 2942 2446 2999 Bonefacium
2474 2961 2505 2998 a
2526 2942 2809 2997 Britannia
2851 2943 3167 2998 venientem
3216 2943 3549 3013 episcopum
3579 2960 3717 3000 eon-

2091 3040 2289 3098 secrat,
2313 3039 2485 3103 etper
2528 3047 2651 3086 eum
2712 3032 2764 3085 in
2796 3030 3084 3085 Germania
3122 3032 3354 3086 verbum
3383 3032 3481 3087 Dei
3526 3033 3721 3103 predi-

2023 3098 2200 3179 Ccat.
2229 3124 2355 3193 (1b.)
2386 3098 2576 3179 Poma:
2635 3123 2923 3177 inundatio
2969 3139 3234 3194 aquarum
3280 3123 3452 3178 nimia
3518 3098 3719 3180 nimis-

2095 3230 2203 3285 que
2234 3213 2556 3269 calamitosa
2581 3212 2721 3268 facta
2743 3220 2845 3268 est.
2886 3213 2992 3267 Sed
3020 3212 3286 3287 Gregorio
3327 3229 3472 3284 papa
3502 3215 3720 3269 crebris

2094 3305 2315 3361 letaniis
2336 3306 2504 3361 Deum
2526 3305 2802 3377 placante,
2837 3313 2962 3376 post
2979 3305 3011 3359 8
3033 3304 3154 3360 dies
3177 3321 3433 3377 repressa
3460 3315 3567 3361 est.

2307 3413 2430 3468 718.
2507 3413 2558 3466 1.
2636 3412 2688 3466 2.
2769 3411 2822 3467 3.
2913 3410 2965 3463 8.
3068 3410 3156 3464 27.
3236 3412 3323 3465 17.
3404 3412 3495 3466 18.

2171 3502 2254 3571 (Η.
2285 3501 2384 3571 m.)
2435 3500 2730 3570 Zuleymen
2775 3499 2977 3553 amiras
3021 3514 3143 3553 cum
3207 3497 3434 3554 amireis
3488 3501 3609 3556 suis
3665 3512 3723 3556 et

2093 3592 2235 3647 stolo
2262 3590 2483 3645 navium
2512 3606 2666 3661 pzene
2696 3590 2856 3645 trium
2905 3590 3115 3644 milium
3168 3590 3714 3661 Constantinopolim

2094 3679 2332 3736 triennio
2363 3678 2607 3734 obsidet.
2640 3678 2901 3753 Bulgares
2928 3679 3324 3734 Saracenorum
3358 3680 3585 3753 triginta
3616 3681 3721 3734 mi-

2094 3768 2165 3822 lia
2194 3768 2493 3839 perimunt.
2520 3768 2689 3837 (Cant.
2745 3769 2925 3838 Fred.)
2985 3767 3213 3822 Karolus
3261 3767 3315 3820 in
3344 3784 3489 3842 pago
3523 3768 3719 3824 Came-

2096 3876 2325 3915 rarense
2381 3859 2530 3929 apud
2580 3859 2895 3914 Vinciacum
2945 3859 3224 3914 dominico
3295 3870 3425 3914 ante
3485 3862 3715 3930 pascha,

2097 3955 2246 4027 quod
2277 3962 2394 4010 erat
2420 3954 2488 4010 13
2518 3954 2633 4010 Kal.
2663 3955 2882 4025 Aprilis,
2933 3953 3240 4025 Chilperico
3290 3962 3347 4009 et
3368 3955 3716 4028 Raginfredo

2098 4047 2472 4121 congreditur.
2530 4046 2899 4121 Raginfredus
2921 4047 3099 4102 victus
3135 4047 3191 4101 in
3223 4046 3405 4120 fugam
3436 4049 3715 4111 vertitur,-

2097 4140 2324 4195 Karolus
2365 4154 2460 4196 eos
2509 4155 2685 4209 usque
2732 4138 2969 4193 Parisius
3018 4137 3393 4209 persequitur.
3455 4141 3610 4207 (Vita
3654 4141 3714 4195 S.

2102 4232 2283 4299 Wlfr.)
2320 4229 2618 4284 Rabbodus
2646 4228 2754 4283 dux
2804 4228 3098 4283 Fresonum
3159 4228 3540 4298 predicatione
3582 4229 3715 4283 Vul-

2094 4322 2272 4377 franni
2303 4322 2549 4392 epiSCOpi
2572 4320 2639 4375 ad
2672 4321 2775 4375 hoc
2802 4321 3090 4384 adductus,
3140 4328 3204 4373 ut
3231 4319 3504 4390 baptizari
3537 4320 3715 4376 debe-

2096 4423 2199 4481 ret,
2225 4431 2348 4469 cum
2372 4430 2545 4468 unum
2578 4412 2775 4484 pedem
2837 4412 2892 4466 in
2949 4412 3164 4467 lavacro
3195 4411 3535 4478 intinxisset,
3569 4412 3715 4468 alte-

2098 4523 2217 4561 rum
2259 4506 2456 4575 pedem
2513 4504 2798 4559 retrahens
2830 4504 3223 4577 interrogavrt:
3262 4504 3498 4558 Ubinam
3527 4505 3715 4574 plures

2096 4614 2314 4655 suorum
2340 4598 2609 4667 majorum
2648 4602 2839 4659 essent,
2879 4599 2937 4651 in
2967 4599 3179 4663 inferno
3209 4611 3280 4651 an
3298 4599 3361 4649 in
3383 4598 3668 4665 paradyso
3690 4600 3719 4651 ?

2098 4701 2152 4749 et
2180 4693 2432 4760 audiens,
2453 4693 2636 4764 plures
2665 4708 2787 4747 esse
2828 4692 2884 4745 in
2925 4690 3162 4756 inferno,
3195 4691 3488 4746 intinctum
3513 4692 3715 4762 pedem

2098 4784 2412 4850 extrahens,
2437 4783 2616 4838 Satius
2646 4789 2747 4850 est,
2786 4782 2986 4855 inquit,
3029 4788 3090 4838 ut
3116 4783 3320 4852 plures,
3379 4800 3547 4853 quam
3570 4799 3718 4854 pau-

2098 4878 2265 4931 ciores
2326 4890 2538 4944 sequar.
2578 4874 2637 4928 Et
2678 4873 2753 4927 ita
2803 4871 3118 4927 ludificatus
3173 4888 3204 4926 a
3251 4872 3529 4940 daemone,
3585 4889 3720 4943 pro-

2098 4966 2347 5021 mittente
2370 4965 2517 5036 quod
2549 4965 2600 5019 ei
2630 4965 2789 5018 tertia
2837 4963 3042 5018 abhinc
3099 4962 3189 5016 die
3253 4963 3720 5033 incomparabilia

2099 5056 2434 5122 bonadaret,
2484 5054 2602 5125 ipsa
2646 5054 2804 5109 tertia
2853 5053 2943 5107 die
2972 5052 3155 5107 subita
3197 5057 3252 5107 et
3298 5058 3509 5106 aeterna
3538 5060 3721 5107 morte

2097 5151 2280 5222 periit.

1736 5276 1953 5332 νΑιιιΑε
2004 5273 2360 5333 LECTIONES

460 5373 529 5410 1³⁸
551 5372 901 5448 Childeberto
957 5377 1101 5448 cepit
1139 5380 1199 5432 iu
1245 5393 1403 5446 marg

1455 5378 1566 5431 add
1614 5377 1918 5439 Ansetmus,
1986 5378 2049 5430 m’
2085 5377 2223 5441 forte
2258 5375 2354 5441 Sig
2410 5374 2555 5427 curis
2599 5374 2771 5426 tertiis
2822 5371 2963 5426 :rell
2995 5369 3061 5405 ¹²⁹
3093 5372 3174 5424 ita
3215 5370 3310 5437 Sig
3342 5369 3451 5424 B4."
3510 5369 3601 5435 C1,
3642 5372 3680 5425 3
3712 5414 3726 5437 ,

388 5444 763 5520 octagesimus
792 5454 978 5503 sextus
992 5443 1042 5503 et
1070 5452 1147 5504 sic
1173 5464 1337 5519 porro
1371 5443 1439 5502 Ἠ
1481 5467 1497 5511 ;
1532 5447 1770 5501 LXXXVI
1797 5463 1918 5501 corr
1948 5445 2211 5500 LXXXVII
2240 5450 2289 5499 ct
2316 5447 2384 5513 ipc
2424 5445 2673 5513 deinceps
2702 5443 2766 5497 Ι).

1950 5543 2157 5599 NOTAE.

466 5644 613 5717 (173)
639 5643 794 5701 Falso
828 5663 843 5713 ;
871 5644 1190 5713 Grimoaldi,
1219 5654 1277 5701 ut
1307 5645 1515 5700 habent
1536 5644 1771 5700 Annales
1798 5645 2092 5700 Mettenses
2118 5652 2173 5699 et
2202 5645 2359 5701 Cont.
2393 5643 2549 5699 Fred.
