3894 6220
148 236 232 291 137

266 364 375 419 719.
450 361 508 415 R.
552 360 604 413 2.
680 358 714 412 S
775 357 827 412 3.
909 356 964 410 F.
1006 356 1059 409 4.
1148 354 1204 409 L.
1245 355 1298 408 9.
1376 353 1435 407 A.
1474 352 1564 408 28.

657 445 744 501 W.
790 444 872 500 18.
954 443 1020 498 Β.
1064 442 1151 496 19.

200 545 272 609 (Η.
314 539 399 611 m)
437 536 733 609 Zuleymen
786 533 988 589 amiras
1054 531 1304 587 moritur.
1357 530 1489 585 Post
1547 545 1711 601 quem

147 632 349 686 llaumar
392 628 729 700 principatur
779 622 1066 678 Saracenis
1105 622 1265 676 annis
1297 621 1349 675 2.
1405 620 1717 676 Constanti-

1582 218 1940 275 CHRONICA.

1733 352 1787 421 Α
1818 352 1893 420 (Ρ.
1916 351 2000 420 D.)
2019 350 2427 422 Liuthprandus
2447 365 2541 404 rex
2563 349 2874 405 Ravennam
2899 350 3145 411 obsidet;
3180 350 3420 408 Classem

1815 442 2213 497 Ravennatium
2250 441 2524 496 civitatem
2557 447 2768 511 captam
2794 441 3049 497 destruit.

3319 221 3424 279 138

2004 532 2128 589 723.
2240 532 2294 587 6.
2407 533 2461 587 2.
2573 533 2625 587 2.
2742 532 2831 589 13.
2944 532 3033 586 32.
3146 533 3238 591 23.

1890 630 2057 697 (Cant.
2091 628 2273 692 Frcd.)
2307 627 2535 682 Karolus
2566 627 2810 682 Saxones
2843 626 3107 682 debellat.
3157 627 3430 703 Rigobcr-

150 719 416 791 nopolitani
455 716 715 772 instantia
752 715 946 770 orandi
998 720 1053 769 et
1090 713 1401 769 constantia
1443 711 1715 783 preliandi
1821 725 1910 775 tus
1937 720 2235 791 episcopus
2264 719 2552 777 Remensis
2591 736 2621 773 ει
2652 719 2847 774 Karolo
2895 718 2984 785 130,
3015 733 3114 774 suo
3154 718 3209 773 in
3252 720 3432 790 bapti-

148 810 333 865 fortiter
364 807 621 862 resistunt
649 806 956 859 Saracenis.
1003 803 1261 858 Saraceni
1290 801 1457 869 fame,
1490 800 1720 874 frigore,

151 901 294 965 bello,
314 898 620 972 pestilentia
651 897 771 952 sine
795 911 1027 951 numero
1062 903 1314 967 pereunt.
1350 894 1560 948 Mortuo
1594 907 1722 965 rege

153 994 441 1063 Dagaherlo,
471 991 760 1047 Lotharius
794 996 985 1064 regnat
1035 989 1195 1041 annis
1225 988 1277 1041 2.
1335 988 1523 1055 (Dum,
1560 991 1618 1039 11.
1653 987 1722 1054 ε.)

150 1083 256 1136 Post
290 1081 521 1136 Coenred
554 1087 747 1153 regnat
778 1076 1209 1147 Nordanymbris
1238 1074 1422 1129 Osrich
1456 1073 1720 1128 annis“.

149 1178 222 1241 (η.
274 1177 362 1241 m.)
389 1172 771 1228 Constantinus
800 1168 946 1224 ﬁlius
975 1167 1173 1222 Leonis
1216 1166 1562 1238 imperatoris
1594 1167 1721 1220 dum

145 1265 423 1336 baptizatur
458 1281 488 1318 a
527 1264 840 1334 patriarcha
872 1263 1163 1325 Germano,
1197 1275 1397 1315 cacans
1443 1259 1498 1312 in
1533 1267 1726 1312 sancto

146 1355 390 1418 lavachro,
421 1369 679 1427 magnum
722 1340 813 1406 dat
856 1338 1170 1423 presagium
1203 1349 1350 1420 quod
1384 1348 1597 1403 futurus
1634 1364 1727 1401 es-

149 1453 216 1500 set
241 1444 486 1499 aecclesize
519 1444 614 1498 Dei
638 1443 697 1497 in
726 1441 1067 1497 scandalum.

330 1540 449 1593 720.
525 1539 579 1596 3.
660 1540 712 1592 1.
789 1537 840 1590 1.
922 1535 1007 1590 10.
1087 1536 1174 1589 29.
1258 1534 1346 1588 19.
1423 1532 1512 1587 20.

208 1629 312 1696 (1b.)
357 1627 612 1683 Saraceni
643 1627 711 1679 ab
742 1625 1033 1681 obsidione
1060 1623 1568 1693 Constantinopolis
1597 1638 1732 1678 con-

147 1718 234 1773 fusi
262 1719 547 1785 desistunt,
590 1718 724 1787 ipsis
767 1732 890 1771 cum
933 1715 1167 1770 navibus
1229 1714 1345 1769 suis
1376 1714 1570 1784 partim
1604 1730 1729 1767 ma-

148 1808 251 1864 rino
291 1810 411 1880 igne
463 1805 831 1877 consumptis,
896 1806 1095 1875 partim
1164 1804 1456 1869 demersis,
1538 1802 1733 1873 partim

149 1901 301 1973 ignea:
327 1900 612 1977 grandinis
640 1905 965 1970 tempestate
995 1897 1358 1967 consumptis,
1404 1903 1458 1951 et
1497 1911 1561 1949 ex
1592 1901 1739 1949 tanta

148 1990 283 2059 copia
336 1989 550 2044 navium
600 1987 691 2041 vix
732 1986 977 2059 quinque
1028 1984 1285 2049 residuis,
1337 1983 1584 2056 potentia
1644 1982 1741 2037 Dei

148 2081 332 2136 cunctis
357 2080 599 2136 innotuit
649 2077 893 2150 populis.
938 2077 1083 2130 lntra
1140 2076 1418 2130 civitatem
1450 2090 1580 2129 vero
1639 2073 1742 2129 300
1784 2150 1793 2159 Ι

148 2174 278 2228 milia
313 2175 598 2229 hominum
628 2171 948 2243 pestilentia
989 2169 1296 2242 perierunt.
1330 2168 1567 2223 Haumar
1598 2167 1743 2223 chri-

149 2263 329 2321 stianos
356 2281 719 2336 persequens,
754 2264 956 2320 multos
996 2279 1184 2319 eorum
1239 2261 1435 2316 Christi
1476 2265 1745 2328 martyres

150 2356 259 2413 fecit
304 2361 467 2427 (Cant.
500 2358 691 2415 Fred)
717 2356 1025 2427 Hilpericus
1066 2365 1119 2410 et
1161 2354 1536 2429 Raginfredus
1558 2353 1739 2408 Eudo-

150 2464 255 2502 nem
282 2447 465 2502 ducem
499 2448 810 2519 Aquitaniae
840 2447 1043 2501 auxilio
1066 2446 1174 2500 sibi
1219 2447 1527 2505 asciscunt;
1558 2445 1650 2516 qui
1688 2446 1740 2498 in

152 2551 422 2609 congressu
462 2553 494 2590 a
536 2535 735 2591 Karolo
791 2535 938 2593 victi.
979 2535 1066 2589 vix
1116 2534 1247 2609 fuga
1277 2535 1539 2589 evadunt.
1592 2534 1741 2589 Eudo

151 2628 343 2683 rediens
396 2628 763 2700 Chilpericum
822 2643 1009 2682 secum
1064 2627 1308 2682 abducit.
1367 2627 1623 2682 Saraceni
1679 2643 1743 2681 ex

154 2718 342 2786 Africa,
383 2719 523 2775 duce
576 2718 882 2790 Abdyrama
920 2715 1033 2771 filio
1094 2716 1360 2772 Muhavize
1407 2716 1635 2784 amirei,
1687 2716 1743 2770 in

156 2806 447 2879 Hispaniam
481 2807 867 2873 transfretant,
919 2822 1153 2878 eamque
1182 2806 1290 2860 sib‘i
1323 2805 1626 2860 vindicant.
1665 2805 1744 2859 Ita

150 2914 352 2973 regnum
383 2899 830 2975 Wisigotharum
864 2904 918 2952 et
943 2898 1249 2953 Suevorum
1291 2897 1631 2952 destructum
1661 2902 1747 2950 est

152 3000 199 3047 et
247 2996 513 3049 redactum
558 2992 665 3046 sub
716 2990 1028 3055 Saracenis,
1061 2989 1222 3043 annis
1266 2988 1390 3059 plus
1421 2989 1604 3043 minus
1642 2988 1747 3042 346

148 3084 378 3151 evolutis,
405 3100 471 3138 ex
516 3096 634 3153 quo
663 3096 695 3134 a
724 3079 928 3135 Seithia
984 3077 1198 3149 expulsi
1242 3084 1370 3132 sunt
1420 3078 1488 3131 ab
1545 3076 1742 3141 lluuis;

150 3188 207 3226 ex
233 3189 334 3243 quo
359 3186 488 3227 vero
516 3169 848 3226 cedentibus
877 3167 1160 3224 Wandalis
1201 3175 1255 3221 et
1286 3166 1518 3221 devictis
1555 3166 1748 3220 Suevis

149 3272 414 3335 cmperunt
457 3278 696 3339 regnare
752 3261 809 3316 in
850 3260 1147 3331 Hispaniis,
1187 3258 1349 3313 annis
1400 3258 1617 3313 circiter
1644 3258 1748 3312 256

147 3352 379 3406 evolutis.
430 3352 689 3427 Regnum
720 3365 849 3405 vero
892 3348 1066 3405 tertiae
1107 3348 1276 3418 partis
1340 3346 1746 3418 Hispaniarum,

148 3445 277 3515 quod
306 3445 506 3500 dicitur
528 3441 953 3507 Gallitiensium,
1002 3440 1150 3513 quod
1195 3456 1296 3494 nec
1351 3445 1484 3495 tunc
1515 3439 1749 3514 Wisigo-

148 3535 266 3601 thae,
303 3552 401 3591 nec
439 3541 638 3608 postea
689 3533 946 3588 Saraceni
993 3537 1292 3603 potuerunt
1342 3530 1626 3605 subigere,
1658 3531 1750 3585 ad-

150 3626 245 3681 huc
270 3627 412 3699 viget
448 3627 758 3694 incolume,
799 3631 853 3680 et
906 3625 1004 3680 Dei
1043 3631 1373 3699 protegente
1412 3622 1521 3678 fide
1563 3628 1751 3677 manet

152 3719 592 3793 inexpugnabile.

310 3812 431 3867 721.
586 3811 637 3863 4.
747 3809 800 3862 2.
915 3808 970 3863 2.
1090 3810 1175 3864 1|.
1289 3809 1376 3863 30.
1496 3809 1587 3861 21.

216 3905 417 3974 (1!.m.)
452 3904 696 3957 Haumar
745 3900 946 3955 amiras
991 3901 1251 3966 moritur;
1300 3906 1425 3972 post
1468 3915 1634 3970 quem
1672 3897 1761 3952 Gi-

155 3995 230 4050 zid
267 3997 557 4053 Saracenis
609 3996 951 4068 principatur
1002 3996 1161 4051 annis
1216 3997 1269 4051 4.
1331 3994 1508 4065 (Cant.
1570 3995 1754 4064 Fred.)

156 4086 351 4145 Mortuo
381 4086 640 4146 Lotliario
687 4104 835 4163 rege,
872 4088 1100 4143 Karolus
1128 4087 1493 4159 Chilpericum
1527 4085 1596 4140 ab
1650 4086 1758 4141 lu—

155 4181 286 4238 donc
330 4201 427 4255 per
455 4186 670 4258 legatos
700 4183 922 4255 recipit,
957 4199 1197 4255 eumque
1226 4183 1332 4237 sibi
1373 4198 1559 4256 regem
1607 4180 1754 4236 facit.

1823 815 1997 863 smate
2025 806 2216 873 filiolo,
2248 807 2315 861 ab
2356 808 2678 878 episcopatu
2706 807 3024 879 deponitur,
3063 823 3161 878 pro
3188 823 3255 862 eo
3284 808 3435 879 quod

1824 900 1900 954 illi
1958 908 2146 955 contra
2206 898 2597 971 Raginfredum
2656 900 2805 955 eunti
2857 899 3047 954 urbem
3107 900 3432 955 Remensem

1827 1007 1920 1061 pre
1976 991 2169 1044 timore
2239 986 2556 1058 Raginfrcdi
2607 989 2819 1057 aperire
2881 989 3078 1044 noluit.
3140 990 3437 1045 Eucherius

1826 1096 2047 1152 quoque
2098 1081 2508 1135 Aurelianensis
2553 1080 2851 1151 episcOpus
2908 1096 3007 1151 pro
3055 1082 3222 1136 simili
3270 1099 3439 1137 causa

1827 1172 2150 1242 episc0patu
2191 1172 2453 1243 privatus,
2488 1178 2541 1226 et
2568 1173 2715 1241 apud
2765 1172 3108 1228 Sarchinium
3154 1173 3437 1228 Hasbaniaa

1828 1262 2006 1317 vicum
2067 1263 2340 1327 exiliatus,
2392 1261 2447 1315 in
2511 1263 2767 1317 emnobio
2839 1263 3014 1318 sancti
3061 1262 3334 1319 Trudonis
3384 1265 3437 1318 in

1829 1351 2114 1406 sanctitate
2139 1359 2550 1405 consummatus
2581 1356 2683 1405 est.

2019 1442 2142 1494 724.
2258 1441 2309 1496 7.
2422 1441 2474 1494 3.
2589 1439 2639 1492 3.
2758 1440 2843 1494 14.
2958 1440 3044 1495 33.
3157 1440 3247 1495 24.

1902 1538 1990 1605 (H.
2024 1540 2118 1589 τη.)
2146 1534 2355 1590 Judeus
2385 1534 2607 1606 quidam
2663 1533 2946 1589 maleficus
2987 1534 3315 1605 promittens
3353 1534 3445 1589 Gi-

1837 1629 1943 1695 zid,
1972 1644 2097 1683 eum
2130 1627 2198 1683 40
2241 1627 2401 1681 annis
2425 1627 2879 1697 principaturum,
2906 1626 3101 1680 suadet
3127 1633 3187 1680 ut
3230 1627 3285 1679 in
3332 1633 3445 1681 toto

1835 1735 2005 1793 regno
2035 1734 2136 1773 suo
2181 1719 2276 1773 Dei
2327 1726 2752 1789 sanctorumque
2796 1718 3065 1790 imagines
3090 1717 3294 1787 deponi
3326 1718 3447 1771 edi-

1838 1817 1942 1864 cat.
1972 1808 2069 1874 Qui
2089 1824 2186 1879 spe
2220 1808 2313 1862 diu
2342 1806 2609 1881 regnandi
2638 1807 2918 1870 seductus,
2947 1805 3187 1861 edictum
3221 1805 3445 1877 quidem

1839 1904 2119 1975 proponit,
2155 1903 2274 1968 ipse
2298 1909 2479 1957 tamen
2509 1917 2632 1956 mox
2658 1900 2816 1958 obiit.
2851 1902 2979 1956 Post
3022 1916 3184 1972 quem
3222 1900 3450 1955 Elvelith

1842 1994 2184 2066 principatur
2232 1991 2520 2046 Saracenis
2548 1990 2707 2045 annis
2732 1989 2823 2045 20.
2871 1990 2964 2061 (Α.
3010 1991 3180 2060 Fuld.)
3225 1988 3452 2045 Karolus

1844 2087 2124 2155 Bajoarios
2154 2085 2319 2139 armis
2350 2085 2624 2158 subjugat.

2035 2180 2156 2234 725.
2270 2179 2322 2235 8.
2436 2180 2489 2234 4.
2603 2179 2655 2232 4.
2774 2179 2859 2232 15.
2973 2175 3060 2232 34.
3172 2176 3262 2232 25.

1919 2274 1996 2345 (II.
2042 2277 2138 2340 m.)
2196 2273 2302 2328 Leo
2342 2273 2641 2343 imperator
2679 2286 2710 2324 a
2760 2270 3001 2341 quodam
3043 2263 3207 2323 B'eser
3262 2267 3453 2343 refuga

1844 2362 1974 2418 fidei
2008 2364 2292 2425 seductus,
2325 2370 2513 2416 contra
2542 2360 2812 2431 imagines
2835 2357 3027 2413 Christi
3059 2364 3113 2411 et
3141 2364 3454 2412 sanctorum

1844 2454 1963 2522 ejus
1991 2452 2202 2507 bellum
2228 2451 2453 2516 indicit,
2470 2465 2677 2520 easque
2699 2448 2908 2519 ubique
2933 2447 3137 2517 deponi
3160 2454 3215 2501 et
3232 2445 3456 2500 incendi

1846 2547 2047 2601 mdicit.
2081 2546 2183 2601 Pro
2215 2560 2324 2617 quo
2355 2558 2541 2598 errore
2570 2558 2693 2597 eum
2745 2540 3041 2615 Gregorius
3068 2555 3209 2610 papa
3237 2537 3460 2607 scriptis

1845 2635 2075 2690 multum
2128 2634 2375 2705 quidem,
2428 2632 2527 2686 sed
2559 2632 2616 2684 in
2641 2646 2840 2686 vanum
2895 2628 3197 2701 redarguit.
3230 2625 3459 2681 Karolus

1845 2732 2035 2781 contra
2116 2722 2432 2778 Lanfridum
2486 2720 2908 2775 Alamannorum
2966 2718 3163 2774 ducem
3209 2716 3457 2783 dimicat,
3532 2719 3544 2735 '

1844 2827 2022 2883 eoque
2051 2811 2195 2867 victo
2227 2809 2601 2866 Alemanniam
2638 2808 2747 2863 sibi
2783 2807 3058 2881 subjugat.

2044 2900 2166 2955 726.
2277 2899 2330 2953 9.
2442 2897 2499 2955 5.
2606 2898 2660 2951 5.
2778 2896 2862 2951 16.
2976 2893 3065 2951 35.
3175 2893 3268 2952 26.

1919 2994 2086 3062 (Cant.
2118 2991 2299 3059 Fred)
2358 2989 2568 3045 Mortuo
2620 2987 2951 3059 Chilperico,
2997 2986 3226 3041 Karolus
3278 2984 3462 3041 Theo-

1847 3087 2094 3143 dericum
2148 3084 2257 3140 sibi
2288 3099 2475 3158 regem
2511 3081 2661 3150 facit,
2686 3079 2780 3152 qui
2821 3079 2980 3135 annis
3009 3079 3080 3135 15
3113 3084 3323 3152 regnat.
3358 3077 3465 3133 Ka-

1848 3179 1998 3235 rolus
2027 3180 2269 3233 Saxones
2295 3174 2555 3230 debellat.

2018 3272 2144 3327 727.
2258 3270 2344 3323 10.
2457 3267 2511 3322 6.
2628 3268 2677 3321 1.
2790 3266 2879 3320 17.
2993 3264 3084 3319 36.
3193 3264 3282 3318 27.

1922 3355 2515 3428 ConstantinOpolitani
2561 3361 2751 3411 contra
2791 3355 3028 3411 Leonem
3074 3354 3464 3424 imperatorem

1851 3469 1950 3526 pro
1990 3451 2341 3522 depositione
2382 3448 2678 3523 imaginum
2708 3447 2801 3502 Dei
2829 3446 3229 3503 tumultuantur
3257 3443 3465 3517 ;aliqui

1851 3546 2015 3602 etiam
2042 3559 2141 3615 pro
2186 3544 2293 3597 hoc
2330 3540 2773 3610 martyrizantur.
2808 3541 2980 3606 (Cant.
3027 3538 3207 3609 Fred.)
3240 3536 3470 3592 Karolus

1851 3635 2060 3690 Suevos
2111 3640 2167 3686 et
2198 3628 2477 3697 Bajoarios
2527 3626 2787 3681 debellat.
2836 3628 3025 3695 (Dens,
3066 3632 3130 3681 II.
3180 3630 3247 3691 e.)
3276 3624 3471 3680 Wich-

1861 3729 2004 3786 treth
2037 3742 2130 3781 rex
2152 3725 2447 3798 Anglorum
2481 3721 2618 3787 obit,
2638 3720 2923 3791 filiumque
2949 3737 3109 3775 suum
3126 3720 3467 3774 Edilbertum

1861 3820 2125 3878 heredem
2178 3815 2333 3891 regni
2368 3813 2610 3884 reliquit.
2672 3811 2984 3867 Cormesius
3015 3809 3339 3887 Rulgaribus
3368 3810 3472 3865 do-

1862 3915 2116 3969 minatur.

2072 3999 2199 4055 728.
2311 3996 2398 4051 11.
2513 3994 2563 4049 7.
2677 3991 2731 4046 2.
2844 3992 2931 4046 18.
3044 3992 3095 4046 1.
3207 3991 3258 4045 1.

1930 4092 2099 4158 (Cant.
2158 4086 2331 4155 Fred.)
2360 4083 2588 4138 Karolus
2638 4080 2829 4153 Lygeri
2879 4080 3129 4147 transito,
3195 4077 3473 4133 Eudonem

1860 4180 2056 4234 ducem
2088 4172 2389 4247 Aquitaniae
2425 4171 2574 4227 bello
2602 4170 2804 4226 victum
2836 4169 3006 4245 fugat,
3037 4175 3093 4225 et
3132 4165 3505 4239 Aquitaniam-

220 4276 393 4346 (Beas)
411 4320 424 4331 .
441 4278 577 4333 Ossa
590 4276 644 4331 S.
669 4275 957 4351 Augustini
987 4274 1313 4346 Ipponensis
1334 4273 1605 4345 episcOpi,
1626 4273 1759 4330 olim
1797 4337 1845 4351 ἢ
1869 4268 2111 4345 graviter
2147 4266 2411 4321 devastat.

158 4372 403 4427 translata
444 4372 515 4428 ad
574 4337 907 4438 Sardiniam,
959 4378 1169 4426 vastata
1197 4371 1364 4426 modo
1415 4387 1446 4425 a
1488 4337 1854 4425 SaracenisD

158 4456 414 4527 Sardinia,
462 4453 884 4531 Liuthprandus
940 4475 1037 4514 rex
1103 4457 1588 4533 Langobardorum
1646 4458 1773 4513 dato

162 4563 347 4624 magno
366 4550 556 4622 pretio
582 4549 845 4605 transfert
865 4550 1110 4621 Papiam.

340 4646 469 4700 722.
586 4646 639 4699 5.
753 4646 809 4699 1.
924 4648 977 4700 1.
1091 4646 1174 4699 12.
1289 4645 1379 4699 31.
1491 4642 1581 4697 22.

229 4734 301 4803 (G.
332 4742 471 4805 pant
501 4737 518 4806 )
559 4736 666 4791 Leo
706 4737 1008 4807 imperator
1034 4751 1169 4807 sepe
1202 4744 1257 4791 et
1298 4735 1529 4790 multum
1555 4733 1771 4789 labora-

160 4821 249 4890 vit,
286 4832 347 4878 ut
392 4824 691 4907 Gregorius
747 4840 888 4896 papa
936 4824 1322 4895 perimeretur,
1387 4823 1483 4878 sed
1552 4820 1769 4887 frustra,

164 4907 301 4965 ltalis
322 4919 379 4967 et
407 4910 789 4986 Langobardis
813 4927 912 4983 pro
944 4911 1300 4968 defendendo
1332 4927 1476 4983 papa
1506 4911 1774 4965 instanter

163 5002 477 5073 imperatori
529 5003 933 5060 resistentibus.
979 5004 1074 5072 (A.
1114 5005 1398 5071 Xantens.)
1440 5003 1500 5056 In
1540 5001 1773 5072 Campa-

166 5096 252 5151 nia
286 5099 458 5155 ltaliae
491 5097 828 5155 frumentum
858 5098 1208 5171 combustum
1245 5107 1301 5153 et
1330 5096 1600 5153 hordeum
1624 5096 1778 5171 etle—

164 5188 382 5258 gumina
411 5188 572 5260 quasi
597 5188 781 5260 pluvia
816 5188 887 5242 de.
919 5186 1055 5243 caelo
1085 5186 1424 5245 ceciderunt.
1459 5186 1549 5256 (A.
1595 5169 1777 5253 Matt.)

169 5276 388 5335 Karolus
427 5280 819 5354 Raginfredum
854 5295 1218 5351 persequens,
1279 5276 1589 5351 Andegavis
1625 5276 1776 5333 obsi-

166 5363 271 5431 det,
302 5384 540 5439 eamque
569 5374 785 5440 captam
828 5368 974 5423 victo
1025 5364 1362 5442 Raginfredo
1402 5366 1469 5420 ad
1526 5365 1780 5421 habitan-

168 5452 288 5509 dum
319 5458 595 5524 concedit,
653 5464 707 5512 et
738 5457 908 5513 totius
933 5457 1090 5531 regni
1148 5454 1518 5528 principatum
1559 5453 1779 5525 recipit.

2087 4354 2208 4410 729.
2322 4353 2408 4405 12.
2521 4350 2575 4406 8.
2688 4348 2740 4404 3.
2856 4348 2945 4404 19.
3055 4347 3109 4404 2.
3219 4346 3275 4401 2.

1946 4450 2026 4515 (Η.
2059 4446 2157 4515 m.)
2189 4442 2481 4516 Gregorius
2525 4455 2689 4511 papa,
2728 4438 2854 4509 quia
2890 4438 3127 4494 Leonem
3185 4437 3481 4507 imperato-

1875 4554 1990 4594 rem
2023 4533 2455 4608 incorrigibilem
2500 4530 2657 4595 vidit,
2691 4528 2918 4584 Romam
2951 4527 3233 4584 etltaliam
3264 4532 3319 4582 et
3348 4526 3486 4581 Hes-

1876 4629 2085 4701 periam
2117 4634 2285 4681 totam
2316 4623 2382 4677 ab
2415 4623 2535 4692 ejus
2551 4621 2675 4690 jure
2706 4619 2920 4675 descire
2950 4617 3100 4686 facit,
3119 4625 3174 4674 et
3200 4616 3490 4693 vectigalia

1875 4719 2156 4778 interdicit

2088 4807 2213 4864 730.
2329 4805 2415 4862 13.
2527 4804 2580 4857 9.
2694 4803 2747 4856 4.
2857 4801 2949 4858 20.
3060 4801 3115 4858 3.
3228 4799 3282 4858 3.

1944 4904 2113 4969 (Cant.
2171 4896 2350 4967 Fred.)
2421 4893 2572 4950 Eudo
2629 4892 2759 4959 dux,
2830 4892 3024 4949 Karolo
3108 4891 3336 4947 inferior
3394 4906 3496 4963 per

1875 4994 2080 5060 omnia,
2133 4992 2438 5047 Saracenos
2489 4993 2679 5044 contra
2709 5003 2835 5042 eum
2869 4987 3067 5044 invitat
3095 4986 3164 5041 ab
3216 4985 3496 5057 Hispania.

1877 5090 1958 5158 (II.
2001 5087 2104 5154 m.)
2154 5084 2386 5139 Sanctus
2426 5081 2730 5136 Germanus
2789 5078 2958 5135 Leoni
3013 5078 3333 5149 imperatori
3399 5091 3498 5149 pro

1879 5175 2163 5247 impietate
2195 5188 2292 5228 sua
2346 5186 2592 5237 aversus,
2634 5186 2665 5223 a
2694 5168 2828 5223 sede
2876 5168 3179 5240 episcopali
3235 5171 3317 5222 est
3354 5164 3503 5236 deje-

1880 5275 2018 5324 ctus.
2052 5267 2243 5335 (Bnna,
2266 5269 2330 5319 Η.
2364 5266 2434 5336 e.)
2468 5261 2615 5317 Obiit
2643 5267 2867 5316 sanctus
2901 5259 3170 5314 Echberth
3204 5256 3499 5332 Anglorum

1880 5358 2172 5432 presbiter.
2218 5358 2396 5428 (Cant.
2444 5354 2626 5422 Fred.)
2681 5351 2939 5408 Saraceni
2971 5366 3092 5405 cum
3124 5346 3386 5405 omnibus
3425 5344 3507 5399 fa-

1880 5452 2053 5508 miliis
2103 5450 2220 5506 suis
2261 5448 2417 5521 quasi
2475 5448 2533 5503 in
2571 5447 2760 5503 Galliis
2804 5444 3128 5512 habitaturi,
3196 5443 3505 5499 Garunnam

1515 5561 1736 5617 VARIIE
1764 5561 1925 5617 LEC'I
1934 5558 2144 5619 IONES.

237 5663 301 5699 ¹³⁰
326 5663 524 5724 Karolo
548 5668 668 5737 Sig.
701 5664 1035 5740 Rigobertus
1077 5694 1142 5705 -—
1172 5660 1351 5717 noluit
1378 5663 1438 5716 in
1456 5663 1561 5731 ﬁne
1591 5663 1729 5717 anni
1763 5660 1921 5716 habet
1953 5659 2054 5716 Β4ε

470 5781 774 5843 PATROL.
832 5774 1028 5838 CLX.
