3894 6220
407 337 508 393 139

404 472 710 531 transeunt,
751 461 938 519 omnia
978 460 1284 524 devastant,
1324 452 1712 521 mcclesiasque
1754 449 1851 504 Dei
1907 463 2021 502 crc-
2041 450 2088 515 Α

403 566 574 614 mant.
610 556 820 622 Quibus
860 551 1090 609 Karolus
1122 548 1215 603 Dei
1256 545 1457 602 auxilio
1502 543 1672 598 fretus
1709 541 1853 597 bello
1885 556 2018 595 con-

405 649 608 713 currit;
652 656 706 701 et
736 663 801 701 ex
830 644 910 699 eis
960 640 1132 698 375‘31
1164 636 1316 691 milia
1357 649 1479 689 cum
1518 647 1646 704 rege
1685 646 1784 685 suo
1832 629 2017 699 Abdy-

405 757 556 796 rama
580 738 833 811 peremit,
862 743 917 790 et
948 733 1093 788 1500
1121 744 1342 784 suorum
1372 726 1573 781 amisit.
1617 724 1767 778 Eudo
1798 736 2016 811 quoque

406 810 602 884 Karolo
656 825 1063 892 reconciliatus,
1108 833 1285 881 castra
1324 818 1715 871 Saracenorum
1763 810 2010 880 diripuit,

407 933 461 979 et
498 923 759 995 reliquias
809 938 996 979 eorum
1038 920 1314 975 contrivit.
1371 918 1557 988 (Beas,
1600 917 1661 965 Η.
1704 908 1770 978 e.)
1800 907 2009 961 Mortuo

409 1010 594 1067 Osrich
624 994 759 1083 rege
830 1009 1392 1080 Nordanymbrorum,
1438 998 1737 1057 Cednull‘us
1788 994 1837 1050 ei
1888 1007 2015 1048 suc—

408 1102 578 1169 cedit,

503 1194 625 1248 731.
670 1192 859 1247 R..1«1.
905 1190 958 1243 S.
1006 1188 1090 1244 10.
1135 1187 1188 1241 1³.
1233 1187 1284 1239 5.
1330 1184 1383 1237 L.
1426 1183 1514 1237 2|.
1560 1181 1618 1234 Λ.
1662 1180 1697 1231 4
1759 1179 1817 1232 Β.
1858 1177 1912 1229 4.

479 1289 570 1357 (ΙΙ.
602 1286 695 1354 m.)
736 1282 1029 1357 Gregorius
1069 1281 1197 1336 85'18
1230 1280 1485 1333 Romanae
1536 1271 1800 1328 {ecclesiae
1848 1267 2016 1339 presi-

406 1380 531 1443 det;
561 1376 653 1448 qui
704 1381 757 1429 et
784 1374 904 1445 ipse
952 1372 1192 1427 Leonem
1244 1369 1630 1439 imperatorem
1675 1360 1877 1416 erroris
1917 1374 2011 1412 re-

405 1466 643 1541 darguit,
674 1471 729 1519 et
749 1462 1012 1534 populum
1046 1461 1349 1515 Romanum
1400 1463 1455 1509 et
1482 1451 1773 1527 vectigalia
1804 1449 2012 1541 Hespe-

407 1560 500 1614 rite
516 1540 592 1612 ab
634 1573 701 1612 eo
732 1553 943 1610 avertit.
977 1554 1063 1621 (A.
1102 1551 1241 1605 Xant
1268 1551 1281 1619 )
1313 1550 1371 1603 ln
1404 1546 1593 1618 Anglia
1624 1544 1768 1598 Beda
1800 1540 2016 1612 presbi-

406 1656 491 1703 ter
519 1656 572 1701 et
610 1644 914 1700 monachus
967 1640 1257 1695 sanctitate
1298 1644 1352 1692 et
1381 1634 1616 1690 scientia
1667 1633 1848 1686 clarus
1876 1628 2009 1683 obit.

1622 314 1964 374 SIGEBERTI
2004 314 2493 406 GEMBLACENSIS

3637 319 3746 373 140

2337 445 2463 500 737.
2536 444 2628 498 20.
2704 444 2792 500 16.
2870 444 2958 499 11.
3033 443 3123 497 27.
3416 444 3488 498 10

2190 538 2276 597 (Α.
2313 537 2496 599 Lead.)
2532 536 2764 592 Sanctus
2819 535 3074 590 Erminus
3126 536 3424 607 episcOpus
3467 543 3525 591 et
3563 537 3744 591 abbas

2120 626 2405 680 [.obiensis
2457 626 2594 681 obit.
2655 626 2826 696 (Cant.
2875 626 3060 694 Fred.)
3114 626 3342 682 Karolus
3374 628 3744 690 Nemausum,

2117 716 2363 785 Agathcn
2398 716 2643 787 aliasque
2675 715 2917 769 Gothica:
2948 714 3191 787 regionis
3230 717 3396 771 urbes
3430 733 3464 771 a
3503 716 3742 772 Sarace‘

2118 803 2203 857 nis
2233 803 2450 858 invasas
2479 804 2625 874 capit
2652 810 2707 858 et
2735 803 2852 859 solo
2876 810 3036 858 tenus
3050 803 3300 860 destruit.

2335 901 2438 957 738
2535 900 2624 954 21.
2702 898 2789 954 17.
2870 900 2958 956 12.
3034 898 3125 954 28.
3420 900 3508 955 11.

2190 992 2309 1062 (Ιὸ.)
2336 992 2547 1048 Arclato
2579 976 2714 1047 urbe
2753 993 3044 1049 Galliarum
3077 1003 3233 1065 capta
3264 1011 3295 1049 a
3335 995 3652 1060 Saracenis,
3683 1004 3741 1048 et

2118 1081 2375 1136 omnibus
2443 1082 2861 1154 circunquaque
2920 1084 3214 1138 demolitis.
3276 1084 3504 1139 Karolus
3562 1084 3740 1138 ascito

2117 1174 2220 1227 sibi
2247 1175 2317 1228 ad
2349 1175 2609 1229 auxilium
2659 1174 3033 1245 Liuthprando
3066 1191 3195 1249 rege
3241 1176 3736 1250 Langobardorum

2116 1263 2196 1318 eis
2224 1264 2479 1328 occurrit,
2513 1279 2721 1335 eosque
2780 1270 2988 1319 terrore
3038 1265 3279 1319 nominis
3317 1264 3401 1319 sui
3441 1266 3498 1318 in
3543 1264 3738 1339 fugam

2115 1353 2295 1407 vertit.
2326 1353 2414 1406 Sic
2445 1351 2749 1416 Saracenis,
2780 1354 2873 1423 qui
2924 1359 3090 1408 totam
3124 1370 3281 1424 paene
3304 1354 3507 1420 Asiam,
3559 1361 3736 1408 totam

2119 1444 2324 1498 Libiam
2355 1444 2693 1516 multamque
2725 1453 2932 1515 partem
2964 1448 3199 1517 Europae
3257 1448 3598 1514 invaserant,
3634 1450 3741 1502 Ka-

2116 1534 2265 1589 rolus
2294 1534 2387 1588 Dei
2437 1534 2665 1603 auxilia,
2693 1551 2790 1589 sua
2828 1535 3097 1591 industria
3131 1537 3580 1609 Francorumque
3626 1538 3742 1593 for-

2115 1626 2349 1680 titudine
2408 1641 2626 1680 omnem
2684 1643 2838 1696 spem
2890 1627 3187 1681 invadendi
3222 1628 3422 1683 Gallias
3481 1629 3738 1683 abstulit.

407 1742 577 1807 (Cant.
634 1736 812 1806 Fred.)
844 1732 1070 1787 Karolus
1101 1729 1365 1803 Lugduno
1424 1726 1658 1796 aliisque
1706 1720 2017 1829 civitatibus
2044 1761 2094 1829 Β
2119 1716 2193 1829 (1³.
2229 1717 2311 1785 D.)
2338 1717 2750 1829 "fra'samundu's
2790 1718 2897 1772 dux
2928 1718 3133 1789 Spoleti
3163 1726 3354 1775 contra
3400 1720 3742 1791 Liuthpran-

408 1827 604 1900 captis.
674 1823 1054 1895 Burgundiam
1135 1818 1239 1873 sibi
1294 1814 1570 1885 subjugat.
1650 1807 2014 1883 Baginfredus

408 1920 661 1975 moritur.

593 2007 717 2064 732.
831 2007 919 2061 15.
1032 2003 1122 2059 11.
1235 2001 1288 2055 6.
1399 1999 1487 2052 22.
1605 1995 1639 2049 5
1769 1993 1817 2046 5.

477 2104 561 2171 (H.
604 2104 697 2171 ιη.)
728 2096 1116 2155 Constantinus
1170 2093 1317 2148 filius
1355 2087 1706 2161 imperatoris
1734 2085 2014 2156 llyrenen,

408 2197 574 2254 filiam
623 2194 806 2264 Cajani
860 2193 1087 2245 Avarum
1138 2188 1303 2262 regis,
1366 2199 1593 2240 uxorem
1649 2179 1833 2235 ducit:
1894 2193 2014 2249 quae

408 2284 707 2355 baptizata,
733 2282 852 2338 viro
880 2295 982 2335 suo
1010 2282 1374 2349 apostatante,
1397 2280 1599 2328 rectam
1620 2270 1787 2325 ﬁdem
1815 2267 2012 2324 tenuit.

409 2372 637 2429 Karolus
664 2372 721 2426 in
766 2367 1054 2424 Wasconia
1092 2382 1216 2421 cum
1252 2363 1475 2418 Eudonc
1508 2367 1735 2434 pugnat,
1777 2371 2015 2428 eumque

408 2467 719 2538 principatu
750 2472 806 2517 et
842 2461 953 2517 vita
985 2459 1181 2531 privat.
1216 2453 1635 2525 Liuthprandus
1665 2468 1757 2507 rex
1790 2451 1858 2505 de
1894 2450 2019 2519 jure

407 2557 637 2614 Romani
696 2552 975 2626 pontificis
1024 2551 1221 2605 multas
1275 2547 1441 2603 urbes
1489 2555 1544 2600 et
1596 2542 1819 2599 castella
1875 2540 1996 2595 tulit

408 2653 481 2722 (P.
516 2653 611 2716 D.;
657 2652 806 2706 Cant.
851 2647 1045 2717 Beda.)
1088 2642 1387 2700 Ceduulfus
1437 2658 1527 2696 rex
1568 2637 2016 2709 Nordanymbro-

408 2756 525 2794 rum
554 2739 787 2810 capitur,
819 2743 873 2791 et
902 2736 958 2790 in
987 2734 1249 2789 clericum
1292 2730 1573 2795 tundetur,
1605 2735 1659 2783 et
1709 2735 1836 2798 post
1894 2725 2015 2779 hazc

405 2829 461 2883 in
484 2844 713 2903 regnum
747 2824 1062 2881 remittitur.
1778 2847 1781 2851 ι

597 2916 719 2971 733.
835 2914 923 2969 16.
1034 2912 1122 2965 12.
1235 2911 1291 2964 7.
1398 2907 1489 2964 23.
1601 2908 1653 2962 6.
1766 2903 1800 2958 6

474 3009 552 3078 (G.
584 3006 760 3078 pant.)
791 3004 1088 3076 Gregorius
1129 3019 1269 3074 papa
1322 3001 1591 3073 synodum
1643 2999 1748 3053 905
1789 2997 2009 3067 episco-

2118 1806 2245 1860 dum
2279 1807 2569 1870 rcbellans,
2605 1809 2672 1861 ad
2707 1807 2983 1864 Romanos
3014 1809 3279 1883 confugit.

2342 1899 2463 1953 739.
2542 1898 2632 1954 22.
2711 1901 2797 1955 18.
2876 1901 2966 1956 13.
3042 1901 3132 1956 29.
3423 1902 3514 1958 12.

2191 1988 2366 2055 (Cant,
2400 1991 2540 2044 Fred
2570 1991 2583 2056 l
2624 1990 2850 2046 Karolus
2892 1991 3272 2046 Mauruncium
3299 1992 3607 2048 Provinciae
3637 1994 3743 2049 du-

2118 2097 2261 2147 cem,
2293 2081 2385 2152 qui
2419 2082 2743 2138 invitaverat
2795 2084 3120 2151 Saracenos,
3176 2085 3438 2153 debellat,
3481 2095 3538 2142 et
3597 2089 3745 2144 Pro-

2119 2170 2352 2224 vinciam
2385 2171 2490 2225 sibi
2521 2172 2797 2247 subjugat.
2852 2175 2930 2233 (G.
2986 2177 3159 2244 rant.)
3194 2174 3607 2247 Liuthprandus
3649 2194 3750 2232 rex

2120 2273 2218 2328 pro
2247 2258 2460 2333 refugio
2480 2259 2841 2315 Trasamundi
2878 2262 3103 2317 Romam
3135 2262 3380 2337 graviter
3410 2273 3591 2319 vexat.

2343 2348 2464 2404 740.
2541 2349 2629 2404 23.
2712 2352 2796 2407 19.
2876 2353 2962 2406 14.
3040 2352 3126 2408 30.
3420 2355 3508 2410 13.

2191 2438 2359 2507 (Cant.
2387 2440 2563 2507 Fred.)
2599 2439 2824 2496 Karolus
2848 2441 3089 2497 Saxones
3119 2442 3221 2497 sibi
3247 2443 3565 2500 tributarios
3591 2444 3747 2511 facit,

2121 2531 2209 2600 (Α.
2228 2533 2403 2601 Matt.)
2432 2532 2599 2604 Signa
2629 2533 2684 2587 in
2701 2534 2817 2589 sole
2848 2534 3044 2590 etluna
3075 2542 3130 2590 et
3160 2535 3335 2591 stellis
3363 2539 3741 2608 apparent"?

2141 2626 2148 2633 '
2375 2622 2501 2675 741.
2577 2623 2665 2678 24.
2743 2624 2812 2677 20
2910 2625 2999 2678 15.
3078 2625 3170 2681 31.
3389 2626 3478 2680 14.

2191 2713 2282 2783 (H.
2315 2716 2413 2780 m.)
2445 2711 2571 2768 Post
2604 2714 3003 2771 Theodericum
3046 2731 3233 2791 regem
3268 2716 3605 2771 Francorum
3650 2733 3744 2772 re-

2113 2809 2244 2873 gnat
2288 2803 2558 2857 Hildricus
2587 2804 2749 2858 annis
2777 2803 2863 2859 10.
2899 2803 3081 2860 Leone
3121 2804 3459 2875 imperatore
3493 2813 3748 2875 mortuo,

2115 2892 2505 2950 Constantinus
2548 2894 2695 2951 filius
2727 2896 2846 2966 ejus
2897 2897 3061 2951 annis
3112 2898 3180 2952 37
3219 2898 3477 2969 imperat.
3538 2901 3750 2976 (Μεῐε.)

2112 2986 2308 3043 Pacato
2338 2996 2393 3043 et
2431 2988 2656 3043 dilatato
2707 3003 2879 3063 regno
2914 2988 3266 3055 Francorum,
3320 2988 3553 3043 Karolus
3585 2988 3752 3043 belli-

403 3113 597 3168 porum
648 3096 836 3151 Romae
890 3099 1189 3166 congregat
1241 3098 1295 3146 et
1335 3090 1746 3146 venerationem
1796 3097 2014 3145 sancta-
2038 3119 2087 3187 Ο
2113 3103 2276 3142 casus
2322 3088 2578 3159 princeps
2608 3087 2744 3153 obit,
2778 3094 2832 3142 et
2860 3085 3002 3142 ﬁlios
3032 3102 3164 3142 suos
3211 3087 3651 3143 Karlomannum
3691 3104 3757 3150 ei

405 3162 520 3243 rum
554 3186 854 3259 imaginum
888 3162 1197 3246 confirmat,
1230 3196 1528 3251 earumque
1582 3178 1877 3234 violatores
1907 3193 2011 3249 ge-
2038 3162 2087 3187 υ
2116 3177 2371 3247 Pipinum
2430 3177 2767 3248 principatus
2815 3175 2901 3230 sui
2958 3191 3310 3231 successores
3369 3175 3615 3247 reliquit.
3652 3178 3753 3248 (G.

405 3280 578 3336 nerali
631 3278 906 3333 sententia
963 3275 1409 3331 anathematizat.
1469 3273 1719 3339 Karolus,
1772 3272 2015 3327 Waifero

407 3378 462 3425 et
496 3369 741 3424 Hunaldo
789 3368 912 3422 liliis
946 3366 1186 3421 Eudonis
1231 3364 1545 3419 dimicando
1587 3362 1744 3417 victis
1792 3363 2015 3433 Aquita-

411 3459 558 3513 niam
592 3457 698 3511 sibi
730 3456 1007 3525 subjugat.

656 3550 779 3605 734.
855 3549 942 3605 17.
1026 3547 1111 3603 13.
1226 3547 1275 3601 8.
1355 3547 1445 3601 24.
1558 3547 1610 3600 7.
1726 3545 1779 3598 7.

485 3642 578 3713 (Α.
612 3642 753 3697 Fuld
783 3643 797 3711 )
852 3638 1079 3694 Karolus
1120 3637 1344 3693 Gresian
1379 3651 1691 3708 aggressus,
1746 3635 2021 3704 I’Oponem

414 3736 607 3792 ducem
646 3737 937 3792 Fresonem
993 3750 1116 3790 cum
1157 3732 1344 3788 multis
1401 3731 1641 3804 perimit,
1694 3738 1750 3785 et
1788 3729 2025 3784 Fresiam

411 3826 518 3883 sibi
539 3826 760 3898 subigit.

660 3917 785 3972 735.
864 3916 950 3970 18.
1028 3915 1115 3970 14.
1228 3914 1281 3969 9.
1358 3913 1447 3966 25.
1560 3912 1613 3965 8.
1726 3909 1759 3964 8

484 4010 570 4076 (Α.
603 4007 783 4073 Lcad)
826 4005 973 4060 Obiit
1001 4011 1224 4058 sanctus
1257 4001 1576 4054 Hucbertus.
1621 3998 1806 4068 (Cant.
1844 3997 2023 4065 Fred.)

411 4095 635 4150 Karolus
665 4094 1042 4149 Avennionem
1084 4090 1267 4144 Gallia:
1290 4088 1482 4142 urbem
1523 4102 1553 4139 a
1585 4083 1872 4139 Saracenis
1894 4084 2021 4138 dolo

410 4198 467 4243 et
491 4205 767 4244 consensu
797 4184 1099 4241 Mauruncii
1136 4181 1436 4237 Provinciae
1478 4179 1636 4233 ducis
1675 4187 1890 4249 captam
1918 4179 2021 4234 ob-

408 4281 572 4347 sidet,
597 4296 773 4351 eaque
807 4278 1023 4332 fortiter
1040 4283 1282 4345 recepta,
1311 4273 1611 4326 Saracenos
1631 4286 1805 4341 usque
1826 4271 1895 4323 ad
1923 4271 2016 4324 in-

407 4371 785 4426 ternecionem
814 4368 983 4423 delet.
1011 4366 1227 4420 Abhinc
1257 4378 1483 4436 regnum
1517 4362 1811 4435 Anglorum
1842 4377 2019 4416 anno—

408 4472 523 4519 tarc
565 4462 929 4534 supersedeo,
965 4459 1093 4529 quia
1133 4456 1406 4528 hystorias
1432 4454 1722 4522 majorum,
1764 4470 1900 4526 quas
1937 4471 2021 4510 se-

408 4569 565 4625 quar,
594 4567 707 4606 non
737 4549 914 4604 habeo
946 4549 1032 4601 ‘3’.

655 4642 781 4697 736.
859 4640 945 4696 19.
1025 4638 1112 4692 15.
1191 4636 1276 4690 10.
1355 4635 1425 4691 26
1711 4636 1764 4693 9.

480 4731 599 4799 (1b.)
640 4730 1038 4798 Saracenorum
1095 4742 1224 4797 rege
1277 4724 1490 4779 Athima
1567 4724 1796 4780 obsesso
1872 4723 2017 4778 intra

410 4823 593 4876 Gallia:
651 4822 838 4875 urbem
894 4819 1205 4874 Narbonam
1270 4833 1301 4871 a
1356 4816 1572 4883 Karolo,
1628 4816 1886 4872 Saraceni
1953 4833 2016 4870 ex

411 4911 670 4982 Hispania
696 4926 819 4964 cum
851 4909 958 4964 alio
990 4925 1120 4983 rege
1150 4909 1313 4962 Amor
1343 4907 1393 4962 ei
1421 4918 1715 4962 occurrunt
1745 4906 1995 4961 subsidio

407 5005 505 5069 Qui
535 5003 815 5077 congressi
856 5002 1074 5071 Karolo,
1123 5001 1398 5057 ambobus
1453 5002 1675 5072 regibus
1715 5000 2017 5071 peremptis

405 5100 458 5147 et
491 5093 710 5148 civitate
750 5097 969 5163 recepta
1007 5091 1075 5145 ab
1102 5106 1190 5158 eo,
1250 5090 1444 5144 ultimo
1476 5105 1635 5160 parne
1684 5089 1854 5143 attriti
1889 5098 2019 5142 sunt

405 5186 763 5253 exterminio;
787 5202 965 5258 eoque
999 5185 1273 5261 fugientes
1305 5185 1656 5256 insequente,
1690 5182 1897 5238 residui
1920 5183 2020 5238 de-

406 5278 572 5334 mersi
601 5286 729 5335 sunt
760 5278 815 5333 in
846 5277 1139 5350 profundo.

2114 3272 2286 3341 pant.)
2315 3270 2600 3324 Zacharias
2631 3268 2759 3324 86ml
2787 3269 2854 3304 ¹³⁴
2883 3268 3143 3323 Romana:
3170 3268 3437 3323 aecclesim
3469 3270 3727 3340 presidet

2123 3362 2217 3417 Hic
2247 3364 2376 3433 quia
2407 3380 2520 3417 rem
2565 3361 2842 3433 publicam
2874 3360 3246 3432 perturbatam
3287 3376 3317 3414 a
3363 3360 3757 3435 Langobardis

2123 3452 2354 3515 invenit,
2387 3450 2569 3505 statim
2606 3449 2984 3505 benivolentia
3013 3465 3111 3504 sua
3138 3449 3279 3504 bene
3300 3450 3489 3504 omnia
3514 3444 3755 3525 compo-

2125 3543 2255 3608 suit,
2289 3551 2490 3597 etcum
2525 3541 2900 3614 Langobardis
2931 3541 2986 3595 in
3016 3542 3087 3596 20
3115 3557 3290 3596 annos
3326 3557 3521 3612 pacem
3559 3541 3751 3597 firma-

2129 3635 2224 3689 vit.
2260 3635 2356 3690 ilic
2412 3634 2584 3688 libros
2632 3633 2980 3708 Dia10gorum
3031 3632 3278 3708 Gregorii
3335 3632 3405 3687 de
3432 3632 3631 3689 Latino
3695 3634 3756 3688 in

2130 3725 2358 3779 Grecum
2390 3722 2553 3778 vertit
2628 3724 2715 3794 (H.
2760 3727 2860 3792 νη.)
2892 3721 3396 3793 Constantinopolis
3428 3728 3756 3777 tememotu

2132 3830 2231 3885 per
2260 3814 2534 3887 integrum
2564 3828 2766 3867 annum
2796 3811 2962 3866 nimis
2990 3819 3269 3885 gravatur.

2386 3902 2509 3955 742.
2620 3902 2677 3956 1.
2750 3901 2841 3957 21.
2953 3902 3006 3955 1.
3083 3902 3171 3957 33.
3392 3902 3481 3955 15.

2197 3991 2382 4062 (Man)
2431 3991 2664 4045 Sanctus
2715 3990 3041 4046 Bonefacius
3110 3990 3560 4062 archiepiscopus
3634 3991 3759 4047 Mo-

2123 4084 2328 4157 guntize
2359 4083 2671 4138 coenobium
2695 4082 2967 4138 Fuldense
2989 4083 3044 4137 in
3067 4082 3339 4138 Bocconia
3361 4082 3499 4137 silva
3525 4083 3751 4140 fundat.

2125 4171 2195 4241 (P.
2240 4172 2327 4241 D.)
2368 4170 2772 4242 Liuthprandus
2828 4187 2918 4226 rex
2950 4170 3438 4245 Langobardorum
3483 4171 3750 4226 moritur.

2122 4264 2515 4330 Hildebrando,
2538 4280 2702 4335 quem
2728 4263 2848 4333 ipse
2876 4278 3059 4335 regem
3090 4262 3498 4335 designavcrat,
3534 4280 3565 4317 a
3600 4263 3754 4318 Lan-

2120 4354 2381 4430 gobardis
2407 4354 2722 4426 reprobato,
2745 4353 2945 4409 Rachis
2975 4361 3168 4429 regnat
3195 4361 3317 4424 post
3347 4369 3471 4408 eum
3501 4355 3670 4409 annis
3689 4357 3746 4410 7.

2120 4454 2313 4518 (Matt)
2346 4451 2577 4521 Pipinus
2626 4450 2887 4521 princeps
2940 4450 3190 4505 ilunaldo
3251 4449 3379 4504 duci
3433 4449 3749 4521 Aquitaniae

2122 4541 2229 4597 sibi
2272 4541 2562 4597 rebellanti
2584 4541 2800 4606 obviat;
2848 4541 3246 4596 Karlomannus
3292 4556 3423 4595 vero
3479 4542 3750 4595 Aleman-

2122 4635 2276 4689 niam‘
2300 4636 2562 4688 devastat.
2601 4635 2686 4703 (11.
2720 4636 2813 4702 m.)
2847 4633 3218 4688 Artbabasdus
3250 4642 3442 4689 contra
3475 4632 3745 4688 Constan-

2120 4728 2290 4782 tinum
2326 4727 2614 4797 imperium
2648 4726 2870 4795 arripit.‘

2363 4817 2482 4871 713.
2596 4817 2648 4870 2.
2761 4814 2832 4869 22
2966 4814 3019 4871 2.
3134 4814 3186 4869 1.
3408 4815 3494 4870 16,

2194 4910 2338 4978 (Matt
2367 4910 2379 4978 )
2435 4908 2625 4980 Ogdilo
2657 4908 2763 4963 dux
2795 4907 3073 4976 Bajoariaa,
3110 4913 3266 4977 rapta
3311 4922 3499 4961 sorore
3531 4908 3743 4979 Pipini,

2122 5005 2311 5053 contra
2340 5013 2465 5051 eum
2498 4990 2763 5062 rebellat;
2798 5013 2960 5068 quem
2994 4996 3223 5067 Pipinus
3253 5011 3440 5070 pugna
3484 4998 3746 5067 quamvis

2118 5088 2381 5143 damnosa
2437 5096 2678 5157 superat.
2747 5087 3145 5142 Karlomannus
3210 5085 3503 5139 Saxoniam
3576 5086 3739 5156 petit,

2118 5189 2354 5238 castrum
2405 5178 2763 5235 lloscoburch
2794 5178 2960 5249 capit,
3023 5176 3427 5233 Theodericum
3461 5177 3741 5233 Saxonem

2122 5270 2272 5343 pacis
2300 5269 2553 5327 obsidem
2573 5267 2793 5340 accipit.

1753 5382 1974 5439 νΑΙῖῐᾸΞ
2006 5381 2384 5438 LECTIONES.

477 5488 541 5522 ¹³¹
576 5488 909 5543 CCCLXXXV
938 5489 1025 5543 Ct.
1061 5488 1113 5541 3.
1149 5488 1207 5542 D.
1290 5487 1358 5522 ¹³²
1384 5491 1502 5541 Ilaec
1527 5484 1583 5539 E.
1623 5485 1791 5551 lepide
1830 5486 1909 5537 ita
1936 5483 2274 5536 imamtavz‘t:
2304 5482 2362 5535 A.
2392 5498 2434 5536 r.
2468 5482 2524 5534 A.
2561 5497 2611 5546 a,
2649 5494 2759 5535 non
2791 5495 2836 5535 s.
2874 5496 2929 5551 q.
2973 5479 3028 5535 h.
3061 5495 3134 5533 m.
3166 5495 3222 5550 q.
3269 5492 3473 5550 sequar
3526 5476 3736 5546 habeo,

402 5575 677 5637 annosque
708 5577 890 5628 regum
919 5560 1218 5637 Anglorum
1246 5560 1543 5637 cant-iuuat.
1620 5551 1685 5588 ‘33
1707 5558 1829 5624 post
1856 5555 1963 5608 haec
1989 5553 2481 5637 τηίιλιιιε,,ίιᾳειπιίᾱαγηε
2509 5568 2615 5607 non
2660 5552 2943 5618 Sigeberti,
2994 5551 3377 5637 ίρῃῃιιινρξηίξ.
3397 5553 3733 5637 ,ςφζίρεεναξρ

409 5630 695 5683 Anselmus
754 5633 835 5686 vir
893 5630 1120 5685 illustris
1175 5629 1331 5696 cujus
1378 5642 1535 5681 soror
1598 5634 1734 5680 erat.
1785 5666 1795 5678 .
1848 5668 1857 5677 .
1903 5662 1917 5675 .
1961 5660 1974 5674 .

403 5700 469 5734 ¹³¹ο
502 5700 714 5755 LXXXV
770 5707 827 5756 Λ.

2170 5620 2271 5678 Sed
2315 5625 2409 5677 hoc
2463 5625 2572 5678 Iaca
2629 5640 2785 5677 m-asa
2823 5640 2963 5676 mmo
3023 5620 3123 5676 752
3176 5620 3379 5689 adjecit
3439 5624 3555 5684 16.;
3606 5623 3729 5676 rell.
