3894 6220
107 392 190 446 141
1582 382 1720 436 ΕΗΒ(

1835 380 1925 438 CA.

229 521 350 574 74-1.
435 520 494 573 R.
535 517 587 574 3.
668 516 844 572 8.23.
921 515 975 571 Ρ.
1009 515 1058 569 3.
1143 513 1196 568 L.
1232 515 1286 570 2.
1364 515 1423 568 D.
1465 514 1549 569 17.

3302 387 3407 440 142

1725 516 1773 584 Α
1804 513 1940 568 rium
1963 514 2014 567 in
2038 513 2381 584 Aquitaniam
2415 513 2567 586 fugit.
2591 513 2671 582 (II.
2705 514 2800 581 m.)
2830 515 2887 567 ln
2921 513 3165 569 Calabria
3199 521 3252 570 et
3277 516 3409 571 Sici-

164 611 247 676 (Π.
277 608 372 678 m.)
407 607 613 661 Elvelid
652 606 852 659 amiras
889 603 1164 666 moritur;
1206 603 1371 673 Gyzid
1409 602 1698 656 Saracenis
1800 607 1873 662 lia
1926 609 1984 662 fit
2038 609 2350 679 pestilentia
2407 616 2462 663 et
2512 608 2816 662 mortalitas
2873 608 3155 662 hominum
3218 610 3405 665 nimia.

103 714 231 752 anno
251 713 359 751 uno
423 695 784 766 principatur.
856 692 1243 747 Constantinus
1297 692 1697 746 Arthabasdum
1802 703 1859 756 In
1889 703 2142 757 vestibus
2187 701 2472 756 hominum
2517 711 2570 756 οι
2605 701 2658 755 in
2723 701 2859 755 velis
2909 701 3281 757 {ecclesiarum
3315 720 3411 774 ap-

106 787 320 858 capit,et
352 785 404 838 ei
436 784 734 854 multisque
774 782 1074 836 amicorum
1145 781 1264 852 ejus
1305 782 1498 836 oculos
1539 780 1697 835 eruit.

105 879 186 948 (Α.
215 877 493 946 Xantens.)
517 875 662 929 Cinis
693 875 761 929 de
787 873 921 930 carlo
951 872 1170 928 cecidit.

412 993 540 1048 745.
653 993 705 1046 4.
823 994 869 1046 1.
985 992 1037 1044 4.
1142 989 1193 1046 3.
1307 990 1395 1045 18.

176 1087 376 1155 (H.m.)
414 1083 584 1156 Gyzid
631 1092 938 1155 perempto,
994 1083 1182 1137 Hisces
1236 1083 1581 1154 principatur
1610 1082 1705 1136 Sa-

109 1174 306 1230 racenis
325 1189 476 1228 anno
517 1188 650 1227 uno.
684 1172 874 1240 (Mett.)
929 1170 1156 1242 Pipinus
1194 1172 1609 1226 Theodoaldum
1642 1169 1706 1223 fi-

112 1263 230 1316 lium
269 1261 476 1316 Gofridi
507 1261 668 1314 (lucis
694 1260 955 1314 debellat.
987 1260 1377 1315 Persecutione
1423 1268 1545 1330 post
1572 1259 1708 1329 lapi-

113 1355 371 1410 dationem
399 1353 667 1424 Stephani
689 1351 1130 1424 prothomartiris
1159 1359 1328 1417 mota,
1361 1351 1709 1413 Maximinus,

114 1459 240 1497 unus
264 1443 330 1496 de
360 1443 429 1496 70
454 1441 652 1495 Christi
691 1441 1002 1512 discipulis,
1060 1440 1127 1494 ad
1191 1440 1390 1494 Gallias
1412 1439 1710 1503 transiens,

114 1531 314 1585 Mariam
382 1530 760 1602 Magdalenam
817 1546 1003 1586 secum
1058 1529 1304 1584 adduxit.
1365 1530 1493 1584 Eam
1547 1529 1710 1584 etiam

116 1622 577 1692 apuquucnsem
624 1620 836 1687 urbem,
894 1619 981 1675 cui
1025 1619 1361 1690 presidebat,
1397 1618 1712 1673 defunctam

115 1709 368 1779 sepelivit.
394 1708 636 1779 Aquensi
677 1724 807 1763 vero
858 1708 992 1762 urbe
1037 1724 1069 1762 a
1121 1707 1410 1762 Saracenis
1447 1707 1714 1773 desolata,

118 1813 298 1868 corpus
328 1797 502 1867 ipsius
524 1795 708 1850 Mariae
738 1813 769 1851 a
799 1797 1038 1852 Gerardo
1059 1797 1259 1852 comite
1289 1796 1620 1870 Burgundize
1645 1795 1712 1850 ad

120 1889 389 1943 cenobium
417 1887 752 1942 Viceliacum
789 1904 819 1941 a
857 1903 915 1942 se
970 1894 1344 1943 constructum
1396 1885 1717 1942 transfertur

124 1981 196 2050 (Cf
241 1984 307 2036 Α.
365 1981 576 2046 Κακὴ),
635 1980 954 2050 Quanquam
1015 1979 1185 2050 aliqui
1243 1979 1510 2045 scribant,
1567 1976 1717 2048 quod

125 2071 212 2124 hec
240 2069 380 2141 aqud
407 2069 685 2139 Ephesum
719 2069 988 2140 quiescat,
1031 2069 1241 2124 nullum
1283 2084 1450 2138 super
1487 2084 1546 2122 se
1578 2067 1720 2140 tegi-

124 2179 233 2218 men
256 2162 481 2218 habens.
518 2163 606 2230 (H.
638 2164 732 2231 m.)
788 2162 976 2217 Petrus
1015 2163 1388 2217 Damascenus
1419 2163 1719 2232 episcopus

125 2255 361 2309 etPetrus
395 2253 746 2326 Majumenus
800 2254 856 2308 in
916 2254 1073 2326 Syria
1131 2271 1161 2309 a
1195 2254 1484 2310 Saracenis
1513 2262 1722 2324 marty-

130 2345 363 2401 rixantur.

414 2455 540 2509 746.
657 2457 710 2509 5.
822 2454 874 2509 2.
987 2456 1041 2509 5.
1152 2457 1206 2510 4.
1319 2455 1406 2508 19.

191 2547 332 2614 (Vita
360 2545 416 2601 S.
450 2545 592 2612 Kil.)
655 2543 992 2616 Athalongus
1051 2543 1346 2614 presbiter,
1388 2557 1486 2613 per
1515 2541 1722 2596 illatam

135 2633 223 2688 sibi
249 2633 545 2688 caecitatem
609 2631 920 2686 admonitus
949 2647 1183 2702 querere
1232 2647 1466 2702 corpora
1495 2638 1722 2685 sancto-

141 2739 240 2776 rum
295 2721 528 2777 Chiliani
589 2720 978 2791 sociorumque
1031 2721 1150 2789 ejus
1208 2721 1449 2775 inventis
1504 2730 1723 2774 sancto-

139 2829 237 2868 rum
300 2813 628 2884 corporibus
701 2813 875 2867 visum
944 2813 1172 2883 recepit.
1231 2813 1415 2884 anue
1473 2829 1531 2866 re
1585 2828 1721 2866 san-

139 2916 240 2963 ctus
263 2908 589 2964 Bonefacius
625 2906 920 2981 Moguntiae
950 2908 1248 2979 episcOpus
1299 2908 1368 2962 ab
1419 2907 1726 2981 Athalongo

141 3001 196 3053 ad
219 3016 272 3054 se
298 3001 480 3066 relata,
511 3006 756 3055 castrum
780 2999 1132 3055 Wirbiburch
1183 3001 1252 3054 ad
1284 3002 1555 3056 honorem
1589 3000 1724 3054 Chi-

141 3087 255 3142 liani
284 3090 550 3160 martyris,
586 3087 678 3160 qui
711 3089 779 3142 ad
829 3089 1225 3160 predicandum
1281 3089 1356 3144 ibi
1389 3106 1418 3143 a
1460 3105 1603 3160 papa
1627 3091 1728 3142 (Ιο-

145 3199 268 3238 nune
298 3184 597 3256 episcopus
641 3183 928 3239 ordinatus
965 3183 1163 3253 fuerat,
1216 3184 1406 3255 ibique
1459 3183 1650 3240 mortis
1677 3193 1730 3237 et

145 3277 322 3346 quietis
351 3277 526 3332 locum
593 3292 624 3330 a
679 3276 788 3330 Deo
848 3284 1154 3346 acceperat,
1199 3275 1534 3346 episcOpalis
1581 3275 1730 3330 sedis

146 3367 406 3442 privilegio
432 3366 691 3441 insigniri
713 3367 956 3421 decrevit
981 3383 994 3428 ;
1021 3367 1374 3438 primumque
1407 3365 1483 3420 ibi
1515 3365 1733 3436 episco-

146 3471 255 3524 pum
291 3462 530 3510 sanctum
571 3455 943 3509 Burchardum
989 3455 1284 3511 ordinavit.
1332 3456 1423 3524 (Η.
1467 3460 1561 3521 m.)
1591 3455 1732 3509 Mar-

148 3560 234 3598 ran
263 3545 603 3615 principatur
659 3544 947 3598 Saracenis
989 3545 1149 3598 annis
1203 3545 1256 3600 6.
1292 3546 1486 3614 (Μθιι.)
1542 3544 1730 3600 Karlo-

149 3648 372 3694 manuus,
404 3633 575 3687 frater
616 3631 795 3702 Pipini
831 3632 997 3704 regis,
1023 3632 1206 3687 Romae
1235 3649 1266 3687 a
1305 3632 1557 3688 Zacharia
1592 3647 1732 3702 papa

147 3722 190 3777 in
211 3730 521 3779 monachum
565 3732 839 3791 attonsus,
873 3725 1050 3795 primo
1091 3725 1144 3779 in
1192 3725 1404 3796 Serapti
1461 3732 1646 3779 monte
1675 3723 1732 3776 in

149 3813 372 3868 ccenobio
389 3814 535 3886 quod
571 3813 693 3882 ipse
751 3811 1017 3877 fundavit,
1071 3813 1273 3868 deinde
1317 3814 1464 3884 apud
1495 3819 1731 3869 castrum

155 3901 428 3971 Cassinum,
469 3903 863 3960 laudabilivita
887 3905 1122 3961 mmtuit.

425 4014 553 4068 847.
671 4012 722 4067 6.
837 4014 890 4068 1.
1001 4014 1054 4069 6.
1167 4014 1221 4067 5.
1332 4013 1422 4069 20.

1803 801 1996 864 parent
2034 794 2324 849 cruciculae
2364 793 2518 866 quasi
2545 793 2669 848 oleo
2698 793 3019 864 designatae.

2157 887 2284 940 749.
2388 887 2442 941 8.
2539 886 2593 940 3.
2679 885 2734 940 8.
2836 885 2888 940 7.
2965 886 3055 940 22.

1877 979 1952 1043 (G.
1977 981 2154 1049 pont.)
2184 977 2382 1033 Raohis
2415 993 2506 1031 rex
2556 977 3034 1051 Langobardorum
3069 977 3198 1031 dum
3260 984 3418 1048 rupto

1807 1066 2015 1121 fmdere
2056 1068 2280 1121 Romam
2340 1066 2646 1138 inquietare
2689 1066 2900 1132 nititur,
2932 1083 2961 1120 a
2992 1067 3248 1121 Zacharia
3279 1083 3420 1138 papa

1809 1171 1918 1210 non
1951 1156 2128 1210 solum
2161 1173 2190 1210 a
2222 1155 2365 1210 malo
2406 1155 2739 1225 reprimitur,
2789 1154 2886 1209 sed
2938 1155 3100 1210 etiam
3158 1157 3276 1227 ejus
3307 1156 3422 1209 ins—

1809 1244 2008 1298 stinclu
2031 1260 2154 1298 cum
2179 1259 2350 1299 uxore
2399 1250 2452 1298 et
2483 1242 2612 1297 ﬁliis
2669 1243 2890 1298 Romam
2942 1245 3195 1310 veniens,
3230 1260 3424 1300 mona-

1810 1335 1945 1390 chus
1971 1334 2228 1390 efficitur.
2253 1333 2348 1389 Cui
2388 1333 2686 1389 lIaistulfus
2738 1334 2904 1389 frater
2920 1334 3041 1402 ejus
3072 1335 3420 1400 substitutus,

1812 1437 2002 1505 regnat
2039 1429 2199 1484 annis
2227 1430 2284 1485 7.

2165 1520 2288 1575 750.
2395 1520 2449 1574 9.
2544 1519 2597 1572 4.
2690 1520 2743 1574 9.
2841 1520 2892 1572 1.
2967 1517 3056 1572 23.

1888 1608 1953 1672 (Α
2008 1609 2276 1675 Lauriss.)
2337 1606 2608 1661 Hildricus
2635 1623 2725 1661 rex
2768 1605 3095 1661 Francorum
3137 1607 3190 1661 in
3233 1622 3426 1662 mona-

1816 1699 1976 1753 chum
2013 1706 2364 1764 tonsoratur;
2423 1699 2649 1768 Pipinus
2709 1713 2835 1752 vero
2878 1698 3134 1768 princeps
3186 1701 3425 1754 auctori-

1816 1796 1925 1844 tate
1955 1788 2256 1859 apostolica
2281 1794 2334 1842 et
2369 1787 2698 1843 Francorum
2730 1787 3000 1842 electione
3041 1804 3070 1841 a
3109 1797 3299 1843 sancto
3333 1791 3430 1843 Bo-

1819 1880 2034 1936 nefacio
2065 1879 2359 1955 MOguntiae
2391 1880 2809 1950 archiepiscopo
2860 1879 2915 1932 in
2958 1895 3141 1952 regem
3171 1881 3432 1951 unguitur

1819 1977 1873 2025 et
1900 1977 2274 2035 consecratur,
2295 1976 2350 2023 et
2377 1969 2626 2043 regnavit
2656 1969 2816 2022 annis
2841 1969 2904 2022 18
2938 1968 3080 2037 [post
3105 1984 3282 2022 annos
3312 1969 3428 2022 cir-

1819 2061 1956 2116 citer
1981 2059 2265 2132 octoginta
2291 2065 2442 2123 octo,
2484 2066 2774 2130 postquam
2817 2057 3054 2125 majores
3086 2057 3283 2112 domus
3338 2074 3432 2113 ce-

1822 2155 2018 2217 perunt
2050 2148 2347 2219 principari
2380 2163 2548 2218 super
2569 2163 2728 2222 reges
2760 2147 3092 2201 Francorum
3125 2147 3216 2204 ¹³⁶.

2181 2239 2302 2293 751.
2398 2239 2488 2293 10.
2585 2238 2638 2295 5.
2725 2239 2774 2292 1.
2851 2237 2906 2292 2.
2985 2239 3076 2292 24.

1894 2327 2014 2396 (Ιὸ.)
2048 2327 2272 2397 Pipinus
2302 2343 2396 2380 rex
2419 2335 2608 2382 contra
2665 2327 2910 2381 Saxones
2966 2332 3190 2399 pugnat.
3227 2324 3431 2395 Gripho

1824 2419 1991 2474 frater
2017 2420 2196 2490 Pipini
2230 2419 2539 2490 perimitur.
2586 2419 2792 2489 [Frater
2830 2418 3080 2487 ejusdem
3114 2418 3292 2488 Pipini
3344 2434 3434 2473 re-

1824 2513 1910 2588 gis
1942 2512 2242 2584 Remigius,
2275 2501 2640 2567 Rodomensis
2673 2510 3143 2581 archiepiscOpus,
3169 2510 3224 2563 in
3265 2510 3435 2564 Gallia

1825 2602 2015 2656 claret.
2074 2601 2299 2671 Pipinus
2354 2616 2445 2653 rex
2488 2598 2783 2653 Galliarum
2841 2598 3122 2652 recclesias
3182 2598 3437 2652 cantibus

1827 2692 2084 2748 Romanae
2112 2690 2449 2746 auctoritatis
2471 2706 2573 2746 suo
2589 2690 2774 2745 studio
2794 2689 3103 2746 melioravit
3135 2690 3221 2743 13°.

2183 2779 2302 2834 752.
2408 2780 2491 2834 11.
2581 2779 2632 2834 6.
2711 2779 2764 2832 2.
2843 2778 2898 2832 3.
2991 2778 3081 2832 25.

1898 2872 1986 2942 (G.
2011 2871 2182 2942 pont.)
2213 2870 2522 2940 Stephanus
2543 2871 2669 2926 8708
2702 2869 2958 2924 Romana:
3013 2869 3278 2925 mcclesize
3311 2886 3440 2940 pre-

1827 2960 1987 3014 sidet.
2021 2963 2227 3029 (Ihm)
2276 2958 2491 3012 Marvan
2549 2957 2719 3012 amira
2775 2964 3082 3028 perempto,
3127 2958 3440 3012 Muhamath

1829 3049 2171 3120 principatur
2207 3048 2494 3105 Saracenis
2525 3049 2686 3103 annis
2744 3049 2796 3102 5.
2836 3047 3099 3104 Haistulfo
3129 3049 3441 3121 Langobar-

1760 3133 1808 3201 C
1839 3141 2032 3196 dorum
2058 3155 2187 3213 rege
2214 3145 2402 3194 contra
2443 3139 2719 3193 Romanos
2772 3139 2908 3193 adeo
2939 3138 3355 3203 exardescente,
3387 3145 3445 3192 ut

1831 3233 2097 3288 tributum
2137 3231 2382 3302 exigeret
2410 3229 2478 3283 ab
2509 3230 2941 3301 uniuscujusque
2968 3230 3168 3301 capite,
3210 3230 3446 3300 Stepha-

1832 3337 1936 3376 nus
1964 3335 2104 3392 papa
2129 3319 2194 3373 ad
2221 3318 2590 3388 expetendum
2615 3318 2796 3388 Pipini
2827 3319 2973 3390 regis
3005 3319 3266 3373 auxilium
3299 3319 3445 3393 cogi-

1833 3415 1995 3471 turin
2027 3413 2306 3468 Franciam
2327 3412 2538 3467 venire.
2588 3412 2683 3467 Cui
2713 3413 2767 3467 iu
2800 3413 3071 3468 veniendo
3107 3413 3160 3467 in
3195 3430 3303 3467 una
3336 3430 3442 3470 no-

1832 3509 2000 3564 ctium
2022 3505 2276 3577 apparuit
2332 3521 2590 3577 magnum
2645 3505 2861 3577 signum
2932 3505 2986 3560 in
3041 3506 3198 3572 caelo,
3250 3506 3446 3580 globus

1831 3596 2042 3653 scilicet
2063 3597 2258 3668 igneus
2288 3611 2318 3649 a
2368 3603 2521 3665 parte
2576 3594 2823 3661 australi,
2883 3594 3171 3650 declinans
3196 3611 3226 3650 a
3257 3596 3444 3650 Galliae

1834 3685 2040 3739 finibus
2065 3685 2119 3739 in
2151 3691 2332 3754 partes
2387 3683 2888 3756 Langobardorum.
2953 3684 3242 3754 (Lauriss.)
3282 3673 3445 3740 Mitti-

1835 3782 1923 3829 tur
1951 3773 2114 3828 etiam
2172 3771 2568 3826 Karlomannus
2621 3772 2926 3825 monachus
2989 3772 3056 3825 ab
3081 3771 3346 3827 liaistulfo
3377 3772 3445 3826 ad

1839 3865 2059 3920 fratrem
2091 3880 2250 3918 suum
2281 3862 2536 3932 Pipinum
2556 3877 2764 3935 regem,
2785 3863 2852 3915 ad
2870 3863 3300 3933 perturbandam
3316 3880 3450 3934 apo-

1839 3954 2086 4011 stolicam
2117 3951 2460 4023 petitionem.
2492 3951 2563 4020 (A
2603 3951 2771 4020 Mett.)
2823 3950 3050 4022 Pipinus
3078 3968 3109 4004 a
3168 3951 3451 4022 Stephano

1845 4061 1987 4117 papa
2019 4059 2140 4098 cum
2161 4041 2288 4096 ﬁliis
2316 4041 2430 4096 suis
2461 4039 2828 4095 Karlomanno
2877 4047 2929 4095 et
2958 4040 3152 4095 Karolo
3176 4041 3231 4094 in
3265 4057 3448 4116 regem

215 4117 391 4210 (Μῆτίς)
421 4117 657 4188 Pipinus
710 4117 1052 4210 Griphonem
1100 4115 1331 4210 ἷτδίτὲηξ
1360 4133 1520 4172 suum
1546 4127 1743 4210 99mm
1844 4115 2090 4210 ungitur,
2120 4141 2174 4188 et
2205 4150 2303 4204 per
2333 4147 2430 4187 eos
2457 4131 2744 4206 generatio
2774 4147 2964 4188 eorum
2996 4131 3052 4187 in
3094 4115 3452 4187 hereditatem

163 4217 213 4257 se
240 4205 589 4262 rebellantem
624 4207 993 4277 persequitur.
1037 4208 1124 4277 (11.
1155 4207 1255 4276 1n.)
1301 4205 1558 4261 Saraceni
1600 4207 1744 4262 inte-

164 4295 286 4351 stino
314 4297 449 4355 bello
477 4297 840 4354 colliduntur.

413 4405 531 4460 748.
695 4403 746 4457 7.
857 4402 915 4457 2.
1041 4403 1089 4458 7.
1205 4403 1260 4459 ϐ.
1369 4405 1461 4458 21.

1847 4229 2046 4303 regalis
2094 4226 2467 4283 successionis
2521 4227 2574 4281 in
2623 4237 2950 4298 perpetuum
3005 4225 3374 4293 benedicitur,
3403 4233 3458 4281 et

1848 4323 2028 4379 omnis
2053 4320 2369 4394 alienigena
2399 4319 2467 4373 ab
2507 4319 2628 4387 ejus
2661 4319 2946 4375 invasione
2990 4318 3292 4391 apostolico
3314 4335 3455 4374 ana-

1850 4417 2091 4470 themate
2123 4412 2471 4467 interdicitur
2509 4411 2676 4481 (174).
2745 4413 3037 4468 Auselmus
3088 4413 3173 4467 vir
3215 4411 3457 4477 illustris,

228 4507 308 4569 (Α.
346 4509 626 4577 Lauriss.)
687 4507 914 4578 Pipinus
965 4507 1299 4578 Griphonem
1341 4507 1392 4561 in
1433 4508 1668 4564 Saxonia
1699 4519 1752 4566 et
1778 4481 2007 4572 Dcujus
2046 4517 2202 4557 soror
2223 4508 2496 4555 eratuxor
2521 4498 2765 4553 Haistulfi
2793 4501 2938 4572 regis
2979 4499 3236 4555 transfert
3263 4515 3463 4571 corpus

172 4591 272 4658 ejus
310 4597 608 4668 complices
649 4595 1011 4656 Tassilonem,
1067 4595 1404 4650 Lantfridum
1429 4597 1754 4672 etSuidiger
1853 4596 2027 4651 sancti
2053 4597 2294 4652 Silvestri
2325 4613 2478 4668 papae
2520 4598 2585 4652 ad
2607 4597 2926 4654 coenobium
2967 4599 3331 4654 Nonantulam
3359 4615 3462 4655 ase

174 4683 295 4740 bello
321 4688 484 4743 vietos
513 4687 668 4758 capit
708 4705 722 4751 ;
759 4694 811 4742 et
853 4687 1194 4742 Tassilonem
1239 4688 1463 4759 quidem
1491 4689 1752 4758 Bajoarize
1855 4684 2140 4740 fundatum
2177 4685 2261 4740 ‘37.

175 4769 341 4827 ducem
369 4775 537 4834 facit:
575 4775 843 4846 Griphoni
876 4790 1005 4830 vero
1038 4775 1094 4829 in
1135 4775 1488 4831 Neustria12
1518 4779 1752 4833 comita-
2209 4781 2334 4836 753.
2423 4781 2505 4836 l2.
2611 4783 2662 4837 1.
2740 4781 2793 4838 3.
2869 4783 2924 4836 4.
3017 4782 3108 4839 26.

177 4866 251 4914 tus
274 4866 529 4922 concedit.
566 4865 727 4930 Quod
758 4865 839 4920 illi
897 4880 1008 4920 non
1039 4865 1262 4934 sufficit,
1295 4867 1393 4922 sed
1447 4868 1515 4921 ad
1542 4869 1752 4925 Waifa-
1927 4873 2081 4940 (Com
2154 4873 2336 4941 Fred)
2394 4872 2620 4943 l‘ipinus
2676 4889 2769 4927 rex
2833 4874 3040 4928 Italiam
3095 4874 3466 4950 aggreditur;

1485 4996 1703 5052 VARle
1745 4997 2118 5055 LECTIONES.

219 5091 295 5170 )3}
330 5097 476 5150 addit
515 5110 714 5170 manus
753 5094 1020 5170 Sigeberti
1079 5096 1360 5170 simillima
1381 5113 1414 5170 7;,
1437 5098 1555 5151 rell.
1595 5104 1796 5166 proster-
1827 5100 1886 5153 A.
1922 5099 1988 5133 ¹³⁸
2014 5101 2075 5154 in
2105 5114 2316 5170 rasura,
2345 5098 2578 5170 duarum
2610 5098 2878 5170 linearum
2905 5097 3008 5170 18.;
3037 5097 3156 5151 rell.
3188 5095 3467 5170 praetera.

183 5160 234 5192 ¹³⁷
260 5165 518 5243 infusam
581 5160 1260 5243 dzmrum_line_arum16.;
1315 5168 1435 5243 νεζζ.
1500 5160 1700 5243 praeter
1751 5170 1822 5243 _A.
1846 5173 1953 5243 qui
1980 5171 2161 5243 habet,
2197 5188 2209 5223 :
2243 5169 2497 5243 Pipinus
2532 5185 2624 5223 rex
2666 5176 2806 5223 totas
2846 5167 3141 5243 Galliarum
3186 5160 3468 5243 {ecclesias

185 5235 400 5310 cantibus
432 5239 692 5293 Romanae
726 5237 1086 5310 auctoritatis
1113 5254 1214 5294 suo
1271 5239 1454 5294 studio
1481 5235 1806 5295 melioravit.
1844 5235 1935 5295 Vir
1995 5241 2196 5296 nobilis
2224 5235 2514 5296 Anselmus
2567 5255 2770 5310 corpus
2791 5240 2967 5294 sancti
3022 5238 3267 5294 Silvestri
3318 5251 3473 5308 papae

187 5305 404 5362 transfert
429 5325 458 5363 a
475 5310 648 5366 Roma
673 5307 742 5363 ad
769 5308 1133 5364 Nonantulam
1152 5311 1470 5366 coenobium
1495 5327 1599 5366 ase
1638 5312 1945 5368 fundatum.
1979 5312 2108 5368 Hac
2129 5315 2307 5382 igitur
2333 5313 2637 5381 Siqebertus
2659 5305 2838 5381 primo
2860 5310 3126 5365 etiderat.

1714 5441 1928 5499 NOTAE.

250 5542 370 5625 U71)
401 5547 517 5604 Rrec
543 5565 646 5605 nec
657 5547 1363 5625 ﬁn_n.Met_tenseshabeut,
1395 5566 1500 5606 nec
1531 5549 1761 5625 Regino.
1867 5553 1927 5605 in
1981 5552 2340 5625 imperatoria
2356 5550 2694 5625 _di_gm:tate..
2725 5547 2924 5625 Eadem
2969 5545 3075 5625 sed.
3128 5543 3311 5625 verbis
3351 5539 3477 5625 aliis

196 5609 629 5694 Auctortractatus
657 5619 1090 5694 Deinvestitura.
1112 5609 1493 5694 (Waltramum
1528 5609 1766 5693 vocant),
1868 5609 2136 5694 concepta
2165 5621 2298 5694 dicit
2356 5609 2651 5694 Folcuinus
2683 5618 2736 5672 in
2785 5617 3115 5673 chartulario
3148 5615 3203 5670 S.
3250 5609 3456 5666 Bertini

195 5687 425 5763 quihunc
455 5691 632 5763 locum
665 5691 950 5762 excripsit,
985 5687 1146 5747 eaita
1173 5693 1398 5746 exhibet
1440 5709 1454 5757 ;
1491 5695 1660 5748 Unmit
1699 5687 1768 5734 44
1868 5710 1924 5763 p.
1957 5687 2148 5749 56'ed.
2182 5691 2445 5746 Guerard.

198 5753 390 5813 fratrem
417 5762 530 5829 ejus
561 5753 892 5833 cmﬁrma'ns
920 5753 1140 5832 stirpem
1192 5764 1413 5818 illorum
1444 5753 1504 5817 in
1541 5767 1688 5832 regia
1719 5768 1768 5817 et
