3894 6220
186 312 212 365 1
226 311 292 366 -15
1686 307 1812 362 CER

1933 307 2030 364 CA.
3431 309 3532 364 146

200 452 372 509 capus
389 451 637 507 corpora
684 441 986 507 martyrum
1015 434 1299 510 Gargonii,
1350 434 1583 491 Nabaris
1625 441 1681 489 et
1709 434 1809 488 Na-
1832 436 1885 504 Α
1914 432 2063 489 tione
2097 439 2299 504 papatu
2340 433 2555 500 invasa,
2583 432 2849 488 acclesia
2873 433 2969 489 Dei
2998 449 3197 506 magno
3231 433 3338 490 fuit
3366 451 3533 490 scan-

174 528 304 583 xarii
334 527 515 582 Roma
540 526 615 582 ad
658 526 862 581 Gallias
890 525 1189 592 transtulit,
1225 532 1279 579 et
1306 525 1641 601 Gargonium
1683 527 1809 599 qui-
1911 525 2056 580 dalo.
2132 524 2349 596 [Contra
2393 525 2544 579 hunc
2611 524 2905 595 Philippus
2952 541 2982 579 a
3037 525 3365 596 quibusdam
3417 527 3530 582 Ro-

176 621 301 675 dem
333 621 391 674 in
420 619 644 686 Gorzia,
674 618 945 673 Naborem
982 633 1113 673 vero
1138 618 1192 672 in
1226 614 1498 688 Hyliriaco
1530 618 1810 685 eoenobio,
1911 636 2197 675 manorum
2230 636 2373 691 papa
2402 620 2780 689 constituitur,
2842 628 2895 675 ct
2938 636 3050 676 non
3077 621 3249 676 multo
3280 628 3402 693 post
3431 621 3529 677 de-

176 708 470 762 Nazarium
528 715 717 761 autem
777 705 1024 778 reposuit
1082 707 1139 760 in
1196 706 1448 763 canobio
1506 707 1807 771 Lorisham.
1913 709 2137 780 ponitur
2167 708 2277 780 “'.]

175 800 327 873 quod
363 800 647 872 Cantbuyr
673 816 861 856 comes
908 800 1142 856 illustris
1171 817 1203 855 a
1233 818 1291 856 se
1322 801 1632 870 fundatum,
1667 802 1806 858 Met-
2123 800 2249 856 768.
2360 800 2451 854 27.
2582 800 2671 853 11.
2799 800 2887 855 18.
3021 801 3107 856 12.
3259 802 3311 857 5.

175 893 607 949 tensiacclesia
648 893 818 965 priori
860 908 1006 949 anno
1025 893 1346 950 tradiderat.
1980 890 2153 961 (Cant.
2182 890 2365 959 Fred.)
2408 889 2591 963 Longa
2620 890 2902 945 contentio
2960 891 3105 946 inter
3154 891 3408 963 Pipinum
3473 903 3529 949 et

252 984 381 1039 765.
453 983 515 1038 Β.
590 982 663 1037 24
751 983 804 1037 8.
895 982 947 1039 8.
1017 982 1074 1038 F.
1152 984 1235 1038 15.
1296 984 1353 1038 L.
1412 984 1463 1040 9.
1544 984 1603 1039 Β.
1678 984 1732 1039 2.
1908 981 2208 1036 Wailerum
2242 979 2449 1047 linitur,
2484 981 2611 1052 quia
2656 981 2928 1037 Wail‘erus
2986 1000 3017 1036 a
3067 984 3183 1038 suis
3253 985 3521 1041 malorum

248 1074 432 1141 (Cant.
468 1074 646 1141 Fred)
707 1073 931 1144 Pipinus
984 1090 1074 1128 rex
1132 1074 1440 1147 Agennum,
1493 1073 1805 1147 Petragori-
1910 1073 2163 1143 pertasis
2194 1073 2249 1127 in
2283 1073 2514 1147 gratiam
2551 1073 2722 1144 Pipini
2755 1075 3080 1144 perimitur;
3114 1083 3168 1130 et
3199 1093 3309 1131 non
3354 1076 3525 1130 multo

178 1177 274 1215 cas
295 1168 353 1215 et
385 1160 761 1235 Engolismam
788 1160 952 1215 urbes
982 1160 1292 1232 Aquitania
1348 1162 1615 1227 devastat,
1664 1163 1807 1217 mul-
1910 1162 2277 1233 postPipinus
2297 1163 2548 1218 moritur.
2608 1163 2856 1227 Karolns,
2913 1162 3061 1217 ﬁlius
3091 1165 3231 1233 ejus,
3264 1181 3362 1236 pro
3394 1164 3525 1219 feli-

183 1257 417 1321 tamque
447 1250 758 1322 Aquitania
815 1257 1027 1320 partem
1085 1251 1189 1305 sibi
1250 1250 1528 1324 subjugat.
1564 1252 1809 1307 Chrode—
1909 1258 2087 1313 citatis
2110 1258 2493 1332 magnitudine
2539 1260 2928 1332 agnominatus
2962 1259 3210 1334 Magnus,
3271 1275 3527 1330 compar—

178 1355 401 1413 gangus
428 1339 775 1393 Mettensium
831 1339 1280 1410 archiepiscopus
1341 1340 1479 1395 obit.
1538 1341 1809 1411 Tempore

185 1433 547 1488 Constantini
586 1433 938 1503 imperatoris
970 1441 1026 1489 et
1083 1434 1312 1505 Hyrena
1352 1435 1537 1503 uxoris
1570 1436 1711 1506 ejus,
1753 1436 1808 1490 in

182 1526 350 1597 Syria
407 1525 628 1579 civitate
683 1525 925 1592 Beritho,
985 1542 1109 1596 qua
1169 1525 1420 1594 subjacet
1484 1526 1811 1596 Antiochia,

1910 1347 2009 1403 tito
2040 1364 2162 1403 cum
2187 1347 2352 1402 fratre
2384 1364 2485 1401 suo
2546 1348 2907 1403 Karlomanno
2964 1364 3157 1422 regno,
3191 1355 3382 1420 regnat
3407 1356 3530 1418 post

1911 1451 2035 1490 eum
2090 1436 2251 1490 annis
2297 1437 2384 1489 47.
2421 1438 2497 1504 (G.
2551 1436 2729 1507 pani.)
2773 1435 3129 1492 Constantino
3172 1437 3527 1507 pseudopapa

1915 1540 2014 1593 per
2044 1524 2221 1577 zelum
2253 1522 2498 1578 ﬁdelium
2533 1524 2600 1577 ab
2632 1524 2879 1578 aeclesia
2904 1524 3192 1579 deturbate
3237 1525 3526 1596 oculisque

182 1613 366 1668 Judai
399 1613 695 1687 imaginem
736 1614 865 1668 Jesu
922 1613 1208 1669 salvatoris
1268 1616 1439 1670 nostri
1467 1616 1816 1671 invenientes
1917 1615 2478 1686 privato,Stephanus
2502 1616 2629 1669 8908
2660 1616 2919 1671 Romana
2967 1617 3229 1671 acclesia
3261 1617 3523 1687 presidet.

186 1705 246 1759 in
271 1704 444 1760 domo
501 1705 786 1773 cujusdam
840 1705 1040 1773 Judai,
1097 1706 1169 1760 ibi
1216 1707 1457 1770 relictam
1508 1725 1537 1762 a
1569 1709 1807 1779 quodam
1833 1735 1886 1805 Β
1917 1705 2012 1759 Hic
2042 1713 2149 1759 tam
2184 1721 2213 1759 a
2244 1705 2414 1759 Gallia
2453 1722 2617 1776 quam
2649 1705 2717 1758 ab
2749 1705 2899 1760 Italia
2926 1706 3315 1776 episcoporum
3370 1707 3527 1760 sino-

187 1795 519 1861 christiano,
551 1796 644 1867 qui
698 1795 776 1849 ibi
828 1802 1124 1863 manserat,
1168 1813 1289 1850 eam
1332 1798 1598 1866 injuriose
1638 1795 1883 1869 depo-"
1914 1795 2042 1849 dum
2074 1796 2259 1849 Roma
2288 1805 2605 1868 congregat,
2657 1796 2710 1849 in
2767 1813 2875 1867 qua
2932 1796 3119 1851 omnia
3177 1813 3206 1850 a
3261 1797 3527 1851 Constan«

188 1892 455 1949 suerunt,
488 1891 542 1938 et
592 1884 782 1938 omnia
834 1885 1153 1954 opprobria,
1200 1902 1322 1957 qua
1374 1886 1553 1941 Judai
1603 1886 1812 1943 Christo
1916 1885 2032 1939 tino
2059 1883 2311 1938 ordinata
2337 1883 2625 1938 exordinat
2658 1890 2840 1953 preter
2885 1885 3223 1954 baptismum
3257 1892 3309 1938 et
3349 1884 3527 1938 chris-

191 1975 327 2030 Jesu
360 1975 687 2042 intulerunt,
714 1975 939 2050 imagini
971 1977 1090 2045 ejus
1135 1977 1469 2044 inferebant,
1522 1978 1815 2034 illudentes
1915 1992 2045 2041 ma;
2079 1975 2415 2029 decernente
2455 1974 2675 2039 sinodo,
2721 1982 2780 2029 ut
2820 1975 3065 2046 episc0pi
3113 1976 3179 2029 ab
3212 1975 3305 2029 illo
3336 1990 3531 2029 conse-

190 2065 266 2130 ei,
300 2066 357 2118 in
393 2065 587 2120 faciem
618 2075 1151 2137 conspuentes,eam
1192 2069 1585 2138 percutientes,
1627 2069 1814 2124 crimi-

196 2169 335 2208 nose
359 2154 749 2219 comiti-antes,
787 2171 983 2210 manus
1013 2161 1066 2211 et
1118 2156 1289 2226 pedes
1316 2158 1434 2226 ejus
1473 2158 1643 2212 clavis
1683 2174 1816 2214 con-

194 2241 462 2316 ﬁgentes,
492 2251 710 2297 acetum
752 2251 806 2298 et
834 2243 907 2299 fel
938 2245 988 2299 ei
1042 2246 1388 2319 porrigentes
1416 2247 1670 2311 ;tandem
1699 2247 1817 2301 lan-

195 2346 296 2385 cea
329 2331 503 2385 latere
530 2331 652 2399 ejus
692 2338 907 2402 aperto,
936 2332 1104 2387 exivit
1133 2332 1202 2389 de
1229 2350 1295 2389 eo
1321 2336 1545 2409 sanguis
1573 2343 1626 2389 et
1652 2352 1812 2407 aqua.

191 2423 351 2489 Quod
388 2424 466 2477 illi
496 2424 783 2494 supposita
811 2426 1054 2496 ampulla
1101 2428 1494 2498 suscipientes,
1552 2428 1620 2482 ad
1646 2444 1816 2499 expe-

194 2515 519 2578 rimentum,
554 2522 743 2570 utrum
776 2515 983 2571 fuerint
1021 2533 1149 2572 vera
1173 2518 1456 2587 miracula,
1478 2537 1600 2591 qua
1627 2521 1817 2576 Jesum

1916 2071 2049 2126 erati
2085 2071 2151 2124 ad
2183 2070 2434 2145 gradum,
2481 2087 2642 2142 quem
2677 2079 2801 2126 ante
2861 2072 3001 2125 hanc
3052 2071 3529 2126 consecrationem

1918 2161 2217 2227 habebant,
2243 2160 2506 2226 redirent,
2536 2167 2590 2214 et
2620 2160 2664 2213 si
2694 2160 2849 2233 digni
2880 2159 3278 2228 iudicarentur,
3322 2161 3522 2215 iterum

1917 2251 2078 2305 electi
2136 2251 2333 2306 iterum
2403 2258 2892 2315 consecrarentur;
2955 2250 3241 2320 presbiteri
3304 2266 3433 2304 vero
3465 2266 3529 2304 ac

1919 2341 2138 2397 diaconi
2182 2341 2251 2396 ab
2314 2342 2405 2395 illo
2470 2342 2774 2396 consecrati
2853 2341 3107 2395 similiter
3159 2342 3226 2396 ad
3284 2342 3526 2412 priorem

1917 2432 2147 2506 gradum
2181 2430 2459 2493 redirent;
2506 2438 2563 2484 et
2607 2430 2711 2500 ipsi
2762 2431 2809 2484 si
2860 2430 3011 2504 digni
3062 2440 3269 2498 essent,
3333 2432 3532 2485 iterum

1918 2519 2142 2590 quidem
2229 2525 2683 2574 consecrarentur
2708 2561 2721 2580 ,
2784 2518 2880 2573 sed
2911 2519 2977 2572 ad
3018 2518 3266 2574 altiorem
3301 2519 3531 2591 gradum

191 2602 393 2658 fecisse
424 2603 745 2671 audierunt,
796 2619 992 2659 omnes
1052 2605 1372 2662 intirmosin
1404 2625 1682 2685 synagoga
1723 2627 1823 2665 sua
1922 2613 2012 2665 vel
2037 2611 2288 2665 ordinem
2342 2626 2637 2681 numquam
2699 2609 3062 2664 escenderent
3092 2628 3104 2676 ;
3134 2609 3256 2664 laici
3312 2624 3439 2665 vero
3466 2611 3536 2665 ab

194 2695 591 2750 collectoshoc
643 2697 912 2770 sanguine
958 2699 1330 2773 aspergebant
1364 2719 1377 2766 ;
1410 2708 1463 2755 et
1495 2719 1525 2756 a
1552 2720 1822 2774 quocum-

200 2804 308 2858 que
328 2788 601 2861 languore
635 2790 1048 2858 detinebantur,
1073 2808 1269 2848 omnes
1313 2796 1669 2852 sanabantur.
1715 2798 1822 2853 Un-

1924 2703 2018 2757 illo
2052 2702 2104 2755 in
2136 2701 2400 2755 diaconos
2422 2702 2506 2755 vel
2539 2701 2875 2770 presbiteros
2906 2701 3140 2756 ordinati
3170 2701 3403 2756 omnino
3435 2701 3533 2755 de-

1922 2789 2305 2863 gradarentur,
2348 2795 2403 2843 et
2456 2789 2512 2842 in
2563 2790 2821 2863 religioso
2878 2788 3067 2844 habitu
3092 2796 3530 2859 perseverarent.

199 2876 269 2931 de
297 2877 476 2932 Judai
499 2878 724 2932 tandem
752 2882 1085 2951 compuncti,
1110 2884 1178 2937 ad
1212 2886 1552 2941 Adeodatum
1585 2888 1823 2944 civitatis
1923 2883 2346 2938 Veneralionem
2393 2883 2554 2936 etiam
2612 2890 2920 2936 sanctarum
2984 2883 3283 2954 imaginum
3335 2882 3535 2936 confir-

199 2968 528 3039 episcopum
560 2986 756 3025 omnes
800 2982 1180 3041 cucurrerunt,
1234 2976 1398 3047 eique
1458 2995 1515 3033 re
1547 2989 1819 3046 enarrata,

1925 2989 2054 3047 mat,
2099 2996 2399 3052 earumque
2444 2979 2823 3050 profanatores
2881 2978 3331 3033 anathematizat.
3394 2978 3535 3033 Con-

203 3056 504 3131 imaginem
539 3074 660 3112 cum
694 3061 965 3133 sanguine
999 3062 1050 3115 ei
1072 3062 1364 3118 dederunt.
1409 3065 1616 3130 Quibus
1641 3068 1822 3138 bapti-
1852 3102 1901 3171 Ο
1924 3070 2103 3126 stituit
2131 3071 2316 3135 etiam,
2358 3076 2416 3124 ut
2465 3070 2521 3123 in
2573 3070 2723 3125 omni
2756 3069 2847 3124 die
2894 3069 3175 3124 dominico
3217 3069 3285 3122 ad
3309 3068 3532 3123 missam

200 3150 358 3217 zatis,
385 3151 683 3221 episcopus
742 3153 1068 3227 sanguinem
1128 3172 1226 3225 per
1256 3158 1527 3228 ampullas
1584 3159 1818 3216 divisum

195 3244 364 3317 longe
403 3246 625 3316 lateque
683 3246 954 3320 dirigens,
991 3249 1314 3319 predieabat
1364 3255 1641 3326 magnalia
1673 3255 1770 3310 Dei
1805 3274 1820 3322 ;

199 3335 510 3391 obtestatus
540 3353 757 3403 omnes,
789 3347 848 3392 ut
885 3339 1118 3413 singulis
1143 3342 1302 3396 annis
1328 3344 1380 3396 5.
1416 3344 1543 3398 ldus
1574 3345 1819 3401 Novem-

202 3428 316 3481 bris
340 3429 659 3484 celebretnr
711 3431 895 3501 passio
952 3433 1244 3490 dominica
1290 3434 1548 3510 imaginis
1591 3438 1694 3509 (Cf.
1746 3441 1820 3495 A.

198 3520 415 3590 Iunt).

417 3609 543 3665 766.
678 3611 767 3666 25.
915 3613 968 3667 9.
1111 3615 1195 3669 16.
1334 3617 1423 3672 10.
1554 3619 1607 3675 3.

1927 3163 2115 3219 Gloria
2152 3166 2211 3215 in
2249 3163 2469 3216 excelsis
2498 3165 2599 3216 Deo
2616 3168 2859 3215 canatur.

2142 3251 2262 3305 769.
2386 3251 2473 3304 28.
2623 3251 2711 3303 12.
2830 3253 2880 3304 1.
3029 3249 3115 3303 13.
3265 3249 3317 3303 6.

1999 3340 2168 3409 (Mett.
2205 3338 2434 3409 [Laur.])
2466 3338 2714 3393 Hunaldo
2756 3338 3120 3393 rebellionem
3145 3337 3201 3391 in
3244 3338 3535 3409 Aquitania

1927 3431 2253 3497 meditante,
2314 3429 2542 3484 Karolus
2601 3430 2946 3501 Aquitaniam
3027 3430 3182 3500 petit,
3234 3444 3539 3500 omnesque

1926 3522 2231 3593 Aquitanos
2259 3528 2312 3574 et
2338 3521 2639 3574 Wascones
2679 3520 2733 3573 in
2789 3520 3132 3575 deditionem
3173 3520 3391 3591 accipit.
3429 3520 3537 3573 llu-

1929 3613 2175 3675 naldum,
2213 3613 2306 3683 qui
2363 3611 2431 3665 ad
2475 3612 2681 3682 Lupum
2741 3611 3070 3666 \Vasconum
3091 3609 3536 3683 ducemfugerat,

276 3707 350 3765 (ΙΙ.
382 3703 483 3771 m)
526 3702 920 3758 Constantinus
950 3705 1247 3777 imperator
1276 3714 1330 3763 et
1358 3709 1652 3766 llabdallas
1684 3708 1831 3768 amii
1927 3719 1958 3756 3
2016 3701 2165 3770 [ιι]Ρο
2219 3699 2323 3753 Sibi
2365 3715 2488 3753 cum
2553 3714 2721 3752 ακοτο
2782 3701 3069 3752 remissum
3128 3698 3354 3752 abduc“
3414 3716 3428 3764 ;
3486 3705 3541 3751 et

198 3807 284 3843 ras
308 3791 428 3861 pari
457 3791 684 3845 vesania
716 3792 770 3846 in
828 3793 1162 3850 orthodoxos
1216 3797 1527 3868 deseviunt,
1588 3800 1823 3857 multos-

200 3895 306 3949 que
337 3895 534 3934 eorum
567 3896 667 3951 pro
699 3880 911 3937 Christo
970 3884 1266 3953 perimunt.
1312 3887 1700 3943 Constantinus
1732 3891 1821 3944 in-

203 3989 373 4043 super
396 3990 545 4048 agre
565 3974 750 4029 ferens
787 3977 1017 4048 gloriam
1052 3987 1363 4036 sanctorum
1420 3984 1701 4040 miracuiis
1731 4000 1823 4040 co-

205 4064 570 4132 ruscantium,
600 4064 768 4119 etiam
797 4066 1010 4137 lipsana
1039 4084 1229 4124 eorum
1298 4071 1506 4143 ubique
1557 4073 1719 4144 jubet
1749 4073 1825 4129 ef-

204 4152 315 4209 fodi
347 4154 623 4223 etjactari
657 4156 712 4209 in
766 4156 1120 4227 profundum.
1176 4160 1235 4215 In
1297 4164 1591 4232 prasentia
1640 4165 1820 4236 Pipini

205 4245 351 4318 regis
394 4245 543 4300 inter
581 4245 784 4301 Grecos
824 4256 880 4302 et
927 4248 1210 4306 Romanos
1249 4253 1566 4309 celebratur
1594 4256 1824 4312 sinodus

204 4332 273 4387 de
303 4341 496 4388 sancta
516 4333 780 4389 Trinitate
808 4342 863 4389 et
893 4345 1207 4393 sanctorum
1259 4340 1609 4414 imaginibus.
1644 4343 1815 4413 (Cant.

202 4422 389 4488 Fred.)
420 4422 648 4492 Pipinus
692 4438 787 4477 rex
826 4423 1222 4481 Remistanium
1278 4428 1497 4485 fratrem
1553 4430 1817 4499 Eudonis,

204 4516 458 4578 patruum
491 4510 706 4564 scilicet
740 4511 961 4567 Waiferi
994 4515 1088 4585 qui
1142 4532 1173 4569 a
1199 4516 1443 4573 Waifero
1502 4519 1571 4573 ad
1628 4537 1687 4575 se
1710 4530 1765 4576 et
1791 4538 1822 4576 a

203 4617 261 4655 se
319 4603 390 4656 ad
446 4603 748 4658 \Vaiferutn
793 4607 1180 4683 transfugerat,
1230 4621 1448 4681 captum
1503 4630 1534 4668 a
1599 4615 1714 4670 suis
1766 4616 1820 4671 in

205 4693 365 4749 bello'
392 4696 689 4766 suspendit
717 4697 771 4751 in
803 4699 1050 4769 patibulo
1106 4702 1225 4774 (Ib)
1278 4704 1389 4759 Rex
1422 4706 1818 4764 Saracenorum

203 4783 578 4852 Amyrmonon
611 4783 679 4838 ab
719 4785 989 4856 HySpania
1019 4789 1203 4844 missis
1232 4790 1445 4865 legatis,
1496 4800 1550 4849 et
1580 4796 1823 4851 muneri-

206 4872 308 4927 bus
336 4874 483 4929 datis
504 4882 560 4929 et
597 4876 863 4946 aceeptis,
906 4877 1120 4935 affectat
1176 4884 1406 4954 gratiam
1445 4892 1499 4940 et
1526 4887 1822 4943 amicitiam

206 4966 388 5037 Pipini
407 4965 578 5040 regis.

422 5058 549 5114 767.
692 5058 783 5112 26.
924 5062 1011 5117 10.
1127 5066 1209 5121 17.
1357 5069 1442 5124 11.
1556 5070 1609 5124 4.

275 5151 570 5219 (ιαανὶεε.)
599 5150 834 5222 Pipinus
885 5153 1079 5211 ultimo
1111 5159 1440 5214 exterminio
1478 5160 1825 5233 Aquitaniam

205 5245 409 5313 atterit,
456 5245 770 5301 Sanctonas
820 5248 986 5318 capit,
1040 5250 1231 5323 ibique
1287 5252 1515 5308 Waifari
1573 5264 1827 5327 matrem,

205 5356 420 5400 sorores
449 5349 507 5397 et
533 5352 742 5411 neptes
769 5351 955 5413 captas
997 5362 1185 5402 secum
1229 5348 1474 5403 adducit.
1537 5351 1618 5421 (G.
1653 5354 1824 5423 pom.)

206 5429 387 5485 Roma
442 5430 622 5485 Paulo
675 5445 820 5499 papa
864 5442 1100 5503 mortuo,
1146 5437 1544 5494 Constantinus
1601 5442 1826 5512 quidam

205 5525 381 5583 subito
411 5526 720 5583 ordinatus
749 5529 1011 5585 sacerdos
1041 5547 1106 5587 ex
1146 5532 1312 5602 laico,
1346 5536 1631 5607 tyrannica
1652 5538 1828 5593 ambi-

1853 4384 1937 4452 DZ

1928 3793 2007 3847 sic
2072 3790 2457 3862 Aquitanicum
2526 3788 2731 3841 bellum
2830 3787 2968 3842 ﬁnit.
3057 3786 3380 3842 Desiderius
3446 3804 3539 3841 rex

1928 3881 2408 3958 Langobardorum
2464 3879 2567 3934 sub
2615 3885 2848 3949 aptentu
2914 3878 3107 3933 orandi
3171 3878 3397 3933 Romam
3453 3878 3538 3931 in-

1925 3991 2174 4048 gressus.
2262 3972 2477 4043 aliquas
2552 3970 2821 4025 nobilium
2909 3970 3281 4025 Romanorum
3349 3976 3540 4041 captos

1928 4066 2223 4122 excecavit.

2144 4157 2267 4212 770.
2378 4155 2468 4210 29.
2583 4155 2669 4209 14.
2819 4154 2874 4209 2.
3026 4153 3110 4207 14.
3267 4152 3321 4206 ’7.

1995 4249 2196 4319 (H.m.)
2259 4247 2649 4303 Constantinus
2704 4246 3003 4316 imperator
3068 4243 3296 4299 omnino
3350 4259 3380 4297 a
3426 4242 3536 4298 Deo

1926 4357 2167 4406 aversus,
2213 4339 2383 4394 virum
2439 4346 2686 4393 sanctum
2722 4338 3060 4408 Stephanum
3104 4352 3202 4406 per
3237 4335 3306 4389 60
3364 4349 3540 4388 annos

1925 4431 2219 4496 inclusum,
2282 4428 2446 4482 etiam
2511 4426 2813 4500 gentilibus
2898 4424 3287 4489 reverendam,
3352 4438 3537 4476 amara

1924 4533 2098 4579 morte
2154 4521 2543 4592 martyrizavit.
2596 4520 2796 4574 Omnes
2858 4518 2966 4572 sibi
3017 4517 3306 4585 subjectos
3350 4516 3536 4585 jurare

1923 4619 2106 4694 coegit
2136 4634 2305 4689 super
2333 4624 2534 4671 sancta
2566 4615 2745 4670 erucis
2773 4615 3006 4689 lignum,
3051 4628 3118 4667 ne
3164 4611 3404 4684 aliqu.1m
3441 4612 3534 4667 Dei

1922 4717 2351 4777 sanctorumque
2382 4705 2501 4773 ejus
2523 4704 2819 4779 imaginem
2856 4708 3269 4757 venerarentur.
3315 4702 3417 4757 Eos
3440 4701 3534 4773 qui

1925 4801 2021 4856 Dei
2061 4798 2381 4872 genitricem
2414 4796 2764 4860 invocabant,
2800 4809 2896 4848 eos
2917 4793 3010 4865 qui
3032 4792 3249 4865 vigilias
3283 4793 3537 4866 Deoage-

1927 4889 2080 4956 bant,
2111 4903 2209 4942 eos
2238 4885 2331 4957 qui
2381 4883 2647 4938 acclesiis
2704 4881 2908 4936 assueti
2964 4880 3220 4953 religiose
3277 4880 3538 4934 vivebant

1930 4998 2026 5038 eos
2053 4981 2191 5054 quia
2243 4977 2570 5050 juramentis
2617 4983 2671 5030 et
2727 4973 3095 5029 immunditiis
3160 4971 3534 5036 abstinebant,

1928 5089 2023 5128 eos
2044 5072 2137 5144 qui
2196 5068 2458 5141 reliquias
2515 5071 2827 5121 sanctarum
2882 5080 3057 5135 penes
3113 5078 3173 5118 se
3233 5061 3534 5127 habebant,

1930 5164 2031 5219 hos
2076 5169 2131 5217 et
2184 5157 2502 5230 hujusmodi
2556 5157 2847 5222 damnans,
2891 5152 3236 5225 patrimoniis
3287 5150 3539 5222 privabat

1932 5243 1985 5303 et
2024 5247 2285 5304 omnibus
2347 5244 2526 5299 modis
2590 5241 2871 5297 cruciabat
2927 5240 3073 5312 ;qui
3139 5238 3539 5294 reverentiares

1929 5351 2104 5409 erant,
2120 5358 2311 5399 eorum
2338 5340 2527 5394 barbis
2556 5356 2682 5395 cera
2728 5346 2782 5394 et
2821 5338 2943 5409 pice
2997 5335 3170 5402 illitis,
3216 5350 3312 5390 eos
3339 5332 3533 5388 ambu-

1929 5440 2130 5506 rebat;
2189 5437 2492 5495 monachos
2544 5444 2607 5491 ut
2667 5450 2888 5500 uxores,
2939 5432 3238 5486 monachas
3291 5436 3350 5482 ut
3395 5427 3540 5481 viros
3592 5447 3615 5464 ο

1930 5536 2197 5590 ducerent
2246 5531 2499 5606 aagebat.
2558 5530 2712 5597 Quod
2745 5527 2901 5584 multi
2933 5527 3191 5591 vitantes,
3217 5519 3538 5590 martyrium

1570 5639 1787 5694 VARUE
1826 5635 2095 5697 LECTION
2103 5635 2195 5689 ES.

268 5702 325 5737 πει
355 5702 542 5759 “add,
584 5701 698 5767 1δά
730 5700 849 5755 rell.
871 5709 1066 5771 prater
1098 5709 1171 5761 Α.
