3894 6220
401 253 499 307 147

1608 249 1951 305 SIGEBERTI
1991 247 2503 304 GEMBLACENSIS.
2570 286 2577 291 -

3624 255 3728 309 148

398 380 732 435 meruerunt.
793 375 904 429 Nec
960 374 1063 428 sub
1111 373 1343 443 alicujus
1370 373 1596 447 gentilis
1622 375 2008 445 persecutione
2032 378 2084 447 Α
2109 373 2431 430 Desiderius
2450 388 2546 427 rex
2565 387 2694 428 cum
2742 387 2912 428 uxore
2937 382 2994 429 et
3037 371 3149 430 ﬁlia
3178 382 3234 431 et
3263 376 3480 432 cunctis
3513 378 3728 449 princi-

398 462 605 532 plures,
635 478 799 533 quam
831 461 933 515 sub
968 462 1072 516 hoc
1112 461 1443 532 martyrizati
1495 467 1639 517 sunt.
1686 461 2010 535 Thelerigus

397 554 722 627 Bulgaribus
750 553 1085 609 dominatur.
1168 590 1173 595 »

575 646 700 700 771.
780 645 842 699 R.
884 646 969 699 30.
1014 645 1068 698 S.
1112 645 1198 699 14.
1246 644 1301 699 F.
1367 644 1423 714 3ι
1466 644 1521 698 L.
1567 644 1637 699 15
1676 645 1714 698 D
1778 646 1829 700 1.

472 740 559 806 (Α.
600 738 749 809 Lob.)
799 739 1195 794 Karlornannus
1236 754 1352 805 rex,
1399 739 1546 812 regis
1593 737 1768 793 Karoli
1820 737 2007 804 frater,

400 827 541 899 obit;
565 850 691 904 pars
720 837 875 908 regni
932 833 1054 901 ejus
1081 833 1329 904 partibus
1357 833 1535 888 Karoli
1582 850 1643 889 se
1674 834 1797 888 unit
1832 852 1849 899 ;
1876 848 2012 887 uxor

401 922 521 988 ejus
550 938 673 977 cum
705 922 834 977 filiis
880 930 935 976 et
981 922 1242 977 Authario
1290 921 1499 977 France
1546 923 1615 976 ad
1666 921 2007 977 Desiderium

402 1031 587 1089 regem
611 1015 776 1069 Italiae
802 1014 1050 1089 confugit
1097 1014 1375 1068 Hunaldus
1401 1013 1505 1068 dux
1559 1014 1869 1085 Aquitania:
1901 1014 2014 1068 Ro-

403 1124 570 1174 mam,
598 1108 755 1179 quasi
808 1107 882 1161 ibi
934 1112 1384 1177 perseveraturus
1429 1105 1613 1172 venit;
1640 1106 1729 1178 qui
1773 1106 1841 1160 ad
1873 1107 2012 1161 Lan-

405 1200 679 1274 gobardos
704 1196 921 1272 fugiens
961 1196 1307 1267 apostatavit,
1337 1196 1527 1268 ibique
1560 1211 1669 1251 non
1692 1196 1864 1252 multo
1893 1202 2016 1267 post

405 1290 684 1362 lapidibus
712 1289 943 1345 obrutus
980 1288 1125 1343 male
1155 1288 1314 1359 perit.
1366 1290 1455 1359 (Η.
1485 1288 1583 1359 m.)
1635 1287 2019 1344 Constantinus

403 1380 703 1449 imperator
731 1383 920 1432 contra
949 1375 1210 1449 Bulgares
1240 1377 1418 1432 navali
1451 1376 1626 1448 prelio
1654 1385 2016 1450 pugnaturus,

404 1469 635 1523 navibus
681 1468 796 1523 suis
840 1467 956 1523 fere
995 1467 1213 1522 duabus
1251 1467 1479 1522 milibus
1498 1468 1706 1539 impetu
1746 1468 2019 1540 aquilonis

404 1561 677 1626 contritis,
707 1566 881 1617 totum
910 1575 1071 1631 paene
1101 1559 1284 1615 amisit
1313 1559 1633 1615 exercitum.

603 1653 730 1709 772.
843 1652 934 1707 31.
1085 1653 1151 1706 15
1316 1653 1370 1706 4.
1520 1652 1607 1705 16.
1756 1653 1810 1706 2.

473 1745 559 1811 (G.
598 1747 772 1813 pont.)
809 1742 1083 1797 Adrianus
1109 1742 1238 1797 90m!
1277 1742 1536 1798 Romanae
1584 1742 1849 1798 aacclesiae
1896 1759 2023 1815 pre-

406 1832 568 1888 sidet.
613 1831 709 1888 Hic
768 1833 836 1887 ad
903 1831 1311 1902 reprimendam
1380 1832 1593 1887 rabiem
1653 1832 2018 1888 hereticorum

409 1928 681 2002 imagines
706 1927 804 1983 Dei
856 1933 1284 1999 sanctorumque
1332 1928 1710 1984 execrantium
1751 1928 1915 1984 nimis
1943 1929 2020 1984 la-

408 2016 619 2071 boravit
651 2034 666 2082 ;
697 2022 753 2071 et
783 2016 920 2070 libro
948 2016 1213 2071 adversus
1250 2031 1347 2072 eos
1382 2016 1531 2072 edito
1572 2016 1757 2071 multis
1785 2017 2019 2088 scriptu-

414 2124 593 2163 rarum
624 2107 1046 2163 inductionibus
1094 2107 1374 2175 roborato,
1397 2124 1613 2164 errores
1634 2124 1826 2165 eorum
1860 2108 2018 2163 infir-

408 2198 597 2263 mavit,
624 2195 904 2269 ﬁdemque
953 2202 1157 2251 rectam
1207 2197 1482 2252 solidavit.
1516 2196 1611 2252 Hic
1640 2197 1696 2251 in
1726 2196 2021 2253 oﬂ‘ertoriis

407 2299 462 2347 et
491 2290 895 2347 offertoriorum
928 2291 1203 2355 versibus,
1244 2292 1390 2363 quod
1427 2292 1763 2367 geminatum
1788 2300 1893 2359 est,
1923 2308 2019 2367 ge-

408 2384 637 2438 minavit
688 2384 849 2453 (Mett.
888 2383 1110 2454 [Laur.])
1170 2383 1400 2438 Karolus
1457 2400 1551 2437 rex
1590 2383 1658 2438 ad
1687 2384 2019 2439 Saxonicum

406 2472 613 2527 bellum
639 2472 885 2527 animum
929 2472 1190 2543 intendit,
1220 2473 1565 2529 [Ieresburch
1588 2481 1826 2529 castrum
1850 2474 2021 2529 Saxo-

407 2577 538 2617 num
568 2562 733 2631 capit,
784 2561 1109 2616 Hormensul
1149 2560 1336 2616 fanum
1381 2560 1620 2616 destruit
1652 2580 1666 2628 ;
1715 2562 1904 2635 ibique
1927 2564 2017 2619 siti

405 2652 689 2707 laborante
719 2652 982 2719 exercitu,
1042 2651 1225 2707 subito
1258 2651 1312 2705 in
1380 2659 1627 2707 torrente
1690 2652 2018 2726 largissimae

406 2757 561 2813 aqua;
582 2740 772 2796 effusae
802 2747 934 2795 sunt
961 2739 1151 2795 divino
1194 2746 1335 2794 nutu
1364 2757 1379 2805 ;
1406 2740 1629 2811 votique
1660 2755 1888 2811 compos
1918 2741 2021 2797 Ka-

408 2829 558 2885 rolus
586 2828 809 2884 obsides
846 2827 999 2898 pacis
1031 2827 1245 2897 accepit
1271 2843 1303 2882 a
1329 2826 1639 2883 Saxonibus

585 2917 712 2973 773.
858 2916 948 2970 32.
1097 2916 1185 2977 16,
1333 2916 1390 2970 5.
1540 2916 1627 2971 17.
1777 2918 1830 2971 3.

477 3009 603 3079 (ιὸ.)
630 3007 867 3062 Adriano
894 3023 1038 3077 papa
1061 3014 1256 3062 contra
1281 3007 1624 3061 Desiderium
1662 3024 1847 3081 regem
1881 3024 2017 3065 con-

405 3106 676 3173 querente
697 3098 768 3153 de
819 3098 1005 3153 multis
1054 3098 1363 3168 injustitiis,
1394 3098 1622 3154 Karolus
1661 3099 1875 3157 Italiam
1923 3120 2021 3174 pe-

407 3190 493 3256 tit,
554 3195 612 3244 et
676 3186 1017 3243 Desiderium
1071 3188 1214 3242 intra
1270 3187 1490 3258 Papiam
1554 3189 1800 3245 clausum
1868 3191 2024 3247 obsi-

407 3283 498 3339 det
540 3283 628 3340 Μ.

581 3376 706 3436 774.
854 3373 944 3432 33.
1090 3374 1179 3428 17.
1325 3374 1379 3428 6.
1529 3376 1613 3431 18.
1761 3377 1791 3433 4

480 3465 692 3539 (Laur.)
721 3465 968 3537 Saxones
1024 3469 1185 3533 rupto
1227 3462 1377 3533 pacis
1436 3462 1645 3519 foedere
1676 3464 2008 3522 Francorum

405 3560 812 3629 ﬁnespremunt
855 3555 983 3630 igne
1037 3562 1093 3609 et
1119 3553 1300 3619 caede;
1352 3555 1451 3610 sed
1497 3564 1680 3611 tamen
1711 3558 2013 3614 aacclesiam

407 3651 464 3705 in
495 3647 738 3703 Fritislar
774 3649 1061 3716 nequeunt
1090 3642 1409 3709 incendere,
1462 3661 1624 3717 quam
1657 3655 1880 3703 sanctus
1915 3649 2019 3704 Bo-

408 3736 655 3793 nefacius
680 3732 982 3800 benedixit,
1002 3748 1236 3804 eamque
1292 3749 1574 3806 nunquam
1605 3735 1733 3809 igne
1762 3752 2015 3792 creman-

406 3828 535 3882 dam
557 3823 823 3897 praedixit.
878 3823 1024 3889 (Jou.
1072 3824 1199 3877 Vita
1254 3823 1461 3891 Gregor
1485 3826 1559 3879 M.
1592 3841 1651 3890 ιι,
1680 3825 1757 3892 9.)
1789 3826 2017 3883 Karolus

405 3936 498 3975 rex
525 3916 767 3973 offensus
812 3914 1153 3971 dissonantia
1199 3915 1578 3971 aacclesiastici
1632 3924 1825 3972 cantus
1871 3918 2017 3974 inter

404 4009 681 4064 Romanos
707 4012 762 4061 et
782 4003 983 4071 Gallos,
1022 4010 1078 4059 et
1109 4004 1368 4074 judicans
1397 4004 1598 4071 justius
1624 4020 1748 4060 esse
1780 4006 1849 4061 de
1872 4023 2011 4077 puro

403 4098 576 4163 fonte,
605 4110 769 4167 quam
792 4094 861 4149 de
901 4093 1118 4148 turbato
1150 4092 1268 4147 rivo
1326 4093 1538 4159 bibere,
1580 4093 1719 4148 duos
1777 4094 2012 4151 clericos

403 4185 627 4240 Romam
659 4183 830 4251 misit,
878 4189 937 4237 ut
984 4179 1323 4235 autenticum
1384 4189 1603 4236 cantum
1658 4199 1690 4236 a
1751 4183 2014 4240 Romanis

2108 463 2270 534 pibus
2298 463 2530 534 capitur,
2554 470 2612 518 et
2641 469 2910 534 perpetuo
2940 465 3106 521 exilio
3130 467 3198 521 ad
3215 466 3417 523 Gallias
3439 468 3728 543 Agilfredo

2110 551 2497 607 Leodiensium
2521 551 2786 623 episcopo
2816 552 3090 628 dirigitur.
3134 555 3412 628 Quidquid
3443 559 3733 628 permulta

2110 652 2361 713 tempora
2392 642 2735 716 Langobardi
2767 642 3029 699 Romanis
3084 645 3453 715 abstulerant,
3502 648 3734 703 Karolus

2111 733 2192 788 eis
2212 734 2480 800 restituit;
2513 748 2685 807 regno
2714 749 2846 790 vero
2878 735 3368 809 Langobardorum
3426 739 3732 805 destructo,

2111 831 2277 880 totam
2333 825 2539 879 Italiam
2599 825 2702 879 sub
2741 826 2868 894 jure
2920 827 3080 899 regni
3111 828 3444 884 Francorum
3508 831 3733 902 redigit.

2110 920 2313 975 Taliter
2345 920 2691 995 Langobardi
2745 921 2875 977 victi
2932 939 3163 997 regnare
3224 925 3562 981 destiterunt
3614 933 3738 997 post

2113 1024 2288 1064 annos
2317 1009 2442 1075 204,
2472 1025 2537 1063 ex
2577 1025 2688 1081 quo
2716 1010 2774 1064 in
2804 1009 2956 1066 Italia
3010 1028 3242 1085 regnare
3293 1024 3608 1085 coeperunt.
3634 1014 3737 1069 Ka-

2115 1099 2262 1154 rolus
2316 1114 2411 1152 rex
2446 1098 2736 1153 Saxoniam
2794 1108 3086 1171 repetens,
3146 1101 3430 1172 tripartito
3486 1103 3737 1158 exercitu

2119 1193 2397 1247 concurrit
2459 1192 2788 1260 Saxonibus,
2846 1191 3009 1264 eique
3075 1192 3306 1249 victoria
3368 1194 3628 1265 provenit
3678 1193 3737 1248 in

2122 1284 2403 1340 omnibus.

2368 1372 2495 1426 775.
2607 1371 2697 1426 34.
2914 1372 3004 1428 18.
3151 1373 3207 1429 7.
3424 1373 3480 1427 5.

2192 1463 2418 1533 (Ηυηι.)
2469 1462 2858 1519 Constantinus
2903 1463 3201 1534 imperator
3257 1470 3448 1519 contra
3476 1464 3741 1541 Bulgares

2116 1554 2429 1621 vadit;sed
2461 1572 2565 1625 pax
2588 1556 2731 1611 inter
2759 1570 2856 1611 eos
2901 1555 3181 1612 convenit.
3223 1555 3341 1612 Non
3380 1557 3567 1629 multo
3618 1568 3740 1629 post

2046 1680 2100 1749 Β
2121 1654 2302 1747 autem
2336 1656 2498 1747 rupto
2524 1664 2555 1703 a
2585 1647 3124 1749 Bulgaribuspacto,
3142 1737 3156 1749 _
3182 1626 3483 1749 imperator
3537 1626 3637 1704 eos
3666 1665 3729 1704 ex

2122 1735 2418 1807 improviso
2440 1754 2753 1811 aggressus,
2811 1737 3074 1793 nobiliter
3125 1737 3193 1793 de
3223 1737 3304 1792 eis
3343 1738 3724 1809 triumphavit.

2124 1825 2295 1894 (Mctt.
2330 1826 2454 1896 [L.])
2511 1825 2738 1880 Karolus
2791 1842 2884 1880 rex
2937 1826 3225 1900 Sigiburch
3282 1833 3523 1881 castrum
3564 1828 3735 1883 Saxo-

2122 1929 2252 1967 num
2284 1914 2431 1985 capit
2458 1932 2474 1980 ;
2510 1922 2593 1969 ter
2616 1930 2741 1969 cum
2773 1914 2855 1970 eis
2913 1913 3182 1988 confligit,
3213 1921 3271 1970 et
3298 1914 3476 1972 victor
3513 1916 3737 1972 obsides

2120 2003 2271 2073 pacis
2299 2003 2368 2058 ab
2391 2003 2473 2059 eis
2506 2004 2740 2075 accepit.

2334 2095 2457 2152 776.
2639 2098 2727 2151 35.
2876 2096 2964 2150 19.
3112 2094 3166 2152 8.
3461 2097 3525 2153 6.

2192 2183 2284 2253 (Η.
2342 2188 2436 2250 m.)
2495 2184 2887 2240 Constantinus
2927 2184 3223 2255 imperator
3288 2185 3452 2261 plaga
3509 2188 3733 2258 pessimi

2121 2276 2365 2332 incendii
2399 2278 2663 2333 divinitus
2714 2278 3035 2349 percutitur,
3069 2285 3125 2334 et
3171 2279 3416 2335 clamans
3446 2280 3634 2337 adhuc
3664 2283 3740 2337 vi-

2120 2381 2220 2420 vus
2252 2383 2267 2419 :
2298 2368 2422 2434 lgm'
2448 2382 2566 2421 sum
2614 2368 3029 2435 inemtinguz'bt'li
3056 2368 3317 2434 traditus,
3346 2370 3743 2427 miserabiliter

2120 2455 2372 2512 moritur.
2405 2456 2532 2512 Post
2557 2473 2724 2529 quem
2753 2457 2896 2512 ﬁlius
2913 2458 3032 2527 ejus
3074 2458 3178 2513 Leo
3210 2459 3371 2514 annis
3393 2461 3429 2514 5
3480 2461 3734 2533 imperat.

2123 2546 2414 2601 Habdallas
2455 2547 2623 2602 etiam
2673 2548 2872 2603 amiras
2912 2548 3165 2619 moritur,
3227 2559 3352 2620 post
3377 2567 3547 2623 quem
3584 2553 3738 2626 Mady

2121 2636 2281 2690 annis
2310 2636 2650 2691 QSaracenis
2705 2636 3064 2707 principatur.
3116 2637 3283 2707 (Mett.
3316 2638 3443 2709 [L.])
3480 2642 3542 2694 In
3588 2642 3738 2697 Italia

2121 2723 2452 2795 quibusdam
2479 2724 2845 2779 rebellionem
2874 2724 3293 2781 meditantibus.
3326 2727 3538 2782 Italiam
3579 2745 3737 2800 repe-

2122 2815 2184 2871 tit
2242 2817 2518 2876 Karolus;
2559 2816 2753 2871 urbem
2794 2817 2993 2873 Forum
3039 2817 3166 2873 Julii
3218 2819 3384 2889 capit,
3441 2827 3497 2875 et
3536 2821 3733 2877 ducem

2122 2910 2243 2979 ejus
2264 2911 2649 2984 Rothgandum
2715 2911 3036 2968 rebellionis
3094 2913 3440 2970 incentorem
3474 2915 3733 2972 decollari

2067 3046 2091 3069 η
2123 2999 2412 3070 praecipit;
2443 3007 2603 3070 capta
2654 3015 2877 3072 quoque
2914 3000 3153 3057 Tarvisio
3182 3002 3341 3069 urbe,
3378 3004 3602 3058 caeteris
3626 3020 3735 3059 ma-

2044 3052 2094 3115 Ο

2116 3091 2315 3160 jestate
2346 3091 2430 3146 sui
2490 3090 2732 3146 nominis
2762 3100 3030 3148 terrorem
3080 3092 3301 3158 incutit,
3336 3094 3504 3165 (Matt.
3544 3096 3735 3167 [REG.])

2123 3177 2431 3263 Saxonibus
2479 3177 2824 3235 Heresburch
2877 3182 3112 3235 ca’strum
3158 3180 3577 3250 obsidentibus,
3616 3184 3734 3255 glo-

2122 3270 2204 3324 ria
2234 3269 2329 3323 Dei
2360 3286 2528 3341 super
2567 3270 2873 3327 aecclcsiam
2908 3272 3163 3344 apparuit
3199 3273 3481 3340 omnibus,
3524 3274 3736 3330 duobus

2120 3358 2329 3413 scilicet
2352 3360 2521 3414 scutis
2552 3360 2855 3431 sanguineo
2888 3359 3073 3415 colore
3125 3358 3539 3416 ﬂammantibus
3568 3377 3733 3434 quos-

2122 3447 2245 3501 dam
2265 3455 2466 3514 motus,
2496 3448 2632 3503 utin
2664 3449 2830 3515 bello,
2874 3465 2974 3520 per
3020 3465 3148 3505 aera
3195 3449 3478 3505 dantibus.
3504 3450 3731 3507 Karolus

2118 3537 2412 3593 Saxoniam
2444 3539 2593 3594 velut
2641 3539 2939 3610 tempeStas
2984 3540 3235 3610 proterit,
3288 3539 3629 3595 munitiones
3656 3541 3728 3594 ir-

2119 3629 2345 3700 rumpit,
2395 3637 2451 3685 et
2478 3630 2547 3685 ad
2597 3630 2701 3686 hoc
2750 3645 2850 3685 eos
2894 3630 3149 3700 impellit,
3207 3637 3267 3685 ut
3305 3646 3364 3685 se
3406 3637 3460 3685 et
3495 3631 3727 3702 patriam

2118 3720 2169 3775 ei
2201 3720 2428 3788 dedant,
2461 3727 2516 3776 et
2542 3720 2685 3775 datis
2736 3720 3031 3775 obsidibus
3060 3736 3124 3776 se
3154 3721 3489 3777 christianos
3517 3720 3727 3777 futuros

2116 3809 2448 3880 spondeant.

2325 3901 2450 3957 777.
2596 3902 2648 3954 1.
2834 3901 2889 3954 1.
3032 3899 3087 3956 9.
3443 3901 3500 3954 7.

2188 3995 2354 4062 (Matt.
2420 3993 2549 4064 [L.])
2614 3992 3063 4047 Winthichindus
3152 3992 3262 4047 dux
3325 3992 3605 4048 Saxonum
3670 3994 3722 4049 in

2114 4086 2569 4142 Northmanniam
2616 4086 2774 4160 fugit.
2830 4086 3073 4140 Saxones
3112 4084 3377 4156 baptizati
3434 4086 3721 4156 paciscun—

2113 4181 2220 4242 tur,
2252 4182 2311 4229 ut
2350 4175 2749 4249 ingenuitatem
2775 4190 2931 4233 suam
2987 4182 3042 4228 et
3094 4189 3195 4228 sua
3244 4173 3432 4228 omnia
3461 4175 3714 4245 perdant,

405 4276 681 4332 discerent
708 4283 765 4330 et
793 4274 930 4329 allos
974 4273 1259 4381 docerent.
1294 4270 1355 4324 Et
1391 4287 1491 4341 per
1523 4272 1630 4381 hos
1662 4273 1839 4343 primo
1874 4275 2013 4331 Met-
2031 4312 2087 4381 Β
2112 4267 2463 4340 Sinuquama
2493 4265 2755 4322 ﬁdelitate
2784 4266 2978 4381 (ibriSli
3003 4266 3213 4381 stregis
3232 4265 3520 4381 desistant.

403 4365 576 4421 tensis
596 4362 865 4431 aecclesia,
896 4368 950 4416 et
979 4377 1082 4432 per
1109 4359 1259 4414 illam
1310 4360 1493 4415 omnis
1522 4360 1692 4416 Gallia
1722 4363 1791 4416 ad
1820 4372 2013 4421 aucto-

382 4454 619 4521 ritatem
650 4450 876 4508 Romani
910 4458 1104 4504 cantus
1152 4455 1403 4503 revocata
1434 4457 1535 4504 est.
1570 4452 1739 4521 (Matt.
1776 4452 2009 4527 [Laur.])

406 4547 554 4602 Inter
581 4544 954 4601 obsidendum
989 4557 1082 4596 rex
1102 4541 1330 4596 Karolus
1360 4541 1536 4597 diviso
1568 4544 1835 4612 exercitu,
1866 4548 2008 4602 mul-

404 4645 487 4694 tas
511 4638 677 4693 urbes
721 4636 865 4691 ultra
907 4633 1110 4688 Padum
1175 4634 1641 4704 comprehendit;
1682 4636 1827 4692 inter
1879 4657 2016 4711 quas

404 4729 676 4783 Veronam
734 4725 903 4797 capit,
965 4724 1020 4777 in
1077 4740 1186 4795 qua
1239 4725 1530 4780 Autkarius
1598 4727 1837 4784 Francus
1890 4746 2011 4785 cum

403 4832 574 4874 uxore
600 4814 951 4871 Karlomanni
981 4823 1037 4870 ct
1082 4813 1210 4869 filiis
1262 4815 1384 4884 ejus
1437 4816 1638 4886 latens,
1695 4834 1754 4873 se
1784 4834 1906 4874 cum
1932 4820 2014 4875 eis

403 4904 521 4980 regi
544 4903 699 4958 dedit
730 4921 744 4969 ;
773 4902 1062 4975 Adelgisus
1088 4919 1219 4959 vero
1241 4903 1509 4959 Desiderii
1538 4906 1684 4981 regis
1721 4906 1887 4974 filius,
1916 4908 2008 4979 qui

402 4994 536 5049 illuc
564 4991 796 5065 fugerat,
841 4991 971 5045 inde
1020 4991 1239 5063 elapsus
1283 4992 1812 5066 ConstantinOpolim
1847 4994 2005 5069 fugit.

402 5084 489 5155 (A.
516 5084 701 5154 Leod.)
750 5082 1107 5139 Obsidionem
1137 5085 1489 5157 Papiensium
1525 5086 1841 5156 pestilentia
1869 5103 2010 5143 mor-

402 5173 627 5240 talitatis
668 5178 1022 5248 aggravante,
1080 5173 1271 5231 civitas
1318 5174 1432 5250 regi
1488 5175 1681 5232 Karolo
1738 5176 2005 5247 aperitur.

2323 4361 2449 4415 778.
2597 4363 2648 4414 ⁸9.
2796 4359 2851 4412 2.
3004 4359 3089 4413 10.
3455 4358 3510 4413 8.

2182 4453 2301 4523 (Ιὸ.)
2337 4450 2561 4506 Karolus
2595 4449 2651 4503 in
2699 4447 2959 4519 Hispania
2989 4447 3460 4520 Caesaraugustam
3499 4454 3716 4503 vastan-

2110 4541 2181 4598 do
2209 4542 2379 4607 delet,
2405 4539 2782 4611 Pampilonam
2835 4537 3077 4603 obsidet,
3138 4536 3370 4608 ejusque
3403 4543 3579 4608 captae
3607 4552 3718 4591 mu-

2117 4635 2191 4689 ris
2209 4632 2501 4688 destructis
2547 4631 2845 4686 Wascones
2900 4630 3150 4701 duosque
3199 4629 3600 4684 Saracenorum
3630 4643 3716 4683 re-

2114 4726 2275 4800 gulos
2302 4723 2408 4778 sibi
2462 4722 2685 4796 subigit,
2739 4722 3060 4794 aliquasque
3090 4720 3255 4775 urbes
3281 4720 3340 4774 in
3381 4720 3717 4776 deditionem

2113 4820 2336 4892 accipit.
2363 4820 2607 4875 Saxones
2634 4834 2804 4874 suasu
2841 4816 3241 4873 Winthichindi
3276 4816 3561 4872 Franciam
3588 4822 3716 4872 atte-

2112 4920 2241 4968 runt
2278 4930 2292 4976 ;
2324 4911 2422 4966 sed
2473 4929 2504 4966 a
2542 4910 2736 4966 Karolo
2790 4910 2918 4967 victi
2967 4916 3094 4984 iuga
3136 4908 3242 4963 sibi
3273 4909 3595 4965 consulunt.
3623 4910 3713 4979 (II.

2108 5006 2206 5069 τη.)
2269 4999 2584 5055 Thelericus
2635 4997 2832 5071 Bulgar
2894 4997 2963 5052 ad
3028 4997 3265 5051 Leonem
3336 4996 3714 5067 imperatorem

2110 5088 2473 5164 fugit;quem
2513 5088 2847 5159 baptizatum
2894 5086 3195 5156 imperator
3251 5084 3535 5154 patritium
3569 5082 3708 5139 facit.

2107 5180 2235 5249 (Ιὸ.)
2258 5177 2592 5233 Chardamus
2604 5175 2932 5252 Bulgaribus
2954 5173 3291 5231 dominatur.

1736 5341 1957 5397 VARUE
1995 5340 2374 5397 LECTIONES.

336 5455 353 5469 ’
380 5467 385 5472 ⁴
476 5465 544 5501 ¹⁴²
570 5468 1042 5539 Interpolationem
1072 5470 1235 5539 hujus
1272 5470 1409 5523 anni
1428 5484 1462 5521 ιι
1492 5468 1671 5522 scriba
1690 5468 2040 5539 Aquicinensi
2080 5471 2293 5536 factam
2332 5469 2532 5523 videsis
2561 5468 2716 5534 infra
2742 5448 2803 5539 ξιῖ
2817 5464 3203 5539 additamentis
3242 5458 3711 5539 Aquicz'uensz‘bus.

399 5539 464 5593 In
490 5538 536 5591 Ι.
563 5533 790 5609 rasufaz,
822 5555 985 5608 quam
1009 5533 1210 5595 Hirsch
1237 5556 1291 5608 ρ.
1326 5539 1449 5593 471.
1483 5533 1761 5608 supponit,
1792 5533 2243 5595 udditionisvene
2269 5542 2597 5596 levissimum
2622 5533 2837 5608 quidem
2850 5538 3136 5602 vestigium
3169 5551 3184 5599 ;
3210 5533 3356 5587 unde
3369 5535 3472 5602 qui
3492 5534 3714 5598 interpo-

402 5609 657 5664 lationem
682 5611 846 5667 istam
871 5627 906 5665 a
934 5611 1207 5680 Sigeberto
1236 5612 1562 5679 fabricatam
1586 5611 1870 5678 dixerunt,
1885 5611 2024 5677 falsi
2045 5617 2194 5668 sunt.
