3894 6220
158 295 250 348 149

229 418 347 474 779.

196 511 359 575 (Mett.
400 509 536 581 [L.])
569 510 679 564 Leo
706 509 1013 581 imperator
1055 510 1252 566 Siriam
1296 512 1558 569 incursat.
1626 513 1735 568 Ka-

137 602 269 658 rolus
297 620 389 657 rex
422 604 479 657 in
508 604 746 659 Saxonia
782 603 1076 660 Westfalos
1105 604 1213 659 sibi
1240 607 1516 681 subjugat.
1568 609 1737 662 llilte-

138 689 326 744 randus
353 690 465 744 dux
504 690 712 760 Spoleti
754 690 948 746 Karolo
1002 692 1117 766 regi
1145 709 1206 748 se
1248 694 1454 761 subdit,
1505 697 1733 770 ejusque

133 782 344 852 gratiam
373 782 562 836 multis
584 783 910 838 muneribus
940 784 1179 841 redimit.

333 872 441 927 780
656 873 710 926 4.
929 874 965 926 4
1168 876 1254 929 12.
1475 878 1510 931 2

187 965 307 1036 (Ιὸ.)
350 965 580 1021 Karolus
627 982 719 1021 rex
775 966 989 1021 Albiam
1031 968 1256 1024 ﬂuvium
1311 972 1727 1045 transgreditur,

126 1060 298 1131 ibique
343 1060 400 1115 in
433 1060 556 1128 ejus
600 1060 829 1132 gratiam
865 1062 1314 1134 Bardogavenses
1350 1072 1405 1119 et
1442 1066 1727 1122 Nortliutze

122 1147 479 1219 baptizantur.
513 1149 720 1204 Tassilo
762 1149 870 1204 dux
911 1151 1174 1221 Bajoarite
1231 1160 1424 1207 contra
1469 1154 1725 1210 Karolum

122 1252 290 1311 regem
332 1240 590 1305 rebellat,
644 1242 864 1297 hortatu
906 1243 1092 1298 uxoris
1121 1260 1256 1306 suae,
1291 1261 1413 1316 quae
1452 1243 1563 1300 filia
1610 1253 1725 1301 erat

119 1330 373 1385 Desiderii
417 1332 589 1403 regis,
622 1339 677 1387 et
707 1333 929 1388 exilium
982 1334 1153 1405 patris
1182 1336 1269 1390 sui
1327 1353 1426 1407 per
1469 1337 1722 1393 maritum

116 1437 259 1474 suum
297 1422 585 1477 vindicare
615 1424 934 1494 temptabat.
983 1424 1155 1494 [Obiit
1201 1435 1422 1482 sanctus
1451 1428 1725 1484 Sturmius

117 1511 313 1582 primus
340 1512 524 1568 abbas
542 1513 833 1569 Fuldensis
860 1515 947 1568 “3.
978 1515 1070 1583 (cf.
1106 1516 1293 1588 Man.”

283 1600 408 1654 781.
631 1602 686 1655 5.
904 1603 957 1658 5.
1179 1606 1266 1659 13.
1520 1608 1573 1663 3.

178 1690 261 1758 (Π.
307 1692 405 1759 m.)
453 1690 565 1745 Leo
610 1690 912 1762 imperator
950 1709 1072 1748 cum
1131 1694 1401 1751 insaniret
1425 1698 1724 1769 cupiditate

117 1785 246 1840 circa
294 1787 574 1856 pretiosos
616 1786 851 1857 lapides,
885 1789 1157 1845 adamavit
1202 1808 1414 1867 magnae
1456 1795 1722 1851 ecclesiae

117 1892 388 1944 coronam,
417 1886 471 1932 et
485 1878 765 1948 accipiens
790 1882 1029 1950 portavit
1056 1898 1174 1937 eam
1199 1901 1212 1949 ;
1246 1891 1299 1938 et
1320 1885 1573 1941 exierunt
1602 1903 1725 1941 car-

118 1967 327 2022 bunculi
361 1969 423 2022 in
478 1969 660 2039 capite
691 1972 830 2043 ejus,
864 1981 918 2027 et
973 1982 1165 2044 captus
1194 1991 1226 2029 a
1278 1975 1436 2030 febre
1474 1984 1724 2034 mortuus

116 2064 208 2110 est.
240 2056 371 2111 Post
404 2073 568 2128 quem
596 2073 733 2113 uxor
761 2060 880 2127 ejus
909 2061 1121 2133 Hyrcne
1143 2080 1267 2119 cum
1299 2064 1413 2119 filio
1450 2081 1550 2121 suo
1583 2066 1724 2123 Con-

116 2148 338 2203 stantino
372 2149 612 2219 imperat
639 2150 800 2204 annis
830 2151 916 2205 10.
967 2155 1128 2219 (Mett.
1182 2154 1308 2225 [L.])
1338 2154 1495 2226 Mady
1522 2158 1724 2212 amiras

117 2240 302 2296 multos
375 2242 668 2315 utriusque
720 2261 882 2299 sexus
938 2263 1038 2317 pro
1105 2247 1320 2305 Christo
1387 2252 1715 2322 martyrizat.

120 2328 327 2385 Karolus
359 2347 455 2386 rex
494 2333 761 2388 orationis
808 2350 971 2389 causa
1022 2336 1170 2391 vadit
1222 2337 1473 2406 Romam,
1529 2339 1718 2411 ibique

118 2419 202 2475 ﬁlii
232 2424 353 2494 ejus
389 2433 671 2498 unguntur
700 2426 756 2495 in
796 2443 985 2502 reges:
1026 2428 1254 2499 Pipinus
1289 2447 1456 2501 super
1485 2432 1715 2500 Italiam,

119 2510 422 2567 Ludowicus
464 2529 637 2584 super
686 2515 1071 2586 Aquitaniam.
1136 2518 1254 2588 (1b.)
1334 2519 1541 2575 Tassilo
1607 2522 1715 2576 dux

116 2600 355 2668 Bajoarien
404 2604 473 2658 ab
521 2605 764 2661 Adriano
828 2624 971 2678 papa
1040 2608 1235 2666 Karolo
1291 2611 1409 2686 regi
1462 2613 1716 2669 reconci-

116 2688 277 2745 liatur.

340 2782 468 2837 782.
655 2784 709 2837 1.
894 2786 948 2841 6.
1131 2787 1220 2843 14.
1402 2790 1456 2843 4.

174 2874 259 2935 (Η.
292 2876 390 2944 m.)
420 2874 899 2947 Constantinopoli
931 2878 1154 2949 quidam
1185 2880 1457 2951 lapideam
1491 2900 1710 2939 auream

118 2962 308 3018 invenit
339 2972 394 3018 et
420 2964 474 3018 in
515 2981 582 3019 ea
608 2966 783 3020 virum
810 2967 1088 3035 jacentem
1117 2986 1239 3025 cum
1274 2973 1375 3027 hac
1403 2974 1708 3045 scriptura:

116 3052 343 3107 Christus
371 3059 627 3108 miscetur
667 3071 735 3109 ea:
764 3058 974 3124 virgine
996 3060 1197 3127 Maria,
1230 3064 1280 3115 et
1307 3063 1460 3116 credo
1486 3066 1545 3117 in
1571 3079 1709 3130 eum,
1745 3110 1787 3132 ,η

503 418 566 472 R.
640 418 694 472 3.
809 417 863 473 S.
911 419 967 473 3.
1117 419 1171 474 F.
1218 422 1303 477 11.
1454 423 1510 476 Β.
1587 424 1638 477 1.

114 3140 209 3194 Sub
228 3143 577 3197 Constantino
625 3148 677 3198 et
704 3116 922 3213 Hyreite
950 3116 1385 3217 imperatoribus,
1418 3165 1447 3204 ο
1479 3152 1578 3217 sol,
1741 3116 1789 3175 ί)

112 3248 327 3289 rumme
362 3237 587 3291 ridebis.
631 3240 799 3306 (Matt.
855 3239 980 3310 [L.])
1031 3242 1274 3297 Saxones
1320 3244 1608 3307 rebellant.
1660 3254 1714 3302 et

111 3326 355 3383 aKarolo
392 3330 536 3386 bello
590 3331 741 3397 victi,
789 3333 1085 3391 seditiosos
1141 3354 1315 3409 usque
1367 3340 1435 3393 ad
1490 3341 1710 3397 450001

109 3419 337 3487 tradunt,
367 3432 422 3476 et
451 3422 679 3478 obsides
694 3425 747 3479 ei
779 3425 1051 3481 tribuunt.

341 3513 464 3567 783.
651 3515 704 3570 2.
891 3518 941 3573 7.
1130 3522 1216 3575 15.
1403 3523 1455 3579 5.

168 3599 288 3668 (1b.)
333 3600 575 3657 Saxones
628 3603 918 3670 rebellant,
966 3613 1021 3660 et
1070 3624 1100 3661 a
1140 3607 1335 3664 Karolo
1394 3627 1525 3686 rege
1556 3613 1706 3682 victi,

108 3701 245 3752 paene
287 3704 452 3760 usque
477 3692 544 3745 ad
569 3692 1008 3748 internecionem
1038 3696 1310 3753 delentur.

339 3779 461 3832 781.
647 3781 707 3834 3.
891 3782 944 3837 8.
1130 3786 1198 3838 16
1403 3786 1455 3842 6.

165 3868 290 3933 (1b.)
318 3867 559 3925 Saxones
590 3877 643 3925 et
694 3872 962 3928 Fresones
1005 3876 1281 3932 rebellant
1315 3885 1369 3933 et
1413 3879 1707 3937 vincuntur

108 3956 339 4013 Westfati
371 3976 401 4013 a
427 3960 622 4017 Karolo
654 3962 833 4018 Karoli
866 3966 1012 4037 regis
1042 3966 1155 4022 filio
1186 3968 1557 4027 debellantur.

337 4052 458 4107 785.
643 4056 698 4108 4.
883 4058 936 4113 9.
1120 4061 1208 4115 17.
1392 4065 1445 4117 7.

169 4143 259 4207 (Η.
294 4145 388 4211 Μ)
435 4145 601 4217 Mady
638 4147 840 4201 amiras
865 4150 1094 4205 moritur
1131 4160 1255 4222 post
1294 4170 1459 4225 quem
1489 4156 1702 4227 Moyses

106 4228 373 4317 Saracenis
422 4233 586 4287 annis
653 4235 870 4290 duobus
922 4239 1282 4310 principatur.
1337 4246 1505 4299 (Matt.
1576 4245 1700 4317 [L.])

106 4315 318 4373 Karolus
346 4321 634 4377 Saxoniam
667 4324 1055 4396 depopulatur.
1082 4328 1492 4387 Wintichindus
1521 4315 1696 4388 etﬁAlv-

107 4407 221 4463 bion
262 4412 423 4480 duces
461 4414 739 4469 Saxonum
792 4416 987 4473 Karolo
1041 4422 1378 4478 reconciliati
1416 4405 1775 4497 baptizan-D

107 4503 199 4563 tur,
227 4507 276 4554 et
294 4510 466 4557 motus
494 4503 773 4558 Saxonum
807 4507 1199 4577 reprimuntur.

333 4592 448 4648 786.
636 4594 689 4651 5.
871 4598 897 4651 1
912 4641 924 4653 .
1110 4603 1198 4658 18.
1381 4605 1438 4658 8.

168 4683 277 4750 {1b.}
326 4685 549 4741 Karolus
626 4703 718 4741 rex
779 4689 1033 4746 Adulfum
1094 4696 1473 4764 synescalcum
1533 4717 1692 4757 suum

106 4778 275 4825 contra
312 4773 585 4829 Brittones
633 4776 699 4809 1“
731 4777 917 4845 mittit,
959 4787 1013 4834 et
1048 4797 1146 4851 per
1176 4799 1299 4837 eum
1348 4786 1518 4841 multa
1558 4789 1697 4844 Brit-

107 4864 271 4913 touum
302 4872 472 4917 castra
527 4873 582 4918 et
628 4866 910 4936 principes
941 4885 1128 4925 eorum
1177 4874 1340 4943 capit.
1396 4876 1531 4944 (Man
1560 4879 1575 4947 )
1609 4879 1697 4933 Si-

106 4962 251 5015 gnum
282 4953 454 5006 crucis
482 4952 539 5006 in
573 4954 820 5009 vestibus
842 4957 1124 5014 hominum
1150 4964 1473 5031 apparebat.

332 5041 450 5097 787.
637 5045 671 5096 6
874 5046 928 5099 2.
1119 5050 1201 5106 19.
1386 5055 1419 5108 9

169 5131 318 5193 (Heu.
365 5134 423 5204 [L
450 5135 487 5206 Β
523 5124 744 5205 Moyses
796 5139 995 5193 antiras
1034 5143 1304 5209 moritur;
1362 5155 1485 5216 post
1525 5166 1692 5220 quem

111 5222 262 5279 Aaron
302 5226 462 5284 frater
510 5231 635 5301 ejus
664 5232 957 5287 Saracenis
1008 5239 1168 5292 annis
1216 5240 1283 5293 '23
1328 5241 1687 5313 principatur.

1630 295 1954 351 CHRONICA
1967 337 1979 350 .

3359 288 3459 345 150

1766 418 2066 492 ACarolus
2124 436 2217 473 rex
2267 418 2491 472 Romam
2546 416 2717 481 venit,
2767 424 2822 469 et
2884 421 3075 469 contra
3135 412 3457 488 Heregisum

1842 506 2144 561 Beneventi
2171 506 2367 560 ducem
2386 504 2554 560 vadit.
2589 502 2887 578 Heregisus
2913 502 3233 556 muneribus
3272 509 3326 556 et
3354 501 3457 556 ob-

1838 598 2054 653 sidibus
2106 597 2270 668 datis,
2316 596 2546 668 gratiam
2587 595 2708 666 ejus
2753 593 2994 649 redimit.
3044 593 3252 647 Bellum
3311 593 3455 647 inter

1837 692 2071 746 Francos
2118 698 2172 745 et
2201 690 2400 743 Avares
2439 688 2613 744 oritur
2643 686 2824 757 milia.)
2852 685 3086 758 Sanguis
3116 686 3184 739 de
3212 684 3347 740 calo
3394 693 3450 740 et

1835 790 1979 837 terra
2018 780 2295 852 proﬂuxit.

2064 876 2186 931 788.
2369 874 2424 927 7.
2615 874 2661 927 1.
2843 868 2933 924 20.
3119 867 3204 923 10.

1901 969 2063 1039 (Μετε.
2109 968 2236 1039 [L.])
2286 966 2496 1022 Tassilo
2527 966 2638 1020 dux
2668 964 2934 1037 Bajoariaa
2965 970 3157 1020 contra
3187 963 3441 1020 Karolum

1831 1080 2014 1136 regem
2044 1079 2170 1118 reus
2208 1061 2515 1130 majestatis
2546 1060 2920 1128 adjudicatur:
2972 1058 3122 1113 unde
3168 1075 3199 1112 a
3251 1058 3448 1114 Karolo

1828 1161 2098 1220 attonsus,
2148 1170 2272 1209 cum
2314 1152 2426 1207 filio
2476 1151 2596 1219 ejus
2658 1151 2951 1205 Theodonc
3003 1150 3060 1205 in
3113 1150 3448 1206 monasterio

1829 1245 2124 1318 relegatur.
2158 1245 2214 1298 ln
2242 1244 2401 1299 Italia
2435 1243 2579 1297 inter
2599 1243 2802 1297 Grecos
2832 1251 2886 1298 et
2917 1243 3192 1298 Romanos
3223 1259 3442 1317 pugna-

1826 1343 1931 1390 tur.
1967 1336 2223 1390 Secundo
2255 1335 2311 1388 in
2344 1334 2499 1388 Italia
2538 1334 2683 1388 inter
2737 1333 2969 1388 Francos
3023 1341 3077 1388 et
3109 1337 3309 1390 Avares
3340 1351 3446 1405 pu-

1825 1432 2039 1498 gnatur.
2091 1423 2272 1479 Tertio
2314 1423 2458 1478 inter
2488 1425 2688 1476 Avares
2733 1430 2786 1476 et
2817 1422 3096 1493 Bajoarios
3148 1430 3438 1497 pugnatur.

1828 1516 2028 1579 Quarto
2086 1515 2229 1569 inter
2274 1517 2474 1569 Avares
2521 1522 2579 1569 et
2629 1514 2864 1569 Francos
2921 1520 3217 1588 pugnatur.
3277 1524 3330 1569 et
3384 1514 3439 1569 in

1826 1608 2081 1663 omnibus
2130 1607 2356 1663 Karolus
2423 1607 2541 1661 suis
2598 1606 2915 1677 provenisse
2995 1607 3283 1661 victoriam
3332 1607 3436 1662 lte-

1826 1704 1989 1750 tatur.
2038 1700 2128 1759 (H.
2180 1699 2273 1763 m.)
2317 1696 2587 1750 lnstantia
2632 1694 2874 1749 Tharasii
2916 1695 3239 1765 patriarcha:
3299 1696 3440 1750 Con-

1825 1786 2299 1857 stantinopolitani
2359 1793 2415 1840 et
2488 1783 2710 1838 Adriani
2771 1800 2927 1854 papae
3001 1784 3245 1838 secundo
3292 1785 3437 1854 apud

1826 1877 2045 1931 Niceam
2077 1876 2407 1931 universalis
2442 1875 2688 1946 synodus
2731 1873 2835 1930 3ὕο
2878 1873 3262 1944 episcoporum
3304 1889 3440 1929 con-

1822 1974 2113 2038 gregatur;
2147 1965 2203 2017 in
2226 1981 2334 2036 qua
2361 1963 2500 2018 fides
2521 1963 2790 2018 catholica
2810 1963 2862 2016 in
2889 1961 3166 2032 presentia
3197 1962 3439 2033 Hyrenes

1823 2063 1877 2111 et
1910 2054 2006 2109 filii
2066 2056 2186 2122 ejus
2236 2053 2598 2116 Constantini,
2652 2061 2978 2108 cunctorum
3025 2051 3435 2123 subscriptione

1823 2148 2126 2213 roboratur,
2160 2154 2214 2201 et
2260 2146 2474 2200 heresis
2514 2144 2890 2201 exccrantium
2943 2144 3215 2217 imagines
3251 2144 3345 2198 Dei
3377 2144 3434 2198 in

1820 2251 2151 2313 perpetuum
2204 2240 2509 2296 abdicatur.
2577 2238 2890 2307 Conjuratio
2937 2238 3116 2293 valida
3160 2237 3297 2293 facta
3351 2245 3436 2293 est

1818 2336 1887 2390 ab
1921 2335 2213 2390 Austrasiis
2257 2342 2448 2389 contra
2479 2332 2728 2387 Karolum
2760 2348 2970 2405 regem,
3019 2338 3242 2386 anctore
3295 2331 3431 2385 llar-

1819 2427 2027 2482 derico.
2073 2428 2185 2492 Qua
2212 2426 2447 2488 detecta,
2478 2423 2634 2479 multi
2666 2432 2759 2478 aut
2797 2421 3059 2477 membris
3088 2430 3429 2485 truncantur,

1816 2525 1910 2574 aut
1939 2519 2250 2574 exiliantur.
2287 2545 2291 2553 ν

2055 2611 2178 2664 789.
2363 2608 2417 2663 8.
2598 2604 2652 2661 2.
2835 2604 2922 2661 21.
3110 2606 3196 2660 11.

1885 2704 2055 2775 (Matt.
2115 2701 2314 2775 [Bnc.])
2374 2700 2602 2755 Karolus
2650 2699 2889 2755 Coloniae
2946 2716 3118 2770 super
3178 2699 3429 2754 lthenum

1814 2795 1954 2863 (175)
1992 2800 2192 2864 pontes
2234 2792 2376 2846 duos
2424 2789 2694 2846 construit
2749 2795 2804 2843 et
2834 2788 3028 2854 munit,
3072 2797 3127 2842 et
3164 2788 3429 2844 Selaviam

1814 2886 2114 2959 ingressus,
2144 2899 2263 2937 eam
2296 2881 2404 2936 sibi
2434 2881 2661 2953 subigit.
2697 2884 2786 2945 (11.
2818 2896 2871 2934 m
2901 2879 2915 2950 )
2941 2878 3253 2953 Adelgisus,
3284 2879 3431 2936 filius

1813 2978 2082 3034 Desiderii
2128 2978 2293 3052 regis,
2325 2977 2417 3048 qui
2450 2977 2591 3031 victo
2631 2983 2787 3046 patre
2826 2989 2927 3029 suo
2956 2974 3023 3029 ad
3064 2975 3266 3029 Grecos
3292 2991 3432 3030 con-

1815 3071 2048 3145 fugerat,
2071 3071 2344 3125 animatus
2370 3068 2573 3123 auxilio
2593 3067 2887 3122 Grecorum
2913 3066 2980 3121 ad
3016 3066 3227 3120 Italiam
3249 3067 3427 3135 venit,

1813 3170 1907 3218 aut
1954 3163 2023 3217 ad
2055 3161 2418 3233 repetendum
2442 3175 2697 3230 regnum.
2750 3165 2842 3213 aut
2872 3158 2938 3212 ad
2972 3158 3318 3214 inferendam
3350 3160 3431 3214 ul-

1814 3252 2056 3316 tionem;
2090 3251 2184 3322 qui
2217 3250 2352 3305 inito
2397 3248 2546 3303 bello
2573 3264 2698 3303 cum
2749 3247 2993 3314 Francis,
3017 3255 3203 3303 tentus
3249 3248 3319 3302 ab
3343 3247 3428 3304 eis

1812 3359 1996 3399 amara
2023 3349 2200 3397 morte
2229 3349 2551 3412 peremptus
2577 3348 2682 3395 est.

2042 3432 2165 3487 790.
2349 3431 2402 3485 9.
2587 3430 2638 3484 3.
2822 3428 2912 3483 22.
3102 3429 3187 3483 12.

1883 3517 2081 3585 tEtsn.)
2128 3518 2357 3574 Karolus
2400 3533 2491 3572 rex
2550 3516 2822 3573 honestati
2862 3516 3265 3573 recclcsiasticze
3304 3534 3426 3574 om-

1810 3606 1943 3661 nino
1973 3606 2239 3671 intcntus,
2271 3605 2491 3679 legendi
2515 3613 2570 3659 et
2603 3606 2871 3676 psallendi
2915 3606 3263 3677 disciplinam
3297 3608 3423 3664 dili-

1809 3704 2008 3772 genter
2035 3697 2274 3751 correxit
2308 3697 2422 3761 (Jon
2455 3738 2468 3758 ,
2527 3699 2592 3760 V,
2626 3698 2780 3763 Greg.
2817 3699 2916 3762 111.,
2948 3714 3007 3761 η,
3044 3698 3148 3761 10).
3185 3698 3424 3769 Perpen-

1808 3790 1948 3842 dens
1989 3788 2158 3853 enim,
2201 3788 2396 3841 iterum
2431 3786 2611 3840 Gallos
2653 3803 2684 3840 a
2716 3787 2975 3841 Romanis
3033 3787 3087 3840 in
3145 3791 3420 3845 cantando

1807 3884 2144 3953 discrepare,
2215 3881 2510 3935 lllettenses
2565 3894 2697 3934 vero
2750 3878 2867 3933 sola
2935 3886 3142 3933 naturae
3195 3879 3419 3935 levitate

1806 3972 2086 4045 paululum
2120 3972 2251 4043 quid
2275 3971 2581 4031 dissonare,
2618 3985 2718 4037 per
2761 3975 3015 4023 cantores
3043 3984 3254 4022 rursum
3311 3969 3414 4024 sibi

1803 4063 1871 4117 ab
1897 4062 2133 4116 Adriano
2156 4077 2300 4133 papa
2325 4077 2355 4114 a
2388 4059 2557 4114 Roma
2580 4058 2820 4113 directos
2848 4057 3243 4112 dissonantiam
3273 4075 3411 4113 can-

1804 4160 1888 4207 tus
1930 4152 2182 4207 correxit.
2218 4151 2415 4220 (Εικιι.)
2445 4149 2594 4204 Circa
2627 4164 2903 4219 pauperes
2933 4147 3098 4202 etiam
3122 4148 3412 4214 sollicitus,

1803 4263 1912 4301 non
1939 4246 2114 4301 solum
2164 4245 2216 4299 in
2257 4260 2426 4316 regno
2456 4259 2576 4307 suo,
2629 4258 2817 4297 verum
2848 4241 3009 4295 etiam
3045 4248 3192 4295 trans
3243 4240 3415 4295 maria

1803 4336 1857 4390 in
1885 4336 2135 4409 rEgypto,
2167 4335 2222 4389 in
2263 4334 2437 4405 Syria,
2491 4334 2545 4387 in
2574 4333 2771 4397 Africa,
2808 4332 3069 4403 precipue
3113 4332 3169 4386 in
3230 4332 3414 4387 lliero-

1797 4429 2029 4493 solimis,
2071 4427 2400 4481 liberalitate
2440 4426 2869 4481 elemosinirum
2920 4424 3233 4479 christianis
3276 4442 3412 4495 pau-

1796 4521 2023 4592 peribus
2052 4520 2445 4585 solatiabatur;
2485 4518 2971 4574 transmarinarum
3000 4534 3186 4590 regum
3224 4519 3411 4573 amici-

1797 4615 1898 4670 tias
1946 4615 2017 4670 ob
2059 4616 2159 4669 hoc
2202 4613 2433 4667 maxime
2485 4621 2771 4682 expetens,
2818 4619 2876 4666 ut
2931 4612 3249 4667 christianis
3303 4615 3406 4669 sub

1772 4686 1876 4761 'eis
1920 4705 2250 4779 degentibus
2295 4714 2441 4759 esset
2490 4704 2771 4758 revelatio.
2823 4704 2933 4769 (10.!
2981 4703 3278 4761 Alchuinus
3338 4706 3407 4762 de

1801 4797 2076 4851 Britannia
2105 4796 2393 4854 oriundus.
2418 4796 2676 4870 magister
2706 4795 3001 4849 (leliciosus
3034 4796 3180 4871 regis
3204 4798 3407 4865 Karoli,

1798 4885 2031 4942 scientia
2066 4886 2373 4941 litterarum
2427 4885 2696 4956 prepollct
2721 4885 2775 4938 in
2807 4886 2997 4953 Gallia,
3031 4888 3188 4955 cujus
3228 4890 3409 4958 preci-

1800 4991 1905 5045 puc
1939 4974 2257 5048 magisterio
2287 4974 2403 5043 ipse
2448 4991 2540 5028 rex
2570 4990 2763 5029 omnes
2796 4974 3057 5029 liberales
3084 4986 3230 5032 artes
3263 4980 3407 5034 didi-
3442 5024 3447 5031 .

1796 5067 1886 5121 cit.
1924 5067 2018 5122 llic
2057 5068 2225 5121 multa
2262 5066 2503 5135 scripsit,
2538 5067 2680 5121 inter
2708 5083 2829 5138 quae
2863 5068 3107 5124 eminent
3158 5071 3282 5125 libri
3337 5074 3405 5127 de

1794 5164 1980 5211 sancta
2004 5157 2264 5212 Trinitate
2295 5158 2483 5228 scripti
2516 5158 2583 5211 ad
2613 5158 2790 5227 ipsum
2834 5175 3017 5233 regem
3091 5161 3208 5230 [llic
3238 5162 3401 5216 etiam

1789 5247 1942 5315 jussu
1974 5247 2149 5318 ipsius
2180 5247 2326 5320 regis
2355 5246 2595 5301 divinam
2628 5246 2914 5302 historiam
2952 5249 3189 5305 correxit
3222 5252 3327 5320 “5.)

1437 5351 1655 5408 VARI/13
1687 5355 2059 5410 LECTIONES.

113 5500 177 5552 ter
201 5504 250 5558 .l.

257 5436 422 5493 addit.
452 5439 579 5494 15.:
642 5441 765 5495 rell.
810 5447 1011 5511 praeter
1052 5446 1115 5499 A.
1170 5446 1293 5517 (qui
1337 5466 1416 5506 ea.
1468 5452 1590 5507 829.
1643 5457 1815 5526 habet)
1868 5456 1992 5510 C2“.
2077 5458 2141 5491 ¹“
2171 5457 2408 5513 bittoncs
2463 5460 2577 5527 Sig.
2673 5458 2739 5492 “5
2769 5458 3046 5524 add.16.;

3115 5461 3214 5514 rell
3255 5420 3403 5529 prae-

1636 5596 1847 5652 NOT/E.

166 5672 284 5743 {175)
300 5678 447 5735 Albis
473 5680 607 5746 fuit;
639 5681 769 5735 vide
804 5681 1146 5755 Reginonem
1175 5694 1229 5742 et
1261 5689 1398 5746 Ann.
1437 5692 1621 5759 Mett.;
1655 5694 1724 5750 cf.
1761 5696 1903 5750 Mon.
1947 5696 2040 5752 SS.
2066 5695 2138 5763 ll,
2169 5696 2296 5763 223,
2321 5705 2468 5753 nota.
