3894 6220
406 330 503 386 151
1607 324 1944 382 SIGEBERTI

2223 323 2506 379 ACENSIS.
3636 321 3761 378 152

408 442 414 448 “
482 453 601 508 791.
680 452 739 507 R.
787 451 873 507 10.
951 450 1005 506 8.
1046 453 1097 506 4.
1177 451 1235 506 F.
1273 451 1364 506 23.
1441 451 1502 505 B.
1544 451 1630 505 13.
2041 449 2375 522 Aprinceps
2405 449 2635 503 Avarum
2680 463 2741 501 se
2790 454 2846 501 et
2874 446 3106 517 patriam
3161 461 3317 501 suam
3378 445 3575 501 Karolo
3612 446 3749 519 regi

483 546 577 617 (Η.
608 546 701 612 m.)
738 545 1127 600 Constantinus
1148 551 1379 599 matrem
1429 560 1590 599 suam
1623 544 1877 615 Hyrenen
1917 544 2016 598 im-
2124 541 2295 607 dedit,
2329 542 2631 615 etgratiam
2662 541 2921 612 baptismi
2951 540 3204 612 percipit.

412 637 569 708 perio
596 636 791 707 privat,
822 635 1085 707 solusque
1115 635 1276 690 annis
1304 635 1338 689 6
1390 634 1643 705 imperat.
1696 638 1859 701 (Matt.
1900 635 2024 706 [L.])
2196 633 2320 688 798.
2505 635 2554 689 7.
2742 634 2830 686 11.
3016 630 3104 690 30.
3253 631 3345 688 20.

414 724 643 778 Karolus
670 740 762 778 rex
814 739 1043 796 regnum
1092 723 1321 778 Avarum
1380 731 1522 777 terra
1562 724 1811 795 marique
1852 724 2028 794 impe-
2203 725 2292 794 (Η.
2335 731 2427 789 m.)
2466 724 2678 795 Hyrene
2714 723 3033 794 imperatrix
3064 739 3231 793 super
3282 731 3475 794 erepto
3504 723 3611 778 sibi
3643 724 3774 777 im-

418 814 501 879 tit,
527 812 720 883 eisque
750 812 806 865 in
836 810 954 865 sola
984 810 1111 882 fuga
1138 826 1291 881 spem
1326 810 1594 865 evadendi
1631 810 1872 882 reliquit.
2135 813 2290 883 perio
2318 812 2578 868 feemineo
2633 813 2836 867 dolore‘
2854 811 3049 880 abusa,
3101 811 3514 866 Constantinum
3576 810 3771 864 tilium

486 902 612 957 792.
797 902 854 954 1.
1035 900 1089 954 5.
1272 900 1364 953 24.
1560 902 1647 955 14.
2136 920 2294 958 suum
2327 906 2503 960 oculis
2532 915 2587 959 et
2619 905 2853 975 imperio
2902 905 3098 975 privat,
3132 912 3188 959 et
3219 904 3339 959 sola
3369 903 3531 958 annis
3563 903 3598 958 3
3644 903 3776 957 im-

490 996 582 1065 (H.
612 996 705 1062 m.)
737 994 1128 1050 Constantinus
1173 995 1477 1064 imperator
1505 1008 1838 1064 congressus
1880 992 2039 1047 Char-
2141 1007 2312 1068 perat.
2373 999 2585 1053 Thatun
2644 998 2929 1068 llyspanus
2987 998 3305 1052 Barcinona:
3369 995 3651 1067 prefectus
3699 1011 3779 1050 se

421 1085 585 1139 damo
618 1082 860 1156 Bulgari,
912 1082 1148 1153 turpiter
1180 1082 1354 1136 victus
1399 1081 1831 1147 dehonestatur;
1873 1081 2041 1134 Char—
2143 1086 2334 1142 Karolo
2369 1087 2486 1159 regi
2532 1087 2705 1153 dedit,
2738 1093 2792 1141 et
2833 1082 3212 1150 Barcinoné‘m,
3244 1100 3366 1157 quae
3420 1084 3490 1138 ab
3532 1083 3627 1140 illo
3659 1084 3782 1138 de-

422 1175 616 1229 damus
636 1173 851 1229 sublato
882 1173 1034 1247 regio
1066 1173 1505 1243 omniapparatu
1536 1172 1755 1227 ditatur.
1792 1171 2039 1242 Pipinus,
2143 1179 2395 1245 πίνεται,
2448 1179 2650 1233 reddit,
2684 1178 2856 1247 (Matt.
2910 1177 3035 1248 [L.])
3088 1177 3314 1232 Karolus
3357 1193 3453 1231 rex
3511 1175 3781 1230 Saxones

422 1262 599 1316 Karoli
625 1262 775 1335 regis
812 1277 875 1315 ex
909 1260 1224 1315 concubina
1256 1259 1430 1324 ﬁlius,
1479 1259 1647 1333 gibbo
1695 1259 1979 1325 deformis,
2014 1277 2043 1313 a
2096 1314 2101 1321 ,
2142 1267 2292 1340 gravi
2332 1267 2519 1335 praelio
2549 1267 2736 1321 vincit.
2771 1266 3059 1336 Adelphon
3090 1280 3180 1319 rex
3209 1266 3458 1320 Galithim
3505 1264 3624 1336 regi
3654 1264 3779 1318 Ka-

432 1348 759 1421 quibusdam
856 1348 1182 1402 Francorum
1267 1347 1603 1418 primoribus
1679 1346 2045 1418 promissione
2146 1358 2261 1412 rolo
2283 1360 2455 1413 multa
2484 1374 2720 1412 munera
2758 1358 2942 1414 mittit.
2974 1358 3069 1427 (Η.
3102 1358 3198 1428 M.)
3237 1356 3327 1414 Sol
3360 1356 3784 1413 obtenebratus

425 1441 581 1514 regni
612 1440 850 1507 illectus,
890 1449 1081 1495 contra
1120 1447 1332 1510 patrem
1367 1438 1694 1507 conjuravit.
1731 1438 1883 1492 Unde
1917 1454 2052 1493 con-
2149 1454 2232 1500 est
2256 1462 2363 1514 .per
2389 1446 2508 1501 dies
2542 1445 2624 1499 17,

421 1531 599 1586 victus
631 1537 963 1594 tonsoratur,
1020 1538 1074 1585 et
1127 1532 1182 1584 in
1232 1530 1451 1585 Prumia
1497 1530 1758 1586 cmnobio
1791 1536 2036 1584 retrusus
2207 1537 2331 1593 799,
2522 1540 2569 1592 1,
2759 1537 2847 1590 12,
3033 1536 3121 1589 31.
3303 1535 3394 1588 21.

421 1635 597 1692 usque
626 1621 694 1674 ad
724 1618 892 1675 tinem
932 1619 1058 1674 vitae
1093 1619 1205 1673 Deo
1247 1617 1523 1673 militavit.
1568 1617 1876 1687 Complices
1903 1633 2035 1672 vero
2210 1629 2300 1695 (Η,
2342 1626 2434 1693 in.)
2493 1625 2884 1680 Constantinus
2920 1624 3223 1693 imperator
3247 1623 3500 1677 πιοι-ῑωιι,
3535 1623 3596 1676 ιη
3637 1623 3777 1677 His-

423 1714 821 1783 coniurationis
849 1714 944 1769 alii
976 1714 1287 1778 exiliantur,
1333 1713 1489 1784 pauci
1525 1713 1884 1783 perimuntur.
2140 1714 2300 1784 pania
2330 1712 2634 1767 Barcinona
2679 1711 2966 1766 Saracenis
2998 1710 3236 1776 reddita,
3269 1726 3299 1763 a
3341 1710 3523 1766 Karoli
3554 1710 3774 1765 militi-

494 1807 619 1862 793.
800 1807 856 1861 2.
1038 1806 1091 1861 6.
1274 1805 1365 1859 25.
1516 1805 1601 1858 15.
2059 1798 2108 1864 Β
2135 1807 2239 1861 bus
2258 1814 2341 1861 est
2361 1807 2604 1861 obsessa.
2635 1804 2870 1858 Leonem
2899 1817 3095 1873 papam
3127 1801 3505 1856 celebritatem
3540 1801 3780 1857 l'etaniae

499 1897 666 1963 (Meti.
720 1894 846 1964 [L.])
877 1893 1155 1947 Feliciana
1200 1893 1411 1947 heresis
1454 1892 1855 1947 condemnatur
1884 1898 1939 1946 et
1980 1892 2036 1944 in
2138 1898 2361 1968 majoris
2416 1903 2669 1969 agentem
2714 1893 2944 1949 Romani
2997 1893 3245 1964 capiunt,
3293 1901 3347 1946 et
3404 1892 3651 1963 linguam
3715 1897 3781 1950 ei

427 1981 706 2054 presentia
735 1980 955 2035 Adriani
992 1996 1148 2051 papae
1188 1981 1257 2034 ab
1300 1981 1420 2051 ipso
1478 1979 1657 2035 Felice
1688 1986 1908 2034 auctore
1938 1995 1965 2033 a

2246 1990 2439 2061 losque
2469 1988 2730 2043 evellunt.
2788 1986 2881 2041 Cui
2924 2001 3055 2041 voce
3096 1994 3151 2041 et
3199 1985 3320 2039 visu
3370 1985 3590 2040 reddito
3630 1984 3780 2039 divi-

428 2074 657 2128 dicatur.
690 2073 815 2127 Haec
861 2072 1074 2126 heresis
1102 2072 1403 2134 asserebat,
1440 2070 1614 2125 filium
1639 2071 1733 2126 Dei
1770 2071 1823 2124 in
1856 2070 2040 2124 divina
2140 2082 2308 2147 nitus,
2336 2081 2534 2135 iterum
2568 2079 2617 2133 ei
2652 2079 2840 2134 oculos
2868 2086 2923 2133 et
2951 2078 3194 2151 linguam
3242 2082 3444 2130 eruunt
3476 2076 3780 2130 radicitus.

430 2172 624 2219 natura
653 2179 840 2219 verum
873 2164 1045 2218 Deum
1099 2179 1240 2218 esse.
1284 2163 1338 2216 in
1388 2164 1628 2217 humana
1679 2177 1808 2216 vero
1848 2169 2042 2216 natura
2141 2170 2240 2234 Qui
2284 2169 2353 2224 de
2393 2184 2558 2224 manu
2609 2183 2798 2223 eorum
2878 2174 3092 2231 erutus,
3174 2164 3245 2220 ad
3310 2162 3564 2219 Karolum
3620 2164 3782 2236 fugit

430 2253 857 2324 nuncupativum
885 2269 900 2316 ;
927 2251 1059 2305 item
1092 2251 1147 2305 in
1190 2251 1377 2305 divina
1408 2257 1599 2305 natura
1640 2266 1764 2304 eum
1798 2265 1921 2304 esse
1948 2266 1968 2302 κ

2248 2262 2485 2327 ιηιοῐίιιε,
2527 2262 2694 2330 (Mett.
2730 2259 2786 2330 [L
2814 2259 2851 2330 ])
2901 2257 3186 2312 lleinricus
3224 2256 3335 2311 dux
3382 2255 3786 2326 Forojuliaao-

430 2364 549 2403 rum
581 2346 752 2401 tilium
804 2346 929 2414 Dei;
963 2346 1020 2400 in
1050 2347 1289 2400 humana
1318 2360 1448 2400 vero
1481 2344 1819 2414 adoptivum,
1852 2359 2043 2409 unam,
2147 2368 2265 2408 mm
2296 2369 2326 2408 ει
2355 2353 2469 2407 suis
2498 2351 2805 2424 perimitur,

428 2453 718 2511 personam
742 2437 838 2493 Dei
872 2444 926 2493 et
955 2437 1197 2493 hominis
1227 2437 1482 2491 dividens
1509 2437 1564 2490 in
1592 2436 1729 2490 duas
1758 2450 2042 2507 personas,
2217 2441 2339 2496 800,
2522 2441 2576 2494 2.
2768 2437 2853 2494 13,
3035 2437 3124 2491 32.
3307 2434 3398 2489 22.

426 2530 638 2585 scilicet
672 2527 788 2584 veri
822 2527 919 2582 ﬁlii
960 2536 1014 2582 et
1057 2527 1323 2599 adeptivi.
1359 2528 1601 2583 Saxones
1645 2525 1701 2580 in
1756 2524 1864 2581 fide
1892 2533 1947 2581 et
1979 2524 2044 2578 fi-
2220 2528 2391 2597 (Meit.
2447 2527 2554 2597 L.])
2598 2528 2656 2581 In
2685 2541 2875 2580 mense
2928 2525 3073 2580 Julio
3129 2532 3320 2579 contra
3379 2533 3634 2579 naturam
3676 2540 3782 2579 as-

428 2621 672 2677 delitatis
692 2620 839 2695 regis
866 2618 1142 2675 vacillant.
2148 2636 2280 2690 pera
2309 2630 2363 2675 et
2388 2620 2517 2694 gelu
2536 2626 2800 2677 concreta
2829 2618 2916 2673 bis
2954 2619 3057 2674 fuit
3078 2619 3296 2688 pruina,
3343 2618 3442 2674 sed
3481 2617 3622 2673 nihil
3655 2619 3792 2674 fru-

500 2710 621 2767 794.
807 2707 861 2763 3.
1044 2708 1096 2760 7.
1281 2707 1371 2762 26.
1522 2706 1608 2760 16.
2152 2708 2330 2762 ctibus
2368 2707 2573 2763 nocuit.
2616 2708 2843 2763 Karolus
2874 2723 2971 2762 rex
2998 2707 3239 2763 Leonem
3280 2724 3482 2778 papam
3541 2709 3607 2762 in'
3643 2711 3787 2763 sede

504 2804 600 2868 (Η.
632 2801 732 2867 m.)
762 2797 1153 2853 Constantinus
1184 2796 1486 2867 imperator
1511 2795 1715 2851 multos
1737 2794 2052 2866 principum
2156 2800 2397 2854 Romana
2447 2799 2684 2865 relocat;
2742 2799 2859 2870 ipse
2918 2814 3139 2870 quoque
3198 2799 3424 2854 Romam
3489 2809 3781 2871 properat,

430 2893 536 2947 sibi
576 2898 867 2960 suspectos
901 2888 1075 2943 oculis
1114 2888 1307 2958 privat.
1343 2888 1513 2954 (Elim.
1543 2905 1558 2948 ς
1614 2917 1685 2927 -
1712 2886 2040 2953 ΜΑιιιΑΝυε.)
2153 2906 2347 2945 causas
2378 2891 2673 2956 examinat,
2707 2907 2832 2946 reos
2872 2890 3122 2965 legaliter
3149 2891 3395 2955 damnat,
3428 2891 3623 2963 sicque
3655 2908 3784 2946 om-

432 2982 663 3037 Karolus
708 2995 823 3044 rex,
871 2993 981 3033 non
1036 2977 1215 3032 solum
1256 2978 1433 3048 patria
1479 2977 1683 3050 lingua,
1734 2976 1832 3030 sed
1886 2975 2053 3029 etiam
2155 2995 2254 3033 nes
2312 2981 2677 3036 Romanorum
2715 2988 2895 3035 motus
2943 2981 3099 3035 sedat
3172 2981 3289 3047 11b)
3333 2980 3480 3034 Gens
3540 2982 3784 3036 Avarum

430 3070 737 3146 peregrinis
772 3068 978 3143 linguis
1008 3068 1275 3135 eruditus,
1308 3068 1541 3121 barbara
1568 3074 1621 3121 et
1649 3065 2035 3137 antiquissima
2079 3111 2128 3180 Ο
2155 3084 2185 3120 a
2214 3066 2322 3122 fide
2352 3067 2556 3144 deﬁcit.
2600 3069 2853 3124 Baleares
2883 3069 3075 3123 insulae
3108 3069 3311 3124 auxilio
3363 3068 3707 3125 Francorum
3752 3089 3787 3125 a

440 3160 665 3180 _A,s‘s:_.-
730 3158 925 3180 ᾔρει.---
976 3163 1221 3180 ---s-_.-...
1265 3172 1452 3180 ..Α-η...
1505 3154 1646 3180 ιιηιιι.
1679 3161 1729 3180 ιιι
1777 3160 1925 3180 ..ιιι-ιιι
1950 3167 2006 3180 ,ιιι
2155 3157 2442 3180 0----Α-2-
2482 3158 2834 3180 ,1-ἒ-....-..ι--..
2891 3160 2990 3180 η-..
3033 3159 3317 3180 “72_l-___.__
3354 3159 3531 3180 ΪῘΑ-ΑΙΊ
3586 3162 3609 3180 J
3639 3178 3680 3180 ,4
3705 3179 3712 3180 κ

430 3160 693 3224 carmina,
724 3158 928 3231 quibus
976 3163 1223 3211 veterum
1265 3172 1455 3230 regum
1505 3154 1650 3209 bella
1677 3161 1732 3209 et
1776 3160 1927 3207 actus
1948 3167 2036 3207 ca-
2080 3154 2128 3180 υ
2153 3157 2445 3213 Saracenis
2476 3158 2852 3213 defensantur.
2887 3160 2991 3214 Per
3033 3159 3322 3214 Widonem
3354 3159 3535 3214 Karoli
3575 3162 3784 3216 ducem

433 3253 727 3317 nebantur,
764 3248 986 3319 scripsit
1011 3255 1066 3302 et
1096 3246 1379 3301 memoriae
1424 3245 1723 3300 mandavit.
1756 3244 2043 3299 lnchoavit
2156 3251 2428 3307 Brittones
2490 3252 2789 3308 vincuntur
2834 3260 2887 3308 ei
2917 3254 2971 3307 in
3014 3253 3355 3309 deditionem
3401 3255 3784 3327 recipiuntur,

431 3341 601 3396 etiam
675 3337 1091 3413 grammaticam
1162 3335 1319 3406 patrii
1391 3334 1689 3399 sermonis;
1768 3331 2052 3387 mensibus
2154 3337 2422 3395 Geroldus
2450 3341 2559 3396 dux
2592 3342 2853 3410 Bajoariae
2893 3342 2947 3395 in
3007 3341 3293 3397 Pannonia
3333 3343 3608 3398 Avaribus
3640 3359 3786 3399 con-

432 3434 563 3489 anni
598 3433 754 3502 juxta
797 3431 1097 3503 pr0priam,
1149 3431 1204 3484 id
1253 3437 1336 3484 est
1372 3429 1747 3493 Teutonicam,
1804 3427 2046 3501 linguam
2149 3444 2372 3500 gressus
2397 3430 2722 3499 perimitur;
2755 3430 2823 3484 de
2847 3445 2954 3501 quo
2977 3430 3032 3483 in
3057 3430 3269 3485 visione
3300 3430 3504 3486 Wetini
3539 3432 3779 3507 legitur.

438 3522 705 3579 vocabula
733 3519 1031 3590 imposuit;
1069 3525 1260 3574 ventos
1286 3520 1451 3573 etiam
1484 3518 1775 3573 duodecim
1808 3516 2050 3588 pr0priis
2151 3516 2297 3587 quod
2331 3516 2476 3572 inter
2504 3525 2768 3590 martyres
2796 3526 3192 3574 annumeratus
3210 3520 3298 3574 sit.

444 3609 764 3667 nominibus
799 3607 1119 3679 appellavit,
1162 3622 1283 3662 cum
1341 3616 1504 3663 antea
1552 3614 1792 3679 quatuor
1838 3611 1982 3660 tantu

1862 3611 2049 3660 antum
2221 3608 2318 3662 801
2332 3647 2346 3663 .
2533 3611 2585 3664 3.
2773 3612 2856 3665 14.
3041 3610 3128 3667 33.
3310 3612 3400 3668 23.

435 3700 911 3760 cardinalesventi
939 3699 1370 3755 nominarentur.
2228 3699 2480 3765 Romani,
2535 3701 2628 3772 qui
2668 3702 2736 3755 ab
2776 3702 3108 3773 imperatore
3162 3703 3785 3775 Constantinopolitano

504 3794 627 3852 795.
810 3793 863 3849 4.
1044 3792 1102 3846 8.
1278 3792 1369 3846 27.
1519 3792 1607 3845 17.
2160 3789 2364 3858 jamdiu
2395 3790 2580 3846 animo
2609 3791 2973 3856 desciverant,
3023 3807 3169 3847 nunc
3209 3800 3434 3863 accepta
3463 3795 3787 3850 occasionis

500 3888 669 3957 (Mett.
708 3885 846 3956 [L.]:
896 3884 1074 3952 Eme.)
1106 3884 1353 3940 Saxones
1400 3884 1601 3939 virtute
1634 3883 1812 3938 Karoli
1840 3887 2062 3936 conter-
2162 3882 2592 3953 opportunitate,
2667 3884 2795 3954 quia
2843 3884 3041 3937 mulier
3121 3892 3377 3939 excecato
3432 3885 3787 3955 imperatore

430 3983 549 4049 riti,
606 3981 847 4037 reddunt
876 3996 937 4035 se
984 3978 1181 4035 Christi
1231 3986 1287 4033 et
1329 3979 1474 4048 regis
1513 3977 1783 4032 ﬁdelitati.
1830 3975 2060 4033 Karolus
2165 3972 2520 4029 Constantino
2551 3973 2663 4029 filio
2702 3990 2801 4029 suo
2849 3976 2932 4029 eis
2979 3974 3306 4046 imperabat,
3360 3992 3474 4031 uno
3522 3978 3783 4032 omnium

431 4087 524 4125 rex
556 4069 911 4125 christianum
937 4067 1266 4140 religionem
1295 4073 1482 4120 sancte
1507 4081 1570 4119 ac
1589 4065 1676 4134 pie
1709 4063 1919 4130 colens,
1947 4078 2060 4116 aac-
2158 4081 2432 4121 consensu
2461 4065 2656 4121 Karolo
2684 4066 2797 4141 regi
2817 4067 3198 4137 imperatorias
3225 4067 3420 4122 laudes
3442 4069 3781 4137 acclamant,

430 4158 629 4214 clesias
660 4157 753 4212 Dei
785 4154 1128 4212 omnimodis
1156 4153 1482 4217 honorabat,
1523 4159 1579 4207 et
1610 4151 1842 4206 ornabat
1879 4151 2051 4205 sacris
2154 4174 2393 4229 eumque
2424 4173 2522 4228 per
2541 4174 2761 4213 manum
2793 4158 2991 4215 Leonis
3014 4175 3169 4230 papae
3192 4167 3478 4225 coronant,
3508 4177 3779 4217 cmsarem

431 4249 574 4304 vasis
593 4263 658 4303 ac
680 4246 950 4310 vestibus,
992 4244 1241 4309 edicens,
1271 4250 1330 4297 ut
1360 4259 1430 4297 ne
1455 4241 1791 4313 janitoribus
1817 4242 2044 4314 quidem
2148 4257 2202 4304 et
2230 4256 2521 4319 augustum
2556 4248 2873 4320 appellant;
2924 4250 3177 4321 Pipinum
3206 4266 3358 4317 vero,
3414 4250 3588 4306 filium
3650 4255 3781 4322 ejus

431 4344 625 4400 liceret
662 4340 943 4399 communi
971 4337 1160 4392 habitu
1192 4338 1247 4392 in
1296 4322 1542 4393 aecclesia
1583 4337 1913 4392 ministrare.
1949 4336 2045 4390 Ex-
2145 4357 2331 4413 regem
2399 4341 2566 4396 Italiae
2628 4340 2939 4396 ordinatum
3009 4341 3344 4397 collaudant.
3413 4343 3585 4413 (Matt.
3644 4344 3781 4415 [L.})

432 4434 599 4489 truxit
665 4431 832 4487 etiam
885 4426 1213 4500 Aquisgrani
1268 4426 1548 4482 basilicam
1606 4425 1855 4497 plurima:
1914 4424 2499 4502 put-“Amymurlyn
2554 4444 2645 4483 rex
2689 4428 2975 4484 Persarum
3028 4429 3223 4485 Karolo
3274 4430 3590 4502 imperatori
3653 4433 3782 4487 ele—

436 4472 599 4489 ........
665 4472 832 4487 νυν...
885 4472 1213 4500 .-.γυνη-...η
1268 4472 1548 4482 -..ψη-..-
1607 4472 1854 4497 των-..υ
1914 4472 2008 4495 μ-
2146 4472 2499 4499 .-...,.......,,..
2554 4472 2645 4483 η...
2689 4472 2707 4482 -
2732 4472 2975 4484 ...υ...,...
3029 4472 3222 4485 ...κων
3274 4472 3590 4502 ...τνηηνυ
3655 4472 3777 4487 ν...-

433 4523 784 4586 chritudinis,
810 4520 879 4575 ad
910 4518 1068 4586 cujus
1095 4524 1420 4573 structuram
1454 4534 1483 4571 a
1515 4518 1685 4573 Roma
1712 4472 2119 4573 etRavennaD
2145 4522 2412 4593 pbantum
2446 4527 2500 4576 et
2529 4537 2760 4577 munera
2782 4521 2951 4577 multa
2986 4522 3165 4576 mittit.
3199 4522 3504 4577 Barcinona
3530 4524 3777 4594 capitur.

432 4614 720 4670 columnas
753 4618 809 4667 et
838 4622 1113 4664 marmora
1138 4606 1339 4662 devehi
1368 4605 1518 4662 fecit.
2148 4613 2207 4666 in
2254 4612 2408 4667 Italia
2448 4627 2668 4683 quoque
2707 4612 2907 4667 Theate
2962 4612 3155 4668 civitas
3203 4630 3236 4668 a
3282 4613 3503 4667 Francis
3532 4614 3775 4684 capitur.

504 4705 628 4761 796.
811 4702 866 4756 5.
1049 4699 1102 4753 9.
1283 4697 1371 4752 28.
1522 4697 1607 4752 18.
2146 4707 2380 4762 Sanctus
2410 4708 2624 4763 Salvius
2653 4709 2950 4779 episcopus
2996 4708 3232 4764 veniens
3269 4709 3338 4763 ab
3370 4708 3676 4781 Aquitania
3706 4711 3777 4765 ad

512 4796 591 4866 (G.
629 4796 807 4865 pom.)
837 4793 943 4847 Leo
970 4790 1145 4846 91mm
1185 4791 1441 4847 Romanae
1482 4791 1731 4846 ecclesia:
1779 4789 2044 4862 presidet.
2148 4796 2339 4853 ﬁscum
2372 4796 2744 4863 Valentianas,
2778 4813 2810 4851 a
2834 4796 3181 4868 Winigardo,
3214 4795 3328 4852 tilio
3359 4796 3584 4852 Gerardi
3631 4816 3777 4870 pro-

436 4888 536 4965 Qui
598 4900 724 4942 mox
776 4883 971 4941 clavim
1034 4882 1399 4939 confessionis
1484 4883 1657 4939 sancti
1723 4882 1868 4937 Petri
1919 4896 2044 4936 cum
2145 4887 2410 4942 curatoris
2449 4885 2624 4956 ipsius
2674 4883 2792 4940 ﬁsci
2849 4886 3250 4956 martyrizatnr.
3294 4884 3355 4940 Et
3409 4901 3579 4956 super
3649 4888 3781 4959 ejus

430 4976 630 5033 vexillo
662 4975 920 5031 Romanae
949 4973 1103 5029 urbis
1133 4973 1326 5029 Karolo
1354 4974 1471 5049 regi
1516 4972 1683 5028 misit.
1710 4974 1878 5034 (Mett.
1915 4969 2046 5042 [L.D
2147 4991 2374 5047 corpore
2418 4976 2752 5048 requirendo
2798 4976 3025 5032 Karolus
3055 4976 3281 5049 Magnus
3329 4977 3636 5049 imperator
3689 4979 3779 5034 di-

434 5067 658 5124 Withan
688 5081 785 5122 rex
811 5065 1195 5122 Abrotidorum
1228 5081 1260 5120 a
1298 5064 1609 5121 Saxonibus
1637 5062 1943 5134 perimitur-
2146 5069 2351 5125 vinitus
2382 5069 2542 5125 tertio
2576 5069 2932 5136 ammonitus,
2987 5085 3190 5141 corpus
3219 5070 3445 5141 quidem
3478 5070 3776 5128 inventum

432 5158 560 5215 797.
740 5159 794 5214 6.
980 5156 1067 5213 10.
1250 5157 1338 5212 29.
1523 5156 1610 5211 19.
2148 5159 2450 5216 honoriﬁce
2506 5159 2785 5231 sepelivit,
2836 5158 3222 5215 interfectores
3250 5166 3431 5216 autem
3457 5161 3578 5232 ejus
3614 5163 3778 5234 gravi

506 5253 793 5310 Heinricus
815 5253 924 5309 dux
956 5253 1427 5323 Forojulianorum
1475 5249 1749 5323 expoliato
1797 5248 1855 5303 in
1904 5247 2043 5303 Pan-
2146 5265 2311 5323 paena
2335 5249 2621 5315 multavit;
2657 5264 2759 5304 nec
2800 5254 2979 5304 tamen
3013 5264 3113 5320 per
3141 5249 3246 5305 hoc
3275 5248 3333 5303 in
3365 5265 3463 5305 eos
3501 5250 3642 5305 ultio
3678 5252 3776 5306 Dei

432 5346 602 5403 nonia
629 5348 861 5403 Avarum
889 5345 1138 5417 principe
1168 5344 1374 5420 Yringo
1415 5342 1577 5414 (176),
1615 5339 2041 5396 inestimabilem
2145 5341 2396 5397 cessavit.
2430 5343 2720 5396 lmmutato
2758 5340 2954 5395 ordine
3010 5354 3326 5413 regnorum,
3389 5339 3779 5397 immutandus

433 5439 753 5495 thesaurum
813 5438 935 5508 ejus
983 5437 1131 5494 misit
1175 5437 1294 5512 regi
1343 5435 1561 5492 Karolo.
1617 5434 1732 5505 (1b.)
1810 5434 2079 5501 Thudun,
2144 5444 2231 5494 est
2284 5436 2447 5491 etiam
2517 5434 2654 5491 ordo
2697 5433 3011 5499 titulorum;
3069 5432 3199 5504 quia
3250 5431 3455 5487 abhinc
3503 5433 3608 5489 sub
3664 5449 3780 5490 uno

1988 5541 2198 5623 Nora.

502 5642 640 5724 (I76)
817 5658 1099 5717 nunquam
1150 5612 1764 5724 exstitit;._fecit'eum
1812 5639 2044 5720 Regino,
2150 5641 2314 5724 bring
2341 5639 2466 5724 ing.
2507 5636 2778 5724 circulus.
2809 5635 2878 5689 Ex
2907 5651 2973 5691 eo
2998 5635 3213 5691 transiit
3257 5634 3315 5689 in
3349 5634 3593 5691 Annales
3640 5636 3780 5694 Met-

430 5706 541 5770 non
619 5706 970 5793 intelligens'
1017 5728 1212 5771 vocem
1260 5710 1543 5767 annalium
1597 5706 2043 5768 Laurissensium
2148 5706 2353 5779 tenses,
2373 5706 2646 5783 Sigeberti
2666 5706 2893 5763 fontem.
