3894 6220
146 341 248 395 153

1651 332 2001 390 CHRONICA.

3383 344 3485 399 154

150 466 745 539 comprehendendum
777 472 860 521 est
885 479 1115 537 regnum
1134 462 1460 519 Francorum
1493 469 1548 519 et
1576 463 1773 519 Roma—
1796 467 1850 536 Α
1876 465 2147 520 ratoribus
2216 465 2838 537 ConstantinOpolitanis
2913 479 3139 540 propter
3223 472 3484 528 invidiam

152 560 448 629 norum,{et
472 553 1147 625 ConstantinOpolitanum
1178 568 1407 628 regnum
1427 551 1771 627 distinguen-

152 647 278 702 dum
311 654 399 700 est
439 660 472 699 a
507 659 681 717 regno
736 644 1131 699 Romanorum.
1185 641 1256 696 Ex
1297 657 1407 713 quo
1454 641 1773 712 Byzautium

151 742 348 797 Traciae
388 742 591 796 civitas
646 756 678 794 a
710 739 886 811 primo
918 737 1274 793 Constantino
1302 737 1358 791 in
1404 752 1598 791 novam
1656 752 1774 790 am-

149 831 311 900 pliata
350 837 405 884 et
438 830 496 883 in
532 829 736 903 regiam
788 827 982 881 urbem
1015 833 1098 881 est
1127 825 1381 891 exaltata,
1409 831 1463 879 et
1514 825 1774 879 translata

146 924 200 976 in
231 921 379 975 illam
415 921 574 976 omni
610 921 870 974 Romanae
911 918 1198 993 dignitatis
1248 917 1447 991 gloria,
1493 916 1548 970 in
1582 917 1771 970 sedem

152 1014 377 1070 Romani
406 1013 633 1083 imperii
666 1013 920 1067 dedicata
949 1018 1002 1067 et
1058 1028 1200 1067 nova
1228 1012 1398 1066 Roma
1434 1019 1516 1065 est
1572 1009 1775 1082 appel-

150 1110 290 1173 lata;
318 1107 569 1162 evolutis
595 1107 757 1161 annis
783 1106 1003 1161 circiter
1031 1106 1157 1171 468,
1191 1103 1369 1159 diviso
1398 1120 1432 1158 a
1457 1102 1771 1158 Constantio

152 1197 335 1268 nopoli
367 1197 626 1252 Romano
660 1197 916 1267 imperio,
959 1196 1187 1252 Karolus
1207 1195 1417 1267 primus
1446 1194 1772 1248 Francorum

150 1285 438 1356 imperavit
468 1285 736 1340 Romanis
775 1284 936 1339 annis
960 1286 1046 1339 14.

150 1380 267 1436 802.
347 1380 412 1434 ll.
459 1380 512 1434 1.
597 1379 651 1434 F.
696 1380 785 1433 34.
863 1377 918 1433 C.
961 1379 1014 1431 4.
1098 1377 1283 1432 5.15.
1368 1377 1424 1431 Β.
1465 1374 1553 1429 24.

216 1472 391 1541 (Meti.
457 1470 569 1541 [L.]
616 1471 675 1524 In
718 1470 870 1524 Italia
915 1469 1170 1524 civitates
1209 1468 1412 1523 Ostona
1455 1474 1512 1521 et
1555 1465 1780 1520 Luceria

154 1571 337 1619 contra
362 1563 628 1618 Karolum
662 1562 989 1627 sentientes,
1029 1562 1087 1616 in
1118 1560 1459 1616 deditionem
1492 1556 1777 1627 accipiun-

153 1668 251 1714 tur.
285 1659 520 1714 Karolus
574 1658 871 1727 imperator
924 1672 1024 1726 per
1060 1672 1224 1711 omne
1281 1654 1573 1727 imperium
1618 1669 1776 1708 suum

157 1751 356 1820 legatos
383 1748 454 1807 ad
510 1748 828 1802 faciendum
854 1747 1125 1816 judicium
1166 1754 1219 1801 et
1255 1748 1526 1816 justitiam
1563 1751 1785 1805 cunctis

156 1841 355 1915 dirigit,
403 1846 460 1894 et
492 1838 638 1911 legis
695 1838 933 1909 capitula
971 1839 1043 1893 2i
1098 1838 1340 1893 instituit
1395 1842 1543 1911 (177)
1592 1841 1782 1914 Legat-l

159 1930 507 2003 imperatoris
540 1930 724 1985 Karoli
767 1929 835 1983 ab
862 1934 1037 1984 Aaron
1085 1947 1271 2001 amyra
1304 1932 1619 1999 venientes,
1647 1933 1787 1986 inter

169 2032 346 2078 cetera
401 2038 646 2077 munera
698 2021 860 2075 etiam
895 2037 1022 2076 ossa
1066 2020 1320 2091 Cypriani
1355 2022 1787 2096 Kartaginiensis

174 2113 423 2185 martyris
474 2119 531 2167 et
586 2112 800 2184 Sperati
829 2110 992 2182 primi
1032 2111 1416 2167 Scilitanorum
1463 2122 1780 2185 martyrum,

164 2217 214 2263 et
240 2217 402 2278 caput
436 2206 796 2262 Pantaleonis
832 2206 1087 2276 martyris
1127 2205 1183 2259 in
1215 2207 1485 2262 Frantiam
1528 2206 1780 2263 afferunt-

166 2300 250 2367 (Π.
304 2300 398 2367 m.)
463 2298 821 2369 Nicephorus
898 2297 1133 2352 Hirenen
1193 2298 1426 2368 imperio
1476 2299 1781 2371 depositam

161 2391 312 2446 exilio
342 2391 585 2466 relegat,
618 2395 682 2448 .et
737 2389 1363 2459 Constantinopolitanis
1389 2389 1549 2443 annis
1604 2390 1637 2444 8
1687 2390 1787 2444 im-

167 2490 330 2553 perat.

226 2575 344 2630 803.
532 2575 593 2628 2.
779 2573 867 2626 35.
1016 2574 1070 2627 1.
1221 2573 1308 2627 16.
1457 2574 1548 2628 25.

230 2666 314 2730 (H.
368 2664 463 2732 m.)
524 2662 751 2733 Hyrene
822 2661 1138 2732 imperatrix
1195 2661 1252 2715 in
1304 2660 1471 2716 exilio
1535 2661 1787 2732 moritur.

167 2751 499 2823 Nicephorus
532 2751 842 2819 imperator
870 2749 1160 2804 Saracenis
1174 2765 1523 2815 congressus,
1548 2751 1789 2820 pessime

165 2838 383 2893 vincitur
439 2839 528 2891 ηε.
571 2838 739 2907 (Meti.
795 2836 925 2908 [L.])
974 2835 1201 2891 Karolus
1265 2837 1566 2906 imperator
1596 2852 1789 2892 omnes

168 2926 390 2980 Saxones
424 2932 584 2979 trans
612 2924 824 2978 Albiam
884 2933 1174 2978 morantes
1209 2924 1263 2977 in
1295 2924 1579 2979 Franciam
1612 2931 1788 2979 trans-

170 3017 300 3082 tulit,
339 3032 636 3091 pagosque
712 3031 903 3071 eorum
949 3015 1230 3070 Abroditis
1309 3015 1477 3070 dedit.
1544 3015 1636 3085 (II.
1690 3020 1786 3083 m.)

1876 555 2212 626 imperatorii
2235 555 2478 610 nominis
2506 572 2536 609 a
2568 556 2828 611 Romanis
2860 557 2965 611 sibi
2995 560 3257 630 impositi,
3290 578 3488 635 magna

1877 644 2137 715 patientia
2166 651 2220 698 et
2252 644 2701 717 magnanimitate
2732 660 2829 699 eos
2860 644 3011 712 tulit;
3052 658 3106 702 et
3134 648 3263 718 quia
3290 665 3487 719 suspe-

1877 743 2016 787 ctam
2060 732 2334 787 habebant
2369 750 2523 787 suam
2568 732 2891 803 potentiam,
2924 732 3134 788 crebris
3161 736 3226 769 ²⁴τ
3257 736 3490 810 legatio-

1877 825 2039 879 nibus
2102 825 2207 879 sibi
2276 841 2373 878 eos
2446 824 2760 880 firmissimo
2848 826 3055 881 foedere
3136 828 3485 882 conciliabat.

1876 921 2044 984 (Meti.
2077 918 2211 987 [L.])
2254 918 2447 971 Avarcs
2478 932 2589 971 non
2624 916 2864 972 ferentes
2895 918 3300 972 infestationem
3332 919 3487 973 Scla~

1874 1024 2087 1071 vorum,
2121 1023 2151 1060 a
2184 1006 2376 1061 Karolo
2406 1006 2737 1076 imperatore
2771 1008 2914 1061 inter
2971 1007 3250 1061 Sabariam
3284 1016 3337 1062 et
3380 1008 3484 1060 Ka-

1877 1105 2163 1151 rantanum
2220 1097 2652 1166 impetraverunt
2702 1097 2981 1187 li‘abitandi
3045 1097 3245 1161 locum,
3299 1096 3490 1167 ibique

1876 1188 1997 1242 sine
2044 1187 2196 1259 regni
2237 1187 2458 1242 nomine
2503 1186 2828 1241 resederunt
2857 1187 2961 1240 sub
2994 1187 3203 1241 ditione
3256 1186 3489 1240 Franco-

1878 1298 2018 1335 rum.
2054 1281 2177 1349 (Ib)
2211 1279 2436 1333 Karolus
2485 1278 3004 1348 filiusimperatoris
3054 1277 3251 1343 Karoli,
3312 1278 3492 1332 Belic-

1878 1390 2071 1429 manos
2126 1373 2458 1428 rebellantes
2520 1372 2745 1438 devicit,
2816 1381 2869 1426 et
2944 1372 3244 1426 Letlionem
3298 1386 3489 1427 eorum

1878 1464 2075 1518 ducem
2108 1462 2359 1533 peremit.

1949 1553 2074 1607 806.
2460 1550 2546 1604 38.
2730 1552 2784 1603 4.
2967 1551 3057 1602 19.
3244 1549 3337 1604 28.

1953 1642 2071 1709 (Ib.t
2122 1639 2372 1716 Karolus.
2402 1639 2544 1692 inter
2584 1636 2726 1692 filios
2764 1654 2893 1691 suos
2945 1637 3295 1708 partitionem
3344 1636 3498 1709 regni

1896 1729 2044 1796 facit,
2078 1736 2132 1784 et
2190 1728 2317 1782 inde
2354 1736 2741 1781 testamentum
2786 1726 3006 1792 iactum,
3051 1742 3146 1780 sua
3203 1733 3257 1779 et
3302 1725 3503 1779 Leonis

1887 1837 2044 1893 papae
2076 1820 2402 1875 auctoritate
2453 1819 2745 1874 roboravit.
2797 1819 2895 1887 (Ib)
2948 1817 3244 1871 Beliemani
3288 1816 3498 1870 Sclavis

1887 1911 2283 1965 auxiliantibus
2316 1909 2523 1980 ubique
2572 1915 2910 1981 grassantur,
2949 1907 3043 1960 sed
3086 1924 3116 1959 a
3172 1905 3364 1961 Karolo
3397 1905 3497 1959 im-

1888 2003 2155 2075 peratoris
2182 2003 2295 2057 tilio
2326 2002 2535 2057 fortiter
2556 2001 2922 2056 debellantur.

1956 2095 2079 2150 807.
2265 2096 2316 2149 6.
2503 2093 2589 2150 39.
2774 2092 2826 2147 5.
3009 2090 3096 2147 20.
3280 2089 3367 2144 29.

1958 2181 2049 2258 (Η.
2078 2188 2167 2255 m.)
2202 2186 2477 2257 Cliumeyd
2510 2200 2765 2255 amyreus
2809 2184 3010 2238 missus
3067 2184 3134 2237 ab
3192 2184 3365 2236 Aaron
3426 2180 3497 2235 ad

1886 2277 2287 2332 excindendam
2335 2274 2571 2345 Lyciam,
2602 2291 2723 2329 cum
2768 2275 3011 2328 venisset
3057 2273 3316 2343 lllyream,
3350 2271 3502 2325 nisus

1891 2365 2064 2421 sancti
2127 2364 2335 2419 Nicolai
2375 2370 2657 2418 conterere
2703 2364 2945 2427 archam,
2994 2376 3093 2431 pro
3133 2378 3199 2414 ea
3248 2359 3506 2415 contrivit

1892 2455 2075 2519 aliam,
2127 2460 2180 2508 et
2226 2468 2324 2524 pro
2360 2451 2667 2506 temeritate
2713 2451 3000 2506 incurrens
3040 2449 3134 2503 Dei
3181 2448 3502 2511 vindictam,

1890 2549 2263 2619 subsequente
2309 2545 2613 2600 inevitabili
2670 2549 3016 2614 tempestate,
3062 2541 3279 2595 classim
3320 2538 3504 2593 amisit

1892 2648 2080 2697 totam.
2116 2639 2343 2693 Karolus
2372 2639 2671 2707 imperator
2716 2652 2815 2705 per
2842 2649 3065 2688 manum
3100 2631 3249 2685 Pauli
3280 2628 3500 2684 diaconi

1891 2733 1974 2787 sui
1999 2732 2302 2801 decerpens
2324 2728 2531 2800 Optima
2560 2742 2795 2798 quequae
2842 2725 2909 2779 de
2938 2724 3155 2794 scriptis
3201 2720 3503 2776 catholico-

1892 2838 2009 2876 rum
2054 2828 2289 2892 patrum,
2344 2818 2613 2872 lectiones
2645 2814 2947 2885 unicuique
2990 2810 3266 2867 festivitati
3299 2824 3505 2864 conve-

1892 2913 2133 2977 nientes,
2194 2928 2291 2981 per
2329 2910 2595 2963 circulum
2647 2907 2777 2962 anni
2826 2907 2879 2960 in
2937 2904 3185 2959 :ecclesia
3236 2899 3502 2973 legendas

1890 3000 2173 3071 compilari
2209 2998 2335 3053 fecit
2370 3000 2452 3051 “’3.
2489 3000 2659 3065 (Meti.
2709 2996 2829 3067 [LA]
2888 2996 2996 3049 Rex
3029 2994 3311 3047 Persarum
3346 2990 3507 3043 Karo-

174 3112 334 3163 Aamn
369 3080 579 3163 διῖιίι-δε
638 3123 764 3162 cum
800 3107 1068 3162 trecentis
1103 3107 1330 3161 milibus
1386 3114 1573 3163 contra
1629 3107 1784 3161 Νίρρ,
1817 3085 2007 3153 Clum
2042 3086 2425 3157 imperatorem
2470 3085 2733 3155 pretiosis
2778 3084 3102 3139 muneribus
3157 3095 3254 3151 per
3290 3080 3505 3151 legatos

175 3202 394 3270 phorum
440 3203 841 3272 imperatorem
896 3200 1191 3265 ascendit;
1227 3217 1391 3271 quem
1442 3217 1552 3255 non
1609 3199 1792 3253 ferens

188 3292 543 3364 Nicephorus,
580 3300 739 3363 turpe
764 3291 949 3346 fmdus
982 3292 1101 3359 init,
1137 3300 1327 3361 pactus
1366 3309 1425 3345 se
1456 3292 1505 3347 ei
1538 3292 1790 3347 daturum

180 3382 446 3435 annuatim
495 3380 716 3436 tricena
771 3380 920 3434 milia
973 3381 1387 3446 nomismatum,
1430 3388 1484 3435 et
1535 3381 1634 3435 tria
1689 3397 1792 3434 no-

177 3472 412 3527 mismata
442 3473 496 3527 in
534 3472 803 3525 tributum
837 3471 1031 3541 capitis
1064 3472 1433 3541 imperatoris,
1468 3482 1522 3524 et
1550 3472 1649 3525 tria
1690 3488 1789 3543 pro

178 3564 340 3633 capite
375 3564 469 3619 filii
501 3564 618 3619 sui.
654 3563 881 3618 Karolus
900 3579 995 3633 per
1023 3579 1186 3617 omne
1219 3563 1511 3633 imperium
1545 3563 1792 3632 justitias

182 3650 317 3719 facit,
345 3662 397 3708 et
427 3653 577 3727 legis
605 3652 848 3724 capitula
876 3652 948 3706 29
971 3651 1209 3706 instituit
1251 3652 1390 3722 H78)

246 3745 363 3800 804.
554 3746 608 3799 3.
793 3744 878 3799 36.
992 3746 1045 3799 2.
1199 3746 1282 3799 17.
1466 3746 1551 3801 26.

146 3862 176 3889 -.
251 3835 404 3895 (Mett.
453 3832 593 3905 [L.])
624 3832 732 3887 Leo
771 3848 915 3902 papa
964 3834 1030 3886 ad
1091 3833 1341 3889 Karolum
1399 3836 1789 3905 imperatorem

193 3922 243 3975 in
283 3922 566 3978 Franciam
598 3921 767 3976 venit.
804 3927 896 3986 (II;
941 3930 1036 3989 m.)
1090 3924 1427 3995 Niccpliorus
1492 3926 1793 3997 imperator

192 4011 384 4068 findere
437 4030 568 4069 cum
622 4013 908 4068 Saracenis
953 4015 1154 4082 soluto,
1216 4016 1387 4070 multa
1443 4017 1792 4073 incommoda

193 4102 405 4156 contulit
468 4101 711 4171 imperio
757 4117 875 4157 suo.
940 4103 1268 4159 Godefridus
1352 4122 1443 4159 rex
1517 4108 1788 4162 Danorum

189 4194 341 4249 multa
377 4203 575 4250 contra
605 4194 816 4250 vicinas
842 4204 1037 4268 gentes
1079 4197 1311 4251 abutens
1345 4197 1657 4261 insolentia,
1696 4217 1790 4270 pa-

1895 3182 2145 3234 llenerat.
2202 3179 2458 3233 Saraceni
2519 3178 2826 3232 Sardiniam
2872 3177 3300 3247 depopulantur,
3337 3173 3434 3225 sed
3476 3187 3506 3224 a

1894 3272 2090 3342 Pipino
2139 3287 2267 3345 rege
2302 3270 2467 3325 Italiae
2517 3275 2866 3340 superantur.
2909 3268 2991 3335 (II.
3046 3272 3144 3345 ni.)
3194 3264 3503 3317 (Ilirumuus

1897 3363 2057 3435 llulga
2069 3363 2219 3417 ribus
2246 3362 2577 3416 dominatur.
3084 3344 3095 3349 ⁵

1971 3456 2094 3509 308.
2280 3453 2328 3507 7.
2478 3451 2565 3505 40.
2714 3452 2763 3504 6.
2917 3449 2976 3503 2i
2996 3488 3008 3501 .
3159 3449 3209 3501 1.

1973 3554 2143 3617 (Meti.
2181 3550 2241 3619 [L
2269 3549 2311 3619 )]
2359 3549 2413 3601 ln
2453 3546 2730 3602 Britannia
2760 3543 2990 3600 Eardulf
3037 3559 3130 3597 rex
3171 3541 3509 3611 Nordanym-

1898 3639 2120 3693 brorum
2167 3636 2342 3707 patria
2381 3644 2436 3690 et
2491 3651 2661 3708 regno
2695 3634 2945 3705 pellitur;
2997 3633 3093 3687 sed
3134 3631 3201 3686 ad
3255 3630 3509 3685 Karolum

1894 3730 2283 3799 imperatorem
2318 3727 2566 3787 veniens,
2600 3741 2698 3795 per
2720 3741 2845 3779 eum
2871 3739 3040 3796 regno
3064 3729 3118 3777 et
3144 3720 3333 3792 patrne
3357 3718 3512 3773 resti-

1893 3822 2079 3875 tuitur.
2118 3822 2185 3883 (II
2263 3821 2357 3881 τη.)
2392 3819 2570 3870 Aaron
2630 3815 2830 3868 amiras
2860 3813 3121 3877 moritur;
3166 3820 3291 3883 post
3344 3827 3510 3881 quem

1894 3912 2184 3967 Multamad
2217 3909 2377 3964 annis
2405 3909 2440 3961 5
2472 3906 2833 3977 principatur.

2002 4008 2124 4064 809.
2300 4009 2353 4060 8.
2530 4004 2618 4057 41.
2790 4002 2842 4054 7.
3023 4004 3070 4055 1.
3246 4001 3301 4053 2.

1966 4103 2054 4170 (Α.
2078 4099 2221 4154 Leod
2258 4098 2272 4168 )
2304 4095 2676 4151 Walchaudus
2706 4093 3088 4164 episcopatum
3121 4091 3513 4145 Leodicensem

1893 4190 2150 4262 suscipit,
2179 4189 2272 4261 qui
2318 4189 2372 4242 in
2404 4186 2657 4240 Ardenua
2687 4182 2992 4255 Andagium
3036 4180 3346 4235 eteuobium
3379 4195 3518 4235 con-

191 4299 296 4339 cern
347 4286 411 4339 ab
443 4287 783 4355 imperatore
836 4286 1029 4342 Karolo
1062 4289 1287 4358 expetit.
1335 4293 1556 4354 Avarcs,
1616 4292 1709 4363 qui
1740 4300 1857 4363 ειη
1892 4286 2107 4339 struxit.
2166 4287 2334 4355 (Matt.
2381 4284 2441 4355 [L
2472 4283 2506 4353 )]
2570 4281 2801 4352 Pipinus
2862 4294 2954 4331 rex
3005 4276 3173 4331 Italiae
3234 4274 3517 4328 Venetiam

196 4374 339 4434 Huni.
368 4377 541 4452 longo
569 4384 761 4431 contra
802 4377 1038 4434 Francos
1086 4355 1232 4435 bello
1288 4382 1602 4449 perdomiti,
1637 4355 1791 4439 adeo
1813 4355 1868 4423 ί)
1896 4378 2043 4433 bello
2074 4379 2177 4432 sibi
2206 4378 2434 4449 subigit,
2468 4384 2523 4431 et
2544 4391 2656 4430 non
2692 4374 2862 4428 multo
2888 4378 3018 4443 post
3047 4367 3339 4424 Mediolani
3366 4368 3517 4431 obit;

197 4478 223 4516 a
259 4462 579 4520 fortitudine
604 4481 703 4519 sua
747 4472 801 4520 et
833 4468 1076 4535 potentia
1115 4476 1243 4523 sunt
1290 4470 1570 4539 diminuti,
1626 4479 1684 4527 ut
1711 4473 1804 4543 qui
1907 4470 1956 4523 ei
1991 4468 2217 4523 Karolus
2265 4469 2565 4538 imperator
2618 4464 2893 4519 Venetiam
2964 4462 3271 4531 Nieepltoro
3314 4457 3512 4512 reddit.

196 4546 319 4609 alios
346 4558 487 4613 ultro
523 4555 778 4611 solebant
830 4557 1123 4623 lacessere,
1164 4562 1273 4628 jam
1320 4578 1422 4617 nec
1472 4578 1531 4617 se
1570 4563 1637 4617 ab
1678 4565 1803 4619 aliis
1904 4561 2245 4632 Nicephorus
2268 4559 2566 4630 imperator
2589 4556 2817 4611 noviset
2839 4554 3057 4622 injustis
3081 4551 3298 4623 legibus
3322 4564 3518 4605 omnes

199 4644 395 4733 valeant
421 4647 604 4713 tueri;
651 4647 780 4719 quia
811 4648 865 4702 in
899 4649 1001 4704 hoc
1029 4650 1176 4705 bello
1203 4653 1383 4707 omnis
1406 4669 1597 4709 eorum
1630 4655 1803 4729 gloria
1905 4669 2033 4708 suos
2064 4652 2373 4716 exacerbat,
2430 4659 2484 4704 et
2530 4649 2625 4703 Dei
2684 4649 2737 4702 in
2780 4663 2838 4702 se
2872 4647 3003 4700 iram
3055 4649 3347 4717 exaggerat
3399 4642 3525 4713 (ιὸ.)

198 4740 246 4785 et
271 4735 527 4790 nobilitas
567 4735 752 4806 periit,
781 4739 835 4791 et
861 4737 1132 4809 quidquid
1184 4742 1433 4811 pecuniae
1474 4752 1529 4797 et
1557 4744 1797 4800 thesauri
1902 4743 2197 4799 Godefrido
2280 4742 2554 4796 Danorum
2631 4754 2758 4812 rege
2836 4744 3052 4792 mortuo
3080 4778 3094 4801 ,
3167 4734 3467 4807 llemingus
3502 4774 3517 4799 ,

199 4837 287 4890 per
314 4830 387 4879 tot
408 4824 614 4879 saecula
639 4824 827 4878 orbem
859 4832 1121 4881 terrarum
1152 4828 1423 4885 vincendo
1447 4832 1549 4885 sibi
1573 4849 1801 4906 conges-
1901 4836 2047 4892 ﬁlius
2078 4836 2215 4903 ejus,
2250 4850 2441 4905 pacem
2468 4831 2676 4903 expetit
2715 4830 2782 4885 ab
2825 4829 3157 4900 imperatore
3190 4826 3402 4882 Karolo.

198 4922 387 4981 serant,
420 4924 603 4972 totum
645 4917 810 4972 modo
839 4917 1084 4974 victoriae
1137 4920 1463 4978 Francorum
1524 4924 1711 4991 cessit,
1746 4936 1800 4981 et
1971 4930 2095 4984 810.
2281 4926 2334 4980 9.
2518 4924 2607 4978 42.
2791 4923 2846 4976 8.
3031 4921 3085 4975 2.
3273 4918 3324 4974 3.

200 5004 335 5059 nullo
355 5022 600 5079 unquam
634 5006 783 5062 bello
840 5014 948 5063 tam
982 5010 1153 5065 multa
1206 5012 1509 5083 spoliorum
1568 5017 1797 5086 quanti-
1977 5020 2124 5089 (Meti
2180 5018 2305 5086 [L.])
2340 5013 2568 5069 Karolus
2600 5013 2653 5066 in
2698 4994 2805 5066 tres
2851 5016 3033 5082 partes
3064 5008 3219 5080 regni
3273 5007 3355 5062 sui
3409 5013 3520 5061 tres

200 5101 297 5149 tate
320 5097 548 5154 Francia
579 5098 752 5153 ditata
783 5097 897 5155 fuit.
1905 5108 2178 5163 exercitus
2206 5106 2377 5169 misit,
2410 5119 2581 5159 unum
2627 5111 2774 5157 trans
2820 5099 3053 5165 Albiam,
3094 5098 3190 5169 qui
3232 5095 3519 5150 Hilinones

260 5184 374 5241 805.
561 5188 617 5241 4.
767 5187 855 5244 37.
1042 5190 1091 5245 3.
1245 5190 1333 5246 18.
1519 5193 1611 5251 27.
1904 5197 2242 5262 debellavit,
2309 5210 2480 5249 unum
2558 5192 2613 5245 in
2675 5187 3049 5253 Pannoniam,
3107 5186 3202 5258 qui
3259 5183 3522 5255 reliquias

264 5274 480 5333 Karolus
520 5279 841 5350 imperator,
868 5279 1286 5354 indignantibus
1313 5292 1505 5341 contra
1532 5302 1592 5341 se
1624 5286 1801 5360 impe-
1905 5287 2183 5343 Hunorum
2211 5292 2266 5340 et
2297 5284 2521 5339 Sclavos
2558 5278 2905 5351 compressit,
2950 5293 3117 5332 unum
3158 5283 3350 5331 contra
3384 5271 3522 5325 Brit-

1524 5384 1744 5442 VARIA'I
1793 5384 2065 5443 LECTlON
2074 5383 2167 5439 ES.

266 5474 649 5616 ἓξὲξ
680 5493 817 5604 g2
850 5479 1045 5536 desunt
1076 5472 1203 5542 62".
1232 5481 1292 5536 D.
1364 5482 1429 5519 ⁸⁸⁷
1457 5484 1642 5542 crebis
1670 5488 1726 5556 1,
1813 5486 1880 5522 ¹⁴⁸
1911 5484 2137 5541 Karolus
2161 5513 2228 5525 —
2258 5482 2389 5538 fecit
2434 5485 2493 5539 in
2521 5483 2770 5549 margine
2821 5478 2955 5533 add.
3002 5478 3119 5545 Sig.
3170 5490 3285 5530 cur.
3329 5470 3520 5527 tertiis.

1747 5626 1955 5684 NOTAE.

268 5711 400 5784 (177)
434 5717 786 5793 Aquisgrani.
808 5718 956 5777 Mon.
986 5721 1115 5796 Leg.
1160 5720 1204 5791 l,
1235 5720 1327 5778 90.
1988 5724 2132 5798 (178)
2156 5722 2301 5780 Mon.
2333 5722 2463 5797 Leg.
2489 5723 2532 5789 l,
2574 5720 2696 5784 114,
2724 5719 2793 5774 cf.
2824 5718 2917 5772 SS.
2953 5717 3021 5783 ll,
3046 5716 3171 5771 223.
