3894 6220
388 305 492 361 155

388 439 571 501 tones,
594 431 688 503 qui
711 447 901 487 eorum
934 432 1221 503 perﬁdiam
1254 434 1543 499 contudit;
1575 446 1627 488 et
1657 433 1864 505 ubique
1893 434 1997 489 sibi
2025 441 2075 509 Α

326 589 330 593 _
387 522 615 578 victoria
646 523 922 594 provenit.
959 524 1105 589 (Eme
1135 524 1152 595 )
1181 524 1406 580 Karolus
1429 542 1545 592 rex,
1585 525 1732 580 ﬁlius
1762 526 1999 597 impera-

395 614 526 668 toris
548 614 723 684 major
754 623 908 681 natu,
943 615 1075 669 obit.
1106 616 1426 685 (Maxumus)
1455 616 1681 671 Karolus
1703 617 2000 689 imperator

387 718 568 756 rerum
599 718 820 757 suarum
865 703 1126 758 heredem
1177 704 1451 759 Christum
1485 712 1813 760 testamento
1846 705 1995 774 fecit,

386 800 441 846 et
481 792 748 864 quicquid
782 793 836 847 in
896 812 955 850 re
983 795 1222 866 mancipi
1262 796 1518 863 habebat,
1567 796 1621 850 in
1669 806 1777 852 tres
1816 804 1997 868 partes

387 883 588 948 diviso,
631 884 846 939 tertiam
904 901 1092 940 eorum
1122 886 1457 958 pauperibus
1496 896 1550 942 et
1600 887 1994 944 famnlantibus

388 974 588 1043 palatio
619 975 916 1050 delegavit,
949 978 1083 1031 duas
1120 993 1251 1032 vero
1284 984 1465 1048 partes
1496 979 1549 1032 in
1584 987 1769 1049 partes
1799 980 1992 1052 viginti

386 1073 440 1118 ct
471 1082 633 1119 unam
668 1066 974 1126 subdivisit.
1016 1074 1070 1121 et
1098 1068 1538 1138 metropolitanis
1567 1069 1868 1141 episcOpis,
1898 1071 1993 1142 qui

385 1157 609 1212 totidem
634 1158 737 1212 sibi
790 1159 1076 1228 suberant,
1110 1160 1414 1227 distribuit,
1446 1168 1505 1216 ut
1533 1162 1857 1232 metropolis
1883 1179 1991 1218 aec-

381 1247 545 1301 clesia
579 1248 793 1323 tertiam
826 1249 1114 1322 assignatae
1145 1249 1249 1302 sibi
1281 1251 1450 1320 partis
1480 1251 1726 1319 haberet,
1768 1260 1821 1307 et
1853 1253 1990 1309 duas

382 1335 525 1389 inter
591 1334 964 1410 suﬂ‘raganeas
1041 1337 1337 1408 episcopos
1406 1338 1697 1395 divideret.
1755 1342 1987 1397 Nomina

376 1429 927 1500 archiepiscopalium
962 1431 1265 1497 civitatum,
1290 1448 1410 1504 quae
1443 1441 1604 1489 erant
1630 1435 1733 1489 sub
1761 1436 1983 1492 Karolo:

378 1519 564 1586 Roma,
610 1520 887 1587 Ravenna,
929 1522 1319 1589 Mediolanum,
1376 1523 1570 1579 Forum
1600 1525 1729 1580 Julii
1762 1543 1886 1598 quae
1932 1537 1987 1584 et

375 1607 637 1677 Aquileia,
666 1608 895 1674 Gradus,
931 1608 1178 1676 Colonia,
1233 1611 1529 1682 Moguntia,
1560 1614 1822 1670 Juvavum
1864 1634 1986 1688 qua:

1572 274 1941 362 'sIGEBEaTI
1980 307 2491 369 GEMBLACENSIS.

3628 332 3733 387 136

2170 439 2294 496 814.
2444 441 2531 496 13.
2713 444 2783 498 46
2952 448 3002 502 1.
3153 452 3204 506 1.
3390 457 3445 511 7.
3564 496 3577 502 υ

2173 531 2336 595 (Mett.
2392 532 2515 598 [L.])
2562 531 2788 588 Karolus
2846 534 3146 607 imperator
3201 540 3507 614 gloriosus,
3551 563 3724 622 regno

2099 626 2153 673 et
2202 620 2436 689 imperio
2467 638 2566 676 suo
2620 623 2882 694 ampliato
2939 635 2994 681 et
3050 638 3265 698 pacato,
3307 639 3450 688 statu
3497 620 3721 708 quoque

2097 706 2361 762 aecclesiee
2399 716 2587 764 sancte
2644 718 2697 766 et
2729 714 2990 789 religiose
3022 717 3302 786 ordinato,
3353 706 3720 793 morituriet

2097 799 2363 868 sepelitur
2407 801 2594 873 Aquis,
2660 818 2806 859 anno
2868 806 3046 861 aetatis
3097 824 3210 862 suae
3266 811 3391 867 72°:
3442 815 3542 885 qui
3615 833 3712 887 pro

2095 891 2478 962 magnitudine
2501 909 2730 965 cperum
2752 897 3137 970 agnominatus
3167 908 3249 977 est
3273 903 3522 978 Magnus,
3552 907 3713 978 cujus

2094 978 2260 1034 vitam
2301 982 2573 1038 Einardus
2618 985 2929 1057 descripsit.
2966 988 3092 1044 Post
3141 1007 3306 1063 quem
3360 994 3708 1063 Ludowicus,

2093 1067 2240 1124 ﬁlius
2270 1070 2408 1139 ejus,
2436 1072 2727 1144 imperavit
2757 1075 2918 1130 annis
2946 1078 3035 1132 26.

2161 1162 2284 1218 815.
2717 1167 2768 1220 1.
2916 1169 2969 1222 2.
3120 1171 3174 1235 2,
3320 1176 3372 1229 8.

2160 1259 2330 1328 (Meti.
2384 1262 2507 1328 [L.])
2540 1261 2690 1315 inter
2735 1261 3085 1319 Ludowicum
3133 1274 3187 1321 et
3244 1269 3485 1326 Leonem
3539 1273 3711 1344 impe-

2089 1358 2299 1406 ratores
2328 1368 2429 1422 pax
2464 1350 2726 1407 ﬁrmatur.
2755 1354 3043 1410 Harioldus
3072 1374 3162 1413 rex
3196 1360 3501 1430 Danorum,
3527 1366 3707 1435 patria

2088 1450 2143 1496 et
2180 1457 2350 1516 regno
2382 1442 2572 1513 pulsus
2616 1460 2647 1498 a
2676 1442 2805 1499 filiis
2842 1445 3146 1516 Godefridi,
3187 1450 3255 1504 ad
3303 1452 3697 1524 imperatorem

2088 1535 2444 1591 Ludowieum
2499 1536 2731 1591 veniens
2786 1539 3039 1610 implorat
3096 1559 3259 1614 Opem
3310 1550 3698 1617 recuperandi.

2090 1624 2397 1679 Chrumnus
2455 1641 2714 1681 successu
2768 1627 3007 1694 irritatus,
3067 1631 3698 1706 Constantinopolitanos

374 1706 428 1751 et
474 1698 798 1766 Salzburch,
840 1699 1110 1765 Treveris,
1143 1701 1398 1769 Senonis,
1434 1702 1714 1772 Vesontio,
1767 1707 1986 1781 Lugdu-
2014 1740 2063 1808 B
2094 1717 2337 1771 incursat
2376 1718 2729 1787 insolentius,
2759 1729 2813 1776 et
2844 1739 3020 1794 usque
3051 1725 3119 1779 ad
3154 1734 3339 1797 portas
3365 1729 3521 1785 urbis
3551 1748 3700 1804 vaga-

376 1804 499 1853 nus,
528 1788 756 1856 Vienna,
791 1790 1144 1862 Rotomagus,
1179 1792 1380 1856 Remis,
1414 1793 1621 1860 Arelas,
1655 1796 1985 1867 Darantasia,

376 1878 757 1958 Ebredunum,
785 1880 1112 1954 Hnrdegala;
1161 1883 1415 1952 Turonis,
1448 1885 1731 1941 Biturieas.
1769 1890 1857 1959 (Η.
1890 1896 1985 1958 m)

371 1970 714 2039 Nicephorus
746 1971 1041 2041 imperator
1065 1973 1371 2045 Bulgariam
1407 1976 1743 2050 ingreditur;
1777 1987 1831 2034 et
1856 1982 1984 2052 quia

376 2056 620 2112 victoriae
645 2064 951 2129 temperare
975 2061 1223 2126 nescivit,
1256 2078 1285 2115 a
1308 2062 1634 2136 Bulgaribus
1656 2082 1776 2121 cum
1811 2070 1982 2125 multo

384 2148 646 2202 senatorii
678 2150 889 2204 ordinis
920 2167 1150 2207 numero
1177 2154 1484 2224 perimitur.
1508 2156 1810 2214 Stauratius
1837 2157 1983 2217 ﬁlius

377 2239 498 2306 ejus
526 2249 651 2309 post
691 2256 815 2295 eum
842 2258 987 2298 anno
1018 2258 1126 2298 uno
1158 2244 1406 2315 imperat.

446 2352 572 2406 811.
651 2352 841 2407 R.1n.
920 2354 976 2409 F.
1017 2356 1104 2409 43.
1185 2355 1236 2410 C.
1285 2358 1332 2412 1.
1409 2358 1465 2412 S.
1509 2360 1560 2414 3.
1642 2362 1697 2414 Β.
1741 2365 1793 2418 4.

440 2436 527 2505 (Η.
566 2441 660 2507 m.)
689 2440 964 2496 Stauratio
1004 2442 1281 2513 deposito,
1316 2445 1543 2502 Michael
1584 2449 1816 2520 imperat
1856 2461 1979 2522 post

370 2545 493 2583 eum
536 2530 695 2584 annis
750 2531 802 2584 3.
850 2534 1010 2600 (Meti.
1053 2533 1177 2603 [L.])
1214 2534 1512 2611 Hemingus
1561 2556 1649 2594 rex
1704 2542 1974 2599 Danorum

370 2620 616 2675 moritur.
651 2622 778 2677 Post
819 2640 980 2694 quem
1014 2625 1124 2681 duo
1158 2627 1301 2681 inter
1328 2645 1387 2683 se
1425 2630 1492 2684 de
1523 2648 1692 2705 regno
1746 2642 1978 2691 conten-

369 2713 564 2768 dentes
606 2714 753 2771 bello
806 2717 1160 2787 colliduntur,
1218 2721 1272 2774 in
1330 2738 1440 2794 quo
1496 2742 1655 2795 paene
1714 2730 1769 2783 11
1829 2731 1980 2786 milia

369 2807 641 2862 Danorum
676 2810 1039 2879 perimuntur.
1090 2815 1284 2883 (Εικιι.)
1317 2816 1606 2889 Moguntite
1645 2839 1786 2892 pons
1818 2826 1979 2895 quin-

369 2906 660 2971 gentorum
682 2917 941 2970 passuum
958 2904 1323 2977 longitudinis
1343 2916 1493 2964 trans
1517 2912 1789 2981 Rhenum,
1811 2933 1975 2987 quem

374 2987 599 3042 Karolus
638 2990 938 3061 imperator
969 3011 1067 3064 per
1105 2997 1294 3052 decem
1328 3017 1504 3057 annos
1543 3003 1756 3078 ingenti
1788 3007 1977 3063 labore

372 3085 425 3132 et
451 3078 687 3135 mirabili
719 3098 889 3153 Opere
916 3086 985 3141 de
1025 3088 1191 3161 lignis
1229 3100 1632 3163 construxerat,
1664 3097 1734 3152 ita
1762 3107 1820 3154 ut
1852 3117 1973 3170 per-

372 3177 534 3193 ..-.___
584 3171 768 3193 .--μμ
807 3191 817 3193 Α
1056 3180 1105 3193 ..
1218 3192 1221 3193 ,
1351 3184 1362 3193 .
1508 3186 1538 3193 .-
1671 3190 1681 3193 _

2088 3082 2375 3139 Ludowico
2407 3082 2592 3140 deﬁcit
2625 3094 2680 3142 et
2705 3087 2774 3141 ad
2793 3088 2973 3143 Danos
3001 3090 3217 3145 transit.

372 3177 539 3240 petuo
578 3171 774 3229 durare
807 3191 970 3248 posse
1019 3180 1316 3249 videretur,
1350 3184 1422 3239 ita
1454 3186 1628 3242 tribus
1670 3190 1819 3247 horis
1845 3208 1977 3247 con-

371 3264 641 3338 ﬂagravit,
699 3278 758 3323 ut
814 3287 882 3326 ne
936 3289 1047 3328 una
1086 3275 1309 3346 quidam
1341 3280 1515 3336 astula
1556 3299 1725 3355 super
1780 3304 1977 3360 aquam

369 3367 701 3413 remaneret.

435 3463 559 3518 812.
711 3438 859 3521 H.-
977 3470 1066 3525 ιιι.
1255 3474 1302 3527 1.
1490 3479 1541 3531 4.
1728 3484 1778 3539 5.

436 3578 611 3646 (Mett.
648 3582 773 3649 [L.]‘
808 3582 1034 3641 Karolus
1082 3587 1376 3659 imperator
1412 3592 1698 3653 Ludowico
1727 3598 1840 3656 ﬁlio
1870 3618 1971 3659 suo

364 3684 623 3724 coronam
656 3671 993 3743 imperialcm
1024 3677 1280 3750 imponit,
1311 3691 1363 3739 et
1405 3684 1762 3757 Bernardum,
1796 3691 1967 3749 ﬁlium
2019 3724 2023 3728 ~

366 3759 550 3852 Pipini‘
600 3764 765 3837 regis,
826 3783 1010 3843 regem
1060 3772 1228 3828 Italiae
1277 3774 1424 3843 facit,
1475 3780 1639 3846 (Elev.
1699 3785 1851 3852 Am.)
1908 3787 1968 3839 In

366 3846 589 3904 Francia
636 3853 781 3922 apud
812 3859 1125 3914 easnobium
1176 3861 1485 3921 Elnonense
1517 3878 1737 3926 sanctus
1767 3846 1971 3927 Aman-

365 3935 468 3990 dus
516 3953 547 3992 a
577 3937 829 3998 Lothario
882 3945 1146 4015 elevatur,
1186 3966 1218 4004 a
1268 3952 1618 4024 depositione
1674 3961 1794 4026 ejus
1821 3977 1967 4018 anno

363 4027 582 4083 circiter
624 4033 928 4091 centesimo
977 4039 1442 4115 quinquagesimo
1490 4048 1755 4103 secundo,
1801 4050 1966 4122 Cujus

362 4131 591 4186 corpore
622 4121 804 4177 adhuc
832 4124 1046 4200 integro
1078 4128 1324 4195 invento,
1378 4148 1501 4187 cum
1560 4135 1680 4205 ejus
1710 4121 1886 4208 capilir
1913 4146 1968 4194 et

361 4221 593 4278 ungues,
643 4211 735 4281 qui
776 4216 1087 4270 excrevisse
1119 4216 1470 4285 videbantur,
1522 4225 1958 4295 succiderentur,

357 4300 412 4348 et
439 4295 507 4349 dc
539 4297 657 4367 ejus
683 4315 778 4354 ore
804 4301 1001 4357 dentes
1022 4304 1270 4360 adhibita
1291 4306 1499 4379 forcipe
1526 4316 1944 4375 extraherentur

354 4388 580 4459 sanguis
606 4390 734 4445 inde
750 4393 1029 4462 proﬂuxit,
1059 4397 1153 4467 qui
1177 4398 1242 4451 ad
1273 4402 1592 4458 memoriam
1614 4418 1900 4477 posteroru

354 4479 536 4534 adhuc
563 4491 832 4553 servatur,

425 4584 550 4641 813.
698 4590 785 4645 12.
971 4593 1060 4648 45.
1243 4597 1297 4651 2.
1481 4603 1532 4657 5.
1717 4608 1770 4661 6.

430 4696 599 4762 (Matt.
646 4701 772 4766 [L.]i
814 4700 1041 4758 Karolus
1091 4705 1391 4778 imperator
1443 4729 1541 4784 per
1578 4722 1721 4772 totas
1761 4718 1964 4776 Gallias

357 4785 590 4840 concilia
613 4804 780 4859 super
802 4799 941 4848 statu
973 4797 1341 4856 zecclcsiarnm
1388 4805 1456 4858 ab
1507 4808 1785 4881 episcopis
1810 4813 1963 4868 cele-

356 4871 501 4971 brari
531 4874 728 4942 edicit;
773 4895 940 4937 unum
980 4884 1080 4941 fuit
1116 4888 1424 4963 Moguntiee,
1465 4871 1715 4953 alterum.
1750 4901 1958 4971 Remis,

355 4964 573 5063 tertium
654 4969 905 5039 Turonis,
987 4989 1239 5050 quartum
1290 4984 1647 5057 Caballonis,
1706 4964 1957 5063 quintum

353 5054 570 5112 Arelati.
607 5059 693 5127 (Η.
749 5064 842 5133 m.)
874 5064 1161 5124 Muhamad
1231 5074 1431 5130 amiras
1460 5054 1766 5136 fratri-suo
1818 5083 1957 5137 Hah-

353 5148 513 5205 dallae
544 5156 926 5227 congreditur;
959 5177 988 5214 a
1037 5178 1146 5233 quo
1172 5175 1479 5237 superatus,
1529 5186 1654 5225 eum
1686 5172 1791 5226 sibi
1825 5189 1959 5228 eon-

352 5256 581 5313 regnare
610 5243 817 5302 invitus
850 5252 1076 5320 patitur;
1110 5262 1165 5311 et
1195 5257 1299 5314 hoc
1340 5259 1488 5316 bello
1534 5277 1763 5335 regnum
1797 5263 1957 5319 Sara-

349 5347 613 5388 cenorum
667 5353 765 5407 per
796 5339 1005 5412 aliquot
1033 5360 1210 5401 annos
1238 5348 1582 5405 discinditur.
1625 5353 1792 5420 (Matt.
1832 5352 1953 5422 [L.])

349 5423 580 5479 Michael
610 5426 908 5500 imperator
938 5433 1212 5493 Chrumno
1245 5439 1461 5513 Bulgari
1500 5457 1850 5516 congressus,
1887 5445 1956 5500 de

349 5512 496 5568 bello
534 5514 711 5573 victus
766 5518 925 5595 fugit,
974 5531 1027 5579 et
1081 5512 1468 5596 deSperatione
1525 5512 1704 5584 rerum
1757 5548 1954 5588 mona-

348 5602 485 5658 chus
506 5604 697 5675 factus,
726 5609 1022 5683 imperium
1050 5614 1299 5684 deponit.
1324 5616 1630 5689 Postqucm
1662 5620 1769 5676 Leo
1799 5622 1960 5677 annis

348 5695 381 5750 8
408 5697 711 5771 imperavit.

2092 1815 2179 1862 tur
2201 1808 2405 1863 crebris
2438 1809 2772 1867 incursibus.

2085 1900 2210 1954 816.
2639 1903 2695 1957 2.
2842 1906 2894 1959 2.
3045 1908 3099 1961 3.
3283 1910 3339 1965 3.
3488 1913 3544 1968 9.

2158 1988 2237 2053 (G.
2267 1990 2445 2059 pont)
2485 1990 2799 2060 Stephanus
2832 1993 2962 2048 92us
2993 1994 3250 2052 Romanae
3292 1998 3547 2056 ecclesiae
3576 2018 3696 2073 pre-

2082 2078 2242 2133 sidet.
2290 2079 2383 2133 Hic
2417 2096 2537 2134 mox
2566 2080 2620 2135 in
2654 2082 2933 2138 Franciam
2958 2087 3130 2152 venit,
3163 2096 3218 2143 et
3255 2089 3610 2146 Ludowicum
3640 2093 3692 2147 in

2083 2166 2472 2236 imperatorem
2518 2171 2817 2226 coronavit.
2862 2174 3030 2240 (Mett.
3077 2175 3202 2246 [L.j)
3231 2178 3563 2235 Ludowicus
3594 2181 3693 2236 im-

2082 2267 2302 2329 perator
2332 2260 2630 2316 exercitum
2659 2270 2847 2318 contra
2881 2265 3059 2322 Danos
3089 2268 3275 2337 mittit,
3325 2278 3380 2325 et
3433 2288 3535 2342 per
3571 2289 3690 2329 eum

2079 2348 2305 2404 obsides
2333 2350 2549 2420 accipit.

2149 2438 2273 2493 8l7.
2710 2444 2763 2498 3.
2912 2446 2965 2500 4.
3112 2450 3167 2504 4.
3315 2450 3404 2507 10.

2150 2528 2231 2595 (G.
2256 2531 2437 2599 pont.)
2495 2530 2729 2586 Pascalis
2782 2534 2911 2587 93u8
2954 2534 3214 2592 Romanae
3273 2541 3539 2597 ecclesia:
3573 2560 3690 2614 pre-

2078 2621 2238 2677 sidet.
2268 2624 2433 2690 (Matt.
2461 2624 2583 2697 [Μ]
2616 2626 2916 2683 Wascones
2937 2630 3006 2683 ab
3036 2630 3373 2702 imperatore
3402 2635 3688 2693 Ludowico

2078 2712 2418 2776 desciscunt.
2447 2717 2545 2771 sed
2586 2718 2655 2772 ab
2695 2719 2816 2788 ejus
2862 2722 3104 2778 exercitu
3161 2725 3392 2782 edomiti
3424 2729 3534 2784 cito
3564 2731 3690 2784 resi-

2074 2803 2317 2879 piscunt.

2146 2899 2272 2954 818.
2703 2904 2765 2959 4.
2906 2906 2958 2959 5.
3109 2907 3165 2962 5.
3310 2909 3400 2964 11.

2149 2992 2273 3061 (Ιὸ.)
2334 2992 2612 3065 Scloamyr
2664 3010 2755 3049 rex
2805 2997 3191 3054 Abrotidarum
3233 2999 3302 3054 ab
3357 3001 3681 3072 imperatore

2150 3178 2277 3233 819.
2705 3181 2759 3237 5.
2904 3184 2956 3237 6.
3104 3184 3159 3240 6.
3306 3184 3394 3240 12.

2153 3271 2279 3338 (1b.)
2308 3270 2634 3326 Ludowicus
2663 3271 2965 3335 imperator
2997 3274 3271 3329 Brittones
3323 3276 3429 3330 sibi
3462 3278 3679 3350 subigit.

2078 3360 2394 3417 Murmanus
2422 3362 2530 3416 dux
2584 3378 2796 3428 eorum,
2825 3365 2918 3436 qui
2950 3381 3152 3420 nomen
3184 3366 3329 3439 regis
3384 3367 3493 3422 sibi
3524 3386 3681 3424 usur-

2078 3455 2317 3520 pavarat,
2351 3450 2420 3504 ab
2449 3451 2531 3505 eis
2557 3451 2865 3521 perimitur.
2903 3454 3019 3524 (1b.)
3054 3453 3363 3509 lternardus
3396 3472 3489 3511 rex
3523 3459 3683 3513 Italia:

2072 3537 2503 3608 conspirationis
2531 3546 2723 3595 contra
2769 3541 3155 3611 imperatorem
3199 3541 3352 3597 factae
3378 3553 3681 3613 accusatur,

2072 3633 2126 3680 et
2156 3642 2282 3680 reus
2303 3626 2605 3697 majestatis
2629 3628 2992 3697 adjudicatus,
3019 3630 3193 3700 primo
3211 3647 3382 3706 regno
3405 3640 3461 3687 et
3490 3635 3680 3702 oculis,

2070 3713 2270 3769 dehinc
2326 3714 2437 3769 vita
2491 3715 2752 3786 privatur.
2817 3718 2933 3788 (Ιὸ.)
2996 3718 3285 3774 Harioldus
3341 3720 3397 3774 in
3453 3738 3677 3795 regnum

2069 3807 2344 3863 Danorum
2377 3825 2408 3862 a
2439 3808 2734 3866 Ludowico
2764 3811 3077 3867 remittitur.

2140 3894 2263 3951 820.
2698 3899 2750 3954 6.
2898 3900 2951 3954 7.
3103 3901 3156 3956 7.
3303 3902 3392 3960 13.

2144 3990 2256 4058 (Ib)
2304 3987 2586 4060 Scloamyr
2631 4006 2723 4045 rex
2783 3991 3165 4047 Abrotidarum
3216 4000 3273 4048 et
3326 3994 3519 4065 Lupus
3574 3996 3677 4051 dux

2070 4077 2396 4133 Wasconum
2444 4079 2686 4134 damnati
2739 4080 2932 4151 capitis
2979 4082 3047 4135 ab
3098 4081 3435 4152 imperatore
3503 4085 3679 4140 Ludo-

2067 4173 2204 4229 wico
2233 4174 2546 4229 exiliantur.
2577 4176 2726 4244 (Cap.
2765 4177 3027 4247 Aquisg.)
3074 4177 3398 4251 Aquisgrani
3430 4179 3673 4249 generali

2066 4269 2341 4318 conventu
2372 4262 2559 4318 habito
2577 4279 2676 4333 per
2690 4263 3109 4335 dispositionem
3136 4265 3489 4336 imperatoris
3504 4268 3672 4323 Ludo-

1948 4364 1962 4391 ’
2066 4354 2190 4409 vvici
2215 4356 2715 4426 episcopornmque
2741 4364 2790 4410 et
2824 4356 3093 4411 abbatum
3121 4357 3308 4428 aliqua
3327 4359 3573 4429 capitula
3610 4359 3671 4413 ad

1837 4432 1957 4508 Tum
1982 4432 2045 4502 D
2071 4459 2200 4498 usus
2231 4443 2563 4516 regularium
2596 4446 2987 4501 monachorum
3011 4447 3195 4501 addita
3221 4454 3379 4513 sunt;
3425 4454 3482 4501 et
3512 4449 3675 4502 multa

2063 4544 2372 4592 sanctarum
2404 4538 2794 4608 scripturarum
2825 4539 3216 4610 compilatione
3261 4540 3425 4606 facta,
3457 4540 3677 4596 clerico-

2065 4643 2183 4680 rum
2217 4632 2270 4680 et
2300 4625 2632 4680 clericalium
2673 4627 3171 4682 sanctimonialium
3229 4628 3432 4701 regulae
3473 4628 3673 4684 consti-

2067 4722 2197 4769 tutae
2228 4722 2373 4785 sunt.
2409 4714 2707 4770 Deﬁciente
2755 4716 3111 4771 historiarum
3169 4716 3456 4783 relatione,
3498 4723 3672 4771 cessat

2064 4808 2227 4861 etiam
2258 4808 2451 4864 relatio
2479 4809 2547 4863 dc
2579 4823 2749 4883 regno
2781 4809 3069 4884 Bulgarum
3101 4816 3156 4864 et
3184 4809 3601 4864 Saracenorum.

2133 4896 2259 4951 821.
2688 4898 2738 4952 7.
2887 4899 2940 4952 8.

2134 4985 2211 5054 (G.
2249 4990 2421 5054 pont.)
2464 4984 2743 5040 Paschalis
2782 5002 2924 5057 papa
2952 5002 3154 5056 corpus
3209 4992 3412 5040 sancta:
3460 4985 3669 5041 Ceciliae

2058 5071 2290 5145 virginis
2319 5073 2439 5143 ipsa
2467 5074 2746 5128 revelante
2771 5074 3002 5143 invenit,
3035 5074 3215 5129 aureis
3239 5074 3480 5129 velatum
3511 5074 3667 5128 indu-

2059 5161 2262 5216 mentis
2286 5161 2554 5235 sanguine
2585 5161 2759 5233 ipsius
2783 5160 2963 5217 adhuc
3019 5161 3250 5228 infusis;
3302 5169 3357 5216 et
3396 5162 3576 5233 ipsam
3619 5169 3670 5216 et

2056 5265 2288 5320 corpora
2317 5259 2629 5306 sanctorum
2662 5249 2931 5305 Valeriani
2971 5251 3159 5322 sponsi
3190 5251 3310 5320 ejus
3336 5257 3391 5305 et
3426 5250 3667 5322 Tyburtii

2056 5347 2109 5396 et
2135 5340 2370 5409 Maximi,
2405 5341 2607 5397 Urbani
2629 5357 2853 5413 quoque
2881 5359 3057 5414 papas,
3082 5344 3139 5398 in
3169 5342 3478 5398 aecclesiam
3532 5360 3564 5398 a
3609 5358 3665 5397 se

2057 5429 2139 5485 eis
2176 5429 2484 5486 ediﬁcatam
2537 5431 2890 5501 transposuit.
2932 5434 3102 5502 (Mett.
3164 5432 3287 5502 [L.])
3344 5430 3667 5487 Ludowicus

2060 5525 2358 5595 imperator
2386 5526 2737 5597 partitionem
2767 5527 2921 5601 regni
2966 5525 3108 5581 inter
3138 5527 3280 5582 ﬁlios
3309 5542 3441 5581 suos
3472 5526 3663 5582 factam

2059 5612 2352 5670 conﬁrmat
2415 5616 2775 5671 sacramentis
2834 5615 3161 5686 optimatum
3226 5630 3476 5670 suorum.
3549 5616 3664 5685 (ιδ.)

2061 5714 2168 5770 Leo
2202 5714 2501 5787 imperator
2553 5717 2848 5773 Grecorum
2881 5716 3168 5788 perimitur
3207 5714 3262 5769 in
3306 5715 3510 5786 palatio
3564 5729 3661 5770 suo
