3894 6220
158 339 239 392 161

217 462 337 516 811.
448 460 513 514 R.
560 464 614 511 et
801 454 857 508 F.
896 454 948 507 4.
1345 447 1402 501 C.
1448 445 1534 499 14.

219 552 291 619 (G.
327 548 510 620 pont.)
550 544 772 619 Sergius
820 542 1078 596 Romanae
1110 535 1373 592 mcclesize
1419 533 1579 589 103us
1626 546 1751 601 pre-

158 641 303 696 sidet.
329 619 413 690 ad
450 635 616 703 hujus
656 630 984 687 electionem
1025 624 1459 681 conﬁrmandam
1502 619 1755 675 Ludovvi-

159 747 244 787 cus
292 728 433 783 ﬁlius
484 721 837 797 imperatoris
874 718 1111 775 Lotharii
1151 734 1181 771 a
1224 724 1373 786 patre
1403 714 1624 777 missus,
1685 710 1752 764 ab

160 820 337 874 eodem
368 832 511 887 papa
542 815 600 868 in
644 828 831 885 regem
871 806 1358 880 Langobardorum
1403 810 1600 858 unctus
1647 805 1749 853 est.

160 912 312 981 (Matt.
375 906 502 981 [F.l)
551 903 725 959 Mauri
770 903 1143 957 Beneventum
1202 902 1477 967 occupant
1536 893 1621 945 ‘55.
1657 892 1756 944 De-

160 979 348 1069 Scripto
378 979 433 1051 in
462 1003 576 1050 tres
602 998 787 1066 partes
809 1005 1002 1065 regno,
1021 988 1215 1042 fratres
1254 985 1321 1039 ad
1346 984 1536 1039 urbem
1572 979 1757 1034 Galliae

160 1090 464 1145 Viridunum
509 1085 868 1147 conveniunt,
903 1092 956 1136 ct
984 1080 1127 1133 inter
1176 1094 1235 1132 se
1265 1074 1654 1148 paciﬁcantur;
1707 1078 1760 1125 et

162 1179 289 1232 datis
325 1187 375 1230 et
428 1173 677 1244 acceptis
716 1171 953 1225 invicem
1013 1165 1393 1230 sacramentis,
1426 1162 1664 1233 quisque
1692 1160 1758 1213 ad

163 1271 452 1340 descriptas
520 1269 628 1322 sibi
681 1273 864 1337 partes
902 1263 1058 1335 regni
1104 1261 1338 1316 tuendas
1392 1262 1756 1312 revertuntur.

162 1366 316 1427 (Melt.
371 1361 502 1434 [R.])
548 1359 777 1413 Karolus
824 1356 1035 1427 accepit
1090 1350 1458 1409 occidentalia
1506 1364 1672 1421 regna
1731 1363 1762 1400 a

169 1454 465 1510 Britannico
513 1465 755 1506 occeano
804 1464 980 1519 usque
1026 1447 1093 1500 ad
1142 1445 1344 1500 Mosam
1396 1440 1653 1505 fluvium;
1705 1439 1758 1492 in

160 1564 256 1619 qua
281 1552 428 1617 parte
459 1550 663 1598 extunc
692 1550 746 1596 et
770 1541 935 1596 modo
975 1554 1175 1595 nomen
1199 1535 1439 1591 Franciae
1470 1532 1754 1588 remansit.

161 1636 434 1692 Ludowico
459 1631 753 1687 orientalia
784 1645 951 1700 regna
982 1634 1288 1692 cesserunt,
1330 1623 1511 1680 omnis
1547 1623 1761 1678 scilicet

160 1731 427 1787 Germania
474 1744 655 1800 usque
687 1725 754 1780 ad
789 1723 964 1779 Rheni
998 1722 1224 1786 fluenta,
1278 1729 1333 1774 ct
1362 1719 1561 1791 aliqua:
1612 1724 1760 1772 trans

164 1822 393 1875 Rhenum
421 1819 676 1874 civitates
720 1831 845 1870 cum
884 1811 1262 1880 adjacentibus
1312 1809 1487 1884 pagis,
1536 1817 1761 1878 propter

162 1913 262 1967 vini
286 1911 520 1983 copiam.
547 1907 856 1971 Lotharius,
890 1905 981 1976 qui
1004 1904 1179 1973 major
1209 1909 1338 1956 natu
1369 1908 1485 1956 erat
1515 1908 1570 1954 et
1597 1900 1767 1970 impe-

166 2008 295 2055 rator
322 1998 733 2071 appellabatur,
782 1994 969 2050 omnia
1019 1992 1183 2047 Italiae
1213 2007 1384 2064 regna
1420 1989 1599 2045 tenuit
1638 2005 1761 2043 cum

165 2090 269 2161 ipsa
296 2089 483 2155 Roma,
518 2102 627 2141 nec
658 2101 768 2139 non
801 2091 856 2138 et
896 2082 1248 2146 Provintiam,
1289 2087 1342 2135 et
1373 2079 1608 2133 mediam
1644 2095 1765 2150 par-

164 2187 259 2233 tem
289 2178 524 2232 Franciie
557 2177 703 2230 inter
740 2173 975 2228 Sealdim
1008 2182 1062 2226 et
1091 2171 1364 2234 Rhenum,
1398 2185 1521 2239 quae
1552 2174 1763 2222 mutato

164 2267 363 2321 nomine
384 2265 452 2320 ab
485 2280 553 2318 eo
577 2261 972 2317 denominatur
1002 2258 1373 2331 Lolliaringia.
1408 2256 1539 2310 Post
1566 2255 1763 2309 factam

164 2370 277 2427 ergo
314 2353 643 2407 divisionem
670 2349 898 2403 Karolus
925 2354 1117 2420 regnat
1137 2346 1192 2400 in
1224 2344 1449 2399 Francia
1479 2343 1640 2398 annis
1672 2342 1762 2408 3i,

168 2442 467 2497 Ludowicus
499 2440 671 2494 frater
701 2438 823 2506 ejus
853 2436 907 2489 in
943 2433 1232 2490 Germania
1266 2433 1355 2487 33.

227 2534 340 2587 845.
596 2530 661 2584 R.
705 2530 759 2583 5.
1013 2527 1069 2580 F.
1114 2526 1135 2578 1
1423 2523 1479 2577 C.
1524 2524 1610 2578 15.

226 2625 380 2692 (Heu.
432 2623 555 2693 Μ)
612 2619 942 2675 Ludowicus
993 2634 1089 2672 rex
1118 2616 1422 2671 Germaniae
1473 2615 1767 2670 Abrotidos

172 2731 199 2768 a
223 2731 275 2770 se
292 2715 524 2770 deﬁcere
545 2710 1026 2777 molientes,bello
1060 2707 1399 2780 perdomuit,
1423 2706 1608 2761 occiso
1639 2723 1767 2781 rege

174 2820 364 2870 eorum,
394 2817 703 2873 eorumque
733 2809 932 2855 terram
963 2807 1019 2854 et
1067 2798 1333 2870 p0pulum
1365 2796 1471 2852 sibi
1504 2796 1770 2851 divinitus

176 2898 503 2971 subjugatum
532 2911 640 2967 per
669 2894 839 2949 duc’es
867 2892 1160 2948 ordinavit.
1195 2890 1351 2961 Apud
1384 2889 1769 2945 Constantino-

176 2985 325 3055 polim
372 2984 603 3041 Michael
634 2990 692 3038 et
744 2981 1031 3037 Theodora
1086 2980 1361 3051 imperant
1407 2979 1570 3033 annis
1600 2980 1656 3033 11
1705 2979 1773 3013 ³⁵⁵

234 3076 348 3131 Siti.
674 3076 729 3128 6.
1052 3071 1108 3127 2.
1434 3071 1468 3122 1ι

1631 312 1981 370 (ΣΗΒΟΝΙΕΑ.

1776 446 1829 513 Α
1857 439 2072 509 aliquos
2095 440 2236 492 sacri
2261 438 2475 492 ordinis
2507 437 2574 490 ad
2614 454 2673 490 se.
2698 438 3017 504 inclinaret;
3049 456 3170 511 quae
3195 441 3260 495 ah
3286 443 3464 497 archi-

3358 314 3460 373 162

1857 527 2119 597 episcopo
2145 533 2417 597 correpta,
2442 524 2696 580 confessa
2710 532 2813 591 est,
2847 542 2904 579 se
2928 543 3024 595 per
3053 530 3461 601 suggestionem

1856 619 2141 689 cujusdam
2168 618 2463 690 presbiteri
2495 625 2741 689 quaestus
2781 634 2943 672 causa
2973 620 3077 673 hoc
3100 620 3318 676 fecisse.

1926 712 2051 765 8.19.
2292 780 2299 787 _
2376 727 2429 781 6.
2796 711 2849 763 5.
3215 715 3267 766 1t.

1928 804 2050 874 (1b.)
2071 802 2432 857 Godescalcus
2453 802 2729 857 hereticus
2756 801 3023 856 aRabano
3054 802 3466 876 archiepiscOpo

1856 894 2277 961 rationabiliter,
2314 901 2372 949 ut
2401 894 2587 948 multis
2615 894 2787 949 visum
2833 900 2936 960 est,
2970 893 3336 962 convincitur,
3368 897 3465 950 sed

1858 992 2041 1039 tamen
2078 984 2131 1038 in
2172 1001 2271 1039 suo
2310 984 2678 1054 perseveravit
2736 999 2938 1038 errore.
2997 983 3234 1041 (Transl.
3279 986 3335 1039 S.
3377 987 3467 1058 Π.)

1862 1077 2059 1130 Sancta
2111 1076 2311 1129 llelena
2344 1074 2682 1144 impcratrix,
2736 1091 2765 1128 a
2798 1074 2911 1127 filio
2969 1090 3066 1128 suo
3111 1074 3469 1132 Constantino

1860 1165 2054 1238 Magno
2083 1164 2256 1235 primo
2290 1164 2452 1231 hujus
2474 1163 2713 1217 nominis
2743 1163 3073 1233 imperatore
3102 1164 3270 1218 Rome
3295 1165 3347 1218 in
3379 1181 3469 1220 ec-

1861 1256 2028 1310 clesia
2060 1264 2378 1309 sanctorum
2425 1254 2723 1309 Marcellini
2774 1262 2825 1307 et
2881 1254 3023 1308 Petri
3085 1263 3378 1326 martyrum
3415 1257 3469 1311 in

1863 1343 2145 1397 mausoleo
2163 1358 2441 1412 purpureo
2466 1342 2701 1412 sepulta,
2730 1342 2796 1395 ad
2830 1342 3107 1396 Franciam
3142 1359 3171 1396 a
3200 1344 3471 1417 Theogiso

1864 1434 2136 1487 monacho
2167 1432 2508 1497 transfertnr,
2543 1441 2598 1487 et
2624 1432 2679 1486 in
2713 1432 2918 1487 diocesi
2963 1433 3216 1489 Remensi
3275 1452 3474 1507 magna

1860 1525 2188 1581 Francorum
2216 1526 2571 1581 veneratione
2595 1527 2865 1581 excolitur
2897 1528 2981 1581 ‘57.

1930 1616 2054 1673 850.
2351 1617 2431 1671 10.
2794 1616 2848 1671 6.
3207 1615 3263 1670 5.

1935 1706 2125 1777 ((Μειι.
2146 1704 2269 1779 [F.])
2293 1704 2482 1759 Franci
2514 1721 2544 1757 a
2580 1704 2869 1759 Boemanis
2896 1703 3071 1774 prclio
3090 1704 3325 1776 graviter
3348 1704 3476 1758 vin-

1866 1808 2083 1855 cuntur.
2116 1800 2210 1853 Cui
2236 1798 2381 1853 bello
2412 1797 2637 1868 spiritus
2666 1796 2941 1869 malignus
2966 1812 3025 1849 se
3050 1796 3341 1865 profuisse,
3374 1812 3473 1867 per

1866 1914 1928 1954 os
1959 1895 2235 1965 abreptitii
2267 1894 2490 1965 publice
2512 1898 2844 1964 protestatus
2876 1899 2979 1957 est,
3001 1899 3055 1944 et
3089 1907 3186 1961 per
3215 1907 3274 1945 se
3301 1900 3355 1946 et
3380 1908 3479 1962 per

1866 2003 1997 2042 suos
2038 1986 2239 2048 socios,
2270 1983 2496 2054 spiritus
2535 1981 2747 2036 scilicet
2772 1980 3041 2051 superbiae
3076 1987 3131 2035 ct
3160 1980 3473 2048 discordia,

1864 2091 2064 2151 egisse,
2098 2081 2155 2128 ut
2182 2072 2374 2127 Franci
2409 2080 2559 2144 terga
2589 2077 2881 2125 verterent.

1934 2165 2058 2217 851.
2347 2161 2433 2213 11.
2762 2159 2813 2212 7.
3170 2158 3222 2210 6.

1938 2253 2204 2325 Reliquize
2232 2250 2406 2305 sancti
2438 2248 2708 2303 llermctis
2749 2247 3006 2318 martyris
3034 2264 3131 2317 per
3160 2247 3476 2301 Lotharium

1867 2345 2250 2415 imperatorem
2286 2342 2339 2395 in
2395 2340 2595 2393 Gallias
2624 2340 2937 2401 mittuntur,
2983 2346 3037 2407 et
3096 2338 3241 2408 apud
3287 2337 3477 2391 lndam

1866 2437 2257 2493 monasterium
2290 2434 2593 2490 honoriﬁce
2626 2434 2955 2489 conduntur.
3002 2434 3125 2503 (ιδ.)
3172 2432 3359 2486 Fames
3389 2448 3481 2485 va-

1866 2530 1978 2583 lida
2010 2528 2357 2583 Germaniam
2384 2527 2611 2591 attrivit,
2642 2532 2699 2579 ut
2740 2526 2903 2580 etiam
2939 2533 3094 2593 pater
3118 2522 3289 2577 ﬁlium
3324 2540 3483 2576 suum

1869 2620 2135 2673 devorare
2175 2616 2437 2671 voluerit:
2471 2631 2580 2685 quo
2624 2621 2870 2683 tempore
2923 2612 3179 2666 Rabanus
3209 2610 3486 2680 archiepi-

1869 2722 2072 2775 scopus
2104 2705 2329 2758 multam
2363 2701 2702 2772 pauperibus
2740 2698 3168 2755 benivolentiam
3211 2695 3480 2750 exhibuit.

1938 2796 2062 2850 852.
2354 2792 2439 2845 19..
2803 2789 2856 2843 8.
3216 2785 3269 2839 7.

1944 2883 2067 2953 (lb.)
2100 2882 2327 2936 Karolus
2356 2895 2447 2934 rex
2489 2879 2820 2933 Francorum
2870 2872 3017 2927 ﬁlios
3047 2871 3230 2926 fratris
3283 2872 3366 2926 sui
3400 2872 3491 2925 Pi-

1872 2971 1988 3042 pini
2023 2970 2186 3044 regis,
2214 2968 2469 3038 Pipinum
2499 2976 2553 3021 et
2584 2965 2860 3026 Karolum,
2897 2977 3123 3035 regnum
3159 2959 3476 3031 inquietan-

1873 3071 1956 3119 tcs
1986 3061 2155 3133 capit,
2186 3066 2238 3114 et
2268 3059 2324 3113 in
2354 3058 2683 3113 monachum
2716 3062 2961 3111 attonsos
2996 3053 3050 3105 in
3086 3048 3482 3107 monasterium

240 3166 397 3234 (Matt.
453 3165 579 3239 [F])
647 3164 972 3220 Northmani
1033 3179 1259 3235 regnum
1318 3161 1496 3217 Karoli
1529 3160 1768 3236 graviter
1796 3130 2055 3211 Ctrudit.

178 3258 438 3327 infestant,
468 3268 524 3315 et
553 3274 738 3330 usque
770 3259 1009 3313 Parisius
1057 3257 1277 3329 navigio
1330 3256 1589 3321 veniunt;
1645 3270 1767 3309 cum

177 3349 484 3407 Fresonibus
514 3353 700 3407 tribus
730 3350 924 3421 preliis
959 3350 1287 3421 confligunt,
1322 3348 1377 3401 in
1410 3347 1586 3418 primo
1618 3346 1767 3412 victi,

175 3441 222 3495 in
247 3444 450 3500 duobus
478 3445 726 3500 victores
764 3444 1021 3498 existunt.
1059 3442 1287 3497 Karolus
1336 3457 1459 3495 cum
1509 3439 1773 3494 Brittoni-

173 3529 265 3583 bus
291 3532 579 3588 infeliciter
608 3537 819 3606 pugnat
873 3530 1197 3585 Ludovvicus
1228 3546 1320 3583 rex
1350 3526 1769 3599 quatuordecim

179 3622 327 3678 duces
350 3625 758 3703 Boemanorum
790 3639 912 3679 cum
943 3622 1058 3678 suis
1077 3621 1341 3692 baptizari
1373 3620 1518 3676 fecit.

236 3715 348 3769 847.
680 3717 739 3769 7.
1065 3715 1117 3768 3.
1444 3712 1498 3766 2.

243 3804 507 3875 (G.pont.)
538 3807 655 3861 Leo
694 3803 919 3875 quintus
947 3803 1111 3871 hujus
1141 3801 1385 3856 nominis
1430 3818 1593 3872 papa,
1664 3802 1774 3856 Ro-

183 3912 337 3953 manae
366 3900 637 3955 recelesias
662 3900 827 3953 104“8
857 3898 1119 3968 presidet.
1157 3896 1251 3951 llic
1279 3895 1546 3962 decrevit,
1568 3902 1625 3949 ut
1646 3896 1773 3949 dum

181 3987 443 4044 missarum
497 4006 664 4046 sacra
728 3990 995 4044 solemnia
1044 3988 1414 4053 celebrantur,
1472 3988 1655 4042 nullus
1714 4003 1779 4040 ex

183 4081 319 4137 laicis
342 4086 392 4139 in
422 4084 760 4156 presbiterio
805 4093 948 4138 stare
984 4084 1067 4137 vel
1094 4083 1288 4137 sedere
1311 4082 1395 4135 vel
1419 4081 1630 4153 ingredi
1660 4097 1781 4151 pre-

178 4183 356 4240 sumat,
386 4177 490 4230 nisi
521 4183 739 4232 tantum
772 4190 927 4229 sacra
958 4174 1135 4245 plebs,
1170 4189 1292 4245 quae
1316 4173 1383 4226 ad
1416 4171 1777 4226 ministratio-

1941 3247 2068 3302 853.
2396 3244 2483 3297 13.
2847 3237 2899 3295 9.
3261 3235 3313 3289 8.

1945 3342 2113 3407 (Mett.
2162 3334 2261 3409 [ΡΣ]
2320 3332 2680 3389 Northmanni
2732 3346 2830 3402 per
2887 3345 3035 3383 mare
3082 3326 3475 3381 Brittannicum

1872 3433 2009 3489 ostia
2041 3428 2245 3503 Ligeris
2277 3426 2532 3501 ingrcssi.
2566 3425 2757 3479 urbem
2815 3423 3134 3476 Namnetem
3194 3419 3482 3485 invadunt,

1873 3523 2192 3593 apisc0pum
2223 3517 2490 3572 sabbatho
2528 3521 2718 3569 sancto
2760 3514 2978 3584 paschae
3031 3511 3363 3581 baptismum
3397 3523 3488 3562 ce-

1872 3614 2179 3668 lebrantem
2221 3609 2516 3673 trucidant,
2547 3607 2754 3661 clerum
2788 3613 2841 3659 et
2874 3603 3139 3674 populum
3183 3600 3487 3671 perimunt,

1876 3704 2009 3759 Inde
2034 3700 2360 3774 Andegavis,‘
2380 3695 2833 3752 deindeTuronis
2858 3701 3154 3763 occupant,
3186 3699 3239 3746 et
3259 3699 3317 3747 ut
3342 3699 3451 3745 tem
3470 3720 3484 3730 -

1878 3805 2061 3869 pestas
2089 3792 2275 3847 omnia
2301 3791 2547 3853 diruunt,
2582 3788 2847 3856 templum
2872 3786 3035 3839 etiam
3069 3784 3243 3838 sancti
3271 3782 3488 3837 Martini

1881 3889 2209 3949 incendunt.

1951 3985 2077 4039 851.
2406 3976 2489 4030 14.
2821 3970 2907 4025 10.
3234 3967 3287 4019 9.

1954 4079 2031 4147 (u.
2061 4077 2194 4145 pont
2224 4072 2239 4143 )
2283 4069 2607 4122 Hincmarus
2629 4063 2926 4117 Remorum
2959 4056 3411 4127 arcliiepiscOpus
3441 4055 3497 4109 in

1885 4168 2107 4223 Francia
2162 4166 2349 4227 claret,
2391 4158 2487 4231 qui
2540 4157 2704 4210 vitam
2745 4152 2919 4207 sancti
2973 4148 3206 4221 Remigii
3253 4146 3494 4218 scripsit.

188 4278 298 4318 nem
347 4269 483 4324 sacri
524 4266 699 4324 ofﬁcii
742 4266 1038 4322 constituta
1085 4274 1186 4319 est.
1230 4263 1479 4319 Decrevit
1507 4263 1691 4328 etiam,
1725 4268 1783 4316 ut
1885 4262 2211 4319 Benedictus
2245 4258 2402 4313 103118
2449 4256 2705 4308 Romanae
2761 4245 3023 4302 aacclesias
3078 4241 3340 4313 presidet.
3390 4243 3501 4297 Hoc

189 4363 373 4412 octava
405 4357 810 4428 assumptionis
840 4366 1044 4412 sanctzu
1077 4355 1256 4409 Mariae
1308 4354 1361 4407 in
1394 4353 1643 4409 tecelesna
1677 4352 1784 4407 Ro-
1885 4348 2293 4421 conspiratione
2353 4341 2716 4416 quorumdam
2781 4335 3145 4406 malignorum
3219 4329 3498 4398 deposito,

187 4464 329 4506 mana
347 4419 726 4519 celebrentur,
758 4452 907 4524 quod
937 4458 1062 4506 ante
1090 4466 1199 4505 non
1233 4449 1418 4504 ﬁebat.
1803 4495 1859 4524 ἢ
1887 4419 2199 4498 Anastasius
2223 4437 2560 4511 presulatum
2602 4430 2828 4485 invadit.
2864 4427 2968 4481 Sed
3000 4426 3173 4524 if
3200 4419 3321 4495 [F.l)
3356 4423 3504 4520 Ana-

248 4541 362 4599 848.
692 4495 793 4597 ἐ.Ὶ
1110 4543 1164 4595 4.
1526 4538 1580 4592 3.
2156 4495 2354 4603 legatis
2411 4519 2758 4593 imperatoris
2822 4513 3060 4570 Lotharii
3088 4512 3304 4580 dejecto
3346 4517 3400 4564 et
3447 4510 3503 4563 in

250 4634 493 4691 Rabanus
539 4638 719 4692 abbas
775 4633 1084 4699 Fuldensis,
1140 4634 1428 4690 ordinatus
1492 4631 1786 4703 magunum
1889 4634 2107 4676 carcere
2185 4599 2357 4681 truso,
2416 4609 2747 4665 Benedictus
2823 4600 3129 4698 honoriﬁce
3188 4599 3502 4697 .relocatur.

189 4722 640 4798 archiepiscopus,
712 4723 988 4779 celebrata
1040 4722 1252 4793 synodo
1304 4686 1613 4793 Moguntia:
1631 4719 1786 4788 jussu
1890 4702 2247 4763 Northmanni
2278 4701 2372 4773 qui
2403 4715 2502 4770 per
2529 4696 2601 4750 20
2632 4709 2806 4749 annos
2835 4688 3115 4746 Franciam
3144 4686 3312 4786 nimis
3342 4692 3504 4741 attri-

192 4804 444 4865 Ludowici
502 4775 679 4887 ifegis,
734 4812 904 4866 multa
970 4779 1237 4867 {ecclesiae
1310 4775 1467 4864 utilia
1522 4775 1782 4863 decrevit.
1888 4793 2188 4861 νεΐῖίῐιινίῐι
2219 4789 2448 4862 Patriam
2487 4801 2641 4840 suam
2698 4780 2927 4846 PCVCPSi,
2975 4776 3234 4833 ίηῐθδῑίηο
3268 4775 3413 4829 imor
3443 4790 3505 4829 se

2324 4881 2336 4887 -
2373 4879 2383 4887 ι
2625 4875 2636 4885 ι
2859 4872 2869 4887 I
2915 4872 2924 4887 |
3012 4877 3020 4887 ι
3084 4886 3091 4887 κ
3159 4875 3210 4887 --ι
3264 4868 3316 4887 J-
3355 4866 3499 4887 ..-υἷ-

191 4896 472 4973 (Mett.[F.];
494 4866 755 4966 Quaedam
774 4899 1344 4972 pseudoprOphetissa
1370 4898 1561 4953 dicens
1583 4895 1788 4950 instare
1888 4889 2035 4944 bello
2067 4900 2241 4956 usque
2273 4881 2341 4936 ad
2372 4875 2808 4933 internecionem
2840 4872 3117 4937 delentur,
3159 4875 3216 4922 ut
3254 4868 3321 4923 de
3355 4866 3506 4940 regia
3576 4904 3583 4914 .

191 4980 318 5038 diem
629 4958 965 5062 Mogtintiam
997 4958 1363 5051 sollicitabat,
1405 4986 1480 5040 ita
1522 4993 1583 5039 ut
1624 4984 1786 5038 etiam
1891 4995 2081 5036 eorum
2122 4976 2290 5047 stirpe
2312 4972 2498 5027 nullus
2526 4967 2633 5022 nisi
2654 4982 2797 5021 unus
2838 4978 2973 5035 puer
2995 4966 3303 5017 remaneret
3332 4958 3501 5031 (179).

1535 5086 1756 5141 VARIIE
1784 5082 2154 5151 LECTlONES.

261 5186 322 5221 ¹⁸⁸
341 5187 408 5244 Μ.
432 5191 492 5245 Β.
522 5207 578 5247 o.
602 5191 798 5247 desunt
822 5191 883 5247 Ι).
962 5189 1031 5227 ¹⁸⁶
1067 5192 1252 5248 Primo
1282 5192 1345 5245 in
1384 5190 1435 5245 1.
1463 5189 1574 5256 fuit
1604 5184 1726 5241 Xlll
1767 5202 1859 5241 seu
1905 5181 2160 5239 Xllllscd
2182 5181 2304 5250 jam
2345 5175 2587 5231 radendo
2631 5176 2689 5227 in
2708 5171 2774 5225 X1
2828 5172 3095 5224 mutatum
3142 5171 3237 5221 est.
3271 5164 3415 5218 Xllll
3439 5164 3498 5216 A.

201 5254 256 5289 157
286 5262 440 5289 mn...
492 5278 692 5289 ...........
731 5266 787 5289 Α...
821 5278 1018 5289 -..........
1065 5266 1284 5289 -.Μυκη-ι
1314 5262 1406 5289 ω...
1488 5275 1585 5289 ιη...
1650 5261 1819 5289 imm.
1841 5275 1853 5287 .
1889 5255 2166 5289 ηηίιιηηλιν.
2197 5252 2386 5289 (umn-
2423 5245 2702 5289 rnnnndila
2736 5243 2790 5289 in
2818 5240 3052 5289 cenobio
3075 5239 3131 5289 S.
3161 5236 3324 5289 Petri.
3355 5230 3498 5289 quod

286 5262 443 5314 totum
488 5278 695 5317 annum
730 5266 790 5317 in
820 5278 1020 5318 rasura
1062 5230 1285 5332 scripsit
1463 5230 1601 5313 'cur.
1649 5230 1859 5332 tertiis;
1888 5230 2387 5332 quibusinjgzddit:
2423 5245 2705 5303 recondita
2736 5243 2791 5297 in
2818 5240 3052 5297 cenobio
3075 5239 3131 5295 S.
3161 5236 3324 5303 Petri,
3355 5230 3504 5305 quod

199 5324 357 5383 Altum
383 5331 582 5404 Vyleyr
611 5333 831 5389 diciter.
858 5336 1064 5389 Horum
1101 5322 1215 5388 loco
1244 5334 1304 5387 A.
1333 5322 1455 5401 post
1484 5330 1692 5403 diocesi
1723 5322 1915 5383 addit?
1947 5328 2002 5380 in
2032 5322 2318 5379 Altudlari.

1733 5428 1943 5485 NOT/E.

264 5530 399 5615 (179)
437 5537 496 5615 l_n
524 5539 683 5615 nullo
712 5555 878 5611 quem
914 5539 1231 5615 noverimus
1281 5536 1553 5615 Sigeberti
1605 5535 1796 5591 codice

207 5609 424 5692 genuit
448 5609 601 5692 locus
633 5608 878 5691 famosus
911 5611 979 5664 de
1026 5610 1277 5692 ilobanna
1314 5608 1574 5692 .papiss‘a,
1629 5622 1796 5692 quem

210 5666 299 5746 hoc
326 5673 439 5731 loco
466 5681 641 5736 editio
671 5682 931 5752 princeps
958 5682 1196 5752 exhibet.
1230 5666 1797 5752 Qui'nisiab'ed'itore

212 5752 425 5802 msertus
471 5761 576 5819 est,
635 5747 786 5824 quod
846 5747 1133 5817 addubito,
1176 5768 1207 5806 a
1261 5750 1533 5804 monacho
1576 5747 1795 5803 Votensi

1898 5532 2171 5603 originem
2196 5530 2422 5603 traxisse
2443 5532 2695 5603 οροῐζςθιςΔ
2719 5532 2773 5580 at
2796 5521 2988 5603 codice
3014 5517 3124 5574 E8h
3137 5512 3505 5603 .‘ja‘mdepc-i:

1899 5587 2037 5669 dati,
2096 5601 2234 5656 certi
2264 5617 2329 5655 ea
2360 5601 2426 5655 de
2459 5587 2517 5652 re
2548 5598 2624 5669 nil
2678 5587 2799 5669 jam
2823 5593 3109 5669 habemus.
3141 5587 3505 5669 Yidesisqua?

1900 5658 2043 5728 infra
2072 5674 2139 5727 ad
2169 5671 2475 5726 Auctarium
2504 5658 2936 5737 Ursica'mpinum
2960 5658 3160 5713 dicturi
3189 5658 3396 5710 sumus:
