3894 6220
400 359 505 415 163

459 492 584 547 855.

457 580 579 651 (1b.)
610 579 993 646 Terriemotus,
1047 582 1186 635 aeris
1217 581 1437 638 iusolita
1474 585 1792 653 commotio,
1820 585 1994 640 turbi-

385 684 500 725 nes.
537 676 913 738 tempestates,
946 670 1264 743 grandines,
1308 672 1556 740 fulmiua,
1598 674 1767 729 multa
1813 675 1997 730 multis

384 764 565 819 modis
626 763 974 818 incommoda
1032 765 1350 822 hominibus
1420 768 1678 824 inferunt.
1765 770 1992 833 Quidam

385 858 547 913 etiam
581 857 746 910 homo
772 855 897 927 igne
914 856 1116 910 cmlesti
1151 866 1511 929 consumptus
1542 866 1642 926 est,
1667 868 1818 915 voste
1838 861 1994 915 illesa

382 951 660 1001 manente.
699 942 823 1014 (Ιὸ.)
855 943 1141 998 Lotharius
1180 943 1481 1016 imperator
1507 949 1706 1017 partito
1746 948 1892 1004 inter
1922 948 1991 1001 ti-

382 1042 487 1098 lios
516 1055 686 1114 regno
712 1040 1062 1094 abrenuntiat
1087 1041 1311 1107 szeculo,
1350 1050 1404 1097 et
1448 1043 1503 1097 in
1534 1043 1752 1099 Prumia
1793 1060 1992 1099 mona-

380 1131 549 1186 sterio
577 1128 766 1183 habitu
799 1129 1053 1184 monachi
1076 1137 1354 1200 suscepto,
1375 1148 1486 1187 non
1516 1133 1685 1188 multo
1712 1142 1837 1204 post
1859 1134 1990 1188 dor-

382 1220 535 1275 mivit
563 1220 618 1273 in
658 1219 907 1274 Domino.
942 1218 1289 1287 Ludowicus,
1315 1219 1459 1275 filius
1489 1223 1629 1291 ejus,
1653 1223 1781 1278 olim
1814 1240 1845 1279 a
1866 1225 1991 1279 Sar-

380 1316 472 1389 gio
509 1330 649 1385 papa
682 1313 738 1367 in
778 1329 965 1388 regem
1000 1322 1219 1381 unctus,
1261 1315 1496 1387 imperat
1538 1318 1699 1371 annis
1742 1319 1824 1375 15.
1887 1319 1989 1376 Lo-

378 1402 589 1457 tharius
618 1417 746 1456 vero
780 1401 943 1456 frater
972 1404 1093 1470 ejus
1126 1403 1533 1478 Lotharingiaut
1564 1412 1716 1461 tenet
1748 1408 1832 1460 “‘3.

379 1491 506 1545 856.
869 1492 917 1546 1.
1279 1492 1364 1545 12.
1733 1496 1816 1549 11.

447 1580 568 1649 (1b.)
615 1577 872 1633 Rabanus
902 1579 1137 1652 egregiae
1178 1578 1302 1633 vitae
1333 1587 1387 1635 et
1419 1580 1668 1635 scientiae
1707 1582 1985 1653 archiepi-

374 1683 575 1738 scopus
645 1667 801 1721 Obiit.
879 1666 1229 1738 Maginradus
1294 1668 1525 1724 eremita
1597 1670 1980 1738 martirizatur,

376 1761 518 1832 (MAR
545 1763 564 1828 )
596 1759 751 1829 Apud
793 1758 1322 1831 Constantinopolim
1366 1760 1593 1817 Michael
1626 1762 1778 1818 solus
1809 1763 1983 1834 impe-

374 1857 455 1905 rat
474 1849 633 1904 annis
662 1848 730 1902 12
758 1848 843 1901 ‘59.

370 1938 493 1994 857.
854 1936 905 1991 2.
1270 1939 1358 1992 13.
1724 1942 1807 1997 12.

440 2029 528 2101 (G.
559 2033 688 2099 pont
714 2032 733 2096 )
762 2028 1056 2083 Nicholaus
1085 2029 1248 2083 106ιιε
1278 2029 1538 2085 Romana:
1571 2032 1835 2088 {ecclesiae
1858 2050 1987 2105 pre-

367 2120 542 2187 sidet;
567 2122 724 2192 cujus
747 2120 1150 2176 ordinationem
1184 2121 1508 2178 Ludowicus
1548 2124 1851 2195 imperator
1884 2142 1986 2181 sua

368 2214 646 2284 presentia
674 2212 971 2269 roboravit.
1012 2212 1180 2282 (Matt.
1240 2212 1369 2286 [F.])
1420 2215 1658 2271 Coloniae
1690 2223 1808 2272 orta
1843 2224 1983 2273 tem-

367 2312 602 2377 pestate,
626 2304 832 2376 papulo
857 2305 911 2358 in
928 2303 1210 2359 basilicam
1228 2306 1403 2361 sanoti
1435 2306 1577 2361 Petri
1597 2308 1975 2383 confugiente,

308 2378 319 2389 ’
364 2391 572 2447 fulmen
602 2391 785 2446 subito
818 2390 988 2444 instar
1034 2390 1182 2465 ignei
1213 2391 1471 2448 draconis
1500 2378 1795 2450 basilicam
1816 2396 1978 2450 scidit

361 2500 426 2539 ac
456 2483 783 2555 penetravit,
803 2489 857 2536 et
878 2490 989 2536 tres
1014 2482 1267 2538 homines
1299 2484 1532 2540 diversis
1562 2487 1786 2557 quidem
1819 2488 1975 2555 locis,

360 2572 457 2628 sed
474 2588 585 2628 uno
615 2573 726 2627 ictu
752 2573 807 2627 in
850 2582 1080 2629 mortem
1112 2574 1315 2645 dejecit
1367 2576 1515 2634 Alios
1545 2578 1712 2633 etiam
1743 2595 1839 2634 sex
1885 2594 1978 2636 co-

362 2664 488 2720 dem
521 2660 729 2737 impetu
760 2667 1056 2724 semivivos
1087 2669 1328 2741 reliquit.

432 2754 557 2809 858.
917 2756 967 2809 3.
1304 2760 1365 2813 14
1746 2761 1800 2816 2.

433 2844 557 2915 (ιὸ.)
603 2844 790 2899 Franci
809 2860 976 2915 super
995 2846 1319 2903 credulitate
1341 2849 1519 2905 Karoli
1544 2851 1690 2925 regis
1715 2851 1800 2905 sui
1824 2853 1970 2923 apud

360 2934 710 2990 Ludowicum
750 2936 969 2992 fratrem
1019 2938 1139 3007 ejus
1193 2940 1565 3009 expostulant,
1609 2949 1664 2997 et
1718 2959 1843 2998 eum
1903 2946 1971 3000 ad

361 3025 703 3100 regnandum
726 3043 894 3098 super
932 3044 990 3083 se
1018 3035 1209 3084 contra
1237 3029 1491 3086 Karolum
1526 3032 1780 3088 invitant.
1816 3034 1970 3099 Quod

358 3117 451 3172 ille
482 3117 800 3173 inconsultu
832 3135 1143 3194 aggressus,
1164 3120 1399 3192 turpiter
1426 3122 1623 3178 alienis
1644 3127 1880 3182 excessit
1910 3127 1972 3182 fi-

357 3208 523 3264 nibus
566 3209 772 3281 (Ib.)ln
807 3211 1067 3280 parochia
1095 3211 1417 3284 Moguntina
1472 3214 1751 3290 malignus
1801 3219 1969 3289 Spiri-

355 3305 441 3354 tus
468 3300 697 3355 evidens
720 3301 979 3372 nequitize
998 3318 1111 3356 suae
1137 3302 1404 3358 indicium
1431 3304 1601 3360 dedit.
1632 3307 1762 3362 Nam
1788 3310 1966 3380 primo

353 3390 569 3461 lapides
589 3391 873 3462 jaciendo,
903 3400 959 3447 et
985 3393 1226 3464 parietes
1251 3393 1539 3451 domorum
1567 3398 1723 3469 quasi
1753 3400 1968 3456 malleis

354 3481 643 3550 pulsando,
674 3482 804 3537 inde
834 3482 1123 3538 manifeste
1140 3483 1443 3557 loquendo,
1478 3485 1619 3542 furta
1640 3489 1805 3545 etiam
1840 3506 1968 3561 pro-

353 3576 562 3643 dendo,
589 3576 899 3632 discordias
920 3577 1065 3633 inter
1090 3578 1302 3635 vicinos
1331 3581 1680 3652 seminando,
1711 3585 1967 3642 homines

350 3664 714 3735 inquietabat.
757 3665 1004 3738 Denique
1043 3668 1258 3723 animos
1293 3670 1540 3725 omnium
1572 3680 1764 3728 contra
1792 3690 1961 3730 unum

348 3755 626 3812 hominem
652 3757 970 3824 commovit,
1021 3759 1177 3829 quasi
1210 3775 1312 3830 pro
1340 3760 1457 3829 ejus
1504 3763 1745 3833 peccatis
1780 3766 1963 3821 caeteri

347 3848 475 3904 talia
505 3856 840 3920 paterentur.
878 3848 1042 3917 Cujus
1086 3850 1273 3927 fruges
1303 3853 1358 3907 in
1390 3870 1560 3909 unum
1613 3864 1964 3914 coacervatas

347 3936 623 4004 incendit;
657 3938 751 4011 qui
774 3938 1094 4011 ubicunque
1127 3940 1404 4010 intrasset,
1436 3943 1617 3999 statim
1639 3944 1837 4001 domus
1867 3946 1962 4002 illa

347 4030 698 4093 exurebatur,
742 4037 803 4086 ut
840 4032 951 4101 jam
998 4031 1050 4086 ei
1080 4031 1188 4086 nisi
1220 4033 1274 4087 in
1315 4034 1463 4105 agris
1498 4035 1651 4091 locus
1696 4038 1957 4094 manendi

346 4119 531 4175 nullus
570 4128 738 4176 esset.
781 4121 1013 4193 PrOpter
1041 4122 1146 4178 hoc
1184 4123 1508 4193 presbiteris
1550 4125 1753 4182 letania
1782 4145 1955 4201 agen-

341 4207 490 4262 tibus
540 4216 597 4264 et
625 4209 975 4265 benedictam
1017 4227 1212 4282 aquam
1245 4213 1653 4285 spargentibus,
1699 4215 1957 4274 inimicus

345 4298 533 4354 multis
565 4299 782 4370 lapides
802 4299 1063 4369 jaciendo
1092 4302 1412 4370 cruentatis,
1454 4304 1674 4360 tandem
1706 4306 1955 4379 aliquan-

736 491 795 546 R.
841 491 927 548 15.
1150 493 1203 551 F.
1248 496 1331 551 11.
1621 496 1657 552 C
1722 499 1807 553 10.

346 4390 441 4445 diu
469 4390 698 4463 quievit.
728 4390 1057 4446 Presbiteris
1100 4393 1508 4463 recedentibus,
1556 4396 1815 4454 inimicus
1843 4398 1952 4454 ﬂe-

1606 365 1947 421 SIGEBERTI
1997 368 2506 429 GEMBLACENSIS.

3619 389 3747 444 164

2026 506 2075 573 Α
2100 503 2341 560 studium
2368 506 2741 581 Moguntinam
2778 510 3082 568 aecclesiam
3116 514 3430 574 illustravit.
3463 518 3743 575 Ludowi-

2097 608 2194 647 cus
2232 609 2325 648 rex
2386 596 2690 654 Germaniae
2748 600 2983 671 plurima
3027 604 3202 674 prelia
3247 613 3438 663 contra
3491 608 3742 664 Sclavos

2095 689 2317 738 strenue
2344 685 2542 760 gessit;
2571 693 2623 741 et
2645 698 2804 759 capto
2838 691 3089 764 principe
3147 710 3335 750 eorum
3372 697 3588 751 Bastrix
3618 714 3737 753 no-

2094 773 2243 829 mine
2288 784 2512 847 prOpter
2540 778 2799 835 violatam
2833 781 2996 839 fidem
3043 787 3234 843 oculos
3292 804 3489 843 eruere
3526 789 3732 857 jussit.

2094 864 2217 935 (1b.)
2266 865 2617 937 Principibus
2644 869 2823 926 Karoli
2866 875 3012 949 regis
3062 875 3207 931 inter
3251 892 3310 932 se
3340 877 3736 932 discordanti-

2093 954 2213 1023 bus,
2250 958 2518 1014 Brittones
2554 961 2871 1019 destitutam
2904 967 3111 1024 auxilio
3134 974 3332 1024 terram
3358 970 3727 1035 invadentes,

2092 1060 2270 1117 usque
2290 1047 2519 1105 Pictavis
2539 1050 2723 1106 omnia
2744 1055 3011 1110 vastando
3033 1057 3437 1125 veniunt.Quos
3465 1062 3728 1116 redeun-

2090 1140 2173 1187 tes
2212 1150 2301 1188 rex
2345 1135 2570 1192 Karolus
2599 1147 2945 1208 prosecutus,
3004 1144 3341 1201 Britanniam
3402 1147 3601 1215 intrat,
3660 1156 3728 1203 et

2092 1236 2275 1294 pugna
2305 1234 2556 1280 conserta
2588 1226 2776 1283 Franci
2808 1230 3124 1301 vincuntur,
3155 1234 3429 1291 Brittones
3464 1237 3522 1291 in
3553 1237 3723 1293 cazde

2088 1326 2281 1368 eorum
2311 1324 2631 1390 grassantur
2664 1320 2839 1391 (480.)

2157 1403 2281 1459 860.
2642 1409 2695 1464 5.
3062 1415 3149 1468 16.
3512 1420 3569 1473 4.

2080 1550 2085 1561 η
2158 1490 2283 1563 (1b.)
2338 1493 2654 1550 Numeneus
2685 1514 2778 1552 rex
2811 1500 3114 1557 Brittonum
3163 1504 3291 1559 dum
3352 1507 3585 1563 instaret
3611 1525 3715 1562 re-

2084 1597 2251 1655 gnum
2298 1584 2623 1642 Francorum
2679 1590 3027 1662 depopulari,
3070 1594 3247 1649 visum
3281 1604 3367 1651 est
3396 1597 3718 1655 eiasistere

2083 1669 2190 1723 sibi
2230 1681 2478 1727 sanctum
2497 1674 2904 1745 Maurilionem,
2938 1682 3349 1754 Andegavensis
3384 1685 3543 1741 urbis
3570 1688 3714 1742 olim

2088 1758 2441 1831 episcopum;
2480 1779 2510 1816 a
2538 1781 2649 1835 quo
2680 1767 2736 1821 in
2767 1768 2947 1840 capite
2983 1770 3183 1825 baculo
3215 1789 3534 1844 percussus,
3568 1776 3715 1830 iram

2004 1826 2057 1895 Β
2088 1826 2180 1905 Diei
2215 1826 2389 1907 morte
2413 1826 2686 1924 persensit
2721 1826 2889 1931 (l8f).
2932 1861 3165 1930 (Wmux.
3199 1826 3236 1931 ιζ

2087 1955 2220 2011 pore
2256 1941 2537 1999 Leutulfus
2566 1946 2675 2000 dux
2733 1948 3031 2016 Saxonum,
3067 1959 3223 2022 pater
3267 1953 3483 2009 Ottonis
3513 1956 3711 2021 ducis,

2086 2048 2220 2087 avus
2245 2041 2425 2090 autem
2460 2036 2698 2094 Heinrici
2728 2041 2894 2115 regis,
2934 2058 3135 2114 corpus
3173 2046 3347 2100 sancti
3380 2046 3711 2104 Innocentii

2086 2137 2242 2194 papae
2272 2138 2304 2177 a
2334 2124 2505 2180 Roma
2528 2126 2583 2181 in
2607 2127 2898 2184 Saxoniam
2932 2132 3209 2188 transtulit
3236 2133 3407 2207 (182).

2151 2230 2275 2286 861.
2634 2237 2688 2291 6.
3018 2241 3104 2296 17.
3483 2246 3539 2298 5.

2153 2237 2321 2388 (gift.
2348 2319 2410 2394 [R
2440 2320 2480 2394 J)
2508 2237 2827 2396 Herigpous,
2860 2241 3327 2399 ﬁliusigumenei,
3366 2349 3462 2388 rex
3483 2246 3713 2392 5Britto-

2080 2420 2233 2475 num,
2263 2408 2456 2465 Karolo
2480 2412 2591 2484 regi
2619 2413 3032 2486 confederatur,
3064 2426 3118 2475 et
3138 2427 3462 2477 muneratus
3494 2424 3620 2493 ejus
3641 2442 3711 2481 se

2079 2500 2443 2557 dominationi
2466 2503 2671 2561 subdit.

2147 2605 2272 2659 862.
2635 2611 2687 2665 7.
3051 2616 3137 2672 18.
3467 2621 3524 2675 6.

2148 2695 2347 2766 (Fuld.)
2410 2697 2702 2755 Lotharius
2775 2719 2869 2757 rex
2908 2703 3285 2782 Lotharingiaa
3333 2709 3708 2767 Waldradam

2076 2785 2332 2855 pellicem
2371 2791 2753 2860 superducens
2790 2795 3013 2868 conjugi
3044 2813 3159 2853 suae
3190 2799 3525 2873 Tietbergae,
3560 2820 3707 2859 con-

2074 2878 2446 2935 sentientibus
2513 2882 2620 2937 sibi
2671 2886 3106 2960 archiepiscopis
3161 2890 3462 2950 Gunthario
3544 2895 3709 2952 Colo-

2073 2968 2251 3025 niensi
2278 2980 2333 3026 et
2356 2970 2660 3045 Tietgaudo
2682 2976 3020 3049 Trevicensi,
3049 2996 3303 3056 magnam
3330 2984 3437 3040 sibi
3459 2985 3708 3042 calami-

1992 3095 2041 3161 C
2071 3070 2237 3120 tatem
2263 3068 2492 3137 paravit.

2139 3175 2266 3232 863.
2629 3181 2682 3237 8.
3044 3184 3133 3241 19.
3497 3189 3553 3246 7.

2140 3268 2334 3341 (Μειι.)
2365 3268 2494 3344 [R.])
2527 3272 2838 3348 Hugbertus
2883 3274 3053 3331 abbas
3082 3286 3139 3332 et
3175 3277 3306 3346 dux,
3338 3277 3512 3335 frater
3537 3282 3695 3339 Tict-

2068 3357 2253 3432 bergze
2285 3361 2511 3435 reginaa,
2568 3378 2665 3432 pro
2698 3365 2930 3435 repudio
2968 3367 3177 3422 sororis
3205 3383 3320 3423 sum
3353 3378 3547 3426 contra
3579 3372 3704 3428 Lo-

2068 3451 2303 3506 tharium
2337 3452 2592 3530 insurgit.
2624 3456 2958 3513 Guntharius
3009 3467 3065 3514 et
3114 3459 3448 3533 Tietgaudus
3485 3466 3691 3520 archi-

2067 3543 2312 3616 episcOpi
2366 3545 2550 3601 Romae
2579 3564 2609 3602 a
2635 3564 2777 3619 papa
2830 3550 3092 3607 Nicholao
3124 3567 3223 3622 pro
3265 3553 3543 3610 adulterio
3578 3556 3693 3613 Lo-

2067 3635 2227 3690 tharii
2260 3638 2405 3712 regis
2434 3639 2751 3703 examinati,
2793 3656 2915 3696 cum
2957 3650 3013 3697 et
3050 3642 3163 3697 suis
3192 3645 3557 3715 synodalibus
3593 3667 3699 3725 ge-

2065 3725 2182 3792 stis,
2213 3741 2336 3797 qute
2354 3726 2742 3797 praeferebant,
2771 3736 2826 3786 et
2844 3746 2945 3786 suo
2967 3732 3131 3786 etiam
3162 3748 3259 3789 ore
3274 3735 3512 3791 convicti
3546 3736 3699 3794 fuis-

2064 3821 2206 3881 sent,
2240 3815 2563 3887 episcopatu
2595 3824 2649 3872 et
2676 3819 2848 3874 sacris
2902 3820 3166 3894 gradibus
3203 3822 3516 3879 exordinati
3555 3842 3697 3883 ana-

2062 3903 2397 3959 thematizati
2443 3912 2591 3972 sunt,
2641 3907 2836 3980 eisque
2863 3915 3076 3966 tantum
3109 3910 3317 3967 laicalis
3353 3917 3689 3972 communio

2061 4009 2324 4051 concessa
2349 4003 2453 4053 est.

2242 4151 2255 4164 .
2543 4114 2599 4168 9.
2885 4114 2975 4169 20.
3263 4114 3316 4170 8.

2242 4151 2255 4164 .
2585 4153 2599 4167 .
2922 4114 2975 4169 0.
3303 4157 3316 4170 .

2129 4110 2254 4272 (83:)
2312 4112 2796 4259 Excomrgunicata
2848 4112 3027 4274 pilice
3082 4114 3377 4261 Waldrida
3403 4223 3435 4262 a
3491 4206 3688 4285 legato

2056 4289 2383 4359 apostolico,
2415 4289 2616 4345 videns
2658 4290 2945 4346 Lotharius
2984 4307 3075 4346 rex
3127 4292 3296 4347 etiam
3323 4294 3429 4349 sibi
3459 4310 3689 4353 excom-

2055 4377 2485 4433 municationem
2518 4378 2800 4446 intentari,
2843 4378 3186 4455 Tietbergam
3242 4396 3466 4438 uxorem
3514 4401 3684 4443 nece-

336 4461 523 4535 bilite'r
553 4479 803 4543 ululans,
827 4480 1046 4536 tandem
1070 4480 1440 4552 presbiterum
1463 4461 1738 4556 quendam
1772 4488 1950 4543 nomi-

2061 4469 2152 4541 pit.
2187 4470 2294 4525 Sed
2324 4470 2379 4524 id
2410 4486 2521 4527 non
2542 4470 2772 4525 multum
2802 4471 3025 4542 profuit,
3045 4472 3173 4544 quia
3203 4488 3314 4529 non
3341 4475 3517 4531 multo
3549 4488 3683 4548 post

339 4569 510 4623 natim
543 4569 880 4640 exprimens,
911 4585 992 4633 se,
1034 4570 1257 4641 quando
1287 4588 1429 4644 aqua
1468 4572 1761 4630 benedicta
1792 4592 1953 4647 spar-

2054 4578 2120 4616 ea
2172 4561 2463 4632 repudiata
2504 4561 2739 4631 pelicem
2780 4562 3006 4633 recepit,
3049 4578 3152 4620 nec
3194 4564 3333 4620 ultra
3384 4566 3500 4622 ullo
3548 4584 3678 4625 cor-

335 4654 591 4727 gebatur,
626 4657 729 4712 sub
759 4673 934 4729 cappa
954 4658 1102 4713 illius
1124 4660 1281 4731 quasi
1304 4659 1588 4717 familiaris
1614 4662 1699 4717 sui
1725 4664 1950 4719 latuisse

2061 4650 2324 4720 reptionis
2363 4652 2527 4707 modo
2555 4651 2623 4706 ab
2638 4667 2702 4706 ea
2734 4653 2978 4723 separari
3012 4654 3207 4723 potuit.

335 4745 621 4816 professus
650 4754 766 4814 est;
800 4765 1064 4806 accusans
1102 4768 1229 4807 eum
1266 4768 1390 4807 cum
1422 4752 1532 4808 filia
1577 4755 1950 4824 procuratoris

334 4835 727 4892 concubuisse.
758 4837 849 4892 Sic
879 4855 981 4909 per
1027 4838 1328 4895 triennium
1360 4841 1580 4908 institit,
1631 4841 1811 4898 donec
1836 4841 1946 4897 ibi-

334 4925 459 4979 dem
484 4934 683 4981 cuncta
713 4927 946 4985 aediﬁcia
964 4929 1225 4988 incendio
1248 4938 1622 4988 consumeret.

408 5019 532 5077 859.
899 5024 950 5078 4.
1277 5026 1365 5080 15.
1726 5024 1779 5082 3.

2120 4757 2337 4915 (flium,
2368 4759 2679 4918 Marti/irai.)
2717 4760 2973 4918 Corpori1
2983 4763 3346 4906 sanctornmg.
3363 4862 3673 4927 martyrum

2048 4936 2270 4991 Eusebii
2299 4944 2353 4992 et
2390 4937 2643 4993 Pontiani
2671 4938 2819 4994 dono
2849 4939 3093 4997 Nicholai
3140 4957 3297 5013 papm
3338 4943 3407 4998 ad
3468 4945 3675 5003 Gallias

2048 5027 2328 5092 translata,
2384 5029 2438 5083 in
2476 5029 2826 5085 monasteriis
2879 5039 3009 5086 voto
3048 5031 3434 5104 religiosorum
3475 5046 3672 5094 sancto

400 5108 520 5181 (1b.)
553 5110 763 5167 Probus
794 5111 1067 5183 presbiter
1095 5113 1257 5182 obiit,
1319 5112 1478 5183 cujus
1507 5112 1855 5169 conversatio
1892 5122 1947 5171 et
2047 5116 2206 5172 Petro
2235 5117 2449 5172 collatis
2471 5117 2773 5175 honorifice
2798 5118 3160 5175 tumulantur.
3191 5121 3359 5192 (Matt.
3393 5120 3522 5197 [B.])
3554 5125 3671 5182 Rex

1676 5251 1898 5308 VARUE
1926 5254 2197 5311 LECTION
2205 5255 2303 5312 ES.
3187 5330 3191 5333 Α

401 5354 548 5433 “fit,
604 5356 694 5415 hic
721 5356 937 5415 exhibet
964 5355 1157 5413 verba:
1194 5354 1305 5412 Hoc
1348 5361 1385 5411 t.
1438 5372 1488 5411 c.
1529 5353 1812 5433 Remigius
1863 5360 1904 5417 i.
1951 5377 2023 5417 m.
2074 5377 2125 5419 e.
2177 5378 2223 5420 s.
2275 5379 2331 5419 η.
2382 5378 2451 5418 ear
2492 5380 2545 5419 α.
2578 5363 2705 5432 895,
2737 5365 2838 5420 ubi
2865 5379 2926 5421 ea
2971 5369 3189 5423 omittit.
3278 5369 3346 5404 “9
3376 5368 3493 5423 Xlll
3534 5367 3665 5425 C2".

324 5426 377 5484 3.
409 5427 497 5484 με.
528 5430 589 5486 D.

1878 5530 2087 5588 ΝΟἸῈ.

389 5631 631 5711 (180)}.
673 5633 796 5711 819.
838 5633 1208 5711 liocnnarrant
1256 5634 1395 5697 Ann,
1433 5632 1614 5689 Berlin
1646 5677 1660 5700 ,
1722 5653 1749 5691 a
1807 5636 1931 5695 860.

323 5701 453 5778 Reg.
489 5701 657 5761 8818.
696 5706 894 5758 Chron.
935 5701 1158 5756 Britann

2109 5638 2256 5709 (181)
2286 5640 2346 5694 Α.
2378 5640 2503 5696 851.
2534 5641 2672 5696 Ann.
2711 5641 2859 5697 Bert.

2106 5710 2248 5779 use)
2278 5711 2337 5763 Α.
2374 5711 2495 5765 844.
