3894 6220
144 343 243 399 165
1634 336 1768 391 81111

1883 335 1981 389 CA.

3371 348 3475 405 166

145 466 433 538 Bulgarum
468 464 538 518 ad
565 460 1032 518 christianismum
1090 474 1214 515 cum
1266 476 1365 515 sua
1411 465 1575 534 gente
1613 474 1755 515 eon-
1787 464 1831 533 Α
1860 457 2187 529 probatione
2217 458 2552 515 innocentiae
2579 477 2690 517 sum
2717 462 2783 517 ad
2841 466 3302 526 examinationem
3342 488 3470 529 cor-

145 570 351 620 versus,
385 552 574 606 missis
602 551 673 606 ad
719 566 845 605 eum
893 566 924 604 a
951 548 1083 603 sede
1133 548 1434 619 apostolica
1485 546 1755 602 ministris
1861 549 2011 621 poris
2029 554 2082 603 et
2110 551 2398 625 sanguinis
2431 552 2644 607 Domini
2672 559 2780 607 tam
2813 554 2931 624 ipse
2981 573 3142 627 quam
3168 561 3461 630 Optimates

146 642 276 696 sacri
307 640 547 706 ordinis,
598 639 845 711 acceptis
898 639 1061 693 etiam
1090 654 1120 692 a
1143 654 1272 711 rege
1304 637 1597 692 Ludowico
1625 636 1757 691 sub-
1858 649 2014 720 regni
2042 639 2254 696 invitati
2284 650 2472 698 essent
2500 660 2512 697 :
2545 652 2599 697 et
2632 643 2747 715 ipse
2805 652 2860 699 et
2891 661 3104 711 omnes,
3135 651 3225 720 qui
3266 669 3471 724 corpus

145 734 314 801 sidiis,
347 733 494 788 adeo
528 734 580 787 iu
610 732 717 786 fide
743 731 1108 796 solidatur,ut
1138 745 1249 785 non
1290 730 1462 785 multo
1494 736 1619 799 post
1644 728 1759 783 filio
1858 738 2073 795 Domini
2122 754 2246 794 cum
2291 753 2357 792 eo
2414 745 2621 792 temere
2686 737 2936 808 accipere
2995 754 3468 815 prosumpserum,

147 825 346 892 majore
368 825 426 878 in
448 838 685 897 regnum
713 822 989 889 ordinato,
1014 818 1759 893 ipseabrenuntiansszeculo
1861 829 2001 885 infra
2050 830 2230 901 ipsum
2281 844 2484 883 annum
2545 828 2850 898 perierunt,
2912 829 3033 901 ipso
3060 832 3242 887 statim
3288 834 3343 889 in
3380 853 3470 892 re-

147 918 449 973 monachus
476 916 653 973 factus
676 917 765 971 sit.
819 916 929 971 Sed
959 932 1085 971 cum
1118 913 1264 969 filius
1296 916 1416 983 ejus
1440 913 1763 982 juveniliter
1864 922 2085 977 deundo
2125 920 2416 977 Placentim
2436 918 2719 974 defuncto.

150 1030 311 1085 agens
339 1013 410 1067 ad
474 1011 807 1085 gentilitatis
856 1011 1059 1066 cultum
1095 1010 1264 1066 vellet
1319 1009 1521 1074 redire,
1553 1007 1763 1062 militia;
1933 1011 2056 1067 871.
2332 1007 2420 1064 10.
2694 1009 2786 1063 27.
3056 1011 3111 1066 2.

151 1104 364 1177 cingulo
394 1110 452 1158 et
484 1103 637 1158 cultu
675 1102 829 1178 regio
882 1110 1186 1173 resumpto,
1240 1100 1412 1155 ﬁlium
1442 1106 1764 1170 persecutus

154 1194 312 1263 coepit
339 1200 396 1248 et
426 1192 609 1247 oculis
638 1191 758 1260 ejus
783 1189 1002 1245 effossis
1035 1205 1159 1244 eum
1193 1189 1247 1243 in
1272 1204 1548 1244 carcerem
1582 1188 1762 1249 trusit;

150 1290 199 1334 et
227 1279 338 1335 lilio
360 1280 592 1351 juniore
654 1279 710 1333 in
752 1294 982 1353 regnum
1040 1278 1240 1343 locato,
1273 1292 1488 1332 sacrum
1516 1275 1767 1330 habitum

153 1375 351 1444 recepit
380 1380 437 1428 et
492 1373 551 1427 in
609 1389 677 1428 eo
734 1388 911 1445 usque
945 1371 1014 1427 ad
1065 1370 1229 1426 ﬁnem
1279 1371 1407 1426 vitae
1442 1385 1769 1441 persevera-

150 1467 219 1521 vit
248 1466 335 1521 ¹⁶⁰.

213 1554 334 1609 866.
524 1553 593 1607 Β.
630 1553 713 1607 li.
895 1551 947 1606 F.
981 1552 1071 1606 22.
1258 1551 1313 1606 C.
1352 1551 1436 1606 10.

222 1644 342 1713 (ιδ.)
392 1642 666 1713 Herispoo
697 1658 727 1695 a
758 1640 875 1696 suis
930 1649 1241 1713 perempto,
1299 1642 1558 1696 Salomon
1619 1639 1765 1694 filius

1933 1100 2139 1171 (F~uld.)
2182 1098 2418 1154 Coloniae
2457 1096 2732 1151 celebrata
2786 1098 2998 1168 synodo
3052 1100 3119 1154 ad
3156 1100 3468 1160 dedicatio-

1872 1205 1995 1243 nem
2028 1187 2289 1243 zecclesiae
2330 1203 2361 1241 a
2414 1186 2587 1240 tribus
2643 1186 3012 1258 Lotliaringia:
3083 1194 3472 1262 metropolitis,

1872 1279 2148 1349 Liutperto
2197 1278 2539 1351 Moguntino,
2607 1277 2844 1351 Bertulfo
2899 1279 3233 1345 Trevirensi,
3295 1284 3475 1339 Willi-

1871 1371 2025 1426 berlo
2057 1369 2389 1435 Coloniensi,
2420 1384 2543 1423 cum
2566 1370 2635 1423 ab
2664 1370 2746 1423 eis
2775 1370 2937 1424 etiam
2978 1371 3155 1439 major
3200 1375 3471 1443 mcclesia,

1870 1466 2092 1532 quaaest
2113 1458 2286 1513 sancti
2341 1457 2507 1521 Petri,
2564 1457 2795 1512 deberet
2847 1458 3473 1529 dedicari,precedente

1867 1565 2025 1611 nocte
2076 1554 2276 1609 auditae
2334 1560 2462 1609 sunt
2518 1568 2681 1607 voces
2733 1553 3096 1628 malignorum
3151 1557 3470 1627 spirituum,

1865 1645 2010 1701 inter
2038 1661 2096 1700 se
2122 1646 2363 1701 dolendo
2422 1646 2904 1716 conquerentium,
2928 1662 2985 1699 se
3017 1663 3047 1701 a
3078 1650 3349 1717 possessis
3378 1652 3471 1706 diu

160 1734 269 1802 ejus
296 1749 468 1805 super
529 1733 805 1788 Brittones
869 1740 1083 1807 regnat,
1114 1741 1169 1787 et
1208 1732 1403 1787 Karolo
1458 1740 1648 1787 contra
1704 1736 2090 1807 sensedibus
2146 1736 2352 1790 debere
2418 1736 2640 1807 expelli.
2708 1736 2877 1807 (Mett.
2916 1735 3051 1807 [R.])
3106 1738 3333 1793 Karolus
3378 1758 3469 1795 rex

161 1781 266 1802 ,δη
298 1781 455 1805 ην-.
529 1781 803 1788 ------.----
872 1781 1083 1807 ne---"
1118 1781 1169 1787 --
1208 1781 1398 1787 ----.-.-
1461 1781 1647 1787 ---πη
1706 1781 1756 1786 ν-
1864 1781 2090 1791 --.μνη
2148 1781 2352 1790 πηνα
2421 1781 2640 1807 cur-.."
2709 1781 2877 1807 μην...
2917 1781 3050 1807 ιηἮ
3107 1781 3333 1793 ......,.....
3380 1781 3469 1795 ω..

155 1825 386 1879 venienti
408 1823 1022 1895 confmdcratur(183).
1059 1824 1182 1895 (1b.)
1235 1823 1596 1878 Northmanni
1640 1781 2217 1890 Gal-BFrancorum,
2252 1823 2510 1879 defuncto
2568 1822 2825 1878 fratruele
2881 1838 2982 1879 suo
3035 1823 3309 1891 Lethario,
3343 1825 3473 1880 dum

152 1914 273 1968 liam
303 1922 646 1985 repetentes,
702 1912 1005 1979 Namnetis,
1052 1913 1384 1985 Andegavis,
1426 1912 1658 1967 Pictavis
1715 1918 1769 1965 et
1866 1914 2274 1989 Lotharingiam
2304 1916 2454 1971 solus
2481 1930 2742 1985 usurpare
2774 1913 2989 1979 nititur,
3021 1931 3122 1984 per
3178 1916 3475 1971 moderan-

154 2005 376 2061 Turonis
402 2005 678 2061 terminos
708 2006 1130 2076 depopulantur.
1166 2006 1375 2070 Quibus
1407 2011 1767 2059 occursantes
1866 2005 1998 2060 tiam
2021 2012 2075 2060 et
2104 2004 2425 2061 industriam
2476 2004 2656 2060 fratris
2704 2005 2788 2060 sui
2848 2005 3125 2060 Ludowici
3175 2006 3474 2063 Germano-

159 2094 259 2149 dux
290 2095 603 2167 Aquitaniae
645 2094 965 2150 Ramnulfus
990 2101 1045 2149 et
1076 2094 1409 2150 Buotbertus
1441 2094 1593 2149 fortis
1624 2110 1769 2148 mar-
1865 2111 1982 2148 rum
2014 2093 2160 2169 regis
2188 2094 2255 2148 ad
2288 2095 2392 2150 hoc
2417 2101 2682 2149 attractus
2712 2100 2813 2159 est,
2846 2104 2904 2149 ut
2929 2094 3385 2165 aaqualiterinter
3413 2112 3471 2151 se

159 2184 292 2250 chio,
324 2184 456 2239 dum
492 2185 600 2255 ipsi
628 2185 845 2240 incaute
878 2185 1180 2256 preliantes
1203 2185 1765 2256 perimuntur,ca:teri
1867 2198 2098 2257 regnum
2128 2181 2398 2238 fratruelis
2450 2183 2784 2238 dividerent.
2852 2183 3057 2254 (Fuld.)
3115 2182 3193 2237 Ab
3240 2184 3484 2239 exercitu

158 2287 185 2325 a
236 2272 632 2330 Northmannis
681 2283 741 2330 ut
801 2291 996 2331 ovesa
1050 2275 1196 2346 lupis
1260 2276 1556 2331 acervatim
1624 2282 1766 2329 ster-

161 2372 369 2421 nuntur.

219 2453 336 2509 867.
600 2456 689 2511 12.
977 2456 1065 2511 23.
1332 2458 1348 2511 1
1369 2460 1414 2512 Ι.

226 2545 342 2616 (1b.)
384 2547 683 2602 Saracenis
741 2547 1184 2603 Beneventanam
1239 2549 1524 2621 regionem
1580 2548 1768 2604 incur-

164 2636 415 2705 santibus,
472 2629 806 2693 Ludowicus
872 2639 1173 2710 imperator
1233 2639 1467 2693 viriliter
1504 2640 1763 2694 occurrit.

170 2725 237 2779 Ad
261 2727 411 2796 cujus
438 2727 715 2783 auxilium
770 2728 1058 2783 Lotharius
1098 2727 1266 2784 frater
1291 2728 1413 2796 ejus
1462 2743 1767 2799 properans

1868 2277 2148 2333 Ludowici
2178 2277 2485 2332 Germanici
2508 2277 2656 2332 vario
2706 2284 2906 2333 eventu
2938 2278 3086 2334 varia
3106 2276 3255 2333 bella
3285 2287 3479 2334 contra

1868 2369 2091 2425 Sclavos
2128 2378 2418 2445 geruntur.
2793 2379 2800 2386 ‘

1938 2458 2065 2515 872.
2340 2460 2421 2513 17.
2687 2458 2777 2512 28.
3034 2459 3087 2513 3.

1940 2546 2109 2617 (Mett.
2144 2546 2274 2619 [R.])
2309 2547 2561 2602 Karolum
2629 2563 2814 2619 regem
2856 2547 3187 2602 Francorum
3217 2548 3487 2603 domesti-

1871 2654 1933 2693 ca
1963 2639 2243 2694 calamitas
2273 2638 2328 2693 in
2386 2636 2513 2692 filiis
2553 2639 2670 2693 suis
2722 2638 2913 2693 affixit.
2967 2639 3250 2710 Siquidem
3287 2640 3486 2695 Karlo-

1871 2741 2131 2781 mannum
2174 2727 2229 2781 in
2259 2726 2521 2782 clericatu
2551 2743 2725 2798 usque
2771 2727 2839 2780 ad
2880 2727 3205 2783 diaconatus
3234 2727 3479 2783 officium

170 2814 324 2868 multa
348 2815 589 2886 quidem
639 2816 812 2886 prelia
858 2833 982 2872 cum
1038 2818 1118 2872 eis
1144 2825 1406 2873 strennue
1445 2817 1637 2889 gessit,
1671 2817 1767 2872 sed
1871 2825 2213 2888 provectum,
2269 2816 2385 2887 ipse
2437 2826 2592 2887 pater
2621 2816 2782 2886 carpit
2835 2823 2891 2870 et
2946 2816 3245 2883 excecavit,
3284 2832 3383 2887 pro
3416 2831 3483 2870 eo

168 2904 388 2959 exercitu
416 2920 524 2961 suo
569 2912 794 2976 prOpter
840 2906 1224 2978 intemperiem
1262 2907 1408 2962 aeris
1457 2907 1665 2962 morbis
1716 2914 1771 2961 et
1871 2910 2018 2981 quod
2035 2910 2103 2964 ad
2130 2908 2462 2981 apostasiam
2487 2923 2783 2963 conversus
2832 2914 2888 2963 et
2916 2908 3066 2963 omni
3132 2923 3340 2982 genere
3372 2922 3481 2963 no-

167 3000 425 3055 morsibus
478 3016 810 3056 aranearum
896 3001 1061 3057 nimis
1113 3010 1357 3076 gravato,
1409 3018 1531 3058 cum
1592 3001 1768 3056 multo
1870 3000 2031 3056 cendi
2069 3016 2298 3075 regnum
2353 3001 2703 3072 perturbans,
2748 3002 2889 3057 alter
2948 3000 3174 3073 quidam
3233 2999 3488 3056 Julianus

168 3104 370 3146 suorum
400 3092 703 3165 dispendio
732 3094 913 3150 rediit.
1799 3094 2096 3198 Cetfectus
2146 3102 2280 3151 erat.
2339 3096 2503 3151 Porro
2556 3096 2694 3151 alter
2740 3096 2888 3152 ﬁlius
2931 3096 3054 3165 ejus
3080 3094 3317 3149 Karolus
3357 3093 3487 3147 dum

230 3182 346 3237 868.
645 3185 730 3239 13.
974 3188 1062 3242 24.
1359 3188 1443 3242 12.
1802 3182 2182 3242 "inconsulte
2239 3185 2505 3241 voluisset
2556 3186 2791 3257 experiri
2849 3194 3127 3257 expertam
3188 3186 3473 3262 cujusdam

228 3272 301 3341 (G.
337 3276 510 3346 pont.)
599 3274 869 3331 Adrianus
953 3277 1210 3333 Romana:
1277 3277 1544 3333 zecclesize
1605 3279 1765 3334 ‘IO'Ius
1867 3275 2085 3330 Albuini
2106 3275 2298 3330 militis
2327 3274 2735 3341 fortitudinem,
2769 3282 2823 3331 et
2844 3276 2995 3332 solus
3023 3275 3125 3331 soli
3154 3290 3487 3348 congressus

166 3366 404 3433 presidet.
445 3368 659 3439 (Fuld.)
718 3368 968 3423 Cometes
1020 3368 1469 3423 manifestissime
1509 3378 1762 3441 apparet.
1870 3366 2084 3434 fuisset,
2112 3366 2181 3421 ab
2231 3366 2427 3421 eodem
2468 3365 2727 3432 Albuino,
2789 3366 3077 3441 ignorante
3140 3366 3264 3438 quis
3316 3371 3484 3429 esset,

169 3453 376 3513 Michael
402 3459 707 3515 Grecorum
738 3460 1037 3530 imperator
1062 3476 1231 3514 sensu
1287 3460 1594 3516 diminutus
1624 3463 1764 3519 adeo
1870 3466 2190 3529 peremptus
2217 3466 2319 3514 est.
2350 3459 2553 3529 (βαιά.)
2581 3459 2816 3514 Basilius
2849 3459 3150 3530 imperator
3191 3459 3485 3512 Grecorum

171 3559 334 3606 mente
370 3553 701 3620 excedebat,
728 3560 789 3608 ut
819 3553 1119 3609 familiares
1144 3570 1275 3610 suos
1308 3554 1533 3625 iuberet
1562 3558 1764 3624 occidi;
1870 3547 2228 3603 ἱηῐοΐοωῑθνει
2266 3564 2497 3603 munera
2527 3548 2693 3603 mittit
2742 3548 3035 3603 Ludowico
3090 3547 3207 3621 regi
3262 3547 3488 3600 Germa-

172 3653 297 3707 quos
348 3647 532 3698 tamen
568 3642 638 3696 ad
662 3658 744 3698 'se
773 3641 1013 3710 rediens,
1061 3642 1167 3698 sibi
1222 3646 1590 3714 representari
1651 3647 1771 3702 exi-
1870 3651 2064 3692 110mm
2097 3636 2435 3692 Christallum
2486 3636 2640 3691 mirae
2680 3636 3100 3710 magnitudinis,
3170 3636 3306 3690 mire
3354 3649 3492 3690 auro

180 3729 345 3801 gebat.
1875 3731 2220 3805 gemmisque
2241 3737 2513 3796 ornatam,
2561 3746 2685 3786 cum
2736 3738 2887 3803 parte
2907 3747 3020 3788 non
3049 3733 3269 3788 modica
3289 3739 3494 3790 sancta:

238 3821 351 3877 869.
618 3827 702 3882 14.
944 3826 1036 3882 25.
1325 3828 1414 3884 13.

1882 3820 2083 3876 erucis.

240 3911 480 3981 Basilius,
517 3930 688 3986 quem
739 3914 969 3970 Michael
1022 3916 1324 3987 imperator
1368 3933 1667 3989 pauperem
1708 3935 1773 3975 ex
1945 3913 2070 3971 873.
2358 3912 2443 3968 18.
2713 3911 2803 3966 29.
3077 3912 3134 3967 4.

178 3995 359 4057 familia
418 4004 592 4058 unius
654 4004 869 4059 abbatis
908 4004 1009 4059 sibi
1052 4005 1343 4073 asciverat,
1402 4013 1456 4063 et
1485 4007 1776 4063 cubicula-
1949 4003 2135 4075 (Mam)
2165 4001 2447 4057 Johannes
2483 3999 2645 4057 108ιιιι
2671 3997 3490 4068 Romaaeeiecclesizepresidet.

181 4086 304 4142 rium
333 4089 533 4147 factum
562 4092 632 4146 ad
655 4099 836 4147 tantos
865 4094 1106 4148 honores
1154 4101 1507 4164 provexerat,
1550 4103 1609 4148 ut
1639 4094 1779 4149 alter
1876 4093 1955 4148 Ad
2008 4093 2156 4146 hunc
2205 4089 2507 4154 Jobannes,
2562 4088 2822 4145 Romana:
2860 4086 3127 4142 aecclesize
3195 4086 3487 4154 diaconus,

182 4174 241 4228 ab
284 4177 613 4249 imperatore
665 4180 1057 4251 appellaretur,
1116 4197 1266 4253 saepe
1324 4182 1394 4237 ab
1444 4182 1776 4254 imperatore
1876 4181 2042 4236 vitam
2064 4180 2227 4251 primi
2253 4178 2502 4253 Gregorii
2534 4194 2690 4250 papa:
2721 4176 2933 4244 scribit,
2978 4176 3032 4230 in
3060 4183 3296 4248 quatuor
3333 4174 3493 4229 libel-

186 4282 270 4335 per
297 4269 564 4325 insaniam
595 4269 770 4326 occidi
798 4272 1232 4342 jussus,timens
1264 4289 1333 4328 ne
1363 4274 1459 4329 tali
1483 4275 1775 4331 occasione
1880 4274 1946 4329 lis
1975 4272 2326 4328 laudabiliter
2355 4271 2577 4327 editam.
2639 4272 2806 4343 (Matt.
2867 4267 2995 4344 [R.])
3045 4267 3334 4342 Adalgisus
3382 4266 3492 4323 dux

186 4359 527 4425 occideretur,
558 4362 729 4435 elegit
772 4362 947 4436 magis
996 4364 1115 4434 ipse
1145 4364 1532 4435 imperatorem
1563 4365 1779 4421 interfi-
1808 4430 1849 4436 ᾳ
1882 4365 2398 4421 Beneventanorum
2430 4381 2461 4419 a
2491 4363 2678 4418 Grecis
2707 4363 2973 4418 seductus
3012 4369 3202 4417 contra
3233 4358 3492 4414 Ludowi-

188 4463 315 4518 cere,
343 4470 501 4524 quam
536 4454 605 4508 ab
748 4430 982 4509 interfici
1058 4463 1114 4511 et
1162 4430 1453 4527 imperavit
1482 4459 1645 4513 annis
1688 4458 1775 4514 17.
1808 4430 2006 4510 Deum
2039 4455 2427 4524 imperatorem
2459 4452 2708 4520 rebellat,
2738 4459 2793 4508 et
2822 4450 3022 4505 multas
3045 4449 3214 4504 Italia:
3244 4448 3495 4504 urbesab

188 4533 407 4606 [(Odom's
434 4544 638 4597 transl.
696 4543 752 4598 S.
785 4543 887 4612 Μ.)
942 4541 1152 4614 Corpus
1201 4544 1376 4598 sancti
1435 4544 1627 4612 Mauri,
1686 4548 1779 4617 qui
1884 4563 1951 4603 eo
1979 4545 2216 4603 deficere
2246 4545 2398 4602 fecit.
2435 4545 2529 4601 Cui
2562 4546 2863 4617 imperator
2913 4546 3145 4602 viriliter
3177 4558 3496 4618 repugnans

190 4622 599 4705 fuitdiscipulus
626 4632 801 4688 sancti
848 4633 1153 4700 Benedicti,
1186 4642 1521 4706 asportatum
1556 4636 1779 4692 aGlan-
1886 4635 2260 4691 Beneventum
2306 4643 2362 4690 et
2393 4635 2629 4706 Capuam
2683 4635 2848 4706 capit.
2909 4635 3013 4690 Sed
3080 4633 3222 4690 dolis
3252 4630 3495 4707 Adalgisi

189 4712 356 4773 difolio
385 4721 437 4774 in
470 4720 847 4795 Burgundiam
902 4729 1128 4793 propter
1154 4723 1403 4779 timorem
1431 4724 1779 4781 Normanno-

192 4822 313 4877 rum,
370 4812 697 4870 transfertur
751 4814 819 4868 ad
870 4814 1194 4871 Fossatense
1253 4817 1573 4883 eenobium,
1630 4820 1777 4890 quod

189 4901 461 4957 construxit
514 4907 744 4957 sanctus
826 4901 1156 4972 Babolenus,
1220 4903 1394 4958 sancti
1456 4903 1778 4959 Columbani

192 4984 471 5057 discipulus
488 4991 579 5044 ¹⁶¹.

252 5073 364 5129 870.
621 5078 710 5133 15.
967 5078 1059 5134 26.
1349 5081 1403 5134 1.

1884 4739 2178 4796 persuasus
2216 4724 2515 4779 exercitum
2543 4724 2844 4790 dimittere,
2864 4725 2936 4780 ita
2967 4724 3035 4779 ab
3066 4738 3135 4778 eo
3162 4721 3495 4777 estcireum-

1879 4825 2097 4883 ventus,
2128 4822 2188 4871 ut
2241 4832 2352 4871 non
2409 4822 2593 4887 posset
2645 4816 2902 4882 evadere,
2935 4816 3040 4871 nisi
3083 4815 3231 4887 turpi
3290 4813 3497 4870 foedere

1881 4904 2024 4960 facto
2046 4903 2365 4974 compulsus
2415 4904 2659 4972 jurasset
2714 4903 2990 4979 Adalgiso,
3018 4918 3079 4958 se
3124 4915 3408 4973 nunquam
3440 4898 3495 4953 in

1881 4993 1991 5049 vita
2018 5008 2118 5048 sua
2148 4991 2447 5049 Beneventi
2495 4991 2635 5047 fines
2686 4991 3035 5047 intraturum.
3088 4990 3166 5046 Ob
3198 4991 3305 5044 hoc
3336 4986 3495 5042 Adal-

1884 5082 2039 5157 gisus
2086 5098 2118 5137 a
2171 5088 2366 5137 senatu
2448 5081 2818 5137 Romanorum
2886 5097 3015 5136 reus
3079 5077 3383 5150 majestatis
3439 5081 3495 5129 et

254 5164 408 5233 (lett.
443 5167 503 5242 [Β
532 5168 572 5243 ])
622 5168 913 5225 Lotharius
970 5185 1064 5225 rex
1116 5169 1343 5225 Romam
1375 5170 1444 5225 ad
1483 5170 1782 5225 Adrianum
1886 5172 2057 5228 hostis
2081 5171 2336 5243 publicus
2390 5171 2727 5241 dijudicatus
2772 5180 2826 5227 et
2879 5171 3025 5227 bello
3076 5175 3266 5225 contra
3294 5183 3354 5222 se
3393 5166 3496 5220 de-

198 5268 369 5325 papam
393 5275 451 5316 se
481 5266 805 5317 excusatum
849 5261 1016 5318 vadit.
1074 5262 1255 5335 Aque
1286 5261 1417 5317 dum
1477 5276 1578 5333 pro
1635 5278 1787 5318 com-
1885 5268 2057 5329 creto,
2112 5262 2170 5316 in
2219 5261 2485 5318 Corsicam
2531 5261 2691 5337 fugit.
2757 5260 2960 5331 (Fuld,)
3023 5258 3251 5314 Karolus
3308 5255 3498 5324 junior

1517 5362 1738 5418 VARUE
1777 5362 2049 5418 LECTION
2055 5363 2150 5418 ES.

257 5452 498 5531 _‘_‘°A.hic
527 5460 746 5514 exhibet
774 5461 966 5515 verba:
1036 5461 1145 5518 Hoc
1174 5467 1423 5531 tempore
1453 5490 1522 5501 —
1562 5460 2006 5516 Gimniacensem
2058 5477 2127 5516 ea:
2182 5477 2274 5520 an.
2320 5462 2446 5529 695,
2496 5463 2591 5517 ubi
2614 5478 2677 5516 ea
2724 5463 2941 5519 omittit.
2993 5463 3133 5517 ¹⁶¹ἰη
3164 5478 3362 5518 rasura
3391 5463 3485 5524 1γ.

1719 5602 1930 5659 NOT/E.

196 5524 296 5578 rell.
321 5535 508 5597 praeter
538 5532 597 5585 A.

256 5668 385 5733 (183.
428 5676 482 5726 Α.
516 5673 640 5726 N37.
677 5674 794 5726 Ann
855 5673 999 5728 Berl.
