3876 6208
373 312 474 368 187

1573 309 1917 365 SIGEBERTI
1966 308 2487 364 GEMBLACENSIS.

3594 305 3697 359 168

368 441 647 498 Ludowici
680 441 1078 496 Germanorum
1134 441 1280 517 regis
1308 440 1500 497 ﬂliusa
1532 442 1808 498 daemonio
1838 458 1972 515 gra-
1998 442 2053 510 A
2077 445 2132 495 et
2155 439 2325 494 nimia
2354 452 2620 509 aquarum
2654 434 2941 493 inundatio
2991 434 3133 490 facta
3190 441 3273 489 est
3312 432 3588 497 inlunio,
3623 432 3702 486 ita

365 532 508 585 viter
530 531 584 585 in
615 530 910 600 praesentia
932 529 1103 601 patris
1157 538 1211 584 et
1240 530 1563 601 optimatum
1597 530 1716 598 ejus
1730 539 1970 598 vexatur,

365 627 420 675 et
444 620 501 673 in
524 621 642 691 ipsa
670 619 961 673 vexatione
993 617 1303 684 confitetur,
1348 619 1450 672 hoc
1502 618 1608 671 sibi
1641 617 1766 670 ideo
1798 616 1973 671 conti—

362 710 530 781 gisse,
591 707 719 779 quia
774 717 964 761 contra
1018 715 1225 777 patrem
1284 722 1441 759 suum
1508 703 1972 775 conspirationem

365 800 550 855 facere
579 798 931 854 moliebatur.

437 893 562 947 874.
747 891 810 944 Β.
866 890 951 945 19.
1120 890 1175 944 F.
1217 889 1304 946 30.
1521 888 1573 944 C.
1616 891 1669 943 5.

438 984 557 1051 (1b.)
614 984 671 1037 In
704 982 856 1036 Italia
897 982 1066 1036 Brixaz
1134 981 1305 1035 tribus
1352 980 1550 1035 diebus
1604 997 1668 1035 ac
1718 980 1974 1035 noctibus

366 1073 592 1147 sanguis
623 1072 689 1125 de
708 1074 839 1125 οευιο
872 1070 1076 1140 pluisse
1117 1076 1381 1124 narratur.
1417 1069 1777 1123 Nortlimanni
1810 1069 1969 1121 etiam

364 1180 396 1219 a
424 1180 593 1236 regno
628 1161 900 1216 Ludowici
932 1162 1325 1215 Germanorum
1356 1160 1499 1232 regis
1546 1159 1810 1213 tributum
1858 1157 1975 1211 exi-

363 1261 574 1327 gentes,
610 1253 677 1305 ab
698 1252 940 1324 exercitu
994 1251 1140 1305 illius
1196 1251 1435 1324 graviter
1486 1251 1597 1305 cesi
1652 1251 1968 1304 vincuntur.

363 1346 526 1413 (Mett.
569 1340 698 1413 [ﬂ.])
750 1341 992 1395 Locusta:
1045 1341 1272 1394 Galliam
1336 1339 1744 1411 depopulantur
1808 1339 1975 1393 innu-

360 1434 671 1498 merabiles,
703 1432 917 1487 czeteris
971 1430 1198 1487 locustis
1255 1430 1511 1498 majores,
1563 1444 1697 1484 sena
1764 1429 1971 1483 alarum

363 1522 616 1597 remigia,
674 1538 769 1576 sex
802 1521 999 1593 pedes,
1057 1521 1197 1575 duos
1263 1521 1457 1574 dentes
1500 1519 1683 1589 lapide
1723 1518 1976 1572 duriores

360 1615 648 1680 habentes,
680 1620 738 1667 ut
795 1620 1101 1667 castrorum
1172 1611 1319 1665 acies
1371 1610 1647 1664 turmatim
1698 1608 1970 1675 volantes,

359 1705 529 1759 duces
556 1720 680 1758 cum
711 1703 902 1774 paucis
932 1702 1126 1756 itinere
1148 1701 1313 1756 unius
1342 1699 1449 1753 diei
1492 1700 1876 1769 promittentes
1903 1698 1968 1752 ad

360 1796 620 1849 metanda
675 1794 796 1848 loca
845 1801 1090 1847 venturae
1151 1790 1516 1856 multitudini,
1575 1790 1720 1845 circa
1777 1756 2046 1844 horamB

359 1901 560 1940 nonam
593 1885 662 1939 ad
693 1886 873 1940 locum
926 1885 1203 1956 previsum
1257 1883 1565 1948 venientes,
1618 1883 1807 1953 ibique
1842 1882 1974 1936 solis

360 1983 539 2031 ortum
572 1984 946 2047 expectantes,
989 1991 1089 2045 per
1127 1973 1373 2044 spacium
1419 1974 1583 2028 unius
1630 1972 1741 2027 diei
1791 1987 1973 2026 aerem

360 2069 640 2133 velabant,
676 2070 855 2138 ipsum
882 2068 1015 2123 solis
1038 2067 1394 2138 splendorem
1426 2066 1849 2131 obnubilantes;
1879 2080 1974 2119 ore

322 2168 329 2177 '
362 2160 493 2223 lato,
538 2168 769 2215 extenso
812 2160 1094 2225 intestino,
1140 2160 1326 2215 omnia
1363 2158 1559 2214 viridia
1600 2158 1652 2211 in
1693 2158 1880 2212 herbis
1918 2165 1971 2211 ct

363 2256 656 2310 arboribus
708 2257 1014 2323 vastabant,
1064 2257 1301 2327 spatium
1352 2256 1533 2310 diurni
1584 2254 1795 2309 itineris
1836 2271 1972 2326 qua-

360 2352 487 2401 tuor
507 2354 599 2401 aut
626 2345 872 2416 quinque
904 2344 1129 2397 milibus
1181 2344 1561 2398 extendentes.
1599 2343 1708 2397 lloc
1740 2342 1971 2395 misera-

359 2439 457 2493 bili
484 2439 797 2509 speetaculo
824 2455 1001 2509 usque
1056 2439 1123 2491 ad
1154 2454 1301 2492 mare
1346 2437 1737 2492 Brittannicum
1777 2452 1972 2506 perve-

359 2531 593 2598 nientes,
621 2530 839 2585 tandem
874 2530 1002 2585 ﬂatu
1031 2537 1316 2585 ventorum
1352 2531 1405 2583 in
1438 2528 1774 2600 profundum
1808 2528 1974 2582 maris

361 2621 653 2675 demerssze
684 2630 811 2675 sunt
842 2640 858 2685 ;
893 2620 989 2675 sed
1037 2629 1156 2675 estu
1190 2620 1417 2675 occeani
1455 2621 1522 2673 ad
1572 2620 1700 2673 litus
1732 2619 1969 2687 rejectae,

362 2728 427 2767 ex
459 2713 753 2783 putredine
781 2729 881 2768 sua
911 2728 1039 2767 aere
1071 2719 1353 2783 corrupto,
1378 2713 1580 2765 multos
1618 2711 1797 2781 perire
1832 2710 1980 2766 fece-

361 2808 505 2855 runt.
568 2802 761 2867 (Fati)
830 2802 1028 2855 Secuta
1087 2800 1259 2855 fames
1331 2800 1509 2855 valida
1564 2799 1772 2854 multos
1843 2815 1981 2855 con-

362 2892 825 2961 sumpsitinedia,
859 2899 918 2946 ut
954 2908 1113 2962 paene
1155 2893 1312 2947 tertia
1367 2908 1493 2962 pars
1538 2891 1825 2946 hominum
1854 2906 1981 2947 con-

364 2992 583 3054 sumpta
606 2985 690 3038 sit.

433 3076 558 3131 87ἔὶ.
828 3077 918 3131 20.
1194 3076 1283 3133 31.
1566 3078 1620 3131 6.

441 3167 519 3235 (Ib
551 3167 566 3236 )
599 3165 783 3220 Hiems
838 3166 1002 3221 solito
1047 3166 1293 3236 asperior
1342 3172 1397 3220 et
1452 3166 1761 3237 prolixior;
1800 3165 1891 3221 nix
1925 3172 1979 3221 ct

366 3257 491 3333 gelu
536 3274 565 3311 a
598 3258 858 3312 Kalendis
888 3258 1213 3313 Novembris
1244 3275 1421 3329 usque
1452 3259 1521 3312 ad
1560 3259 1782 3313 vernale
1808 3260 1984 3330 aequi-

366 3348 632 3402 noctium.
663 3347 780 3419 (1b.)
844 3346 1139 3401 Ludowico
1196 3347 1310 3420 regi
1368 3346 1765 3402 Germanorum
1812 3365 1982 3420 appa-

365 3436 475 3490 ruit
505 3436 559 3488 in
591 3435 799 3490 somnis
829 3435 1050 3507 genitor
1102 3451 1251 3495 suus,
1289 3435 1614 3491 Ludowicus
1643 3436 1771 3492 olim
1804 3437 1980 3508 impe-

366 3531 533 3588 rator,
564 3525 822 3593 adjurans
851 3540 977 3579 eum
1026 3540 1126 3595 per
1169 3539 1369 3579 nomen
1419 3534 1622 3580 sanctae
1680 3524 1977 3592 Trinitatis,

364 3625 423 3672 ut
453 3634 577 3672 eum
606 3617 891 3688 eripereta
913 3617 1222 3684 tormentis,
1274 3618 1329 3672 in
1368 3618 1571 3689 quibus
1600 3618 1973 3686 detinebatur,

362 3711 662 3766 uttandem
703 3717 962 3765 aeternam
1023 3712 1272 3783 requiem
1310 3722 1616 3768 mereretur
1643 3713 1870 3769 habere.
1900 3713 1977 3768 0b

365 3799 472 3855 hoc
527 3800 595 3855 ad
645 3799 862 3855 diversa
900 3802 1231 3856 monasteria
1294 3802 1613 3858 elemosinis
1664 3803 1975 3868 destinatis,

365 3888 568 3943 obnixe
600 3887 745 3944 filius
771 3889 1126 3945 succurrebat
1155 3890 1315 3961 patri.
1348 3889 1503 3946 Unde
1543 3892 1777 3945 dabatur
1816 3891 1980 3945 intel-

368 3979 484 4055 ligi,
526 3981 657 4051 quia
685 3980 812 4039 licet
853 3981 997 4035 idem
1036 3982 1337 4052 imperator
1376 3983 1545 4037 multa
1570 3984 1682 4038 Deo
1714 3988 1768 4037 et
1798 3982 1981 4037 homi—

369 4071 534 4125 nibus
580 4072 777 4143 placita
817 4070 1057 4138 fecisset,
1108 4072 1264 4142 plura
1313 4079 1501 4127 tamen
1551 4073 1660 4129 Deo
1706 4073 1980 4129 contraria

366 4159 420 4213 in
455 4176 625 4233 regno
680 4176 780 4214 suo
830 4158 945 4213 ﬁeri
988 4160 1288 4215 consensit.
1354 4160 1413 4213 In
1468 4161 1671 4231 quibus
1729 4162 1978 4235 graviora

364 4248 718 4316 videbantur,
749 4248 897 4320 quod
925 4248 1106 4302 heresi
1146 4248 1575 4303 Nicholaitarum
1607 4264 1715 4304 non
1755 4251 1975 4315 restitit,

366 4336 652 4392 etmonita
682 4335 950 4390 Gabrielis
1006 4336 1347 4408 archangeli,
1382 4336 1673 4393 duodecim
1723 4340 1979 4411 capitulis

364 4431 788 4500 comprehensa.
824 4445 947 4499 quae
972 4398 1396 4485 Emarcus'W'ei
1428 4431 1663 4506 legenda
1691 4439 1745 4488 et
1784 4398 1977 4489 obser-
1999 4398 2055 4466 D

362 4517 543 4571 vanda
570 4516 789 4588 optulit,
814 4533 1035 4571 servare
1063 4533 1173 4572 non
1194 4517 1424 4574 studuit.
1460 4522 1629 4587 (Mett.
1665 4518 1795 4594 [R.])
1828 4519 1980 4575 Nort—

366 4610 551 4663 manni
605 4610 801 4664 urbem
851 4610 1179 4684 Andegavis,
1239 4612 1396 4683 quasi
1459 4612 1517 4666 in
1563 4630 1627 4668 ea
1657 4612 1978 4678 habitaturi,

364 4717 491 4779 cum
526 4702 641 4755 suis
669 4702 925 4757 omnibus
954 4710 1247 4774 occupant.
1301 4704 1377 4758 Ad
1437 4722 1600 4776 quam
1642 4722 1976 4782 oppugnan-

369 4793 494 4847 dam
526 4793 746 4849 Carolus
776 4810 890 4859 rex,
932 4795 1108 4850 ascito
1141 4795 1433 4852 Salomone
1480 4798 1766 4854 Britonum
1827 4815 1980 4874 rege,

368 4889 556 4961 multis
578 4889 777 4945 diebus
803 4906 922 4945 eam
949 4892 1188 4948 obsedit.
1209 4893 1317 4948 Sed
1346 4909 1469 4948 cum
1528 4893 1887 4949 Nortlnnanni
1912 4892 1979 4947 ad

367 4977 815 5049 desperationem
856 4979 1078 5035 adducti
1131 4980 1386 5045 fuissent,
1447 4999 1538 5036 rex
1596 4982 1765 5037 invito
1822 4998 1982 5035 exer—

365 5065 501 5148 citu,
530 5066 765 5137 pecunia
789 5066 856 5121 ab
880 5068 960 5122 eis
992 5078 1241 5139 accepta,
1280 5085 1563 5141 egressum
1628 5069 1710 5123 eis
1760 5069 1978 5135 annuit,

356 5156 560 5226 eisque
587 5156 691 5212 hoc
712 5163 869 5229 pacto
902 5158 1092 5228 pejora
1115 5158 1550 5215 faciendilocum
1574 5157 1727 5212 dedit
1746 5158 1883 5229 (184)

550 5291 562 5303 .
854 5252 944 5306 ‘21.
1234 5252 1322 5306 32.
1613 5252 1663 5305 7.

550 5291 562 5303 .
854 5255 873 5280 ι’
932 5294 944 5306 .
1276 5252 1322 5306 2.
1654 5292 1663 5302 .

438 5249 1089 5407 (slzfldmomctjgsolito
1123 5252 1437 5391 rutifantior
1482 5252 1752 5408 appa7ruit.
1788 5341 1982 5426 subita

2075 537 2133 585 ut
2165 532 2218 585 in
2252 528 2488 585 Saxonia
2516 528 2642 583 villa
2681 527 2931 599 qutedam
2985 526 3150 599 longe
3201 542 3232 580 a
3277 522 3618 581 torrentibus
3645 529 3703 577 et

2076 620 2399 675 ﬂuminibus
2425 626 2653 684 remota,
2680 619 2734 672 in
2763 626 3049 673 momento
3113 626 3237 671 cum
3274 614 3602 670 hominibus
3641 620 3702 666 et

2074 708 2425 775 bestiis,cum
2455 707 2745 762 arboribus
2775 716 2830 760 et
2882 703 3151 769 aedificiis,
3193 720 3317 758 cum
3361 700 3620 757 azcclesia
3645 706 3703 753 et

2074 801 2229 855 altari
2288 799 2507 871 penitus
2569 798 2789 852 absorta
2834 796 2904 851 sit
2958 802 3014 851 et
3061 794 3272 849 nullum
3331 790 3705 848 habitationis

2073 891 2399 946 remanserit
2440 889 2754 961 vestigium.
2788 891 2935 945 Matt.
2984 885 3115 959 [R.])
3157 884 3485 940 Ludowicns
3523 883 3706 951 impe-

2072 989 2220 1036 rator
2245 981 2299 1033 in
2334 979 2484 1034 [talia
2519 979 2767 1043 moritur,
2797 985 2850 1031 et
2894 984 3123 1047 patruus
3166 991 3300 1029 suus
3332 972 3568 1027 Karolus
3599 987 3701 1024 rex

2072 1077 2403 1131 Francorum
2440 1076 2661 1129 Romam
2696 1073 2894 1146 pergit,
2919 1080 2974 1126 et
3020 1072 3269 1126 Jolianne
3306 1085 3451 1140 papa
3483 1076 3537 1121 et
3580 1067 3700 1120 Ro-

2074 1165 2250 1218 manis
2265 1180 2363 1234 per
2393 1179 2621 1217 munera
2685 1161 2793 1215 sibi
2846 1160 3173 1225 conciliatis,
3201 1159 3508 1229 imperator
3528 1172 3697 1210 crea-

2074 1261 2181 1320 tur,
2213 1261 2267 1308 et
2300 1253 2530 1321 imperat
2581 1250 2742 1305 annis
2794 1249 2993 1304 tribus.
3052 1249 3159 1302 Sed
3192 1248 3242 1302 ei
3297 1246 3481 1301 statim
3516 1262 3550 1299 a
3580 1245 3698 1298 Lu-

2072 1346 2282 1401 dowico
2314 1345 2475 1399 fratre
2503 1359 2602 1399 suo
2634 1342 2839 1397 bellum
2873 1347 3116 1413 paratur,
3171 1339 3320 1411 quod
3377 1354 3438 1393 se
3492 1338 3699 1392 incon-

2074 1434 2217 1488 sulto
2241 1433 2390 1488 solus
2459 1432 2751 1501 imperium
2802 1430 3078 1485 fratruelis
3134 1427 3505 1498 usurpaverit.
3568 1428 3699 1496 (Ιὸ.)

2074 1524 2323 1577 Britones
2348 1539 2477 1595 rege
2499 1537 2599 1575 suo
2628 1521 2922 1576 Salomone
2952 1527 3191 1586 mortuo,
3210 1534 3306 1588 pro
3326 1517 3699 1572 contentione

2073 1614 2339 1688 regnandi
2370 1612 2634 1667 intestino
2664 1613 2806 1667 inter
2842 1628 2901 1667 se
2919 1610 3065 1665 bello
3087 1609 3427 1665 colliduntur
3454 1626 3469 1675 ;
3498 1607 3699 1677 sicque

2074 1706 2230 1762 inviti
2263 1713 2479 1761 cessant
2513 1722 2543 1760 a
2574 1705 2759 1760 Galliae
2817 1703 3166 1761 exterminio.
3223 1702 3420 1771 (Fuld.)
3465 1701 3700 1755 Karolus

2074 1798 2373 1869 imperator
2394 1805 2515 1869 post
2544 1798 2803 1868 adeptum
2861 1796 3154 1867 imperium
3186 1795 3330 1849 ultra
3378 1810 3441 1848 se
3490 1793 3698 1858 elatus,

2073 1890 2505 1945 consuetudines
2555 1888 2884 1943 Francorum
2921 1887 3293 1957 vilipendeus,
3328 1884 3533 1937 Grecas
3576 1882 3701 1956 glo-

2076 1981 2184 2034 rias
2204 1988 2258 2034 et
2282 1980 2531 2035 insolitos
2561 1979 2782 2033 habitus
2809 1977 3117 2042 affectabat,
3145 1986 3198 2031 et
3222 1976 3374 2031 talari
3397 1974 3699 2029 dalmatica

2077 2070 2301 2123 indutus
2326 2077 2380 2123 et
2400 2069 2639 2139 desuper
2668 2068 2850 2123 balteo
2882 2067 3161 2121 accinctus
3192 2065 3472 2136 pendente
3513 2079 3698 2134 usque

2072 2158 2138 2213 ad
2169 2158 2363 2228 pedes,
2392 2157 2571 2228 capite
2604 2173 2733 2211 vero
2764 2157 3010 2212 involuto
3055 2154 3328 2211 velamine
3375 2153 3586 2220 serico,
3641 2158 3697 2206 et

2072 2248 2379 2304 diademate
2411 2248 2862 2320 superimposito,
2887 2245 3242 2318 procedebat.
3277 2245 3486 2300 Etcum
3542 2252 3701 2299 esset

2072 2342 2260 2413 lepore
2284 2343 2547 2408 timidior,
2582 2350 2636 2397 et
2666 2344 2855 2397 hostes
2886 2340 3076 2415 fugere
3107 2357 3270 2411 quam
3303 2340 3495 2412 fugare
3527 2354 3697 2409 para-

2073 2432 2200 2497 tior,
2233 2432 2453 2486 fratrem
2493 2448 2655 2486 suum
2702 2430 3054 2485 Ludowicum
3087 2427 3414 2487 lacessebat.
3452 2428 3700 2481 minatus

2075 2532 2255 2579 tantas
2294 2526 2481 2595 c0pias
2511 2541 2568 2579 se
2602 2524 3023 2589 conducturum,
3081 2531 3139 2577 ut
3164 2521 3234 2576 ab
3274 2520 3434 2592 equis
3464 2519 3701 2574 ﬂumine

2079 2618 2367 2685 exhausto,
2392 2618 2508 2689 ipse
2541 2616 2865 2688 peraridum
2880 2615 3094 2671 alveum
3124 2612 3427 2671 Germaniae
3460 2627 3698 2688 regnum

2082 2707 2325 2763 intraret.

2188 2800 2315 2855 877.
2571 2800 2623 2853 1.
2896 2798 2985 2853 33.
3242 2798 3297 2864 8,

2153 2892 2401 2947 Heiricus
2427 2892 2733 2948 monachus
2762 2892 2928 2947 vitam
2950 2890 3126 2945 sancti
3161 2889 3417 2944 Germani
3450 2889 3702 2944 Antisio-

2079 2984 2349 3051 dorensis,
2382 2984 2605 3040 heroico
2661 2992 2836 3039 metro
2893 2984 2947 3037 in
2995 2997 3090 3037 sex
3132 2981 3342 3037 libellis
3387 2980 3709 3038 luculenter

2002 3080 2370 3161 Cexaratam,
2428 3071 2622 3129 Karolo
2676 3072 2996 3142 imperatori
3042 3070 3259 3127 obtulit.
3319 3072 3503 3141 (Matt.
3570 3068 3704 3144 [R.])

2086 3166 2411 3221 Ludowicus
2455 3181 2549 3221 rex
2611 3165 3001 3221 Germanorum
3069 3164 3320 3231 moritur,
3372 3164 3708 3235 relinquens

2086 3263 2196 3311 tres
2239 3256 2382 3313 filios
2422 3272 2554 3313 suos
2609 3256 2864 3324 heredes,
2924 3255 3272 3311 Ludowicum
3322 3255 3607 3326 juniorem
3646 3261 3703 3309 et

2085 3346 2361 3413 Karolum,
2384 3347 2476 3418 qui
2510 3361 2621 3401 non
2675 3345 2851 3401 multo
2910 3353 3033 3415 post
3078 3342 3389 3414 imperavit,
3423 3352 3481 3397 et
3511 3342 3709 3397 Karlo-

2082 3454 2343 3492 mannum
2385 3444 2594 3508 patrem
2629 3436 2837 3492 Arnulfi
2865 3435 3232 3507 imperatoris.
3263 3433 3493 3493 Karolus
3518 3433 3708 3506 impe—

2081 3533 2229 3581 rator
2256 3526 2326 3580 de
2355 3534 2530 3593 morte
2563 3526 2745 3580 fratris
2769 3524 2856 3579 sui
2888 3524 3126 3592 gavisus,
3159 3522 3506 3591 injustitiam,
3536 3537 3706 3592 quam

2080 3626 2273 3673 contra
2300 3617 2524 3672 fratrem
2563 3624 2922 3689 conceperat,
2973 3622 3165 3671 contra
3194 3613 3534 3669 filiosfratris
3572 3630 3709 3684 per-

2078 3705 2244 3761 ﬁcere
2300 3714 2541 3777 paratus,
2596 3723 2720 3762 cum
2770 3704 3175 3778 quinquaginta
3226 3712 3282 3757 et
3332 3718 3398 3758 eo
3454 3703 3705 3773 amplius

2079 3797 2363 3853 hominum
2396 3797 2623 3852 milibus
2659 3813 2887 3871 regnum
2943 3811 3135 3851 eorum
3175 3810 3497 3869 aggressus,
3533 3792 3703 3849 Colo-

2082 3888 2229 3943 niam
2258 3905 2431 3961 usque
2486 3888 2658 3953 venit,
2718 3876 2847 3943 filiis
2888 3887 3167 3943 Ludowici
3201 3886 3338 3941 alias
3382 3886 3696 3957 occupatis.

2083 3979 2408 4037 Ludowicus
2428 3980 2617 4050 junior
2645 3981 2918 4051 legatione
2947 3980 3013 4033 ad
3055 3988 3306 4050 patruum
3334 3978 3505 4033 missa
3534 3994 3706 4053 roga-

2084 4067 2176 4123 bat
2203 4086 2288 4135 ea,
2321 4086 2442 4140 quae
2470 4068 2622 4140 pacis
2679 4074 2825 4123 sunt.
2877 4067 3031 4134 Quod
3090 4084 3215 4122 cum
3247 4067 3551 4137 impetrare
3585 4082 3700 4121 non

2080 4167 2285 4229 posset,
2336 4160 2573 4215 viriliter
2601 4176 2727 4215 eum
2777 4159 2926 4214 bello
2957 4160 3194 4230 excepit,
3216 4175 3459 4230 eumque
3489 4159 3701 4214 victum

2079 4265 2203 4304 cum
2252 4249 2424 4304 nimio
2482 4249 2757 4305 exercitus
2810 4248 3011 4304 damno
3067 4254 3121 4303 et
3185 4248 3357 4302 multo
3420 4247 3703 4303 dedecore

2079 4341 2271 4416 fugere
2323 4341 2610 4412 compulit.
2667 4342 2869 4411 (Fuld.)
2923 4341 3221 4414 Ingruente
3280 4340 3335 4393 in
3404 4340 3703 4396 Germania

2081 4449 2341 4504 pecorum
2389 4432 2727 4505 pestilentia,
2774 4433 2904 4488 dum
2961 4448 3128 4488 canes
3186 4431 3434 4503 undique
3483 4432 3704 4488 collecti

2081 4523 2443 4579 cadaveribus
2483 4523 2889 4589 incumberent,
2929 4522 3005 4577 ita
3058 4521 3480 4593 disparuerunt,
3508 4528 3571 4576 ut
3600 4538 3704 4576 nec

2080 4613 2188 4668 vivi
2211 4628 2314 4668 nec
2344 4613 2543 4668 mortui
2581 4612 2980 4684 reperirentur.

2152 4705 2274 4759 878.
2549 4705 2604 4759 2.
2882 4705 2970 4759 34.
3243 4704 3278 4757 9

2154 4795 2321 4863 (Mett.
2381 4792 2511 4866 [R.])
2576 4793 2803 4850 Karolus
2852 4794 3152 4864 imperator
3188 4792 3419 4848 Romam
3450 4794 3703 4850 secundo

2081 4886 2382 4956 profectus,
2435 4886 2659 4953 Bosoni,
2716 4902 2985 4961 germano
3052 4884 3238 4941 uxoris
3291 4900 3431 4953 suae,
3473 4897 3702 4956 neptem

2082 4992 2258 5039 suam,
2291 4973 2459 5029 filiam
2508 4976 2787 5031 Ludowici
2840 4974 3210 5046 imperatoris,
3261 4989 3492 5030 uxorem
3526 4975 3704 5043 dedit,

2083 5078 2138 5125 et
2165 5071 2289 5124 data
2316 5070 2367 5124 ei
2425 5069 2732 5137 Provincia,
2784 5071 2840 5125 in
2899 5087 3082 5144 regem
3124 5086 3249 5125 eum
3307 5072 3621 5136 coronavit,
3647 5080 3708 5125 ut

2083 5164 2245 5219 etiam
2270 5162 2494 5237 regibus
2526 5163 2800 5234 imperare
2829 5162 3128 5219 videretur.
3165 5162 3264 5226 Qui
3311 5162 3554 5237 audiens
3587 5162 3706 5218 fra-

2082 5253 2287 5308 trueles
2335 5234 2466 5307 suos
2514 5251 2937 5335 Karlomaiinutii
2988 5258 3040 5306 et
3094 5250 3351 5315 Karoluui
3400 5234 3610 5317 contra
3648 5269 3708 5311 se

2084 5345 2384 5421 exercitum
2418 5345 2717 5409 adducere,
2761 5360 2965 5415 pavore
3008 5343 3222 5398 solutus
3261 5342 3505 5398 reditum
3532 5352 3705 5416 parat,

1723 5474 1943 5529 VARI/li
1966 5476 2234 5531 LECTION
2245 5476 2340 5530 ES.

439 5571 507 5605 ¹⁶²
536 5575 614 5627 ita
646 5573 765 5637 Sig.
799 5570 1043 5637 corrupit
1063 5583 1254 5621 mnum
1275 5570 1533 5623 Einardi.
1567 5574 1712 5640 quod
1742 5578 1800 5629 in
1829 5576 1976 5630 Ann.
2004 5576 2156 5630 Fuld.
2187 5577 2413 5642 legebat.

1922 5683 2133 5739 ΝΟΤΧΕ.

441 5749 584 5819 (184)
613 5749 673 5803 Α.
705 5747 827 5802 873.
861 5746 998 5815 Reg.
