3876 6208
120 283 226 338 169

1787 268 2133 348 CHRONICA.

3370 295 3473 352 170

129 411 185 459 et
210 405 363 459 inter
382 404 746 460 redeundum
775 423 805 461 a
843 407 1083 479 quodam
1110 408 1375 464 Sedechia
1396 411 1587 465 Judzeo
1621 411 1763 466 male
1789 418 1844 486 Α
1866 422 2146 488 vagantes,
2179 412 2479 481 Ambianis,
2510 414 2800 484 Atrebatis,
2858 416 3166 486 Corbeiam,
3220 418 3472 474 Camera-

133 494 486 565 potionatus,
518 494 757 549 Mantuae
796 496 1043 550 moritur.
1080 497 1246 551 Filius
1295 499 1415 567 ejus
1442 500 1765 555 Ludowicus
1867 520 2014 569 cum,
2043 503 2401 570 Tarvennam,
2458 502 2597 558 fines
2649 504 3007 574 Morinorum,
3066 507 3464 581 Menapiorum,

141 591 520 658 cognomento
560 584 777 653 Balbus,
808 585 1085 639 secundus
1102 586 1769 660 postdivisionemregnat
1870 595 2337 661 Bracbatensium,
2371 612 2702 669 omnemque
2747 598 2893 652 circa
2950 599 3206 654 scaldum
3249 603 3473 657 ίιυνίυιη

142 675 197 728 in
229 675 462 730 anCia
483 676 648 730 annis
676 675 915 731 d110bl15-
947 676 1142 731 ³ιιιιίοΐ
1195 694 1324 733 VCI‘O
1365 678 1592 733 KarOIUS
1620 678 1769 734 ﬁlius
1870 694 2090 753 terram,
2113 688 2446 742 monasteria
2474 696 2788 743 sanctorum
2840 688 3095 745 Walarici
3125 698 3180 745 et
3211 691 3473 759 Ricliarii,

144 760 425 818 Ludowici
458 764 858 819 Germanorum
885 765 1049 837 regis,
1078 765 1368 836 imperium
1401 767 1634 838 adeptus
1663 776 1765 834 est,

140 856 531 911 annitentibus
561 856 670 911 sibi
705 857 1033 929 quibusdam
1066 858 1337 913 nobilium
1365 860 1765 925 Romanorum;

142 948 401 1002 lolianne
440 955 624 1003 autem
654 966 795 1020 papt
829 960 1114 1021 satagente
1145 949 1435 1022 imperium
1476 950 1770 1007 transferre

146 1040 216 1092 ad
310 1040 671 1095 Ludowicum
729 1041 953 1095 Balbum
1042 1041 1212 1095 lilium
1273 1059 1467 1096 recens
1531 1043 1774 1096 defuncti

149 1128 333 1183 liaroli
368 1129 745 1199 imperatoris.

220 1239 353 1294 879.
504 1240 569 1294 R.
626 1241 678 1294 1.
860 1241 916 1294 F.
990 1243 1040 1296 1.
1298 1241 1353 1297 C.
1398 1243 1487 1297 10.

225 1332 742 1399 (Fuld.).lobannes
790 1348 932 1402 papa
987 1348 1020 1386 a
1051 1332 1313 1387 Romanis
1360 1331 1670 1401 injuriatus,
1704 1332 1776 1388 ita

152 1435 213 1479 ut
245 1426 421 1480 etiam
452 1426 507 1479 in
536 1425 787 1481 custodia
816 1432 1120 1492 teneretur,
1176 1442 1274 1496 pro
1314 1441 1381 1482 eo
1408 1427 1556 1498 quod
1586 1426 1777 1482 Karolo

170 1532 288 1571 non
309 1516 555 1585 favebat,
589 1518 643 1572 in
678 1517 957 1572 Franciam
1015 1519 1246 1573 veniens
1292 1534 1417 1573 cum
1443 1536 1571 1593 rege
1601 1519 1779 1574 Ludo-

153 1610 297 1664 wico
331 1608 502 1664 Baldo
555 1624 716 1679 paene
768 1625 973 1664 annum
1034 1620 1280 1665 moratus
1311 1618 1412 1664 est.
1453 1610 1783 1666 Northman-

1870 776 2014 830 ferro
2038 786 2092 830 et
2113 776 2223 849 igni
2267 777 2553 831 devastant
2608 777 2772 846 (Matt.
2830 776 2955 851 ΠΜ)
3013 778 3147 833 Inde
3194 779 3313 834 Wal
3374 780 3481 836 ilu-

1870 868 2017 922 vium
2048 867 2306 941 ingressi,
2342 875 2508 923 totam
2542 868 2787 937 Batuam,
2814 869 3073 939 palatium
3120 869 3284 924 etiam
3311 870 3482 938 [Neo-

1876 958 2019 1031 magi
2051 958 2372 1013 incendunt.
2408 956 2607 1011 Eodem
2663 973 2807 1013 anno
2839 958 3165 1013 Godefridus
3187 968 3240 1013 et
3266 958 3482 1033 Sigil‘rE-

1878 1051 1981 1104 dus
2012 1067 2168 1122 reges
2195 1050 2691 1105 Nortlimannorum
2724 1068 2847 1106 cum
2884 1051 3257 1107 inaestimabili
3293 1054 3484 1109 multi-

1880 1143 2069 1197 tudine
2093 1143 2245 1210 juxta
2266 1143 2469 1199 Mosam
2495 1144 2549 1197 in
2572 1144 2691 1199 loco
2716 1143 2912 1199 llaslon
2935 1144 3078 1216 (186)
3107 1145 3483 1211 considentes,

1878 1233 2163 1300 [.eodium,
2190 1233 2518 1303 Trajectum,
2546 1233 2801 1306 Tungris,
2829 1233 3110 1289 Coloniam
3134 1234 3482 1307 Agripinam,

1877 1320 2120 1376 Bonnam
2155 1321 2221 1355 ¹⁶⁴
2251 1337 2373 1375 cum
2413 1320 2794 1389 adjacentibus
2828 1321 3069 1376 castellis
3107 1323 3436 1377 comburunt
3472 1342 3487 1387 ;

1876 1410 2044 1482 Aquis
2083 1411 2136 1464 in
2170 1409 2371 1480 palatio
2402 1423 2579 1486 equos
2609 1408 2974 1477 stabulantes,
3006 1409 3274 1481 oppidum
3310 1417 3363 1465 et
3391 1428 3491 1482 pa-

1882 1498 2069 1553 latium
2111 1498 2459 1563 incendunt;
2492 1505 2742 1568 preterea
2795 1498 3129 1553 monasteria
3178 1498 3490 1565 Stabulaus,

1882 1589 2363 1657 Malmundarium,
2405 1588 2613 1653 lndam,
2673 1588 2963 1643 Prumiam.
3024 1589 3198 1657 (Fuld.
3241 1592 3361 1651 881)
3395 1592 3494 1645 Sa-

154 1715 365 1754 norum
397 1701 520 1771 plus
549 1677 713 1771 quam
744 1700 992 1771 quinque
1022 1700 1173 1755 milia
1196 1717 1228 1756 α
1258 1702 1478 1756 Francis
1525 1702 1580 1755 ίη
1609 1702 1779 1756 Gallia
1804 1760 1852 1771 _
1880 1681 1954 1734 cri
1980 1679 2191 1734 ordinis
2222 1679 2275 1732 in
2308 1686 2537 1748 utroque
2594 1693 2727 1731 sexu
2782 1677 3036 1741 ministri,
3079 1677 3173 1731 ubi
3242 1686 3499 1749 poterant

156 1807 311 1845 caesa
336 1760 484 1844 sunt.
542 1760 653 1845 lloc
698 1760 943 1862 tempore
981 1792 1125 1862 (185)
1170 1793 1411 1848 clarebat
1438 1793 1562 1848 Milo
1588 1760 2229 1849 ῐηοηα-Βοροτῑυηίαδν
2275 1773 2541 1840 latebam,
2597 1780 2652 1862 {3’-
2708 1780 3022 1862 sa‘lcmrum
3069 1788 3300 1843 corpora
3331 1783 3385 1829 οι
3412 1774 3498 1845 Ρίσ

156 1882 304 1936 chus
330 1882 401 1935 de
466 1881 640 1935 sancti
699 1881 951 1947 Amandi,
1002 1882 1097 1952 qui
1137 1882 1303 1937 vitam
1334 1882 1506 1938 sancti
1539 1883 1780 1937 Amandi

160 1974 401 2028 metrice
427 1973 622 2038 edidit,
655 1980 710 2027 et
733 1972 930 2027 librum
973 1972 1043 2027 de
1098 1973 1399 2029 sobrietate
1426 1975 1495 2027 ad
1528 1972 1785 2030 Karolum

166 2067 397 2122 Calvum
426 2067 665 2138 scripsit.
690 2067 805 2121 Sub
835 2068 939 2123 hoc
978 2067 1179 2123 Milone
1232 2068 1585 2123 adolescebat
1620 2069 1786 2124 etiam

158 2171 348 2227 nepos
377 2156 500 2223 ejus
530 2155 831 2221 Hubalbus,
846 2156 939 2227 qui
958 2155 1014 2209 in
1034 2156 1568 2227 septemliberalium
1587 2158 1786 2212 artium

165 2247 370 2318 peritia
403 2248 605 2314 clarus,
633 2246 856 2321 egregie
888 2254 1086 2317 praeter
1109 2254 1309 2302 caetera
1348 2248 1402 2302 in
1433 2249 1644 2305 musica
1673 2250 1783 2304 cla-

168 2343 303 2409 ruit,
331 2348 387 2397 et
413 2342 483 2396 de
542 2342 730 2397 multis
758 2342 965 2397 sanctis
1010 2348 1205 2397 cantus
1255 2342 1403 2397 dulci
1451 2353 1506 2399 et
1551 2344 1784 2415 regulari

163 2433 548 2489 modulatione
578 2434 910 2504 composuit.

241 2546 372 2601 880.
629 2546 688 2600 2.
996 2546 1050 2602 2.
1343 2547 1429 2601 11.

239 2638 447 2708 (Fuld.)
480 2637 572 2692 Sol
606 2636 862 2692 horadiei
904 2652 1051 2691 nona
1105 2636 1180 2691 ita
1224 2637 1556 2692 obscuratus
1593 2644 1699 2703 est,
1732 2642 1792 2690 ut

171 2730 345 2783 stellze
399 2730 453 2782 in
503 2728 638 2783 mlo
680 2734 1011 2797 apparerent
1086 2730 1254 2795 (Matt.
1301 2726 1430 2800 [R.])
1482 2728 1593 2782 Rex
1625 2728 1793 2782 Fran-

174 2836 366 2875 corum
423 2817 758 2872 Ludowicus
808 2816 1008 2871 Balbus
1055 2818 1310 2883 moritur,
1364 2833 1593 2874 uxorem
1636 2834 1791 2872 suam

1881 1880 2055 1937 gncra
2084 1862 2220 1919 locis
2238 1862 2529 1917 tutioribus
2572 1860 2994 1916 absconderant.
3029 1862 3122 1928 (A.
3174 1862 3336 1927 Vcd.,
3362 1861 3490 1932 879)

1886 1956 1964 2010 Ad
1998 1956 2117 2010 hinc
2146 1955 2290 2009 mala
2322 1954 2460 2027 Hug,
2483 1951 2627 2008 filius
2658 1952 2895 2007 Lotharii
2930 1953 3075 2026 regis
3106 1968 3171 2008 ex
3206 1953 3500 2008 Waldrada

1887 2051 2088 2122 pelice,
2112 2050 2168 2103 in
2202 2049 2573 2122 Lotharingia,
2604 2054 2658 2101 et
2688 2048 2834 2104 Roso
2859 2048 3333 2119 suprascriptusin
3362 2049 3502 2104 Bur-

1888 2145 2097 2218 gundia
2121 2143 2562 2215 tyrannizabant.

1955 2254 2079 2309 883.
2370 2254 2423 2309 5.
2705 2252 2758 2306 3.
3050 2252 3138 2308 14.

1961 2348 2124 2413 (Matt.
2161 2342 2295 2415 |R.])
2334 2342 2695 2398 Nortlimanni
2746 2342 2940 2397 urbem
2996 2342 3273 2398 Treverim
3309 2343 3502 2398 incen-

1890 2437 2045 2501 dunt,
2072 2445 2126 2490 et
2156 2435 2361 2489 Mettim
2386 2451 2562 2505 usque
2602 2434 2956 2505 portendunt,
3017 2433 3208 2505 ibique
3240 2443 3497 2488 conserto

1891 2528 2063 2599 prelio
2091 2527 2419 2581 christianos
2441 2525 2688 2580 vincunt.
2723 2526 2783 2579 In
2815 2526 2918 2581 hoc
2967 2524 3143 2595 prelio
3180 2524 3332 2581 \Valo
3364 2525 3501 2580 Met-

1893 2626 2127 2681 tensium
2161 2625 2458 2695 episcopus
2488 2638 2666 2677 caesus
2687 2630 2793 2678 est.

1962 2739 2085 2795 881.
2366 2738 2418 2789 εί.
2700 2735 2750 2789 4.
3030 2735 3123 2789 15.

1968 2830 2047 2895 (Ιὸ
2080 2829 2095 2898 )
2124 2827 2352 2882 Karolus
2401 2826 2700 2897 imperator
2749 2841 2780 2879 a
2828 2823 2997 2878 Gallis
3048 2830 3103 2879 et
3130 2823 3415 2879 Germanis
3440 2824 3508 2879 ad

172 2928 242 2967 ex
266 2927 327 2965 se
357 2909 640 2985 gravidam
683 2908 1022 2980 relinquens.
1084 2910 1158 2965 De
1203 2925 1374 2982 regno
1426 2910 1547 2978 ejus
1578 2909 1798 2963 Francis

1911 2919 2271 2976 auxiliandum
2302 2932 2473 2991 regno
2518 2923 2796 2981 evocatus,
2829 2915 3236 2970 Northmannos
3267 2914 3506 2971 obsidet.

176 3005 328 3060 varie
369 3002 783 3073 sentientibus,!
801 3002 927 3056 aliis
958 3002 1094 3057 illud
1123 3001 1252 3057 filiis
1308 3002 1586 3057 Ludowici
1646 3002 1795 3057 Balbi

1901 3009 2029 3065 Cum
2059 3024 2168 3080 quo
2197 3006 2526 3061 Godefridus
2548 3021 2641 3060 rex
2661 3005 2802 3060 facto
2841 3004 3069 3073 fmdere,
3102 3012 3161 3059 ut
3190 3004 3296 3058 sibi
3330 3004 3513 3059 Fresia

173 3113 241 3152 ει
265 3094 584 3151 concubina
608 3092 1228 3199 delfefi‘lu‘diFﬂmibusf
1260 3093 1387 3147 aliis
1428 3094 1629 3199 ἷξοεοηί
1670 3093 1802 3147 Ρτο-
1828 3130 1879 3199 C
1901 3100 2175 3173 provintia
2203 3107 2258 3155 et
2290 3100 2436 3154 Gisla
2489 3099 2602 3153 tilia
2655 3099 2892 3155 Lotharii
2935 3100 3079 3172 regis
3108 3114 3245 3153 uxor
3270 3098 3513 3165 daretur,

173 3185 364 3240 vintiae
394 3184 587 3256 regulo
645 3182 716 3237 ad
764 3182 900 3236 illud
954 3181 1156 3252 injuste
1212 3181 1567 3236 invalendum
1597 3196 1793 3235 assen-

178 3276 473 3341 tientibus,
510 3274 633 3329 aliis
653 3288 785 3328 vero
816 3273 947 3327 illud
968 3289 1141 3347 regno
1167 3272 1482 3329 Germaniae
1516 3272 1791 3327 resociare

175 3368 519 3433 volentibus,
569 3366 811 3422 nascitur
841 3366 1062 3421 interim
1095 3381 1159 3421 ex
1210 3366 1458 3440 legitima
1487 3381 1657 3421 uxore
1690 3365 1797 3420 Lu-

1901 3189 2213 3261 baptizatus
2254 3197 2359 3255 est,
2392 3194 2447 3242 et
2477 3186 2546 3241 ab
2585 3186 2918 3258 imperatore
2948 3186 3017 3241 de
3054 3200 3211 3241 sacro
3242 3184 3393 3240 fonte
3422 3201 3514 3239 su-

1896 3286 2120 3350 sceptus
2153 3286 2256 3334 est.
2290 3277 2529 3352 Sigfrido
2570 3293 2793 3349 quoque
2822 3293 2953 3352 rege
2993 3276 3161 3331 nimis
3200 3282 3511 3343 munerato,

1900 3383 1999 3423 eos
2034 3384 2063 3422 a
2093 3382 2265 3440 regno
2297 3383 2398 3423 suo
2431 3366 2693 3421 recedere
2748 3366 2898 3421 fecit.
2934 3366 3033 3431 Qui
3061 3381 3186 3422 mox
3232 3365 3513 3421 Franciam

180 3459 381 3516 dowici
410 3457 567 3512 Balbi
635 3456 805 3523 ﬁlius,
860 3457 955 3528 qui
1019 3472 1089 3511 ex
1147 3456 1372 3511 nomine
1427 3456 1513 3510 avi
1574 3456 1800 3511 Karolus
1900 3464 2238 3528 repetentes,
2271 3462 2392 3527 post
2428 3455 2627 3511 multas
2689 3455 3035 3511 incursiones
3076 3472 3106 3510 a
3153 3455 3515 3512 Karlomanno

182 3550 504 3606 nominatus
531 3553 630 3603 est.
698 3546 819 3601 Filii
863 3555 1047 3601 tamen
1086 3546 1361 3601 Ludowici
1403 3545 1553 3601 Balbi
1583 3562 1649 3601 ex
1675 3561 1802 3601 eon-

180 3643 411 3709 cubina,
474 3639 801 3695 Ludowicus
852 3646 908 3694 et
960 3639 1357 3694 Karlomannus
1410 3639 1543 3694 dicti
1577 3638 1798 3694 interim

1903 3563 2031 3619 rege
2062 3549 2394 3602 Francorum
2426 3547 2719 3602 duodecim
2750 3547 2899 3602 milia
2929 3546 3138 3621 argenti
3171 3547 3389 3617 probati
3419 3562 3517 3618 pro

1903 3637 2107 3693 tributo
2138 3636 2382 3709 exigunt,
2426 3641 2480 3689 et
2511 3635 2591 3689 sic
2639 3635 2694 3689 in
2756 3636 3051 3691 duodecim
3093 3652 3269 3692 annos
3321 3652 3516 3708 pacem

183 3752 421 3809 regnum
471 3735 800 3790 Francorum
850 3734 992 3789 inter
1060 3750 1121 3789 se
1198 3734 1531 3802 dividentes,
1574 3741 1804 3807 regnant
1903 3724 2311 3797 promittentes,
2337 3739 2486 3777 mare
2548 3731 2820 3793 repetunt.
2882 3724 3087 3794 (Ριου.)
3123 3725 3236 3779 Hoc
3270 3734 3517 3796 tempore

188 3826 352 3881 annis
410 3830 650 3896 quatuor
698 3824 785 3887 ηδ,
860 3829 916 3877 et
968 3822 1239 3879 Bosonem
1326 3838 1549 3893 semper
1613 3838 1806 3893 perse-

1906 3814 2172 3871 llodulfus
2190 3813 2411 3885 quidam
2442 3828 2643 3882 corpus
2672 3813 2848 3868 sancti
2882 3813 3061 3869 Calisti
3088 3831 3243 3885 papa:
3274 3824 3329 3869 et
3366 3831 3520 3870 mar-

191 3915 302 3970 cuti
330 3923 480 3969 sunt.
536 3914 663 3985 (1b.)
719 3913 778 3967 In
836 3912 973 3968 silva
1012 3912 1253 3968 Frauciae
1305 3912 1642 3968 Carbonaria
1688 3911 1813 3983 plus
1910 3903 2100 3974 tyrisa
2148 3901 2392 3957 Romana
2448 3901 2584 3956 urbe
2650 3900 2706 3955 ίῐι
2761 3901 3041 3956 FranCiam
3090 3902 3345 3957 ῑΐδῐιεῖθτι
3378 3920 3392 3967 ;
3427 3903 3523 3974 qui

192 4021 358 4076 quam
392 4020 595 4060 novem
647 4003 802 4058 milia
852 4003 1359 4060 Northmannorum
1389 4020 1421 4058 a
1462 4003 1682 4059 Francis
1702 4019 1802 4059 οξε-

1914 3993 2147 4048 Calistus
2163 3992 2434 4063 jejunium
2476 3998 2713 4063 quatuor
2742 3998 3052 4064 temporum
3077 3992 3344 4047 celebrari
3374 3993 3528 4047 insti-

193 4094 425 4149 duntur.

267 4205 394 4262 881.
654 4207 708 4262 1.
955 4208 1005 4261 1.
1263 4205 1352 4261 12.

267 4299 502 4354 Karolus
550 4299 868 4370 imperator,
925 4299 1092 4355 fratre
1150 4315 1250 4355 suo
1312 4299 1681 4356 Karlomanno
1714 4301 1815 4355 de-

1915 4086 2019 4142 tuit
2048 4087 2133 4142 ³⁸⁵.

2100 4260 2109 4272 .
2402 4217 2455 4270 5.
2750 4216 2804 4273 5.
3076 4214 3166 4268 16.

2100 4260 2109 4272 .
2424 4217 2455 4270 '.
2791 4260 2804 4273 .
3076 4216 3166 4268 16.

1986 4217 2158 4380 ῗξΙῗετ.
2191 4307 2322 4381 [R.])
2380 4216 2785 4364 Kharlomanno5
2814 4307 3140 4364 Francorum
3199 4321 3325 4381 rege
3374 4320 3530 4361 mor-

197 4388 412 4455 ίυηθίον
442 4397 497 4445 οἵ
537 4405 650 4445 ηοη
707 4392 877 4446 multo
936 4398 1061 4462 POSt
1109 4391 1404 4446 LndOWiCO
1451 4392 1623 4447 auem
1654 4391 1817 4449 fratre
1843 4471 1886 4476 _
1920 4415 2036 4472 tuo,
2078 4405 2235 4476 cujus
2262 4403 2426 4459 frater
2456 4403 2779 4459 Ludowicus
2799 4404 2911 4471 jam
2946 4401 3118 4474 priori
3136 4416 3281 4456 anno
3299 4399 3532 4465 obierat,

200 4493 303 4533 suo
332 4478 629 4534 immatura
660 4487 836 4535 morte
880 4486 1155 4550 prerepto,
1214 4487 1339 4550 post
1392 4481 1567 4535 claras
1620 4480 1691 4536 de
1720 4481 1802 4535 inii

1920 4494 2283 4550 Northmanni
2341 4492 2619 4548 Franciam
2678 4500 2956 4564 repetunt,
3016 4491 3266 4546 dicentes
3318 4504 3380 4543 se
3410 4503 3535 4542 cum

204 4565 369 4619 micis
400 4567 658 4623 victorias
682 4583 913 4642 regnum
943 4568 1249 4622 Germania:
1299 4567 1540 4638 eptinuit
1594 4568 1693 4640 (Cf.
1723 4571 1822 4641 ib.)

279 4671 408 4727 882.
690 4674 745 4729 2.
1024 4675 1078 4728 2.
1345 4674 1435 4731 13.

278 4766 609 4840 '(Mett.[R.])
662 4768 893 4823 Karolus
950 4769 1135 4824 Romae
1173 4785 1205 4823 a
1261 4785 1404 4840 papa
1454 4769 1706 4825 Johanne
1769 4770 1825 4824 in

206 4856 605 4927 imperatorem
638 4857 1006 4915 benedicitur.
1059 4860 1133 4929 (A
1178 4858 1411 4927 Vedast.)
1440 4859 1822 4929 Northmanni,

204 4948 485 5018 adjunctis
509 4949 619 5005 sibi
649 4950 840 5021 Danis,
868 4951 1152 5007 Franciam
1185 4960 1240 5007 et
1270 4950 1677 5027 Lotharingiam
1702 4969 1824 5025 per-

1925 4606 2055 4665 rege
2086 4589 2413 4645 Francorum
2447 4594 2680 4654 tantum,
2710 4602 2821 4642 non
2852 4602 2974 4641 cum
3008 4583 3228 4639 Francis
3256 4583 3409 4654 pacis
3442 4597 3540 4654 pe-

1927 4683 2128 4758 pigisse
2153 4688 2389 4753 pactum.
2425 4680 2560 4736 Hinc
2598 4679 2872 4751 compulsi
2922 4677 3111 4733 Franci
3156 4675 3411 4731 Karolum
3438 4675 3543 4731 im-

1927 4780 2233 4845 peratorem
2266 4771 2334 4825 ad
2361 4769 2732 4825 auxiliandum
2766 4769 2869 4822 sibi
2915 4767 3230 4834 invitantes,
3261 4765 3545 4821 Franciam

1928 4864 1978 4918 ei
2001 4862 2298 4918 subiciunt.
2359 4860 2460 4925 Qui
2508 4868 2699 4914 contra
2741 4859 3146 4915 Northmannos
3196 4856 3343 4928 apud
3373 4856 3548 4912 Leva-

1929 4953 2083 5007 nium
2114 4956 2290 5006 castra
2329 4954 2559 5003 metatos
2618 4946 2787 5002 semel
2820 4953 2873 5001 et
2939 4946 3026 5001 bis
3048 4945 3352 5002 exercitum
3377 4943 3547 5010 misit,

1578 5081 1797 5137 VARl/E
1829 5079 2207 5137 LECTIONES.

282 5179 351 5218 “3
380 5180 631 5255 quinque
663 5178 793 5236 82*.
825 5178 918 5233 C1.
952 5182 1001 5232 3.
1039 5181 1125 5235 4⁵.
1160 5180 1217 5235 D.
1264 5181 1331 5215 ¹⁶⁴
1400 5181 1647 5235 hunnam
1706 5179 1795 5235 C3.
1861 5182 1953 5236 μ’.
1996 5180 2056 5233 D.
2115 5180 2182 5214 ¹δ⁶
2237 5177 2346 5233 Hoc
2406 5205 2474 5217 —
2526 5174 2757 5231 instituit
2810 5176 3036 5244 Sig.,ut
3080 5175 3220 5239 vid.,
3263 5188 3381 5228 cur.
3437 5176 3554 5226 ter-

1774 5322 1982 5378 NOT/E.

211 5255 313 5309 (iis
346 5271 361 5321 ;
397 5252 519 5319 rell,

284 5430 428 5500 (185)
479 5427 714 5483 Multum
749 5435 904 5500 errat
964 5426 1015 5480 Si

1060 5428 1283 5481 ebertus
1338 5426 1391 5479 in
1421 5432 1713 5498 tempore.
1776 5427 1831 5480 In
1936 5425 2206 5498 Kal.Oct.
2240 5423 2517 5478 ordinatio
2539 5423 2812 5477 Hucbaldi
2841 5424 2897 5476 in
2923 5421 3249 5476 sacerdotem
3290 5433 3432 5470 mmo
3465 5417 3559 5469 Do-

284 5444 428 5500 Ηδῡ)
479 5444 714 5483 multum
761 5444 904 5481 errat
964 5444 1283 5552 Sigeiiertus
1338 5444 1391 5479 In
1448 5444 1713 5498 tempore.
1776 5444 1831 5480 In
1936 5444 2057 5481 nat.
2092 5444 2242 5501 uer“

213 5501 699 5563 necrologioenim
731 5497 785 5551 S.
840 5500 1071 5553 Amami
1134 5497 1463 5553 Elnonensis
1485 5514 1527 5551 s.
1588 5498 1649 5563 Χ,
1688 5514 1836 5552 nunc
1938 5497 2082 5551 mini
2118 5497 2242 5550 880.

211 5572 347 5626 bibl.
405 5568 862 5644 Valentianensis
895 5570 950 5623 B.
994 5572 1049 5636 5,
1099 5570 1191 5644 156,
1232 5568 1452 5644 legitur
1494 5585 1505 5621 :

544 5771 838 5833 Pax-non.
893 5767 1088 5833 CLX.

214 5572 347 5626 bibl.
405 5568 862 5626 Valentianensis
895 5570 950 5623 B.
994 5572 1049 5636 5,
1102 5570 1191 5633 66,
1248 5568 1505 5644 legitur:
1570 5568 1656 5624 10.
1711 5572 1835 5623 Kat.

214 5646 323 5699 Oct.
377 5645 561 5700 obitus
623 5642 844 5697 Milonis
909 5657 1051 5696 anno
1084 5643 1304 5697 Domini
1334 5638 1461 5695 872.
1506 5648 1670 5711 atque
1732 5658 1745 5693 :
1786 5640 1839 5694 8.

2016 5565 2160 5637 (186)
2195 5564 2270 5619 (2f.
2302 5564 2447 5619 Mon.
2484 5564 2576 5618 SS.
2606 5581 2645 5632 ι,
2679 5565 2804 5621 396.
