3876 6208
432 297 526 348 171
1637 291 1983 346 SIGEBERTI
2026 290 2538 347 GEMBLACENSIS.

3660 306 3766 361 172

429 422 524 475 sed
559 419 697 474 nihil
723 418 951 493 dignum
985 416 1132 472 fecit.
1169 417 1433 489 Regnavit
1461 433 1592 489 ergo
1625 417 1855 473 Karolus
1873 417 2035 472 etiam
2065 423 2116 488 Α
2146 415 2468 471 Francorum
2499 418 2698 474 misere
2722 419 3077 492 discerpitur.
3136 424 3193 478 ιη
3230 424 3386 479 ltalia
3429 442 3636 499 nempe
3667 431 3770 484 Be-

429 511 486 566 in
517 511 744 566 Francia
770 508 931 564 annis
985 508 1104 560 4‘“.
1143 507 1466 563 Hincmarus
1512 509 1805 564 Remorum
1857 507 2037 563 archi-

427 602 723 673 episcopus
743 599 902 656 obiit.

500 691 624 746 886.
811 690 873 742 R.
901 688 954 744 6.
1176 689 1230 742 F.
1265 690 1315 742 1.
1536 688 1590 743 C.
1744 687 1829 742 17.

500 785 639 856 (MAR
669 785 684 853 )
719 783 953 837 Marinus
986 783 1240 836 Romanae
1271 781 1536 835 zecclesia:
1569 779 1903 833 centesimus
1926 792 2032 831 n0-

429 891 532 929 nus
549 874 808 945 presidet.
843 871 995 943 Apud
1048 870 1576 940 ConstantinOpolim
1619 868 1820 922 Basilio
1850 867 2031 936 impe-

430 977 607 1024 ratore
639 975 877 1033 mortuo,
913 966 1018 1020 Leo
1050 963 1195 1018 filius
1221 965 1342 1031 ejus
1390 964 1626 1034 imperat
1658 962 1818 1016 annis
1850 961 1916 1016 18
1946 959 2031 1013 ¹⁶⁷.

429 1063 578 1125 (Matt
627 1057 754 1130 ]R.])
791 1057 927 1127 llug,
960 1053 1107 1108 filius
1166 1053 1402 1109 Lotharii
1445 1052 1590 1123 regis
1629 1068 1693 1105 ex
1742 1047 2034 1104 Waldrada

428 1155 625 1224 pelice,
658 1160 944 1223 paternum
1004 1149 1371 1221 Lotharingize
1431 1163 1660 1222 regnum
1710 1143 2033 1198 rebellando

423 1243 911 1313 assequisperans,
980 1237 1276 1294 Godefrido
1343 1236 1843 1292 Northmannorum
1893 1230 2029 1302 regi,

2142 505 2428 577 rengarius
2456 516 2510 561 et
2571 507 2729 563 Wido
2789 510 2858 564 de
2921 526 3090 583 regno
3138 515 3507 570 contendunt.
3569 517 3768 573 Franci

2137 607 2288 657 vero,
2323 595 2574 667 neglecto
2611 595 2806 652 Karolo
2852 599 2966 654 tilio
3020 599 3300 656 Ludowici
3354 603 3534 671 Balbi,
3587 622 3768 675 puero

2137 683 2224 736 vix
2246 685 2505 750 decenni,
2540 703 2724 761 regem
2782 689 2888 742 sibi
2945 690 3239 761 proﬁciunt
3279 693 3548 762 Odonem,
3588 695 3765 752 filium

2140 774 2378 828 Gotberti
2420 777 2596 843 ducis,
2632 795 2793 849 quem
2830 796 2858 833 a
2889 780 3284 838 Northmannis
3313 787 3557 840 occisum
3594 804 3766 859 supra

2137 864 2393 928 diximus,
2424 867 2692 922 Rodulfus
2717 882 2900 925 autem
2944 888 3148 928 corona
3205 874 3310 928 sibi
3362 876 3625 948 imposita
3667 896 3764 934 rex

2139 956 2589 1029 Burgundionum
2644 963 2922 1032 statuitur,
2955 965 3103 1037 quod
3136 981 3366 1038 regnum
3408 969 3583 1025 multo
3613 977 3761 1024 tem-

2138 1061 2270 1116 pore
2303 1048 2536 1106 duravit.

2203 1139 2328 1192 891.
2602 1144 2652 1198 1.
2942 1148 3002 1202 1.
3280 1149 3331 1204 5.

2207 1232 2390 1301 (bl/tn.)
2436 1233 2510 1287 Ab
2546 1234 2650 1289 hoc
2680 1242 2922 1306 tempore
2953 1237 3324 1308 Liutprandus
3355 1240 3630 1296 diaconus
3659 1243 3756 1296 Ti-

423 1335 508 1389 cui
536 1350 691 1389 soror
746 1350 847 1387 sua
902 1331 1068 1385 Gisila
1105 1336 1385 1400 nupserat,
1442 1327 1737 1382 medietate
1787 1322 2025 1377 affectati
2131 1318 2373 1374 cinensis
2399 1323 2684 1390 azcclesiaa,
2719 1325 3012 1394 hysteriam
3057 1343 3211 1381 suam
3249 1329 3483 1383 orditur.
3514 1330 3756 1385 Basilius

423 1424 575 1496 regni
604 1423 874 1494 promissa
928 1420 1242 1491 persuadet,
1293 1428 1351 1472 ut
1379 1417 1448 1472 ab
1489 1417 1822 1486 imperatore
1854 1412 2030 1480 impe-
2132 1409 2390 1465 Romanae
2409 1414 2674 1467 aécclesiae
2709 1416 2866 1470 H2us
2910 1417 3174 1486 presidct.
3234 1419 3328 1474 Hic
3367 1421 3421 1473 in
3468 1420 3759 1492 aliquibus

425 1516 586 1570 riales
643 1515 805 1569 fiscos
835 1513 902 1567 ad
968 1513 1185 1566 libitum
1241 1525 1400 1564 suum
1453 1507 1556 1562 sibi
1619 1506 1747 1560 addi
1799 1509 2026 1575 peteret,

424 1625 524 1678 per
588 1607 693 1661 hoc
745 1605 1001 1675 utrinque
1051 1603 1438 1672 imperatorem
1485 1597 1870 1654 circumveniri
1931 1612 2031 1666 pu-

2133 1499 2285 1555 libris
2315 1518 2424 1556 non
2463 1504 2758 1561 invenitur.
2794 1509 2963 1573 (Meti.
3016 1506 3144 1580 [R.])
3177 1509 3476 1564 Normanni
3507 1510 3758 1567 Parisius

2135 1611 2450 1668 expugnare
2471 1613 2579 1652 non
2619 1599 2867 1654 valentes
2910 1601 3281 1674 Burgundiam
3325 1606 3752 1678 aggrediuntur,

421 1707 542 1754 tam
572 1716 584 1751 ε
617 1699 660 1752 si
688 1698 863 1762 daret,
925 1693 1280 1749 Northmanni
1331 1693 1520 1746 hostes
1570 1691 1726 1764 regni
1758 1689 1812 1743 in
1851 1688 2032 1742 visce-
2059 1728 2108 1795 Β
2133 1691 2186 1736 et
2209 1683 2443 1737 Senonis
2491 1685 2686 1740 urbem
2731 1700 3075 1762 Oppugnant,
3121 1691 3218 1745 sed
3262 1707 3373 1747 non
3402 1703 3744 1764 expugnant.

421 1787 573 1841 ribus
605 1786 758 1860 regni
790 1783 1245 1848 immitterentur;
1278 1782 1323 1835 si
1352 1787 1600 1854 negaret,
1627 1781 1828 1848 justam
1857 1777 2030 1832 rebel-

423 1874 570 1928 landi
611 1889 828 1928 causam
855 1872 1057 1927 habere
1087 1871 1381 1926 videretur.
1426 1869 1504 1922 Ad
1538 1869 1644 1923 hoc
1687 1864 2028 1921 tractandum

417 1963 570 2031 jussu
630 1961 976 2033 imperatoris
1041 1960 1294 2014 lleinrico
1352 1959 1491 2013 duce
1543 1965 1597 2012 et
1650 1953 1946 2011 Godefrido
1972 1952 2029 2005 in

423 2053 644 2106 Batuam
677 2068 740 2105 ex
771 2050 1028 2106 condicto
1065 2049 1547 2115 convenientibus,
1580 2047 1726 2101 inter
1754 2043 2028 2118 agendum

419 2139 747 2194 Godefridus
800 2156 922 2194 cum
967 2139 1081 2194 suis
1131 2138 1422 2210 perimitur
1503 2138 1613 2191 Nec
1673 2135 1846 2190 multo
1905 2140 2028 2204 post

417 2233 580 2287 ctiam
617 2233 732 2306 Hug
757 2231 827 2286 ab
858 2232 1110 2286 lleinrico
1167 2238 1362 2302 captus
1417 2235 1726 2296 excecatur,
1759 2235 1814 2282 et
1840 2227 2027 2281 novis-

419 2324 556 2378 sime
589 2324 643 2377 in
672 2324 1000 2379 monachum
1021 2323 1250 2377 Prumiaa
1277 2323 1614 2379 attondetur.

487 2413 611 2468 887.
883 2413 939 2466 7.
1218 2413 1274 2465 2.
1544 2411 1594 2465 1.

488 2504 978 2570 t1b.)Normannia
1037 2502 1274 2558 Lovanio
1323 2510 1606 2569 exeuntes,
1642 2502 1884 2556 Parisius
1926 2501 2028 2556 ob-

414 2592 615 2648 sident.
651 2593 846 2647 Contra
885 2609 1023 2663 quos
1082 2593 1368 2647 Heinricus
1397 2592 1508 2646 dux
1557 2592 1858 2647 exercitum
1912 2589 2023 2644 du—

414 2698 567 2748 cens,
595 2683 724 2735 dum
760 2683 978 2737 incaute
1008 2682 1238 2752 equitat,
1300 2680 1353 2734 in
1388 2680 1599 2735 foveam
1632 2697 1794 2751 quam
1826 2680 2024 2734 North-

412 2773 597 2826 manni
640 2772 832 2827 factam
867 2772 1186 2843 quisquiliis
1234 2779 1592 2842 operuerant,
1636 2771 1822 2840 lapsus
1854 2771 2023 2824 truci-

410 2860 589 2916 datur.
623 2862 748 2929 (Ib.)
785 2861 902 2931 llug
956 2861 1064 2914 dux
1121 2869 1174 2914 et
1215 2859 1388 2914 abbas
1447 2859 1598 2913 mira:
1653 2858 1941 2929 potestatis
1967 2865 2021 2914 et

409 2947 716 3017 prudentiae
739 2947 988 3001 moritur.

475 3039 601 3093 888.
889 3039 943 3093 8.
1198 3038 1251 3093 3.
1357 3047 1362 3052 '
1535 3039 1587 3093 2.

479 3131 622 3200 (Man
652 3132 666 3201 )
698 3132 958 3204 Agapitus
985 3131 1245 3186 Romana:
1268 3131 1530 3186 aacclesiae
1561 3132 1723 3187 11ου³
1755 3130 2016 3202 presidet.

412 3227 507 3280 llic
538 3227 592 3280 in
618 3225 897 3296 aliquibus
923 3226 1075 3280 libris
1121 3242 1230 3281 non
1253 3235 1666 3281 annumeratur.
1702 3229 1870 3292 (Meti.
1897 3224 2022 3298 [R.])

411 3314 642 3368 Karolus
681 3314 980 3384 imperator
1035 3330 1158 3369 cum
1211 3314 1614 3370 Northmannos
1643 3315 1897 3386 nequiret
1925 3330 2019 3368 ex-

410 3405 636 3476 pellere,
658 3405 878 3459 tandem
912 3404 1052 3460 facto
1096 3405 1304 3461 ﬁndere
1332 3403 1604 3462 concessit
1631 3407 1712 3461 eis
1741 3407 2016 3479 regiones,

410 3510 533 3565 qua;
563 3501 721 3548 erant
746 3496 887 3549 ultra
927 3496 1262 3567 Sequanam,
1318 3513 1550 3567 quarum
1607 3497 1802 3552 incolae
1832 3504 2020 3551 contra

411 3601 469 3640 se
511 3586 872 3642 rebellabant.
935 3587 1049 3650 Que
1118 3605 1242 3659 pars
1305 3587 1544 3644 Francia:
1582 3605 1614 3644 a
1666 3588 2020 3645 Nortmannis

412 3674 772 3730 Nortmannia
798 3675 1153 3732 denominata
1183 3687 1266 3732 est
1297 3679 1382 3732 ¹⁶⁸.

477 3764 606 3818 889.
892 3766 944 3820 9.
1165 3767 1218 3821 4.
1539 3769 1591 3820 3.

478 3855 665 3926 (Mam)
693 3856 961 3912 Adrianus
1008 3857 1267 3913 Romanae
1316 3858 1580 3914 zecclesia:
1642 3859 1802 3913 mus
1841 3858 2019 3928 presi-

405 3943 516 3998 det.
547 3945 715 4014 (Matt.
769 3943 897 4018 [R.])
941 3947 1166 4002 Karolus
1213 3948 1512 4018 imperator
1552 3947 1758 4002 zelatus
1788 3962 2012 4002 uxorem

404 4053 580 4103 suam,
627 4054 725 4109 pro
777 4056 844 4094 eo
895 4041 1042 4111 quod
1084 4041 1206 4110 plus
1239 4041 1390 4108 justo
1443 4041 1768 4095 familiarius
1825 4050 2014 4114 ageret

403 4142 526 4180 cum
555 4126 862 4183 Liutwardo
895 4129 1226 4183 Vercellensi
1271 4130 1556 4200 episcOpo,
1594 4137 1924 4200 protestatur
1954 4132 2010 4184 in

404 4218 780 4285 contentione,
813 4234 872 4272 se
913 4235 1196 4289 nunquam
1243 4236 1365 4275 cum
1399 4236 1464 4274 ea
1507 4220 1683 4274 coisse
1713 4238 1727 4285 ;
1759 4221 1850 4274 illa
1883 4238 2010 4276 vero

401 4321 460 4360 se
484 4305 752 4380 virginem
803 4323 924 4361 esse
979 4307 1226 4381 gloriata,
1271 4315 1498 4380 accepto
1561 4307 1794 4380 repudio
1827 4326 2014 4367 mona-

397 4400 623 4454 sterium
654 4401 834 4472 petiit.

467 4491 591 4547 890.
849 4493 938 4547 10.
1154 4495 1208 4549 5.
1497 4497 1551 4550 4.

467 4585 591 4655 (1b.)
635 4585 862 4642 Karolus
903 4587 1198 4657 imperator
1252 4602 1482 4657 corpore
1523 4594 1577 4642 et
1631 4588 1814 4644 animo
1860 4589 2004 4644 deti-

2132 1775 2357 1845 (ιιυυρ.)
2392 1777 2448 1829 ln
2475 1776 2625 1831 ltalia
2671 1778 2931 1833 Saraceni
2979 1789 3216 1837 castrum
3249 1784 3529 1853 quoddam
3560 1785 3751 1839 Fraxi-

2132 1873 2318 1918 netum
2367 1873 2724 1935 occupantes,
2766 1884 2967 1944 magno
3003 1871 3170 1927 exitio
3203 1873 3372 1927 Italia:
3395 1888 3518 1929 esse
3550 1890 3750 1945 cmpe-

2133 1966 2278 2014 runt.

2201 2049 2326 2104 892.
2641 2051 2695 2106 2.
2985 2053 3041 2107 2.
3331 2056 3387 2110 6.

2198 2144 2366 2209 (Mett.
2422 2141 2552 2216 [R])
2596 2145 2916 2200 Nortmanni
2974 2163 3005 2201 a
3074 2147 3314 2203 Senonis
3364 2149 3611 2206 Parisius
3665 2169 3755 2208 re-

2128 2239 2340 2303 petunt,
2361 2241 2414 2288 et
2445 2235 2574 2290 inde
2605 2237 2830 2306 repulsi,
2861 2254 2960 2308 per
3007 2238 3306 2294 Matronam
3336 2240 3567 2296 ﬂuvium
3627 2244 3753 2298 Tre-

2127 2340 2220 2379 cas
2245 2327 2437 2380 urbem
2466 2327 2791 2395 incendunt,
2823 2338 2877 2384 et
2905 2346 3080 2402 usque
3111 2331 3414 2387 Virdunum
3445 2341 3502 2388 et
3529 2333 3749 2390 Tullum

2129 2419 2294 2472 urbes
2332 2428 2530 2474 cnncta
2559 2421 2989 2491 depOpulantur.
3047 2423 3277 2494 (LIUDP.)
3326 2425 3485 2481 Wido
3541 2427 3753 2482 Beren-

2129 2510 2342 2580 garium
2377 2510 2464 2564 bis
2494 2512 2694 2566 victum
2731 2529 2796 2567 ex
2828 2515 3004 2584 prelio
3043 2515 3210 2587 fugat.
3241 2520 3336 2584 (Α.
3371 2519 3591 2574 Vedast.
3625 2521 3752 2590 888}

2129 2602 2166 2656 Ο
2185 2601 2254 2656 do
2268 2618 2358 2654 rex
2386 2603 2566 2659 Danos
2589 2621 2759 2675 super
2779 2607 3019 2660 Axonam
3053 2605 3277 2663 ﬂuvium
3311 2608 3458 2665 bello
3479 2611 3670 2666 vincit.

2196 2696 2385 2852 at.”
2416 2783 2431 2853 )
2463 2695 2722 2838 Arnul3qu
2750 2801 2844 2839 rex
2892 2697 3282 2842 Zuindebaldo
3300 2701 3435 2844 Ziuci
3459 2789 3754 2846 Marahen-

2123 2874 2264 2929 sium
2299 2876 2554 2931 ducatum
2613 2878 3014 2933 Boemanorum
3057 2879 3292 2947 addens,
3349 2890 3403 2937 et
3436 2883 3749 2940 Boemanos

2125 2980 2221 3033 per
2247 2965 2350 3020 hoc
2370 2965 2475 3019 sibi
2509 2965 2738 3020 infestos
2792 2967 2942 3034 fecit,
3003 2979 3058 3023 et
3103 2969 3496 3027 Zuendebaldo
3528 2989 3629 3044 per
3654 2974 3751 3028 ad-

2047 3098 2097 3163 C
2119 3055 2420 3123 jectionem
2475 3058 2739 3127 potentiae
2789 3059 3073 3114 materiam
3123 3070 3316 3116 contra
3345 3077 3405 3117 se
3434 3063 3748 3120 rebellandi

2125 3150 2298 3206 dedit.
2331 3151 2408 3204 Ad
2436 3168 2600 3222 quem
2661 3153 3054 3208 debellandum
3103 3171 3229 3210 cum
3294 3171 3406 3211 non
3437 3156 3750 3226 sufﬁceret,

2123 3239 2329 3308 apertis
2345 3239 2511 3294 clusis
2541 3249 2763 3314 gentem
2787 3242 3125 3314 Ungarorum
3161 3243 3272 3298 Deo
3319 3243 3603 3300 inimicam
3642 3263 3742 3302 re-

2121 3345 2230 3403 gno
2261 3331 2506 3396 immisit,
2551 3347 2852 3403 eorumque
2883 3332 3084 3387 auxilio
3131 3333 3582 3390 Zuendebaldum
3640 3337 3752 3392 de-

2121 3421 2252 3476 vicit
2277 3429 2331 3476 et
2366 3422 2708 3478 tributarium
2741 3423 2888 3478 fecit.
2925 3422 3180 3496 [Sanctus
3221 3425 3509 3482 Uldaricus
3554 3428 3614 3483 in
3641 3429 3751 3484 Ba-

2115 3508 2293 3576 joaria
2315 3511 2558 3566 nascitur
2591 3511 2700 3582 ‘59.]

2198 3605 2323 3660 894'
2595 3608 2646 3660 4.
2930 3610 2982 3663 4.
3254 3609 3308 3664 8.

2201 3696 2370 3766 (Mett.
2409 3696 2538 3767 [R,])
2586 3696 2908 3753 Nortmanni
2939 3698 3135 3754 iterum
3179 3716 3211 3754 a
3239 3700 3483 3757 Parisius
3512 3705 3747 3775 repulsi,

2127 3783 2264 3841 fines
2288 3787 2592 3842 Brittonum
2626 3789 2928 3856 incessunt,
2977 3797 3032 3844 et
3061 3791 3238 3861 primo
3260 3793 3521 3859 victores,
3548 3803 3745 3866 postea

2125 3897 2156 3935 a
2183 3881 2499 3936 Britonibus
2526 3882 2843 3949 vincuntur,
2862 3883 2916 3937 in
2944 3884 3163 3940 duobus
3214 3887 3406 3957 preliis
3443 3889 3745 3945 duodecim

2116 3973 2339 4028 milibus
2379 3990 2605 4029 suorum
2661 3976 2980 4047 peremptis.
3025 3979 3150 4049 (Ιὸ.)
3199 3978 3390 4034 Odone
3451 3998 3587 4057 rege
3642 3999 3747 4053 per

2115 4067 2407 4121 consilium
2477 4067 2805 4122 Francorum
2895 4069 2951 4122 in
3021 4071 3314 4142 Aquitania
3377 4072 3737 4141 demorante,

2115 4155 2303 4209 Franci
2331 4155 2581 4210 Karolum
2616 4173 2848 4226 puerum
2882 4157 3236 4213 duodennem
3279 4159 3564 4217 Ludowici
3584 4163 3744 4219 Balbi

2115 4241 2285 4298 tilium
2349 4244 2402 4298 in
2459 4261 2688 4318 regnum
2716 4254 3002 4316 paternum
3053 4255 3332 4314 revocant,
3375 4256 3431 4303 et
3479 4251 3670 4306 Remis
3708 4271 3739 4307 a

2115 4331 2348 4388 Folcone
2389 4334 2807 4406 archiepiscOpo
2845 4335 2898 4388 in
2948 4351 3132 4409 regem
3181 4337 3438 4392 benedici
3469 4337 3682 4394 faciunt
3720 4359 3736 4404 ;

2031 4413 2090 4482 Ι)
2111 4429 2164 4478 et
2193 4424 2541 4500 oriturlonga
2563 4427 2899 4482 concertatio
2924 4425 3066 4480 inter
3095 4443 3222 4482 eum
3263 4434 3317 4484 et
3347 4427 3621 4486 Odonem.

2296 4559 2305 4569 .
2595 4519 2650 4572 5.
2940 4519 2994 4574 5.
3286 4519 3341 4574 9.

2296 4559 2305 4569 .
2595 4519 2650 4572 5.
2982 4561 2994 4574 .
3329 4562 3341 4573 .

2181 4515 2366 4673 (8.32m)
2403 4605 2713 4676 Stephanus
2762 4519 3018 4661 Romarie
3063 4519 3328 4663 aecclesi:
3372 4609 3539 4663 H3us
3594 4628 3732 4682 pre-

393 4677 570 4772 ciens,
602 4677 671 4732 ab
694 4679 1234 4772 Optimatibusregni
1289 4680 1630 4750 repudiatur,
1655 4688 1708 4736 et
1750 4681 2006 4735 Arnulfus
2106 4692 2265 4746 Sidet,
2310 4694 2484 4762 (Μειε,
2531 4694 2590 4764 [ιι
2619 4694 2659 4764 ])
2727 4694 3051 4750 Nortmanni
3096 4695 3507 4772 Letharingiam
3558 4677 3732 4771 νέμε-

394 4766 542 4823 ﬁlius
575 4769 920 4825 Karlomanni
961 4771 1126 4844 regis,
1177 4771 1453 4827 fratruelis
1492 4774 1634 4842 eius.
1686 4773 1740 4826 in
1773 4790 2001 4846 regnum
2107 4791 2302 4846 tentes,
2323 4785 2466 4840 circa
2501 4786 2762 4840 Leodium
2816 4803 2938 4842 cum
3000 4787 3318 4844 Christianis
3373 4800 3628 4864 pugnant
3676 4804 3728 4850 et

377 4860 738 4927 ,sublimatur,
789 4870 842 4917 et
872 4864 1122 4937 regnavit
1161 4865 1324 4920 annis
1358 4865 1440 4920 t2.
1479 4866 1572 4920 llic
1619 4866 1875 4919 Arnulfus
1905 4883 1999 4936 pa-
2102 4872 2348 4926 vincunt.
2397 4873 2776 4928 Sunderoldus
2829 4874 3121 4949 Meguntize
3183 4860 3646 4950 archiepiscopus
3702 4899 3730 4936 a

389 4964 510 5008 truo
541 4969 640 5008 suo
683 4954 898 5018 Karolo,
954 4973 1017 5010 ex
1078 4957 1412 5028 imperatore
1471 4959 1636 5012 etiam
1671 4958 2000 5012 necessariis
2102 4963 2491 5018 Norllimannis
2537 4965 2850 5021 Wormatiaa
2906 4968 3307 5038 martyrizatur.
3336 4971 3600 5026 Arnulfus
3634 4991 3726 5029 rex

387 5045 592 5116 egenti,
615 5044 777 5100 tiscos
822 5046 876 5100 in
926 5047 1246 5102 Alemannia
1278 5049 1554 5120 delegavit
1589 5048 1994 5120 ;quisequenti
2097 5051 2283 5106 audita
2303 5053 2451 5108 caede
2481 5069 2726 5118 suorum,
2768 5071 2798 5109 a
2841 5055 3088 5124 Bajoaria
3117 5064 3312 5113 contra
3348 5058 3727 5118 Nortmannos

385 5147 532 5190 anno
589 5134 746 5190 obiit.
803 5137 921 5206 (1b.)
977 5137 1280 5192 Romanum
1332 5137 1624 5206 imperium
1669 5143 1724 5191 et
1763 5154 1992 5213 regnum
2096 5151 2440 5219 pugnaturus
2468 5153 2727 5217 prOperat
2761 5163 2885 5202 cum
2909 5148 3092 5204 valido
3153 5149 3613 5224 exercitu;quos
3634 5171 3729 5211 su-

1730 5305 1950 5362 VARUE
1984 5308 2359 5366 LECTIONES.

457 5433 528 5511 ica
555 5433 803 5511 quinquc
845 5433 936 5511 (ξιὶ
998 5433 1048 5486 3,
1099 5434 1215 5511 4η
1247 5433 1304 5485 D.
1364 5431 1428 5511 “.37
1481 5431 1652 5511 ΧνιΑ.
1688 5434 1864 5511 ΜΩ.
1887 5454 1939 5506 ρ.
1979 5437 2031 5491 F.
2062 5439 2224 5511 a.__N.
2289 5438 2352 5493 N.
2407 5438 2459 5492 d.
2496 5455 2546 5494 e.
2598 5441 2715 5509 Sig.
2746 5458 2860 5497 cur.
2895 5446 3066 5498 tertiis
3097 5443 3317 5498 addidit
3353 5463 3366 5510 ;
3398 5448 3494 5503 sed
3524 5466 3722 5509 manus

381 5503 664 5584 simillima
690 5503 975 5589 manui
1000 5503 1642 5589 crase'denominata‘ers‘t
1667 5503 1943 5589 scripsit—ﬁ:
1976 5515 2062 5562 est
2084 5509 2258 5589 dicta,
2284 5511 2564 5589 ~quamvis
2589 5503 2734 5566 esset
2787 5513 2910 5580 ejus
2957 5515 3116 5589 regio
3167 5503 3395 5586 propria
3432 5537 3447 5582 ;
3479 5503 3719 5580 sedit-lori

379 5574 454 5653 ita
471 5583 703 5653 ut_nunc
733 5584 817 5653 est
849 5574 1089 5653 dilatata.
1121 5574 1265 5627 Idem
1304 5573 1502 5653 habent
1697 5573 1874 5653 li
1907 5578 1940 5634 3
1971 5596 1985 5653 ;
2021 5580 2222 5653 reliqui
2247 5573 2253 5577 '
2274 5573 2610 5653 Sl’gebeﬂum
2676 5573 2995 5653 sequantur.
3019 5573 3122 5620 “iss
3167 5573 3238 5641 .in
3276 5573 3500 5645 .rasuia.

380 5648 428 5700 1.
471 5649 588 5701 rell.
617 5652 822 5716 praeter
851 5647 910 5698 Α.
943 5645 1054 5698 Sub
1080 5660 1220 5699 anno
1251 5647 1495 5714 sequenti
1523 5646 1680 5701 habet
1705 5646 1854 5715 C4“.,
1889 5652 1987 5718 qui
2008 5645 2214 5705 cum—0.
2243 5645 2369 5719 tegit
2385 5652 2682 5709 Valdricus.
