3876 6208
142 321 231 375 n7
1639 310 1985 367 CHRONICA.

1767 437 1820 502 A

839 435 876 489 F
927 435 980 489 9.
1014 434 1098 487 ‘7’.
1276 432 1312 487 C
1363 431 1416 487 3.

195 438 312 494 908.
495 438 555 492 Β·
601 437 652 492 6.

199 530 422 602 (Lmen)
485 529 788 593 Romanus,
846 525 1138 597 impetrato
1177 542 1208 580 a
1263 522 1627 596 principibus,
1683 527 1745 575 ut

139 624 285 678 etiam
323 623 657 676 indumenta
678 619 987 690 imperialia
1017 627 1071 674 et
1088 616 1344 672 diadema
1371 614 1588 685 imperii
1605 613 1746 668 acci-

139 719 298 782 peret,
325 725 437 764 non
462 709 582 778 jam
613 715 758 764 tutor
813 706 1182 778 imperatoris,
1239 705 1338 760 sed
1370 720 1538 774 super
1567 703 1742 772 impe—

139 812 350 858 ratorem
378 802 684 872 imperator
712 799 999 854 videbatur
1045 815 1168 852 esse
1193 816 1208 864 ;
1237 798 1333 870 qui
1381 797 1546 852 etiam
1579 794 1736 848 Chri-

137 893 379 950 stoforum
411 893 591 948 filium
622 908 782 946 suum
815 908 871 945 in
901 891 1138 961 imperio
1177 891 1434 953 ascitum,
1468 889 1737 943 Constan-

139 987 240 1041 tino
285 983 608 1055 imperatori
671 982 728 1036 in
791 983 1148 1053 procedendo
1226 980 1555 1053 preferebat.
1627 979 1736 1034 Sed

138 1079 494 1136 (.hristoforus
536 1095 646 1134 non
679 1078 848 1134 multo
880 1087 1004 1148 post
1043 1077 1203 1132 obiit.
1246 1059 1256 1066 ’

199 1189 320 1243 909.
606 1187 658 1238 7.
921 1185 1002 1252 ιθ,
1078 1153 1120 1182 ·’
1299 1184 1344 1237 4.

201 1279 578 1353 (1b.)Ungaris
647 1278 855 1333 Italiam
911 1276 1380 1348 depopulantibus
1410 1292 1500 1330 rex
1532 1275 1740 1329 Beren-

135 1372 304 1445 garius
361 1369 510 1424 bello
592 1383 944 1444 congressus,
1027 1367 1422 1421 miserabiliter
1474 1366 1733 1421 vincitur.

138 1463 394 1518 Romanus
451 1462 756 1516 Grecorum
814 1462 1114 1532 imperator
1189 1460 1470 1533 Bulgares,
1536 1459 1738 1514 Grecos

136 1555 325 1609 fortiter
351 1553 723 1619 debellantes,
749 1552 888 1608 facto
923 1551 1130 1606 findere
1162 1551 1454 1622 mitigavit.

199 1663 316 1720 9l0.
590 1665 644 1720 8.
925 1663 1014 1716 11.

199 1754 311 1822 (Ιὸ.)
375 1749 641 1806 Saraceni
699 1767 765 1806 ex
821 1751 994 1806 Africa
1042 1768 1072 1804 a
1133 1767 1263 1826 rege
1321 1767 1424 1806 suo
1493 1751 1642 1804 missi
1675 1752 1734 1806 in

142 1841 350 1907 Italiam,
377 1850 437 1896 ut
460 1841 719 1912 Apuliam
775 1849 828 1896 et
860 1841 1179 1908 ,Calabriam
1211 1850 1402 1897 contra
1431 1842 1736 1898 Romanum

141 1931 406 2008 imperium
441 1936 802 2002 rebellantes,
835 1935 936 1990 sub
982 1935 1204 1991 dicione
1233 1935 1379 1991 illius
1422 1937 1737 2010 redigerent

140 2032 436 2105 pugnando,
490 2030 686 2102 Apulis
743 2037 795 2085 et
851 2030 1090 2084 Calabris
1147 2029 1358 2084 fortiter
1422 2030 1734 2098 debellatis,

145 2123 344 2175 Romam
375 2135 572 2176 versus
601 2119 849 2192 girantes
903 2118 1248 2173 Garelianum
1302 2125 1544 2174 montem
1573 2134 1738 2173 oecus

143 2217 291 2278 pant;
322 2209 511 2280 ibique
567 2207 877 2262 munitione
930 2206 1036 2260 sibi
1087 2206 1250 2272 facta,
1319 2207 1517 2264 multas
1568 2207 1737 2262 Italiae

145 2301 287 2355 urbes
311 2299 978 2373 debellaverunt.Regino
1007 2299 1178 2354 abbas
1209 2299 1544 2353 Prumiensis
1574 2301 1737 2354 chro-

146 2393 303 2446 nicam
341 2409 494 2447 suam
555 2409 588 2446 a
622 2390 904 2446 nativitate
949 2390 1162 2445 Domini
1199 2389 1507 2446 inchoatam
1563 2407 1737 2462 usque

144 2487 200 2540 ad
235 2487 373 2540 hunc
403 2502 615 2540 annum
650 2483 903 2556 perduxit
933 2484 1000 2518 "'3
1029 2484 1200 2554 (l96.)
1231 2485 1350 2550 τιὸ.)
1407 2483 1738 2539 Adelbertus

144 2573 338 2644 quidam
372 2589 435 2628 ex
469 2571 814 2644 primoribus
839 2572 1243 2627 Austrasiorum
1260 2588 1358 2642 per
1382 2573 1737 2643 septennium

151 2667 418 2724 Ludowico
478 2667 601 2742 regi
649 2665 894 2730 rebellis,
949 2666 1078 2721 dolo
1137 2665 1383 2721 Hattonis
1432 2666 1737 2741 Moguntini

149 2758 524 2830 archiepiscopi
560 2759 635 2812 ad
662 2773 846 2830 regem
877 2757 1149 2812 deductus
1179 2757 1507 2832 decolletur.

211 2869 322 2924 911.
620 2868 674 2922 9.
969 2869 1052 2922 1‘2.
1342 2869 1395 2924 6.

215 2960 464 3020 {.vt.Lob.l
526 2959 733 3032 Ungari
819 2959 1162 3014 Germaniam
1219 2967 1453 3014 vastant.
1510 2960 1742 3030 (LIUDP.)

153 3046 498 3114 Ludowicum,
527 3046 709 3100 filium
743 3047 975 3102 Bosonis
1030 3063 1094 3100 ex
1129 3047 1238 3102 tilia
1267 3047 1538 3102 Ludowici
1569 3048 1744 3118 impe-

155 3140 438 3206 ratoris,.ab
473 3141 832 3196 [taliensibus
897 3157 928 3194 a
977 3141 1292 3214 Burgundia
1343 3141 1628 3196 invitatum
1691 3143 1744 3198 in

151 3249 319 3304 regno.
375 3234 748 3309 Berengarius
785 3235 1067 3305 excipiens
1118 3233 1286 3300 bello,
1343 3235 1528 3304 jurare
1591 3236 1744 3291 illum

152 3326 410 3396 compulit,
438 3335 496 3381 ut
551 3327 600 3381 si
655 3327 834 3382 redire
900 3327 1331 3397 permitteretur,
1365 3342 1475 3382 non
1517 3327 1656 3382 ultra
1687 3328 1743 3382 in

155 3415 340 3472 italiam
377 3418 616 3474 veniret.

211 3523 324 3577 912.
625 3525 708 3578 10.
969 3524 1034 3580 13
1317 3525 1367 3579 7.

214 3620 298 3681 (Α.
328 3619 477 3686 Lob.)
506 3618 840 3674 Ludowicus
879 3635 972 3674 rex
1013 3620 1319 3675 Germaniae
1366 3621 1614 3686 moritur,
1649 3622 1743 3694 qui

154 3713 354 3777 propter
379 3716 744 3779 tyrannorum
775 3709 828 3764 in
853 3709 1058 3764 Italiam
1081 3711 1432 3767 insolentiam
1447 3713 1742 3768 etmultam

154 3797 394 3852 malorum
429 3799 806 3875 ingruentiam
837 3816 947 3855 non
970 3803 1168 3856 meruit
1201 3803 1543 3874 imperialem
1570 3804 1740 3860 bene.

157 3887 446 3950 dictionem.
481 3891 577 3946 (lui
613 3891 924 3946 succedens
970 3891 1254 3948 Conradus
1303 3895 1554 3969 regnavit
1580 3897 1742 3950 annis

159 3975 182 4027 Ἰ
211 3993 226 4042 ;
253 3979 338 4049 qui
369 3987 422 4033 et
449 3979 571 4048 ipse
601 3979 777 4034 caruit
805 3980 1196 4037 benedictione
1227 3983 1520 4053 imperiali.
1539 3985 1738 4055 (Testa.

157 4068 319 4137 Bern.)
347 4070 526 4125 Berno
587 4069 763 4125 abbas
809 4070 1110 4126 moriturus
1139 4072 1385 4128 Odonem
1417 4074 1550 4129 olim
1578 4075 1750 4130 musi-

3366 321 3464 377 178

1917 431 2044 486 9H.
2337 431 2390 484 2.
2643 433 2728 486 15.
3015 438 3066 490 9.

1917 527 2099 595 (Liuor
2126 530 2145 595 )
2169 526 2364 582 Contra
2395 526 2704 583 Conradum
2737 545 2922 605 regem
2953 533 3462 608 potentioresregni

1847 615 2128 687 principes
2161 616 2524 672 rebellionem
2552 618 2826 685 meditati,
2860 618 3073 676 scilicet
3104 623 3374 678 Arnoldus
3389 623 3458 678 de

1845 712 2112 781 Bajoaria,
2170 713 2516 768 Burchardus
2572 714 2647 768 de
2717 713 2937 782 Suevia,
3020 715 3332 773 Everardus
3387 719 3458 775 de

1845 801 2091 869 Francia,
2120 804 2444 858 Gisilbertus
2493 805 2560 860 de
2593 804 2969 878 Letharingia,
3005 814 3058 862 et
3113 808 3304 864 horum
3335 825 3459 867 om-

1839 893 1992 948 nium
2043 895 2450 965 przecellentior
2505 897 2790 952 Heinricus
2820 898 2930 953 dux
2989 899 3058 954 de
3117 900 3355 957 Saxonia
3403 913 3459 959 et

1842 983 2119 1058 Turingia,
2155 992 2260 1040 tam
2293 986 2567 1055 sapientia
2625 1003 2788 1060 quam
2832 987 3156 1045 fortitudine
3210 992 3356 1066 regis
3387 993 3456 1048 ad

1843 1075 2070 1149 gratiam
2115 1076 2235 1144 ejus
2265 1076 2620 1132 reducuntur.
2674 1078 2836 1134 Solus
2865 1081 3142 1137 Arnoldus
3171 1083 3240 1137 ad
3275 1083 3458 1158 Unga-

1845 1165 1954 1220 rios
1979 1181 2102 1220 cum
2135 1180 2302 1220 uxore
2331 1174 2385 1220 et
2429 1165 2559 1220 filiis
2611 1165 2853 1242 fugiens,
2909 1185 3086 1242 usque
3116 1171 3186 1226 ad
3217 1180 3453 1229 mortem

1845 1258 1990 1330 regis
2012 1258 2088 1312 ibi
2121 1259 2341 1313 mansit.

1910 1349 2034 1404 915.
2325 1349 2377 1403 3.
2673 1349 2763 1404 16.
3057 1351 3140 1413 10.

1919 1439 2040 1506 (Ιὸ.)
2073 1437 2394 1492 Ludowicus
2442 1438 2666 1492 Veronae
2715 1445 2928 1508 captus,
2982 1457 3013 1494 a
3052 1441 3386 1517 Berengario
3419 1460 3452 1500 a

1837 1533 2159 1587 custodibus
2188 1532 2340 1586 urbis
2371 1548 2502 1586 auro
2537 1533 2812 1604 corruptis
2857 1533 2917 1588 in
2954 1533 3149 1590 urbem
3199 1536 3448 1594 immisso

1837 1623 2014 1678 oculis
2043 1623 2480 1694 privatur(MAn.)
2514 1625 2714 1698 Ungari
2755 1626 3085 1697 Berengario
3153 1627 3449 1685 confoede-

1759 1741 1810 1809 Β
1840 1714 1937 1768 rati
1970 1714 2346 1768 Alemanniam
2374 1720 2608 1782 vastant,
2657 1721 2710 1770 et
2756 1731 2786 1770 a
2810 1715 3080 1787 Bajoariis
3106 1724 3160 1773 et
3198 1719 3454 1774 Aleman-

1839 1806 1924 1859 nis
1961 1806 2200 1876 graviter
2227 1806 2532 1862 caeduntur.

1908 1894 2031 1949 916.
2284 1895 2338 1949 4.
2595 1895 2678 1951 17.
2974 1898 3062 1953 11.

1911 1987 2002 2053 (.1.
2040 1985 2193 2056 Lob.)
2223 1986 2449 2041 Karolus
2481 2002 2571 2040 rex
2631 1986 2962 2042 Francorum
2991 2005 3222 2062 regnum
3248 1991 3449 2046 Letha-

1837 2077 2029 2152 ringire
2081 2078 2306 2148 recepit.
2357 2077 2589 2150 (Lmen)
2651 2079 2912 2134 Saraceni
2981 2097 3012 2134 a
3071 2064 3375 2137 Fraxineto'
3399 2088 3457 2137 et

1839 2165 2124 2222 Gareliano
2181 2173 2364 2221 monte
2415 2172 2702 2233 exeuntes,
2765 2167 3094 2236 Calabriam,
3177 2169 3450 2240 Apuliam,

1840 2261 2236 2326 Beneventum,
2269 2261 2637 2318 Romanorum
2687 2279 2908 2336 quoque
2961 2263 3130 2318 urbes
3177 2263 3254 2320 ita
3287 2280 3452 2328 occu-

1841 2359 1991 2424 pant,
2048 2359 2106 2406 ut
2153 2369 2599 2424 unamquamque
2641 2354 2879 2410 mediam
2921 2354 3172 2422 Romani,
3208 2355 3451 2410 mediam

1839 2444 2096 2498 Saraceni
2123 2451 2414 2499 tenerent:
2449 2452 2503 2499 et
2541 2445 3088 2516 gravissimeltaliam
3109 2445 3456 2517 premebant.

1909 2537 2034 2590 9I7.
2329 2537 2381 2590 5.
2701 2538 2787 2592 18.
3045 2537 3131 2592 12.

1910 2626 2053 2698 (an
2080 2628 2095 2697 )
2124 2627 2438 2682 Anastasius
2460 2627 2620 2682 124m
2663 2636 2716 2682 et
2747 2636 2874 2698 post
2899 2627 3048 2682 hunc
3078 2627 3260 2684 Lando
3296 2627 3456 2683 125ml

1843 2719 2388 2774 Romantezecclesia:
2446 2719 2748 2790 president.
2790 2721 2916 2790 (Ιὸ.)
2959 2719 3159 2796 Ungari
3191 2720 3453 2776 Aleman-

1845 2811 1988 2865 niam
2019 2819 2184 2867 totam
2215 2811 2582 2879 devastantes,
2615 2828 2790 2883 usque
2827 2811 3055 2867 Fuldam
3096 2812 3454 2883 perveniunt.

1913 2903 2035 2958 918.
2293 2904 2347 2958 6.
2605 2904 2692 2961 19.
2978 2905 3062 2958 13.

1919 2995 2189 3067 (lauare)
2247 2996 2526 3051 Romanus
2587 2996 2882 3051 Grecorum
2958 2995 3258 3066 imperator
3319 2994 3462 3052 filios

1847 3107 1976 3146 suos
2007 3091 2346 3159 Stephanum
2375 3096 2430 3144 et
2481 3088 2925 3154 Constantinum,
2953 3105 3078 3144 cum
3111 3089 3337 3144 domino
3359 3104 3460 3144 suo

1849 3181 2208 3236 Constantino
2277 3181 2606 3252 imperatore
2646 3181 2918 3251 imperare
2969 3180 3256 3235 constituit
3289 3199 3304 3244 ;
3337 3181 3459 3250 ipso

1848 3273 2205 3329 Constantino
2225 3273 2556 3344 imperatore
2587 3288 2756 3342 opere
2786 3288 3049 3327 manuum
3100 3288 3347 3340 suarum,
3375 3273 3457 3345 pi-

1846 3377 2054 3423 cturam
2077 3368 2288 3422 scilicet
2309 3367 2535 3439 pulchre
2565 3367 2898 3434 exercendo,
2939 3365 3045 3421 sibi
3072 3366 3274 3423 victum
3305 3384 3461 3440 qua:-

1849 3467 2022 3512 rente.
2084 3457 2271 3528 (\Vin.)
2328 3456 2616 3512 Hattonem
2673 3455 3055 3530 Moguntinum
3109 3457 3460 3529 episcopum,

1847 3550 2000 3617 cujus
2021 3550 2148 3604 dolo
2205 3548 2336 3603 olim
2377 3548 2703 3603 Adelbertus
2743 3549 3004 3619 perierat,
3060 3564 3150 3604 rex
3179 3549 3463 3607 Conradus

1846 3637 2106 3692 sollicitat
2133 3636 2298 3690 etiam
2337 3643 2527 3690 contra
2552 3635 2864 3692 Heinricum
2912 3637 3188 3698 Saxonum
3238 3638 3460 3704 ducem,

1847 3737 2073 3800 propter
2103 3725 2401 3797 potentiam
2460 3724 2633 3795 ipsius
2657 3725 2764 3780 sibi
2809 3735 3152 3796 suspectum.
3202 3729 3282 3782 Ad
3311 3729 3462 3800 quod

1841 3838 1963 3876 cum
2009 3821 2123 3889 jam
2175 3825 2430 3888 torquem
2478 3831 2701 3870 auream
2753 3816 3050 3887 episcopus
3115 3817 3459 3884 fabricasset,

1843 3926 1963 3982 quae
1979 3908 2120 3964 collo
2143 3905 2300 3962 ducis
2329 3921 2514 3960 secum
2547 3903 2891 3960 convivantis
2947 3903 3291 3974 injiceretur,
3329 3905 3458 3961 dolo

1849 4001 2065 4073 prodito
2122 3998 2414 4054 frustratus
2473 4001 2556 4052 est
2586 4013 2601 4061 ;
2629 4004 2686 4050 et
2725 4003 2850 4067 post
2880 3994 3121 4050 triduum
3171 3995 3364 4052 morbo
3405 4005 3462 4053 ct

1849 4103 2077 4162 angore,
2127 4085 2212 4142 vel
2267 4091 2327 4140 ut
2383 4083 2472 4139 alii
2558 4083 2749 4138 dicunt
2823 4081 3066 4138 fulminis
3114 4081 3223 4138 ictu
3275 4083 3457 4154 periit.

159 4159 578 4252 cumnconstituit
632 4158 1347 4252 abbatenr-Cluniacensis
1400 4163 1641 4218 coenobii
1684 4179 1750 4218 ea
1851 4158 2160 4252 Coinplices
2191 4177 2408 4234 consilii
2473 4175 2638 4232 etiam
2696 4192 2728 4230 a
2773 4175 2916 4230 duce
2970 4175 3144 4248 patria
3191 4175 3462 4233 eliminati

158 4246 474 4315 conditione,
507 4256 572 4304 ut
598 4247 849 4303 aacclesia
869 4247 1244 4306 Cluniacensis
1271 4250 1509 4307 solveret
1537 4268 1750 4308 annua-

1850 4281 1998 4328 sunt.
2035 4273 2200 4328 Misso
2219 4277 2400 4326 autem
2432 4269 2676 4324 exercitu
2703 4285 2736 4323 a
2779 4283 2909 4343 rege
2935 4273 3122 4324 contra
3144 4267 3459 4336 Henrieum,

157 4335 238 4388 tim
261 4338 512 4393 ecclesiae
555 4336 909 4410 Giguiacensi
959 4353 1186 4394 censum
1239 4339 1537 4396 duodecim
1572 4342 1740 4398 dena-

1893 4371 1994 4417 inta
2050 4363 2200 4417 caede
2241 4361 2486 4415 Saxones
2533 4357 2817 4414 debaccati
2865 4363 2993 4412 sunt
3050 4357 3106 4411 in
3161 4371 3277 4422 eos,
3338 4366 3460 4412 uta

159 4428 338 4484 riorum
361 4431 502 4501 (199)
537 4431 629 4485 ιη.

213 4538 326 4594 913.
629 4542 673 4594 l.
966 4540 1050 4595 11.
1341 4540 1395 4595 8.

1847 4451 2029 4506 mimis
2057 4451 2478 4516 declamaretur,
2510 4447 2734 4502 ubinam
2767 4453 2914 4502 esset
2947 4453 3130 4501 tantus
3157 4443 3248 4500 ille
3277 4444 3457 4502 infer-

1849 4558 1972 4608 nus,
2005 4539 2100 4611 qui
2129 4546 2332 4594 tantam
2363 4552 2628 4592 cresorum
2661 4534 3070 4590 multitudinem
3103 4550 3302 4606 capere
3332 4551 3456 4606 pos-

220 4627 532 4686 Ludowicus
573 4630 643 4684 ab
669 4630 1018 4686 Italiensibus
1056 4630 1124 4684 ad
1167 4631 1507 4706 regnandum
1543 4631 1748 4686 reinvi-
1849 4641 1952 4686 set.
1997 4631 2178 4700 (illam)
2212 4627 2412 4699 Ungari
2442 4643 2539 4698 per
2586 4625 2965 4680 Alemanniam
3015 4625 3072 4680 in
3094 4623 3371 4695 Alsatiam,
3404 4635 3461 4683 et

158 4726 300 4782 tatus,
332 4729 436 4777 tam
463 4724 578 4778 cito
617 4722 823 4778 oblitus
883 4723 1176 4790 juramenti
1208 4723 1266 4777 in
1324 4722 1534 4780 Italiam
1560 4733 1751 4780 contra
1851 4737 2027 4793 usque
2049 4719 2118 4775 ad
2150 4717 2552 4790 Lotharingiam
2581 4715 2932 4788 perveniunt.

161 4808 527 4887 Berengarium
576 4812 748 4882 vadit,
797 4820 946 4868 eteo
1013 4815 1240 4886 expulso
1291 4831 1524 4890 regnum
1579 4817 1747 4872 Italiae

161 4905 383 4970 usurpat.

1919 4814 2042 4868 919.
2334 4811 2388 4868 7.
2676 4809 2766 4864 20.
3062 4809 3148 4863 14.

1921 4819 1936 4867 ε
1991 4814 2042 4868 9.
2334 4811 2388 4868 7.
2676 4811 2766 4864 20.
3062 4811 3148 4863 14.

1921 4816 2044 4976 ()llb.)
2093 4905 2372 4961 Johaunes
2429 4903 2718 4958 Ravennas
2760 4899 3057 4974 episcopus
3121 4901 3284 4958 126m
3346 4905 3459 4962 Ro-

1483 5003 1702 5066 VAlllAS
1732 5004 2106 5063 LECTIONES.

227 5100 287 5180 ¹⁷ξ
312 5101 706 5180 V'lll_m'orc_1.
740 5107 788 5156 et
814 5103 891 5155 sic
921 5101 1166 5180 deinceps
1213 5120 1606 5180 errans]qu
1653 5123 1708 5160 (ι.
1765 5107 1889 5162 9’27.
1944 5106 2009 5180 ’1³
2065 5105 2372 5180 Reginor—

2427 5101 2682 5176 pcrduxit
2709 5102 2903 5176 desunt
2925 5100 2987 5154 Ι).
3021 5099 3088 5176 {7‘
3131 5102 3228 5172 qui
3256 5110 3312 5160 et
3339 5103 3462 5176 ipse

165 5200 224 5210 -
258 5172 604 5228 denariorum
627 5176 686 5227 in
715 5188 920 5226 rasum
942 5170 1190 5228 dimidim
1225 5176 1380 5230 lineae
1394 5170 1863 5243 ch._eur.tcrtiis,
1891 5179 2008 5232 rctt.
2029 5170 2177 5232 Unus
2206 5175 2328 5230 ΟΨ.
2347 5170 2544 5229 verba:
2570 5174 2748 5227 Berno
2773 5170 3204 5244 fidenariorufm
3229 5170 3458 5244 pror'sus

165 5246 338 5322 emittit
367 5262 380 5310 ;
415 5249 474 5300 Α.
503 5247 691 5322 eqdem
719 5245 968 5322 subannp
994 5247 1348 5322 demumst”,
1362 5249 1446 5322 ita
1471 5249 1684 5322 exhibet
1714 5249 1920 5303 :Berno
1945 5247 2118 5322 abbas
2131 5245 2524 5322 Gygniacensis
2540 5243 3456 5322 fuadlatorﬁluniacensiscaenobii

165 5311 384 5390 Qdonem
424 5317 696 5390 musicum
725 5321 782 5390 et
805 5331 869 5370 ex
897 5315 1046 5390 clero
1071 5311 1377 5373 Turonensi
1405 5321 1738 5374 monachum
1797 5319 2080 5374 constituit
2111 5311 2241 5390 post
2278 5335 2336 5372 se
2366 5314 2930 5390 abbatem__Cluniaci,
2989 5321 3268 5390 eo_pacto
3293 5324 3352 5390 ut
3402 5332 3457 5370 a.

166 5383 288 5461 G._s.
319 5403 367 5440 a.
391 5403 437 5440 a.
477 5388 538 5461 G.
577 5403 624 5442 c.
657 5387 712 5440 d.
737 5387 1118 5461 denariorum,
1149 5390 1352 5461 quibus,
1371 5396 1643 5460 praeponit
1675 5408 1688 5444 :
1721 5391 1831 5446 Hoc
1859 5383 2124 5461 tempore
2155 5405 2354 5459 corpus
2373 5396 2577 5444 sanctae
2605 5386 2752 5441 Fidis
2773 5393 2829 5441 et
2853 5383 3114 5461 martyris
3143 5385 3213 5440 ab
3243 5386 3458 5461 Aginno

168 5455 282 5509 urbe
319 5458 645 5514 transfertur
683 5458 750 5512 ad
781 5455 1177 5530 monasterium
1210 5455 1608 5530 quod'dic'itur
1665 5461 1928 5517 Conchas.
1978 5455 2059 5515 Ἰη
2111 5464 2156 5514 1.
2191 5455 2399 5514 nullum
2461 5473 2672 5514 rasum
2725 5455 3032 5525 vestigium,
3085 5472 3254 5525 quare
3287 5455 3397 5511 hac
3425 5470 3460 5508 a

1701 5602 1912 5659 ΝΟΤίΕ.

166 5529 402 5583 monacho
433 5531 767 5586 Virdunensz'
793 5529 985 5584 addita
1009 5529 1284 5586 videntur.

228 5685 382 5754 (196.)
405 5688 480 5741 Ad
512 5704 562 5742 a.
584 5687 769 5759 potius
797 5687 920 5742 906.

1927 5689 2063 5760 1197)
2089 5692 2148 5746 Λ.
2175 5689 2318 5756 926;
2347 5687 2420 5744 cf.
2453 5687 2592 5743 Μαι).
2626 5688 2754 5742 Acta
2787 5686 2882 5740 SS.
2915 5667 3048 5738 Ben.
3086 5699 3144 5751 ν,
3173 5683 3262 5738 88.
