  <div class='ocr_page' id='page_1' title='image "/cluster/home/n/w/nwhite01/storage/ocr_20150623/160/uva.x000829802/095.png"; bbox 0 0 3876 6208; ppageno 0'>
   <div class='ocr_carea' id='block_1_1' title="bbox 372 248 467 301">
    <p class='ocr_par' dir='ltr' id='par_1_1' title="bbox 372 248 467 301">
     <span class='ocr_line' id='line_1_1' title="bbox 372 248 467 301; baseline -0.063 0"><span class='ocrx_word' id='word_1_1' title='bbox 372 252 386 301; x_wconf 79' lang='grc' dir='ltr'><strong>Ι</strong></span> <span class='ocrx_word' id='word_1_2' title='bbox 398 248 467 301; x_wconf 77' lang='lat'><strong>79</strong></span> 
     </span>
    </p>
   </div>
   <div class='ocr_carea' id='block_1_2' title="bbox 1573 248 2469 304">
    <p class='ocr_par' dir='ltr' id='par_1_2' title="bbox 1573 248 2469 304">
     <span class='ocr_line' id='line_1_2' title="bbox 1573 248 2469 304; baseline 0.003 -3"><span class='ocrx_word' id='word_1_3' title='bbox 1573 249 1914 304; x_wconf 84' lang='lat' dir='ltr'><strong>SIGEBERTI</strong></span> <span class='ocrx_word' id='word_1_4' title='bbox 1957 248 2469 304; x_wconf 76' lang='lat' dir='ltr'><strong>GEMBLACENSIS.</strong></span> 
     </span>
    </p>
   </div>
   <div class='ocr_carea' id='block_1_3' title="bbox 3608 250 3710 307">
    <p class='ocr_par' dir='ltr' id='par_1_3' title="bbox 3608 250 3710 307">
     <span class='ocr_line' id='line_1_3' title="bbox 3608 250 3710 307; baseline 0.039 -4"><span class='ocrx_word' id='word_1_5' title='bbox 3608 250 3710 307; x_wconf 85' lang='lat' dir='ltr'><strong>I80</strong></span> 
     </span>
    </p>
   </div>
   <div class='ocr_carea' id='block_1_4' title="bbox 365 376 3716 453">
    <p class='ocr_par' dir='ltr' id='par_1_4' title="bbox 365 376 3716 453">
     <span class='ocr_line' id='line_1_4' title="bbox 365 376 3716 453; baseline 0.001 -21"><span class='ocrx_word' id='word_1_6' title='bbox 365 393 540 432; x_wconf 62' lang='lat' dir='ltr'><strong>mana”:</strong></span> <span class='ocrx_word' id='word_1_7' title='bbox 580 378 845 432; x_wconf 60' lang='lat' dir='ltr'><strong>recclesite</strong></span> <span class='ocrx_word' id='word_1_8' title='bbox 887 379 1152 448; x_wconf 90' lang='lat' dir='ltr'><strong>presidet.</strong></span> <span class='ocrx_word' id='word_1_9' title='bbox 1205 379 1392 449; x_wconf 56' lang='lat' dir='ltr'><strong>(With)</strong></span> <span class='ocrx_word' id='word_1_10' title='bbox 1418 380 1698 435; x_wconf 82' lang='lat' dir='ltr'><strong>Conradus</strong></span> <span class='ocrx_word' id='word_1_11' title='bbox 1727 395 1818 434; x_wconf 91' lang='lat' dir='ltr'><strong>rex</strong></span> <span class='ocrx_word' id='word_1_12' title='bbox 1848 395 1969 435; x_wconf 84' lang='lat' dir='ltr'><strong>mo-</strong></span> <span class='ocrx_word' id='word_1_13' title='bbox 2000 384 2046 448; x_wconf 85' lang='grc' dir='ltr'><strong>Α</strong></span> <span class='ocrx_word' id='word_1_14' title='bbox 2075 380 2188 453; x_wconf 89' lang='lat' dir='ltr'><strong>regi</strong></span> <span class='ocrx_word' id='word_1_15' title='bbox 2231 394 2460 452; x_wconf 80' lang='lat' dir='ltr'><strong>regnum</strong></span> <span class='ocrx_word' id='word_1_16' title='bbox 2518 376 2914 450; x_wconf 65' lang='lat' dir='ltr'><strong>Lothariugiaa,</strong></span> <span class='ocrx_word' id='word_1_17' title='bbox 2982 378 3261 448; x_wconf 83' lang='lat' dir='ltr'><strong>episcopis</strong></span> <span class='ocrx_word' id='word_1_18' title='bbox 3289 386 3346 433; x_wconf 91' lang='lat' dir='ltr'><strong>et</strong></span> <span class='ocrx_word' id='word_1_19' title='bbox 3403 379 3716 435; x_wconf 72' lang='lat' dir='ltr'><strong>comitibus</strong></span> 
     </span>
    </p>
   </div>
   <div class='ocr_carea' id='block_1_5' title="bbox 365 465 1972 540">
    <p class='ocr_par' dir='ltr' id='par_1_5' title="bbox 365 465 1972 540">
     <span class='ocr_line' id='line_1_5' title="bbox 365 465 1972 540; baseline 0.002 -21"><span class='ocrx_word' id='word_1_20' title='bbox 365 466 514 520; x_wconf 90' lang='lat' dir='ltr'><strong>riens</strong></span> <span class='ocrx_word' id='word_1_21' title='bbox 542 481 724 520; x_wconf 91' lang='lat' dir='ltr'><strong>coram</strong></span> <span class='ocrx_word' id='word_1_22' title='bbox 757 465 1104 536; x_wconf 84' lang='lat' dir='ltr'><strong>principibus</strong></span> <span class='ocrx_word' id='word_1_23' title='bbox 1144 467 1296 539; x_wconf 83' lang='lat' dir='ltr'><strong>regni</strong></span> <span class='ocrx_word' id='word_1_24' title='bbox 1329 484 1512 540; x_wconf 87' lang='lat' dir='ltr'><strong>regem</strong></span> <span class='ocrx_word' id='word_1_25' title='bbox 1546 468 1796 540; x_wconf 76' lang='lat' dir='ltr'><strong>designat</strong></span> <span class='ocrx_word' id='word_1_26' title='bbox 1830 468 1972 523; x_wconf 88' lang='lat' dir='ltr'><strong>Hen-</strong></span> 
     </span>
    </p>
   </div>
   <div class='ocr_carea' id='block_1_6' title="bbox 2075 467 3713 539">
    <p class='ocr_par' dir='ltr' id='par_1_6' title="bbox 2075 467 3713 539">
     <span class='ocr_line' id='line_1_6' title="bbox 2075 467 3713 539; baseline 0.002 -16"><span class='ocrx_word' id='word_1_27' title='bbox 2075 470 2333 539; x_wconf 77' lang='lat' dir='ltr'><strong>utrinque</strong></span> <span class='ocrx_word' id='word_1_28' title='bbox 2367 469 2605 537; x_wconf 90' lang='lat' dir='ltr'><strong>jurando</strong></span> <span class='ocrx_word' id='word_1_29' title='bbox 2657 483 2712 524; x_wconf 93' lang='lat' dir='ltr'><strong>re</strong></span> <span class='ocrx_word' id='word_1_30' title='bbox 2736 485 2785 521; x_wconf 93' lang='lat' dir='ltr'><strong>m</strong></span> <span class='ocrx_word' id='word_1_31' title='bbox 2845 467 3321 524; x_wconf 77' lang='lat' dir='ltr'><strong>confirmantibus.</strong></span> <span class='ocrx_word' id='word_1_32' title='bbox 3353 471 3536 538; x_wconf 62' lang='lat' dir='ltr'><strong>(Max)</strong></span> <span class='ocrx_word' id='word_1_33' title='bbox 3571 471 3713 526; x_wconf 86' lang='lat' dir='ltr'><strong>San-</strong></span> 
     </span>
    </p>
   </div>
   <div class='ocr_carea' id='block_1_7' title="bbox 367 555 3711 637">
    <p class='ocr_par' dir='ltr' id='par_1_7' title="bbox 367 555 3711 637">
     <span class='ocr_line' id='line_1_7' title="bbox 367 555 3711 637; baseline 0.002 -27"><span class='ocrx_word' id='word_1_34' title='bbox 367 558 564 622; x_wconf 87' lang='lat' dir='ltr'><strong>ricum,</strong></span> <span class='ocrx_word' id='word_1_35' title='bbox 619 555 793 611; x_wconf 92' lang='lat' dir='ltr'><strong>ﬁlium</strong></span> <span class='ocrx_word' id='word_1_36' title='bbox 853 557 1074 612; x_wconf 90' lang='lat' dir='ltr'><strong>Octonis</strong></span> <span class='ocrx_word' id='word_1_37' title='bbox 1129 559 1404 613; x_wconf 86' lang='lat' dir='ltr'><strong>Saxonum</strong></span> <span class='ocrx_word' id='word_1_38' title='bbox 1462 559 1636 614; x_wconf 83' lang='lat' dir='ltr'><strong>ducis.</strong></span> <span class='ocrx_word' id='word_1_39' title='bbox 1705 559 1797 613; x_wconf 91' lang='lat' dir='ltr'><strong>Hic</strong></span> <span class='ocrx_word' id='word_1_40' title='bbox 1844 575 1974 631; x_wconf 91' lang='lat' dir='ltr'><strong>ergo</strong></span> <span class='ocrx_word' id='word_1_41' title='bbox 2077 562 2200 637; x_wconf 91' lang='lat' dir='ltr'><strong>guis</strong></span> <span class='ocrx_word' id='word_1_42' title='bbox 2227 561 2440 616; x_wconf 89' lang='lat' dir='ltr'><strong>Domini</strong></span> <span class='ocrx_word' id='word_1_43' title='bbox 2497 559 2740 616; x_wconf 90' lang='lat' dir='ltr'><strong>cruciﬁxi</strong></span> <span class='ocrx_word' id='word_1_44' title='bbox 2803 560 2961 615; x_wconf 84' lang='lat' dir='ltr'><strong>venit</strong></span> <span class='ocrx_word' id='word_1_45' title='bbox 3012 562 3064 614; x_wconf 93' lang='lat' dir='ltr'><strong>in</strong></span> <span class='ocrx_word' id='word_1_46' title='bbox 3119 562 3352 629; x_wconf 74' lang='lat' dir='ltr'><strong>Augiam</strong></span> <span class='ocrx_word' id='word_1_47' title='bbox 3388 581 3402 628; x_wconf 86' lang='lat'><strong>;</strong></span> <span class='ocrx_word' id='word_1_48' title='bbox 3439 563 3586 618; x_wconf 89' lang='lat' dir='ltr'><strong>forte</strong></span> <span class='ocrx_word' id='word_1_49' title='bbox 3619 565 3711 619; x_wconf 88' lang='lat' dir='ltr'><strong>ille</strong></span> 
     </span>
    </p>
   </div>
   <div class='ocr_carea' id='block_1_8' title="bbox 369 649 1160 720">
    <p class='ocr_par' dir='ltr' id='par_1_8' title="bbox 369 649 1160 720">
     <span class='ocr_line' id='line_1_8' title="bbox 369 649 1160 720; baseline 0.004 -18"><span class='ocrx_word' id='word_1_50' title='bbox 369 657 562 720; x_wconf 87' lang='lat' dir='ltr'><strong>regnat</strong></span> <span class='ocrx_word' id='word_1_51' title='bbox 582 649 742 704; x_wconf 86' lang='lat' dir='ltr'><strong>annis</strong></span> <span class='ocrx_word' id='word_1_52' title='bbox 785 649 866 704; x_wconf 90' lang='grc'><strong>17.</strong></span> <span class='ocrx_word' id='word_1_53' title='bbox 1143 671 1160 685; x_wconf 80' lang='grc'>·</span> 
     </span>
    </p>
   </div>
   <div class='ocr_carea' id='block_1_9' title="bbox 443 741 1690 798">
    <p class='ocr_par' dir='ltr' id='par_1_9' title="bbox 443 741 1690 798">
     <span class='ocr_line' id='line_1_9' title="bbox 443 741 1690 798; baseline 0 -1"><span class='ocrx_word' id='word_1_54' title='bbox 443 742 570 798; x_wconf 88' lang='grc'><strong>920.</strong></span> <span class='ocrx_word' id='word_1_55' title='bbox 791 743 854 797; x_wconf 92' lang='lat' dir='ltr'><strong>R.</strong></span> <span class='ocrx_word' id='word_1_56' title='bbox 888 746 939 798; x_wconf 74' lang='grc'><strong>1.</strong></span> <span class='ocrx_word' id='word_1_57' title='bbox 1125 741 1180 796; x_wconf 86' lang='lat' dir='ltr'><strong>F.</strong></span> <span class='ocrx_word' id='word_1_58' title='bbox 1226 743 1316 796; x_wconf 85' lang='grc'><strong>21.</strong></span> <span class='ocrx_word' id='word_1_59' title='bbox 1503 743 1558 798; x_wconf 91' lang='lat' dir='ltr'><strong>C.</strong></span> <span class='ocrx_word' id='word_1_60' title='bbox 1603 745 1690 797; x_wconf 78' lang='grc'><strong>15.</strong></span> 
     </span>
    </p>
   </div>
   <div class='ocr_carea' id='block_1_10' title="bbox 447 832 1981 903">
    <p class='ocr_par' dir='ltr' id='par_1_10' title="bbox 447 832 1981 903">
     <span class='ocr_line' id='line_1_10' title="bbox 447 832 1981 903; baseline 0.003 -17"><span class='ocrx_word' id='word_1_61' title='bbox 447 832 682 903; x_wconf 58' lang='lat' dir='ltr'><strong>(Inuum)</strong></span> <span class='ocrx_word' id='word_1_62' title='bbox 731 833 997 888; x_wconf 86' lang='lat' dir='ltr'><strong>Henricus</strong></span> <span class='ocrx_word' id='word_1_63' title='bbox 1055 849 1147 887; x_wconf 89' lang='lat' dir='ltr'><strong>rex</strong></span> <span class='ocrx_word' id='word_1_64' title='bbox 1209 841 1397 888; x_wconf 91' lang='lat' dir='ltr'><strong>contra</strong></span> <span class='ocrx_word' id='word_1_65' title='bbox 1438 835 1733 889; x_wconf 82' lang='lat' dir='ltr'><strong>Arnoldum</strong></span> <span class='ocrx_word' id='word_1_66' title='bbox 1767 835 1835 888; x_wconf 91' lang='lat' dir='ltr'><strong>ab</strong></span> <span class='ocrx_word' id='word_1_67' title='bbox 1869 835 1981 890; x_wconf 88' lang='lat' dir='ltr'><strong>Un—</strong></span> 
     </span>
    </p>
   </div>
   <div class='ocr_carea' id='block_1_11' title="bbox 373 923 1984 996">
    <p class='ocr_par' dir='ltr' id='par_1_11' title="bbox 373 923 1984 996">
     <span class='ocr_line' id='line_1_11' title="bbox 373 923 1984 996; baseline 0.002 -20"><span class='ocrx_word' id='word_1_68' title='bbox 373 924 519 996; x_wconf 90' lang='lat' dir='ltr'><strong>garis</strong></span> <span class='ocrx_word' id='word_1_69' title='bbox 544 939 851 995; x_wconf 75' lang='lat' dir='ltr'><strong>regressum</strong></span> <span class='ocrx_word' id='word_1_70' title='bbox 884 937 1007 976; x_wconf 93' lang='lat' dir='ltr'><strong>cum</strong></span> <span class='ocrx_word' id='word_1_71' title='bbox 1059 923 1301 977; x_wconf 85' lang='lat' dir='ltr'><strong>exercitu</strong></span> <span class='ocrx_word' id='word_1_72' title='bbox 1353 923 1408 976; x_wconf 90' lang='lat' dir='ltr'><strong>in</strong></span> <span class='ocrx_word' id='word_1_73' title='bbox 1461 924 1762 994; x_wconf 89' lang='lat' dir='ltr'><strong>Bajoariam</strong></span> <span class='ocrx_word' id='word_1_74' title='bbox 1797 925 1984 996; x_wconf 76' lang='lat' dir='ltr'><strong>profe~</strong></span> 
     </span>
    </p>
   </div>
   <div class='ocr_carea' id='block_1_12' title="bbox 375 1013 1982 1089">
    <p class='ocr_par' dir='ltr' id='par_1_12' title="bbox 375 1013 1982 1089">
     <span class='ocr_line' id='line_1_12' title="bbox 375 1013 1982 1089; baseline 0.001 -21"><span class='ocrx_word' id='word_1_75' title='bbox 375 1022 518 1078; x_wconf 90' lang='lat' dir='ltr'><strong>ctus,</strong></span> <span class='ocrx_word' id='word_1_76' title='bbox 546 1030 671 1068; x_wconf 93' lang='lat' dir='ltr'><strong>eum</strong></span> <span class='ocrx_word' id='word_1_77' title='bbox 705 1013 901 1066; x_wconf 90' lang='lat' dir='ltr'><strong>virtute</strong></span> <span class='ocrx_word' id='word_1_78' title='bbox 935 1019 990 1066; x_wconf 91' lang='lat' dir='ltr'><strong>et</strong></span> <span class='ocrx_word' id='word_1_79' title='bbox 1019 1013 1289 1082; x_wconf 88' lang='lat' dir='ltr'><strong>sapientia</strong></span> <span class='ocrx_word' id='word_1_80' title='bbox 1341 1029 1440 1068; x_wconf 90' lang='lat' dir='ltr'><strong>sua</strong></span> <span class='ocrx_word' id='word_1_81' title='bbox 1479 1015 1546 1067; x_wconf 91' lang='lat' dir='ltr'><strong>ad</strong></span> <span class='ocrx_word' id='word_1_82' title='bbox 1579 1016 1806 1089; x_wconf 79' lang='lat' dir='ltr'><strong>gratiam</strong></span> <span class='ocrx_word' id='word_1_83' title='bbox 1830 1032 1982 1069; x_wconf 92' lang='lat' dir='ltr'><strong>suam</strong></span> 
     </span>
    </p>
   </div>
   <div class='ocr_carea' id='block_1_13' title="bbox 377 1105 1988 1178">
    <p class='ocr_par' dir='ltr' id='par_1_13' title="bbox 377 1105 1988 1178">
     <span class='ocr_line' id='line_1_13' title="bbox 377 1105 1988 1178; baseline 0.002 -19"><span class='ocrx_word' id='word_1_84' title='bbox 377 1105 612 1171; x_wconf 85' lang='lat' dir='ltr'><strong>inflexit,</strong></span> <span class='ocrx_word' id='word_1_85' title='bbox 642 1105 853 1158; x_wconf 88' lang='lat' dir='ltr'><strong>addens</strong></span> <span class='ocrx_word' id='word_1_86' title='bbox 881 1113 935 1158; x_wconf 91' lang='lat' dir='ltr'><strong>et</strong></span> <span class='ocrx_word' id='word_1_87' title='bbox 957 1105 1360 1159; x_wconf 85' lang='lat' dir='ltr'><strong>ordinationem</strong></span> <span class='ocrx_word' id='word_1_88' title='bbox 1391 1106 1777 1178; x_wconf 84' lang='lat' dir='ltr'><strong>episcoporum</strong></span> <span class='ocrx_word' id='word_1_89' title='bbox 1821 1110 1988 1163; x_wconf 90' lang='lat' dir='ltr'><strong>totius</strong></span> 
     </span>
    </p>
   </div>
   <div class='ocr_carea' id='block_1_14' title="bbox 382 1193 1988 1262">
    <p class='ocr_par' dir='ltr' id='par_1_14' title="bbox 382 1193 1988 1262">
     <span class='ocr_line' id='line_1_14' title="bbox 382 1193 1988 1262; baseline 0.001 -14"><span class='ocrx_word' id='word_1_90' title='bbox 382 1195 664 1262; x_wconf 65' lang='lat' dir='ltr'><strong>Bajoarize.</strong></span> <span class='ocrx_word' id='word_1_91' title='bbox 729 1194 911 1262; x_wconf 75' lang='lat' dir='ltr'><strong>(\Vin.)</strong></span> <span class='ocrx_word' id='word_1_92' title='bbox 970 1193 1343 1248; x_wconf 86' lang='lat' dir='ltr'><strong>Burchardum</strong></span> <span class='ocrx_word' id='word_1_93' title='bbox 1403 1195 1566 1249; x_wconf 89' lang='lat' dir='ltr'><strong>etiam</strong></span> <span class='ocrx_word' id='word_1_94' title='bbox 1620 1195 1815 1250; x_wconf 90' lang='lat' dir='ltr'><strong>ducem</strong></span> <span class='ocrx_word' id='word_1_95' title='bbox 1864 1197 1988 1251; x_wconf 84' lang='lat' dir='ltr'><strong>Ale-</strong></span> 
     </span>
    </p>
   </div>
   <div class='ocr_carea' id='block_1_15' title="bbox 381 1285 1987 1358">
    <p class='ocr_par' dir='ltr' id='par_1_15' title="bbox 381 1285 1987 1358">
     <span class='ocr_line' id='line_1_15' title="bbox 381 1285 1987 1358; baseline 0.002 -18"><span class='ocrx_word' id='word_1_96' title='bbox 381 1286 618 1340; x_wconf 75' lang='lat' dir='ltr'><strong>mannia:</strong></span> <span class='ocrx_word' id='word_1_97' title='bbox 649 1285 794 1340; x_wconf 93' lang='lat' dir='ltr'><strong>bello</strong></span> <span class='ocrx_word' id='word_1_98' title='bbox 843 1287 1164 1342; x_wconf 86' lang='lat' dir='ltr'><strong>deterritum</strong></span> <span class='ocrx_word' id='word_1_99' title='bbox 1215 1287 1283 1340; x_wconf 94' lang='lat' dir='ltr'><strong>ad</strong></span> <span class='ocrx_word' id='word_1_100' title='bbox 1339 1303 1398 1341; x_wconf 91' lang='lat' dir='ltr'><strong>se</strong></span> <span class='ocrx_word' id='word_1_101' title='bbox 1455 1288 1664 1342; x_wconf 80' lang='lat' dir='ltr'><strong>inflexit</strong></span> <span class='ocrx_word' id='word_1_102' title='bbox 1713 1290 1808 1358; x_wconf 83' lang='lat' dir='ltr'><strong>(A.</strong></span> <span class='ocrx_word' id='word_1_103' title='bbox 1838 1289 1987 1358; x_wconf 86' lang='lat' dir='ltr'><strong>Lob.)</strong></span> 
     </span>
    </p>
   </div>
   <div class='ocr_carea' id='block_1_16' title="bbox 383 1377 1987 1453">
    <p class='ocr_par' dir='ltr' id='par_1_16' title="bbox 383 1377 1987 1453">
     <span class='ocr_line' id='line_1_16' title="bbox 383 1377 1987 1453; baseline 0.001 -21"><span class='ocrx_word' id='word_1_104' title='bbox 383 1377 676 1433; x_wconf 90' lang='lat' dir='ltr'><strong>Rotbertus</strong></span> <span class='ocrx_word' id='word_1_105' title='bbox 697 1378 827 1444; x_wconf 84' lang='lat' dir='ltr'><strong>dux,</strong></span> <span class='ocrx_word' id='word_1_106' title='bbox 852 1378 1018 1433; x_wconf 82' lang='lat' dir='ltr'><strong>frater</strong></span> <span class='ocrx_word' id='word_1_107' title='bbox 1041 1378 1248 1434; x_wconf 87' lang='lat' dir='ltr'><strong>Odonis</strong></span> <span class='ocrx_word' id='word_1_108' title='bbox 1267 1379 1432 1450; x_wconf 84' lang='lat' dir='ltr'><strong>regis.</strong></span> <span class='ocrx_word' id='word_1_109' title='bbox 1468 1387 1736 1450; x_wconf 82' lang='lat' dir='ltr'><strong>appetens</strong></span> <span class='ocrx_word' id='word_1_110' title='bbox 1761 1397 1987 1453; x_wconf 79' lang='lat' dir='ltr'><strong>regnum</strong></span> 
     </span>
    </p>
   </div>
   <div class='ocr_carea' id='block_1_17' title="bbox 384 1468 1989 1540">
    <p class='ocr_par' dir='ltr' id='par_1_17' title="bbox 384 1468 1989 1540">
     <span class='ocr_line' id='line_1_17' title="bbox 384 1468 1989 1540; baseline 0.002 -19"><span class='ocrx_word' id='word_1_111' title='bbox 384 1468 714 1521; x_wconf 86' lang='lat' dir='ltr'><strong>Francorum</strong></span> <span class='ocrx_word' id='word_1_112' title='bbox 741 1477 932 1522; x_wconf 89' lang='lat' dir='ltr'><strong>contra</strong></span> <span class='ocrx_word' id='word_1_113' title='bbox 991 1468 1267 1534; x_wconf 81' lang='lat' dir='ltr'><strong>Karolum,</strong></span> <span class='ocrx_word' id='word_1_114' title='bbox 1310 1468 1654 1540; x_wconf 83' lang='lat' dir='ltr'><strong>inquietabat</strong></span> <span class='ocrx_word' id='word_1_115' title='bbox 1686 1469 1989 1536; x_wconf 86' lang='lat' dir='ltr'><strong>Franciam,</strong></span> 
     </span>
    </p>
   </div>
   <div class='ocr_carea' id='block_1_18' title="bbox 383 1556 1991 1628">
    <p class='ocr_par' dir='ltr' id='par_1_18' title="bbox 383 1556 1991 1628">
     <span class='ocr_line' id='line_1_18' title="bbox 383 1556 1991 1628; baseline 0.002 -19"><span class='ocrx_word' id='word_1_116' title='bbox 383 1556 612 1628; x_wconf 85' lang='lat' dir='ltr'><strong>ejusque</strong></span> <span class='ocrx_word' id='word_1_117' title='bbox 662 1556 924 1611; x_wconf 89' lang='lat' dir='ltr'><strong>instinctu</strong></span> <span class='ocrx_word' id='word_1_118' title='bbox 983 1572 1178 1612; x_wconf 91' lang='lat' dir='ltr'><strong>omnes</strong></span> <span class='ocrx_word' id='word_1_119' title='bbox 1225 1573 1382 1628; x_wconf 71' lang='lat' dir='ltr'><strong>paene</strong></span> <span class='ocrx_word' id='word_1_120' title='bbox 1433 1557 1705 1628; x_wconf 91' lang='lat' dir='ltr'><strong>primores</strong></span> <span class='ocrx_word' id='word_1_121' title='bbox 1750 1558 1991 1614; x_wconf 71' lang='lat' dir='ltr'><strong>Franciaa</strong></span> 
     </span>
    </p>
   </div>
   <div class='ocr_carea' id='block_1_19' title="bbox 381 1644 1014 1700">
    <p class='ocr_par' dir='ltr' id='par_1_19' title="bbox 381 1644 1014 1700">
     <span class='ocr_line' id='line_1_19' title="bbox 381 1644 1014 1700; baseline 0 -1"><span class='ocrx_word' id='word_1_122' title='bbox 381 1644 777 1700; x_wconf 78' lang='lat' dir='ltr'><strong>adversabatur</strong></span> <span class='ocrx_word' id='word_1_123' title='bbox 799 1644 1014 1699; x_wconf 85' lang='lat' dir='ltr'><strong>Karolo.</strong></span> 
     </span>
    </p>
   </div>
   <div class='ocr_carea' id='block_1_20' title="bbox 452 1735 1652 1793">
    <p class='ocr_par' dir='ltr' id='par_1_20' title="bbox 452 1735 1652 1793">
     <span class='ocr_line' id='line_1_20' title="bbox 452 1735 1652 1793; baseline 0.001 -4"><span class='ocrx_word' id='word_1_124' title='bbox 452 1737 549 1790; x_wconf 82' lang='lat' dir='ltr'><strong>72f</strong></span> <span class='ocrx_word' id='word_1_125' title='bbox 569 1778 580 1791; x_wconf 96' lang='lat'><strong>.</strong></span> <span class='ocrx_word' id='word_1_126' title='bbox 870 1735 925 1789; x_wconf 93' lang='lat'><strong>2.</strong></span> <span class='ocrx_word' id='word_1_127' title='bbox 1179 1735 1268 1792; x_wconf 91' lang='lat'><strong>22.</strong></span> <span class='ocrx_word' id='word_1_128' title='bbox 1572 1738 1652 1793; x_wconf 82' lang='grc'><strong>16.</strong></span> 
     </span>
    </p>
   </div>
   <div class='ocr_carea' id='block_1_21' title="bbox 457 1825 1991 1900">
    <p class='ocr_par' dir='ltr' id='par_1_21' title="bbox 457 1825 1991 1900">
     <span class='ocr_line' id='line_1_21' title="bbox 457 1825 1991 1900; baseline 0.002 -18"><span class='ocrx_word' id='word_1_129' title='bbox 457 1829 578 1894; x_wconf 81' lang='grc' dir='ltr'><strong>(Ιὸ.)</strong></span> <span class='ocrx_word' id='word_1_130' title='bbox 610 1827 893 1896; x_wconf 86' lang='lat' dir='ltr'><strong>Stephano</strong></span> <span class='ocrx_word' id='word_1_131' title='bbox 925 1825 1341 1882; x_wconf 89' lang='lat' dir='ltr'><strong>Leodicensium</strong></span> <span class='ocrx_word' id='word_1_132' title='bbox 1400 1829 1663 1900; x_wconf 84' lang='lat' dir='ltr'><strong>episcOpo</strong></span> <span class='ocrx_word' id='word_1_133' title='bbox 1713 1830 1991 1895; x_wconf 77' lang='lat' dir='ltr'><strong>defuncto,</strong></span> 
     </span>
    </p>
   </div>
   <div class='ocr_carea' id='block_1_22' title="bbox 388 1915 1995 1988">
    <p class='ocr_par' dir='ltr' id='par_1_22' title="bbox 388 1915 1995 1988">
     <span class='ocr_line' id='line_1_22' title="bbox 388 1915 1995 1988; baseline 0 -17"><span class='ocrx_word' id='word_1_134' title='bbox 388 1916 676 1971; x_wconf 88' lang='lat' dir='ltr'><strong>Ricbarius</strong></span> <span class='ocrx_word' id='word_1_135' title='bbox 703 1916 785 1969; x_wconf 88' lang='lat' dir='ltr'><strong>vir</strong></span> <span class='ocrx_word' id='word_1_136' title='bbox 809 1915 1114 1970; x_wconf 89' lang='lat' dir='ltr'><strong>catholicus</strong></span> <span class='ocrx_word' id='word_1_137' title='bbox 1153 1933 1184 1970; x_wconf 90' lang='lat' dir='ltr'><strong>a</strong></span> <span class='ocrx_word' id='word_1_138' title='bbox 1217 1916 1413 1973; x_wconf 78' lang='lat' dir='ltr'><strong>Karolo</strong></span> <span class='ocrx_word' id='word_1_139' title='bbox 1467 1935 1564 1988; x_wconf 90' lang='lat' dir='ltr'><strong>per</strong></span> <span class='ocrx_word' id='word_1_140' title='bbox 1620 1921 1995 1975; x_wconf 82' lang='lat' dir='ltr'><strong>auctoritatem</strong></span> 
     </span>
    </p>
   </div>
   <div class='ocr_carea' id='block_1_23' title="bbox 391 2007 1998 2083">
    <p class='ocr_par' dir='ltr' id='par_1_23' title="bbox 391 2007 1998 2083">
     <span class='ocr_line' id='line_1_23' title="bbox 391 2007 1998 2083; baseline 0.002 -21"><span class='ocrx_word' id='word_1_141' title='bbox 391 2025 546 2080; x_wconf 73' lang='lat' dir='ltr'><strong>papa}</strong></span> <span class='ocrx_word' id='word_1_142' title='bbox 581 2007 810 2062; x_wconf 91' lang='lat' dir='ltr'><strong>Romani</strong></span> <span class='ocrx_word' id='word_1_143' title='bbox 856 2008 1144 2064; x_wconf 88' lang='lat' dir='ltr'><strong>ordinatur</strong></span> <span class='ocrx_word' id='word_1_144' title='bbox 1191 2010 1506 2082; x_wconf 88' lang='lat' dir='ltr'><strong>episc0pus,</strong></span> <span class='ocrx_word' id='word_1_145' title='bbox 1558 2012 1845 2083; x_wconf 88' lang='lat' dir='ltr'><strong>repudiato</strong></span> <span class='ocrx_word' id='word_1_146' title='bbox 1892 2013 1998 2066; x_wconf 90' lang='lat' dir='ltr'><strong>llil-</strong></span> 
     </span>
    </p>
   </div>
   <div class='ocr_carea' id='block_1_24' title="bbox 391 2098 2002 2170">
    <p class='ocr_par' dir='ltr' id='par_1_24' title="bbox 391 2098 2002 2170">
     <span class='ocr_line' id='line_1_24' title="bbox 391 2098 2002 2170; baseline 0.002 -17"><span class='ocrx_word' id='word_1_147' title='bbox 391 2100 586 2165; x_wconf 90' lang='lat' dir='ltr'><strong>duino,</strong></span> <span class='ocrx_word' id='word_1_148' title='bbox 621 2099 712 2170; x_wconf 88' lang='lat' dir='ltr'><strong>qui</strong></span> <span class='ocrx_word' id='word_1_149' title='bbox 747 2099 983 2169; x_wconf 88' lang='lat' dir='ltr'><strong>pecunia</strong></span> <span class='ocrx_word' id='word_1_150' title='bbox 1037 2098 1160 2152; x_wconf 90' lang='lat' dir='ltr'><strong>data</strong></span> <span class='ocrx_word' id='word_1_151' title='bbox 1187 2098 1312 2154; x_wconf 89' lang='lat' dir='ltr'><strong>duci</strong></span> <span class='ocrx_word' id='word_1_152' title='bbox 1369 2101 1694 2169; x_wconf 78' lang='lat' dir='ltr'><strong>Gisleberto,</strong></span> <span class='ocrx_word' id='word_1_153' title='bbox 1726 2103 2002 2158; x_wconf 87' lang='lat' dir='ltr'><strong>ambiebat</strong></span> 
     </span>
    </p>
   </div>
   <div class='ocr_carea' id='block_1_25' title="bbox 389 2189 2000 2262">
    <p class='ocr_par' dir='ltr' id='par_1_25' title="bbox 389 2189 2000 2262">
     <span class='ocr_line' id='line_1_25' title="bbox 389 2189 2000 2262; baseline 0.002 -17"><span class='ocrx_word' id='word_1_154' title='bbox 389 2191 458 2246; x_wconf 90' lang='lat' dir='ltr'><strong>ab</strong></span> <span class='ocrx_word' id='word_1_155' title='bbox 488 2206 554 2245; x_wconf 91' lang='lat' dir='ltr'><strong>eo</strong></span> <span class='ocrx_word' id='word_1_156' title='bbox 582 2189 689 2244; x_wconf 88' lang='lat' dir='ltr'><strong>sibi</strong></span> <span class='ocrx_word' id='word_1_157' title='bbox 724 2190 838 2244; x_wconf 91' lang='lat' dir='ltr'><strong>dari</strong></span> <span class='ocrx_word' id='word_1_158' title='bbox 883 2191 1283 2262; x_wconf 85' lang='lat' dir='ltr'><strong>episcopatum.</strong></span> <span class='ocrx_word' id='word_1_159' title='bbox 1333 2195 1485 2259; x_wconf 81' lang='lat' dir='ltr'><strong>(Vita</strong></span> <span class='ocrx_word' id='word_1_160' title='bbox 1508 2193 1690 2260; x_wconf 84' lang='lat' dir='ltr'><strong>Guib.)</strong></span> <span class='ocrx_word' id='word_1_161' title='bbox 1715 2195 1824 2250; x_wconf 91' lang='lat' dir='ltr'><strong>Hoc</strong></span> <span class='ocrx_word' id='word_1_162' title='bbox 1863 2203 2000 2249; x_wconf 91' lang='lat' dir='ltr'><strong>tem-</strong></span> 
     </span>
    </p>
   </div>
   <div class='ocr_carea' id='block_1_26' title="bbox 390 2280 2002 2355">
    <p class='ocr_par' dir='ltr' id='par_1_26' title="bbox 390 2280 2002 2355">
     <span class='ocr_line' id='line_1_26' title="bbox 390 2280 2002 2355; baseline 0.005 -20"><span class='ocrx_word' id='word_1_163' title='bbox 390 2297 522 2352; x_wconf 93' lang='lat' dir='ltr'><strong>pore</strong></span> <span class='ocrx_word' id='word_1_164' title='bbox 566 2280 810 2335; x_wconf 84' lang='lat' dir='ltr'><strong>clarebat</strong></span> <span class='ocrx_word' id='word_1_165' title='bbox 864 2280 1008 2334; x_wconf 90' lang='lat' dir='ltr'><strong>inter</strong></span> <span class='ocrx_word' id='word_1_166' title='bbox 1065 2280 1282 2335; x_wconf 85' lang='lat' dir='ltr'><strong>nobiles</strong></span> <span class='ocrx_word' id='word_1_167' title='bbox 1362 2282 1722 2355; x_wconf 69' lang='lat' dir='ltr'><strong>Lotharingim</strong></span> <span class='ocrx_word' id='word_1_168' title='bbox 1780 2295 2002 2344; x_wconf 89' lang='lat' dir='ltr'><strong>sauctus</strong></span> 
     </span>
    </p>
   </div>
   <div class='ocr_carea' id='block_1_27' title="bbox 391 2371 1999 2444">
    <p class='ocr_par' dir='ltr' id='par_1_27' title="bbox 391 2371 1999 2444">
     <span class='ocr_line' id='line_1_27' title="bbox 391 2371 1999 2444; baseline 0.004 -18"><span class='ocrx_word' id='word_1_169' title='bbox 391 2379 544 2444; x_wconf 88' lang='lat' dir='ltr'><strong>pater</strong></span> <span class='ocrx_word' id='word_1_170' title='bbox 594 2379 781 2425; x_wconf 89' lang='lat' dir='ltr'><strong>noster</strong></span> <span class='ocrx_word' id='word_1_171' title='bbox 806 2371 1148 2437; x_wconf 83' lang='lat' dir='ltr'><strong>Guicbertus,</strong></span> <span class='ocrx_word' id='word_1_172' title='bbox 1205 2373 1296 2444; x_wconf 89' lang='lat' dir='ltr'><strong>qui</strong></span> <span class='ocrx_word' id='word_1_173' title='bbox 1361 2385 1631 2440; x_wconf 89' lang='lat' dir='ltr'><strong>nostrum,</strong></span> <span class='ocrx_word' id='word_1_174' title='bbox 1689 2377 1999 2434; x_wconf 88' lang='lat' dir='ltr'><strong>Gemmela-</strong></span> 
     </span>
    </p>
   </div>
   <div class='ocr_carea' id='block_1_28' title="bbox 389 2460 1997 2536">
    <p class='ocr_par' dir='ltr' id='par_1_28' title="bbox 389 2460 1997 2536">
     <span class='ocr_line' id='line_1_28' title="bbox 389 2460 1997 2536; baseline 0.003 -19"><span class='ocrx_word' id='word_1_175' title='bbox 389 2478 552 2517; x_wconf 88' lang='lat' dir='ltr'><strong>cense</strong></span> <span class='ocrx_word' id='word_1_176' title='bbox 591 2460 800 2516; x_wconf 87' lang='lat' dir='ltr'><strong>scilicet</strong></span> <span class='ocrx_word' id='word_1_177' title='bbox 843 2460 909 2494; x_wconf 66' lang='lat'><strong>&#39;7‘</strong></span> <span class='ocrx_word' id='word_1_178' title='bbox 949 2460 1265 2515; x_wconf 71' lang='lat' dir='ltr'><strong>coenobium</strong></span> <span class='ocrx_word' id='word_1_179' title='bbox 1310 2461 1591 2530; x_wconf 74' lang='lat' dir='ltr'><strong>fundavit;</strong></span> <span class='ocrx_word' id='word_1_180' title='bbox 1625 2467 1718 2536; x_wconf 89' lang='lat' dir='ltr'><strong>qui</strong></span> <span class='ocrx_word' id='word_1_181' title='bbox 1766 2467 1997 2535; x_wconf 81' lang='lat' dir='ltr'><strong>divitiis,</strong></span> 
     </span>
    </p>
   </div>
   <div class='ocr_carea' id='block_1_29' title="bbox 387 2551 1999 2629">
    <p class='ocr_par' dir='ltr' id='par_1_29' title="bbox 387 2551 1999 2629">
     <span class='ocr_line' id='line_1_29' title="bbox 387 2551 1999 2629; baseline 0.004 -23"><span class='ocrx_word' id='word_1_182' title='bbox 387 2551 677 2608; x_wconf 87' lang='lat' dir='ltr'><strong>nobilitate</strong></span> <span class='ocrx_word' id='word_1_183' title='bbox 729 2557 783 2604; x_wconf 91' lang='lat' dir='ltr'><strong>et</strong></span> <span class='ocrx_word' id='word_1_184' title='bbox 835 2552 1082 2622; x_wconf 89' lang='lat' dir='ltr'><strong>potentia</strong></span> <span class='ocrx_word' id='word_1_185' title='bbox 1134 2553 1337 2619; x_wconf 90' lang='lat' dir='ltr'><strong>clarus,</strong></span> <span class='ocrx_word' id='word_1_186' title='bbox 1389 2555 1670 2629; x_wconf 85' lang='lat' dir='ltr'><strong>cingulum</strong></span> <span class='ocrx_word' id='word_1_187' title='bbox 1705 2558 1999 2613; x_wconf 69' lang='lat' dir='ltr'><strong>mundana:</strong></span> 
     </span>
    </p>
   </div>
   <div class='ocr_carea' id='block_1_30' title="bbox 386 2641 1998 2720">
    <p class='ocr_par' dir='ltr' id='par_1_30' title="bbox 386 2641 1998 2720">
     <span class='ocr_line' id='line_1_30' title="bbox 386 2641 1998 2720; baseline 0.004 -25"><span class='ocrx_word' id='word_1_188' title='bbox 386 2641 596 2696; x_wconf 69' lang='lat' dir='ltr'><strong>militia:</strong></span> <span class='ocrx_word' id='word_1_189' title='bbox 649 2641 956 2711; x_wconf 88' lang='lat' dir='ltr'><strong>deponens,</strong></span> <span class='ocrx_word' id='word_1_190' title='bbox 1009 2643 1230 2716; x_wconf 90' lang='lat' dir='ltr'><strong>cingulo</strong></span> <span class='ocrx_word' id='word_1_191' title='bbox 1315 2651 1516 2698; x_wconf 79' lang='lat' dir='ltr'><strong>sanctae</strong></span> <span class='ocrx_word' id='word_1_192' title='bbox 1601 2646 1884 2720; x_wconf 79' lang='lat' dir='ltr'><strong>religionis</strong></span> <span class='ocrx_word' id='word_1_193' title='bbox 1942 2649 1998 2702; x_wconf 92' lang='lat' dir='ltr'><strong>in</strong></span> 
     </span>
    </p>
   </div>
   <div class='ocr_carea' id='block_1_31' title="bbox 386 2733 1998 2809">
    <p class='ocr_par' dir='ltr' id='par_1_31' title="bbox 386 2733 1998 2809">
     <span class='ocr_line' id='line_1_31' title="bbox 386 2733 1998 2809; baseline 0.004 -22"><span class='ocrx_word' id='word_1_194' title='bbox 386 2734 711 2789; x_wconf 89' lang='lat' dir='ltr'><strong>monachico</strong></span> <span class='ocrx_word' id='word_1_195' title='bbox 766 2733 956 2788; x_wconf 85' lang='lat' dir='ltr'><strong>habitu</strong></span> <span class='ocrx_word' id='word_1_196' title='bbox 1011 2751 1068 2789; x_wconf 92' lang='lat' dir='ltr'><strong>se</strong></span> <span class='ocrx_word' id='word_1_197' title='bbox 1117 2735 1371 2790; x_wconf 86' lang='lat' dir='ltr'><strong>accinxit.</strong></span> <span class='ocrx_word' id='word_1_198' title='bbox 1427 2739 1514 2804; x_wconf 87' lang='lat' dir='ltr'><strong>(V.</strong></span> <span class='ocrx_word' id='word_1_199' title='bbox 1572 2740 1776 2809; x_wconf 78' lang='lat' dir='ltr'><strong>Wmc)</strong></span> <span class='ocrx_word' id='word_1_200' title='bbox 1834 2740 1998 2809; x_wconf 88' lang='lat' dir='ltr'><strong>Zipti-</strong></span> 
     </span>
    </p>
   </div>
   <div class='ocr_carea' id='block_1_32' title="bbox 387 2826 1998 2898">
    <p class='ocr_par' dir='ltr' id='par_1_32' title="bbox 387 2826 1998 2898">
     <span class='ocr_line' id='line_1_32' title="bbox 387 2826 1998 2898; baseline 0.005 -20"><span class='ocrx_word' id='word_1_201' title='bbox 387 2842 524 2880; x_wconf 85' lang='lat' dir='ltr'><strong>neus</strong></span> <span class='ocrx_word' id='word_1_202' title='bbox 555 2826 663 2880; x_wconf 88' lang='lat' dir='ltr'><strong>dux</strong></span> <span class='ocrx_word' id='word_1_203' title='bbox 690 2826 924 2880; x_wconf 73' lang='lat' dir='ltr'><strong>Boemiae</strong></span> <span class='ocrx_word' id='word_1_204' title='bbox 953 2827 1021 2879; x_wconf 89' lang='lat' dir='ltr'><strong>ad</strong></span> <span class='ocrx_word' id='word_1_205' title='bbox 1062 2826 1225 2880; x_wconf 86' lang='lat' dir='ltr'><strong>ﬁdem</strong></span> <span class='ocrx_word' id='word_1_206' title='bbox 1259 2826 1453 2882; x_wconf 85' lang='lat' dir='ltr'><strong>Christi</strong></span> <span class='ocrx_word' id='word_1_207' title='bbox 1504 2843 1823 2895; x_wconf 89' lang='lat' dir='ltr'><strong>conversus,</strong></span> <span class='ocrx_word' id='word_1_208' title='bbox 1851 2832 1998 2898; x_wconf 89' lang='lat' dir='ltr'><strong>juste</strong></span> 
     </span>
    </p>
   </div>
   <div class='ocr_carea' id='block_1_33' title="bbox 387 2920 1996 2996">
    <p class='ocr_par' dir='ltr' id='par_1_33' title="bbox 387 2920 1996 2996">
     <span class='ocr_line' id='line_1_33' title="bbox 387 2920 1996 2996; baseline 0.005 -22"><span class='ocrx_word' id='word_1_209' title='bbox 387 2928 441 2974; x_wconf 91' lang='lat' dir='ltr'><strong>et</strong></span> <span class='ocrx_word' id='word_1_210' title='bbox 463 2920 792 2992; x_wconf 69' lang='lat' dir='ltr'><strong>religiosein</strong></span> <span class='ocrx_word' id='word_1_211' title='bbox 827 2920 1048 2974; x_wconf 86' lang='lat' dir='ltr'><strong>Boemia</strong></span> <span class='ocrx_word' id='word_1_212' title='bbox 1105 2921 1543 2992; x_wconf 88' lang='lat' dir='ltr'><strong>principabatur,</strong></span> <span class='ocrx_word' id='word_1_213' title='bbox 1611 2933 1661 2977; x_wconf 90' lang='lat' dir='ltr'><strong>et</strong></span> <span class='ocrx_word' id='word_1_214' title='bbox 1720 2934 1842 2996; x_wconf 87' lang='lat' dir='ltr'><strong>post</strong></span> <span class='ocrx_word' id='word_1_215' title='bbox 1873 2943 1996 2981; x_wconf 89' lang='lat' dir='ltr'><strong>eum</strong></span> 
     </span>
    </p>
   </div>
   <div class='ocr_carea' id='block_1_34' title="bbox 386 3007 1998 3078">
    <p class='ocr_par' dir='ltr' id='par_1_34' title="bbox 386 3007 1998 3078">
     <span class='ocr_line' id='line_1_34' title="bbox 386 3007 1998 3078; baseline 0.005 -18"><span class='ocrx_word' id='word_1_216' title='bbox 386 3007 681 3061; x_wconf 83' lang='lat' dir='ltr'><strong>Watizlaus</strong></span> <span class='ocrx_word' id='word_1_217' title='bbox 713 3007 857 3060; x_wconf 90' lang='lat' dir='ltr'><strong>ﬁlius</strong></span> <span class='ocrx_word' id='word_1_218' title='bbox 887 3007 1047 3075; x_wconf 89' lang='lat' dir='ltr'><strong>ejus;</strong></span> <span class='ocrx_word' id='word_1_219' title='bbox 1103 3017 1225 3078; x_wconf 88' lang='lat' dir='ltr'><strong>post</strong></span> <span class='ocrx_word' id='word_1_220' title='bbox 1245 3009 1606 3064; x_wconf 79' lang='lat' dir='ltr'><strong>Wantizlaum</strong></span> <span class='ocrx_word' id='word_1_221' title='bbox 1640 3013 1998 3068; x_wconf 85' lang='lat' dir='ltr'><strong>Wencezlaus</strong></span> 
     </span>
    </p>
   </div>
   <div class='ocr_carea' id='block_1_35' title="bbox 387 3097 1996 3171">
    <p class='ocr_par' dir='ltr' id='par_1_35' title="bbox 387 3097 1996 3171">
     <span class='ocr_line' id='line_1_35' title="bbox 387 3097 1996 3171; baseline 0.005 -19"><span class='ocrx_word' id='word_1_222' title='bbox 387 3097 535 3153; x_wconf 90' lang='lat' dir='ltr'><strong>ﬁlius</strong></span> <span class='ocrx_word' id='word_1_223' title='bbox 552 3099 695 3166; x_wconf 87' lang='lat' dir='ltr'><strong>ejus,</strong></span> <span class='ocrx_word' id='word_1_224' title='bbox 723 3099 931 3167; x_wconf 85' lang='lat' dir='ltr'><strong>justitia</strong></span> <span class='ocrx_word' id='word_1_225' title='bbox 955 3107 1010 3154; x_wconf 93' lang='lat' dir='ltr'><strong>et</strong></span> <span class='ocrx_word' id='word_1_226' title='bbox 1032 3100 1317 3155; x_wconf 87' lang='lat' dir='ltr'><strong>sanctitate</strong></span> <span class='ocrx_word' id='word_1_227' title='bbox 1363 3102 1659 3171; x_wconf 90' lang='lat' dir='ltr'><strong>preclarus,</strong></span> <span class='ocrx_word' id='word_1_228' title='bbox 1711 3106 1797 3159; x_wconf 93' lang='lat' dir='ltr'><strong>cui</strong></span> <span class='ocrx_word' id='word_1_229' title='bbox 1829 3105 1996 3160; x_wconf 87' lang='lat' dir='ltr'><strong>frater</strong></span> 
     </span>
    </p>
   </div>
   <div class='ocr_carea' id='block_1_36' title="bbox 387 3189 1452 3247">
    <p class='ocr_par' dir='ltr' id='par_1_36' title="bbox 387 3189 1452 3247">
     <span class='ocr_line' id='line_1_36' title="bbox 387 3189 1452 3247; baseline 0.002 -2"><span class='ocrx_word' id='word_1_230' title='bbox 387 3207 522 3245; x_wconf 90' lang='lat' dir='ltr'><strong>suus</strong></span> <span class='ocrx_word' id='word_1_231' title='bbox 555 3189 828 3245; x_wconf 85' lang='lat' dir='ltr'><strong>Bolizlaus</strong></span> <span class='ocrx_word' id='word_1_232' title='bbox 855 3190 1017 3244; x_wconf 87' lang='lat' dir='ltr'><strong>nimis</strong></span> <span class='ocrx_word' id='word_1_233' title='bbox 1042 3191 1452 3247; x_wconf 75' lang='lat' dir='ltr'><strong>adversabatur.</strong></span> 
     </span>
    </p>
   </div>
   <div class='ocr_carea' id='block_1_37' title="bbox 455 3282 1675 3343">
    <p class='ocr_par' dir='ltr' id='par_1_37' title="bbox 455 3282 1675 3343">
     <span class='ocr_line' id='line_1_37' title="bbox 455 3282 1675 3343; baseline 0.003 -4"><span class='ocrx_word' id='word_1_234' title='bbox 455 3283 578 3339; x_wconf 82' lang='lat'><strong>922.</strong></span> <span class='ocrx_word' id='word_1_235' title='bbox 871 3282 924 3339; x_wconf 88' lang='lat'><strong>3.</strong></span> <span class='ocrx_word' id='word_1_236' title='bbox 1213 3285 1301 3338; x_wconf 68' lang='lat'><strong>24.</strong></span> <span class='ocrx_word' id='word_1_237' title='bbox 1591 3287 1675 3343; x_wconf 86' lang='grc'><strong>17.</strong></span> 
     </span>
    </p>
   </div>
   <div class='ocr_carea' id='block_1_38' title="bbox 456 3373 1998 3448">
    <p class='ocr_par' dir='ltr' id='par_1_38' title="bbox 456 3373 1998 3448">
     <span class='ocr_line' id='line_1_38' title="bbox 456 3373 1998 3448; baseline 0.005 -23"><span class='ocrx_word' id='word_1_238' title='bbox 456 3373 623 3441; x_wconf 55' lang='lat' dir='ltr'><strong>(Man.</strong></span> <span class='ocrx_word' id='word_1_239' title='bbox 674 3373 883 3438; x_wconf 75' lang='lat' dir='ltr'><strong>Lirnp.)</strong></span> <span class='ocrx_word' id='word_1_240' title='bbox 945 3374 1176 3448; x_wconf 87' lang='lat' dir='ltr'><strong>Ungaris</strong></span> <span class='ocrx_word' id='word_1_241' title='bbox 1221 3374 1519 3430; x_wconf 87' lang='lat' dir='ltr'><strong>Franciam.</strong></span> <span class='ocrx_word' id='word_1_242' title='bbox 1566 3378 1842 3445; x_wconf 76' lang='lat' dir='ltr'><strong>Alsatiam,</strong></span> <span class='ocrx_word' id='word_1_243' title='bbox 1873 3380 1998 3435; x_wconf 86' lang='lat' dir='ltr'><strong>Ale-</strong></span> 
     </span>
    </p>
   </div>
   <div class='ocr_carea' id='block_1_39' title="bbox 385 3464 2000 3538">
    <p class='ocr_par' dir='ltr' id='par_1_39' title="bbox 385 3464 2000 3538">
     <span class='ocr_line' id='line_1_39' title="bbox 385 3464 2000 3538; baseline 0.005 -20"><span class='ocrx_word' id='word_1_244' title='bbox 385 3464 686 3530; x_wconf 90' lang='lat' dir='ltr'><strong>manniam,</strong></span> <span class='ocrx_word' id='word_1_245' title='bbox 720 3465 1124 3536; x_wconf 85' lang='lat' dir='ltr'><strong>Saxoniamque</strong></span> <span class='ocrx_word' id='word_1_246' title='bbox 1181 3465 1670 3538; x_wconf 77' lang='lat' dir='ltr'><strong>depopulanlibus,</strong></span> <span class='ocrx_word' id='word_1_247' title='bbox 1711 3471 2000 3526; x_wconf 86' lang='lat' dir='ltr'><strong>lleinricus</strong></span> 
     </span>
    </p>
   </div>
   <div class='ocr_carea' id='block_1_40' title="bbox 386 3551 2000 3628">
    <p class='ocr_par' dir='ltr' id='par_1_40' title="bbox 386 3551 2000 3628">
     <span class='ocr_line' id='line_1_40' title="bbox 386 3551 2000 3628; baseline 0.004 -22"><span class='ocrx_word' id='word_1_248' title='bbox 386 3570 480 3608; x_wconf 91' lang='lat' dir='ltr'><strong>rex</strong></span> <span class='ocrx_word' id='word_1_249' title='bbox 507 3553 662 3621; x_wconf 86' lang='lat' dir='ltr'><strong>juxta</strong></span> <span class='ocrx_word' id='word_1_250' title='bbox 729 3551 920 3606; x_wconf 85' lang='lat' dir='ltr'><strong>urbem</strong></span> <span class='ocrx_word' id='word_1_251' title='bbox 984 3552 1337 3608; x_wconf 77' lang='lat' dir='ltr'><strong>Heresburhc</strong></span> <span class='ocrx_word' id='word_1_252' title='bbox 1397 3570 1750 3628; x_wconf 79' lang='lat' dir='ltr'><strong>congressus,</strong></span> <span class='ocrx_word' id='word_1_253' title='bbox 1793 3574 2000 3613; x_wconf 90' lang='lat' dir='ltr'><strong>vovens</strong></span> 
     </span>
    </p>
   </div>
   <div class='ocr_carea' id='block_1_41' title="bbox 387 3639 2000 3716">
    <p class='ocr_par' dir='ltr' id='par_1_41' title="bbox 387 3639 2000 3716">
     <span class='ocr_line' id='line_1_41' title="bbox 387 3639 2000 3716; baseline 0.006 -22"><span class='ocrx_word' id='word_1_254' title='bbox 387 3641 520 3707; x_wconf 92' lang='lat' dir='ltr'><strong>Deo,</strong></span> <span class='ocrx_word' id='word_1_255' title='bbox 548 3656 648 3710; x_wconf 91' lang='lat' dir='ltr'><strong>pro</strong></span> <span class='ocrx_word' id='word_1_256' title='bbox 679 3639 1042 3709; x_wconf 87' lang='lat' dir='ltr'><strong>adipiscenda</strong></span> <span class='ocrx_word' id='word_1_257' title='bbox 1083 3642 1310 3696; x_wconf 84' lang='lat' dir='ltr'><strong>victoria</strong></span> <span class='ocrx_word' id='word_1_258' title='bbox 1363 3658 1422 3697; x_wconf 90' lang='lat' dir='ltr'><strong>se</strong></span> <span class='ocrx_word' id='word_1_259' title='bbox 1448 3643 1686 3698; x_wconf 87' lang='lat' dir='ltr'><strong>heresim</strong></span> <span class='ocrx_word' id='word_1_260' title='bbox 1719 3649 2000 3716; x_wconf 90' lang='lat' dir='ltr'><strong>symonia-</strong></span> 
     </span>
    </p>
   </div>
   <div class='ocr_carea' id='block_1_42' title="bbox 383 3732 1999 3808">
    <p class='ocr_par' dir='ltr' id='par_1_42' title="bbox 383 3732 1999 3808">
     <span class='ocr_line' id='line_1_42' title="bbox 383 3732 1999 3808; baseline 0.004 -22"><span class='ocrx_word' id='word_1_261' title='bbox 383 3748 503 3790; x_wconf 86' lang='lat' dir='ltr'><strong>cam</strong></span> <span class='ocrx_word' id='word_1_262' title='bbox 539 3735 606 3788; x_wconf 92' lang='lat' dir='ltr'><strong>de</strong></span> <span class='ocrx_word' id='word_1_263' title='bbox 630 3747 799 3808; x_wconf 91' lang='lat' dir='ltr'><strong>regno</strong></span> <span class='ocrx_word' id='word_1_264' title='bbox 843 3748 944 3787; x_wconf 88' lang='lat' dir='ltr'><strong>suo</strong></span> <span class='ocrx_word' id='word_1_265' title='bbox 998 3732 1424 3800; x_wconf 88' lang='lat' dir='ltr'><strong>cradicaturum,</strong></span> <span class='ocrx_word' id='word_1_266' title='bbox 1461 3733 1819 3790; x_wconf 89' lang='lat' dir='ltr'><strong>inestimabili</strong></span> <span class='ocrx_word' id='word_1_267' title='bbox 1849 3739 1999 3793; x_wconf 82' lang='lat' dir='ltr'><strong>caede</strong></span> 
     </span>
    </p>
   </div>
   <div class='ocr_carea' id='block_1_43' title="bbox 381 3821 1997 3902">
    <p class='ocr_par' dir='ltr' id='par_1_43' title="bbox 381 3821 1997 3902">
     <span class='ocr_line' id='line_1_43' title="bbox 381 3821 1997 3902; baseline 0 -22"><span class='ocrx_word' id='word_1_268' title='bbox 381 3841 478 3880; x_wconf 89' lang='lat' dir='ltr'><strong>eos</strong></span> <span class='ocrx_word' id='word_1_269' title='bbox 514 3839 690 3894; x_wconf 91' lang='lat' dir='ltr'><strong>usque</strong></span> <span class='ocrx_word' id='word_1_270' title='bbox 745 3822 813 3876; x_wconf 91' lang='lat' dir='ltr'><strong>ad</strong></span> <span class='ocrx_word' id='word_1_271' title='bbox 866 3821 1298 3877; x_wconf 90' lang='lat' dir='ltr'><strong>internetionem</strong></span> <span class='ocrx_word' id='word_1_272' title='bbox 1352 3838 1509 3892; x_wconf 75' lang='lat' dir='ltr'><strong>ptenc</strong></span> <span class='ocrx_word' id='word_1_273' title='bbox 1551 3824 1775 3878; x_wconf 88' lang='lat' dir='ltr'><strong>delevit.</strong></span> <span class='ocrx_word' id='word_1_274' title='bbox 1811 3826 1997 3902; x_wconf 78' lang='lat' dir='ltr'><strong>(Win)</strong></span> 
     </span>
    </p>
   </div>
   <div class='ocr_carea' id='block_1_44' title="bbox 381 3910 2003 3987">
    <p class='ocr_par' dir='ltr' id='par_1_44' title="bbox 381 3910 2003 3987">
     <span class='ocr_line' id='line_1_44' title="bbox 381 3910 2003 3987; baseline 0.002 -15"><span class='ocrx_word' id='word_1_275' title='bbox 381 3917 492 3972; x_wconf 79' lang='lat' dir='ltr'><strong>Rex</strong></span> <span class='ocrx_word' id='word_1_276' title='bbox 527 3915 815 3970; x_wconf 88' lang='lat' dir='ltr'><strong>Heinricus</strong></span> <span class='ocrx_word' id='word_1_277' title='bbox 839 3910 1203 3987; x_wconf 75' lang='lat' dir='ltr'><strong>quascunque</strong></span> <span class='ocrx_word' id='word_1_278' title='bbox 1235 3915 1405 3982; x_wconf 88' lang='lat' dir='ltr'><strong>fures,</strong></span> <span class='ocrx_word' id='word_1_279' title='bbox 1465 3918 1708 3973; x_wconf 90' lang='lat' dir='ltr'><strong>latrones</strong></span> <span class='ocrx_word' id='word_1_280' title='bbox 1736 3929 1829 3974; x_wconf 94' lang='lat' dir='ltr'><strong>aut</strong></span> <span class='ocrx_word' id='word_1_281' title='bbox 1860 3922 2003 3976; x_wconf 88' lang='lat' dir='ltr'><strong>sica-</strong></span> 
     </span>
    </p>
   </div>
   <div class='ocr_carea' id='block_1_45' title="bbox 379 4007 2003 4078">
    <p class='ocr_par' dir='ltr' id='par_1_45' title="bbox 379 4007 2003 4078">
     <span class='ocr_line' id='line_1_45' title="bbox 379 4007 2003 4078; baseline 0.002 -14"><span class='ocrx_word' id='word_1_282' title='bbox 379 4010 490 4066; x_wconf 89' lang='lat' dir='ltr'><strong>rios</strong></span> <span class='ocrx_word' id='word_1_283' title='bbox 521 4026 685 4063; x_wconf 88' lang='lat' dir='ltr'><strong>manu</strong></span> <span class='ocrx_word' id='word_1_284' title='bbox 718 4007 883 4064; x_wconf 83' lang='lat' dir='ltr'><strong>fortes</strong></span> <span class='ocrx_word' id='word_1_285' title='bbox 906 4016 960 4062; x_wconf 91' lang='lat' dir='ltr'><strong>et</strong></span> <span class='ocrx_word' id='word_1_286' title='bbox 988 4007 1153 4062; x_wconf 87' lang='lat' dir='ltr'><strong>bellis</strong></span> <span class='ocrx_word' id='word_1_287' title='bbox 1169 4016 1328 4078; x_wconf 90' lang='lat' dir='ltr'><strong>aptos</strong></span> <span class='ocrx_word' id='word_1_288' title='bbox 1344 4024 1468 4064; x_wconf 89' lang='lat' dir='ltr'><strong>esse</strong></span> <span class='ocrx_word' id='word_1_289' title='bbox 1508 4011 1752 4078; x_wconf 88' lang='lat' dir='ltr'><strong>videbat,</strong></span> <span class='ocrx_word' id='word_1_290' title='bbox 1788 4013 2003 4070; x_wconf 88' lang='lat' dir='ltr'><strong>indulta</strong></span> 
     </span>
    </p>
   </div>
   <div class='ocr_carea' id='block_1_46' title="bbox 377 4101 2003 4180">
    <p class='ocr_par' dir='ltr' id='par_1_46' title="bbox 377 4101 2003 4180">
     <span class='ocr_line' id='line_1_46' title="bbox 377 4101 2003 4180; baseline 0.003 -20"><span class='ocrx_word' id='word_1_291' title='bbox 377 4105 458 4160; x_wconf 92' lang='lat' dir='ltr'><strong>cis</strong></span> <span class='ocrx_word' id='word_1_292' title='bbox 481 4105 640 4160; x_wconf 90' lang='lat' dir='ltr'><strong>venia</strong></span> <span class='ocrx_word' id='word_1_293' title='bbox 669 4119 830 4177; x_wconf 84' lang='lat' dir='ltr'><strong>agros</strong></span> <span class='ocrx_word' id='word_1_294' title='bbox 879 4113 934 4157; x_wconf 88' lang='lat' dir='ltr'><strong>et</strong></span> <span class='ocrx_word' id='word_1_295' title='bbox 961 4119 1113 4157; x_wconf 90' lang='lat' dir='ltr'><strong>arma</strong></span> <span class='ocrx_word' id='word_1_296' title='bbox 1171 4101 1356 4165; x_wconf 88' lang='lat' dir='ltr'><strong>dabat,</strong></span> <span class='ocrx_word' id='word_1_297' title='bbox 1398 4111 1451 4158; x_wconf 89' lang='lat' dir='ltr'><strong>et</strong></span> <span class='ocrx_word' id='word_1_298' title='bbox 1510 4106 1784 4180; x_wconf 80' lang='lat' dir='ltr'><strong>legionem</strong></span> <span class='ocrx_word' id='word_1_299' title='bbox 1822 4125 1890 4163; x_wconf 89' lang='lat' dir='ltr'><strong>ex</strong></span> <span class='ocrx_word' id='word_1_300' title='bbox 1921 4111 2003 4164; x_wconf 90' lang='lat' dir='ltr'><strong>eis</strong></span> 
     </span>
    </p>
   </div>
   <div class='ocr_carea' id='block_1_47' title="bbox 376 4189 2006 4264">
    <p class='ocr_par' dir='ltr' id='par_1_47' title="bbox 376 4189 2006 4264">
     <span class='ocr_line' id='line_1_47' title="bbox 376 4189 2006 4264; baseline 0.004 -16"><span class='ocrx_word' id='word_1_301' title='bbox 376 4194 581 4249; x_wconf 89' lang='lat' dir='ltr'><strong>faciens</strong></span> <span class='ocrx_word' id='word_1_302' title='bbox 609 4193 680 4247; x_wconf 91' lang='lat' dir='ltr'><strong>ad</strong></span> <span class='ocrx_word' id='word_1_303' title='bbox 709 4191 1077 4245; x_wconf 88' lang='lat' dir='ltr'><strong>debellandos</strong></span> <span class='ocrx_word' id='word_1_304' title='bbox 1111 4189 1384 4245; x_wconf 88' lang='lat' dir='ltr'><strong>barbaros</strong></span> <span class='ocrx_word' id='word_1_305' title='bbox 1405 4194 1736 4263; x_wconf 86' lang='lat' dir='ltr'><strong>exponebat,</strong></span> <span class='ocrx_word' id='word_1_306' title='bbox 1772 4198 2006 4264; x_wconf 70' lang='lat' dir='ltr'><strong>ediceng</strong></span> 
     </span>
    </p>
   </div>
   <div class='ocr_carea' id='block_1_48' title="bbox 374 4285 2001 4363">
    <p class='ocr_par' dir='ltr' id='par_1_48' title="bbox 374 4285 2001 4363">
     <span class='ocr_line' id='line_1_48' title="bbox 374 4285 2001 4363; baseline 0.006 -18"><span class='ocrx_word' id='word_1_307' title='bbox 374 4290 625 4356; x_wconf 90' lang='lat' dir='ltr'><strong>omnino,</strong></span> <span class='ocrx_word' id='word_1_308' title='bbox 665 4296 726 4342; x_wconf 90' lang='lat' dir='ltr'><strong>ut</strong></span> <span class='ocrx_word' id='word_1_309' title='bbox 754 4285 970 4342; x_wconf 83' lang='lat' dir='ltr'><strong>civibus</strong></span> <span class='ocrx_word' id='word_1_310' title='bbox 1003 4286 1387 4342; x_wconf 90' lang='lat' dir='ltr'><strong>tantummodo</strong></span> <span class='ocrx_word' id='word_1_311' title='bbox 1423 4299 1726 4358; x_wconf 88' lang='lat' dir='ltr'><strong>parcerent.</strong></span> <span class='ocrx_word' id='word_1_312' title='bbox 1750 4287 2001 4363; x_wconf 80' lang='lat' dir='ltr'><strong>(A.Lob.)</strong></span> 
     </span>
    </p>
   </div>
   <div class='ocr_carea' id='block_1_49' title="bbox 377 4359 2067 4444">
    <p class='ocr_par' dir='ltr' id='par_1_49' title="bbox 377 4359 2067 4444">
     <span class='ocr_line' id='line_1_49' title="bbox 377 4359 2067 4444; baseline 0 -4"><span class='ocrx_word' id='word_1_313' title='bbox 377 4384 603 4439; x_wconf 91' lang='lat' dir='ltr'><strong>Karolus</strong></span> <span class='ocrx_word' id='word_1_314' title='bbox 634 4397 725 4435; x_wconf 90' lang='lat' dir='ltr'><strong>rex</strong></span> <span class='ocrx_word' id='word_1_315' title='bbox 749 4379 1078 4433; x_wconf 86' lang='lat' dir='ltr'><strong>Francorum</strong></span> <span class='ocrx_word' id='word_1_316' title='bbox 1110 4394 1231 4433; x_wconf 92' lang='lat' dir='ltr'><strong>cum</strong></span> <span class='ocrx_word' id='word_1_317' title='bbox 1290 4379 1493 4436; x_wconf 89' lang='lat' dir='ltr'><strong>auxilio</strong></span> <span class='ocrx_word' id='word_1_318' title='bbox 1542 4383 1978 4444; x_wconf 90' lang='lat' dir='ltr'><strong>Lothariensium</strong></span> <span class='ocrx_word' id='word_1_319' title='bbox 2013 4359 2067 4427; x_wconf 85' lang='lat' dir='ltr'>D</span> 
     </span>
    </p>
   </div>
   <div class='ocr_carea' id='block_1_50' title="bbox 367 4467 1981 4543">
    <p class='ocr_par' dir='ltr' id='par_1_50' title="bbox 367 4467 1981 4543">
     <span class='ocr_line' id='line_1_50' title="bbox 367 4467 1981 4543; baseline 0.001 -15"><span class='ocrx_word' id='word_1_320' title='bbox 367 4475 519 4543; x_wconf 84' lang='lat' dir='ltr'><strong>juxta</strong></span> <span class='ocrx_word' id='word_1_321' title='bbox 545 4471 740 4526; x_wconf 88' lang='lat' dir='ltr'><strong>urbem</strong></span> <span class='ocrx_word' id='word_1_322' title='bbox 771 4467 1082 4522; x_wconf 88' lang='lat' dir='ltr'><strong>Suessionis</strong></span> <span class='ocrx_word' id='word_1_323' title='bbox 1131 4484 1384 4541; x_wconf 84' lang='lat' dir='ltr'><strong>pugnans</strong></span> <span class='ocrx_word' id='word_1_324' title='bbox 1433 4478 1626 4526; x_wconf 90' lang='lat' dir='ltr'><strong>contra</strong></span> <span class='ocrx_word' id='word_1_325' title='bbox 1660 4473 1981 4530; x_wconf 92' lang='lat' dir='ltr'><strong>Rotbertum</strong></span> 
     </span>
    </p>
   </div>
   <div class='ocr_carea' id='block_1_51' title="bbox 374 4557 1985 4634">
    <p class='ocr_par' dir='ltr' id='par_1_51' title="bbox 374 4557 1985 4634">
     <span class='ocr_line' id='line_1_51' title="bbox 374 4557 1985 4634; baseline 0.001 -15"><span class='ocrx_word' id='word_1_326' title='bbox 374 4565 593 4620; x_wconf 88' lang='lat' dir='ltr'><strong>fratrem</strong></span> <span class='ocrx_word' id='word_1_327' title='bbox 627 4560 836 4617; x_wconf 91' lang='lat' dir='ltr'><strong>Odonis</strong></span> <span class='ocrx_word' id='word_1_328' title='bbox 868 4557 1035 4634; x_wconf 89' lang='lat' dir='ltr'><strong>regis,</strong></span> <span class='ocrx_word' id='word_1_329' title='bbox 1079 4558 1171 4629; x_wconf 91' lang='lat' dir='ltr'><strong>qui</strong></span> <span class='ocrx_word' id='word_1_330' title='bbox 1229 4566 1420 4614; x_wconf 90' lang='lat' dir='ltr'><strong>contra</strong></span> <span class='ocrx_word' id='word_1_331' title='bbox 1448 4577 1507 4615; x_wconf 89' lang='lat' dir='ltr'><strong>se</strong></span> <span class='ocrx_word' id='word_1_332' title='bbox 1559 4578 1785 4634; x_wconf 84' lang='lat' dir='ltr'><strong>regnum</strong></span> <span class='ocrx_word' id='word_1_333' title='bbox 1819 4566 1985 4620; x_wconf 88' lang='lat' dir='ltr'><strong>Fran-</strong></span> 
     </span>
    </p>
   </div>
   <div class='ocr_carea' id='block_1_52' title="bbox 373 4647 1983 4723">
    <p class='ocr_par' dir='ltr' id='par_1_52' title="bbox 373 4647 1983 4723">
     <span class='ocr_line' id='line_1_52' title="bbox 373 4647 1983 4723; baseline 0.002 -16"><span class='ocrx_word' id='word_1_334' title='bbox 373 4669 562 4709; x_wconf 90' lang='lat' dir='ltr'><strong>corum</strong></span> <span class='ocrx_word' id='word_1_335' title='bbox 594 4649 912 4716; x_wconf 88' lang='lat' dir='ltr'><strong>invadebat,</strong></span> <span class='ocrx_word' id='word_1_336' title='bbox 960 4647 1106 4718; x_wconf 78' lang='lat' dir='ltr'><strong>(W10</strong></span> <span class='ocrx_word' id='word_1_337' title='bbox 1137 4648 1153 4718; x_wconf 91' lang='lat'><strong>)</strong></span> <span class='ocrx_word' id='word_1_338' title='bbox 1185 4663 1311 4702; x_wconf 91' lang='lat' dir='ltr'><strong>eum</strong></span> <span class='ocrx_word' id='word_1_339' title='bbox 1354 4665 1478 4704; x_wconf 91' lang='lat' dir='ltr'><strong>cum</strong></span> <span class='ocrx_word' id='word_1_340' title='bbox 1511 4652 1697 4707; x_wconf 90' lang='lat' dir='ltr'><strong>multis</strong></span> <span class='ocrx_word' id='word_1_341' title='bbox 1730 4656 1983 4723; x_wconf 89' lang='lat' dir='ltr'><strong>peremit,</strong></span> 
     </span>
    </p>
   </div>
   <div class='ocr_carea' id='block_1_53' title="bbox 373 4739 1983 4817">
    <p class='ocr_par' dir='ltr' id='par_1_53' title="bbox 373 4739 1983 4817">
     <span class='ocr_line' id='line_1_53' title="bbox 373 4739 1983 4817; baseline 0.002 -21"><span class='ocrx_word' id='word_1_342' title='bbox 373 4749 428 4796; x_wconf 90' lang='lat' dir='ltr'><strong>et</strong></span> <span class='ocrx_word' id='word_1_343' title='bbox 457 4757 515 4795; x_wconf 91' lang='lat' dir='ltr'><strong>se</strong></span> <span class='ocrx_word' id='word_1_344' title='bbox 537 4749 594 4794; x_wconf 90' lang='lat' dir='ltr'><strong>et</strong></span> <span class='ocrx_word' id='word_1_345' title='bbox 632 4739 913 4794; x_wconf 87' lang='lat' dir='ltr'><strong>Franciam</strong></span> <span class='ocrx_word' id='word_1_346' title='bbox 969 4739 1200 4795; x_wconf 88' lang='lat' dir='ltr'><strong>Henrico</strong></span> <span class='ocrx_word' id='word_1_347' title='bbox 1261 4741 1373 4812; x_wconf 84' lang='lat' dir='ltr'><strong>regi</strong></span> <span class='ocrx_word' id='word_1_348' title='bbox 1419 4741 1713 4810; x_wconf 87' lang='lat' dir='ltr'><strong>submittit,</strong></span> <span class='ocrx_word' id='word_1_349' title='bbox 1747 4745 1983 4817; x_wconf 89' lang='lat' dir='ltr'><strong>eiquein</strong></span> 
     </span>
    </p>
   </div>
   <div class='ocr_carea' id='block_1_54' title="bbox 375 4826 1982 4902">
    <p class='ocr_par' dir='ltr' id='par_1_54' title="bbox 375 4826 1982 4902">
     <span class='ocr_line' id='line_1_54' title="bbox 375 4826 1982 4902; baseline 0.006 -23"><span class='ocrx_word' id='word_1_350' title='bbox 375 4829 576 4902; x_wconf 91' lang='lat' dir='ltr'><strong>pignus</strong></span> <span class='ocrx_word' id='word_1_351' title='bbox 609 4826 860 4898; x_wconf 90' lang='lat' dir='ltr'><strong>perpetui</strong></span> <span class='ocrx_word' id='word_1_352' title='bbox 927 4826 1153 4881; x_wconf 67' lang='lat' dir='ltr'><strong>foederis</strong></span> <span class='ocrx_word' id='word_1_353' title='bbox 1215 4838 1268 4883; x_wconf 92' lang='lat' dir='ltr'><strong>et</strong></span> <span class='ocrx_word' id='word_1_354' title='bbox 1316 4830 1518 4884; x_wconf 91' lang='lat' dir='ltr'><strong>amoris</strong></span> <span class='ocrx_word' id='word_1_355' title='bbox 1568 4831 1730 4886; x_wconf 86' lang='lat' dir='ltr'><strong>mittit</strong></span> <span class='ocrx_word' id='word_1_356' title='bbox 1763 4849 1982 4888; x_wconf 89' lang='lat' dir='ltr'><strong>manum</strong></span> 
     </span>
    </p>
   </div>
   <div class='ocr_carea' id='block_1_55' title="bbox 374 4920 1982 5000">
    <p class='ocr_par' dir='ltr' id='par_1_55' title="bbox 374 4920 1982 5000">
     <span class='ocr_line' id='line_1_55' title="bbox 374 4920 1982 5000; baseline 0.004 -24"><span class='ocrx_word' id='word_1_357' title='bbox 374 4921 608 4994; x_wconf 89' lang='lat' dir='ltr'><strong>preciosi</strong></span> <span class='ocrx_word' id='word_1_358' title='bbox 648 4920 898 4990; x_wconf 81' lang='lat' dir='ltr'><strong>martyris</strong></span> <span class='ocrx_word' id='word_1_359' title='bbox 952 4921 1180 4976; x_wconf 89' lang='lat' dir='ltr'><strong>Dionisii</strong></span> <span class='ocrx_word' id='word_1_360' title='bbox 1240 4924 1586 4991; x_wconf 89' lang='lat' dir='ltr'><strong>Harisiensis,</strong></span> <span class='ocrx_word' id='word_1_361' title='bbox 1647 4942 1782 4982; x_wconf 92' lang='lat' dir='ltr'><strong>auro</strong></span> <span class='ocrx_word' id='word_1_362' title='bbox 1829 4945 1982 5000; x_wconf 88' lang='lat' dir='ltr'><strong>gem-</strong></span> 
     </span>
    </p>
   </div>
   <div class='ocr_carea' id='block_1_56' title="bbox 375 5012 907 5085">
    <p class='ocr_par' dir='ltr' id='par_1_56' title="bbox 375 5012 907 5085">
     <span class='ocr_line' id='line_1_56' title="bbox 375 5012 907 5085; baseline -0.006 -16"><span class='ocrx_word' id='word_1_363' title='bbox 375 5014 588 5085; x_wconf 89' lang='lat' dir='ltr'><strong>misque</strong></span> <span class='ocrx_word' id='word_1_364' title='bbox 617 5012 907 5067; x_wconf 92' lang='lat' dir='ltr'><strong>inclusam.</strong></span> 
     </span>
    </p>
   </div>
   <div class='ocr_carea' id='block_1_57' title="bbox 442 5105 1625 5174">
    <p class='ocr_par' dir='ltr' id='par_1_57' title="bbox 442 5105 1625 5174">
     <span class='ocr_line' id='line_1_57' title="bbox 442 5105 1625 5174; baseline 0.004 -14"><span class='ocrx_word' id='word_1_365' title='bbox 442 5106 568 5160; x_wconf 88' lang='lat'><strong>923.</strong></span> <span class='ocrx_word' id='word_1_366' title='bbox 847 5105 901 5158; x_wconf 80' lang='grc'><strong>4.</strong></span> <span class='ocrx_word' id='word_1_367' title='bbox 1175 5107 1264 5162; x_wconf 73' lang='grc'><strong>24.</strong></span> <span class='ocrx_word' id='word_1_368' title='bbox 1539 5109 1625 5174; x_wconf 86' lang='grc'><strong>18,</strong></span> 
     </span>
    </p>
   </div>
   <div class='ocr_carea' id='block_1_58' title="bbox 444 5195 1982 5269">
    <p class='ocr_par' dir='ltr' id='par_1_58' title="bbox 444 5195 1982 5269">
     <span class='ocr_line' id='line_1_58' title="bbox 444 5195 1982 5269; baseline 0.002 -18"><span class='ocrx_word' id='word_1_369' title='bbox 444 5197 539 5266; x_wconf 83' lang='lat' dir='ltr'><strong>(A.</strong></span> <span class='ocrx_word' id='word_1_370' title='bbox 569 5196 680 5251; x_wconf 89' lang='lat' dir='ltr'><strong>Lob</strong></span> <span class='ocrx_word' id='word_1_371' title='bbox 709 5195 724 5265; x_wconf 95' lang='lat'><strong>)</strong></span> <span class='ocrx_word' id='word_1_372' title='bbox 755 5195 932 5268; x_wconf 81' lang='lat' dir='ltr'><strong>Reges</strong></span> <span class='ocrx_word' id='word_1_373' title='bbox 965 5195 1230 5252; x_wconf 81' lang='lat' dir='ltr'><strong>Henricus</strong></span> <span class='ocrx_word' id='word_1_374' title='bbox 1282 5206 1336 5253; x_wconf 89' lang='lat' dir='ltr'><strong>et</strong></span> <span class='ocrx_word' id='word_1_375' title='bbox 1365 5198 1591 5254; x_wconf 84' lang='lat' dir='ltr'><strong>Karolus</strong></span> <span class='ocrx_word' id='word_1_376' title='bbox 1625 5198 1770 5269; x_wconf 90' lang='lat' dir='ltr'><strong>apud</strong></span> <span class='ocrx_word' id='word_1_377' title='bbox 1832 5202 1982 5254; x_wconf 90' lang='lat' dir='ltr'><strong>Bun-</strong></span> 
     </span>
    </p>
   </div>
   <div class='ocr_carea' id='block_1_59' title="bbox 371 5283 1985 5351">
    <p class='ocr_par' dir='ltr' id='par_1_59' title="bbox 371 5283 1985 5351">
     <span class='ocr_line' id='line_1_59' title="bbox 371 5283 1985 5351; baseline 0.002 -11"><span class='ocrx_word' id='word_1_378' title='bbox 371 5301 497 5340; x_wconf 88' lang='lat' dir='ltr'><strong>nam</strong></span> <span class='ocrx_word' id='word_1_379' title='bbox 525 5284 593 5320; x_wconf 81' lang='grc'>¹⁷⁶</span> <span class='ocrx_word' id='word_1_380' title='bbox 621 5283 1074 5340; x_wconf 71' lang='grc' dir='ltr'><strong>οοηῐωιιεωηιυι·</strong></span> <span class='ocrx_word' id='word_1_381' title='bbox 1102 5304 1119 5351; x_wconf 87' lang='lat'><strong><em>;</em></strong></span> <span class='ocrx_word' id='word_1_382' title='bbox 1151 5292 1207 5340; x_wconf 93' lang='lat' dir='ltr'><strong>et</strong></span> <span class='ocrx_word' id='word_1_383' title='bbox 1261 5285 1486 5340; x_wconf 84' lang='lat' dir='ltr'><strong>Karolus</strong></span> <span class='ocrx_word' id='word_1_384' title='bbox 1530 5286 1710 5340; x_wconf 87' lang='lat' dir='ltr'><strong>reddit</strong></span> <span class='ocrx_word' id='word_1_385' title='bbox 1752 5287 1985 5345; x_wconf 87' lang='lat' dir='ltr'><strong>Henrico</strong></span> 
     </span>
    </p>
   </div>
   <div class='ocr_carea' id='block_1_60' title="bbox 2021 1706 2071 1773">
    <p class='ocr_par' dir='ltr' id='par_1_60' title="bbox 2021 1706 2071 1773">
     <span class='ocr_line' id='line_1_60' title="bbox 2021 1706 2071 1773; baseline 0 0"><span class='ocrx_word' id='word_1_386' title='bbox 2021 1706 2071 1773; x_wconf 89' lang='lat' dir='ltr'>B</span> 
     </span>
    </p>
   </div>
   <div class='ocr_carea' id='block_1_61' title="bbox 2078 648 3712 722">
    <p class='ocr_par' dir='ltr' id='par_1_61' title="bbox 2078 648 3712 722">
     <span class='ocr_line' id='line_1_61' title="bbox 2078 648 3712 722; baseline 0.002 -18"><span class='ocrx_word' id='word_1_387' title='bbox 2078 649 2323 720; x_wconf 84' lang='lat' dir='ltr'><strong>sanguis,</strong></span> <span class='ocrx_word' id='word_1_388' title='bbox 2357 649 2448 720; x_wconf 92' lang='lat' dir='ltr'><strong>qui</strong></span> <span class='ocrx_word' id='word_1_389' title='bbox 2479 648 2548 702; x_wconf 91' lang='lat' dir='ltr'><strong>de</strong></span> <span class='ocrx_word' id='word_1_390' title='bbox 2583 648 2823 722; x_wconf 85' lang='lat' dir='ltr'><strong>imagine</strong></span> <span class='ocrx_word' id='word_1_391' title='bbox 2845 649 3062 704; x_wconf 88' lang='lat' dir='ltr'><strong>Domini</strong></span> <span class='ocrx_word' id='word_1_392' title='bbox 3092 649 3270 716; x_wconf 88' lang='lat' dir='ltr'><strong>ﬂuxit,</strong></span> <span class='ocrx_word' id='word_1_393' title='bbox 3303 667 3426 706; x_wconf 93' lang='lat' dir='ltr'><strong>cum</strong></span> <span class='ocrx_word' id='word_1_394' title='bbox 3462 653 3712 707; x_wconf 85' lang='lat' dir='ltr'><strong>secundo</strong></span> 
     </span>
    </p>
   </div>
   <div class='ocr_carea' id='block_1_62' title="bbox 2081 739 3716 813">
    <p class='ocr_par' dir='ltr' id='par_1_62' title="bbox 2081 739 3716 813">
     <span class='ocr_line' id='line_1_62' title="bbox 2081 739 3716 813; baseline 0.002 -20"><span class='ocrx_word' id='word_1_395' title='bbox 2081 739 2344 794; x_wconf 90' lang='lat' dir='ltr'><strong>Dominus</strong></span> <span class='ocrx_word' id='word_1_396' title='bbox 2385 739 2439 792; x_wconf 92' lang='lat' dir='ltr'><strong>in</strong></span> <span class='ocrx_word' id='word_1_397' title='bbox 2483 739 2722 813; x_wconf 86' lang='lat' dir='ltr'><strong>imagine</strong></span> <span class='ocrx_word' id='word_1_398' title='bbox 2761 755 2860 793; x_wconf 91' lang='lat' dir='ltr'><strong>sua</strong></span> <span class='ocrx_word' id='word_1_399' title='bbox 2905 757 2934 793; x_wconf 93' lang='lat' dir='ltr'><strong>a</strong></span> <span class='ocrx_word' id='word_1_400' title='bbox 2963 739 3171 794; x_wconf 66' lang='lat' dir='ltr'><strong>Iudaeis</strong></span> <span class='ocrx_word' id='word_1_401' title='bbox 3199 741 3384 811; x_wconf 88' lang='lat' dir='ltr'><strong>priora</strong></span> <span class='ocrx_word' id='word_1_402' title='bbox 3437 752 3716 812; x_wconf 87' lang='lat' dir='ltr'><strong>pateretur</strong></span> 
     </span>
    </p>
   </div>
   <div class='ocr_carea' id='block_1_63' title="bbox 2085 829 3713 901">
    <p class='ocr_par' dir='ltr' id='par_1_63' title="bbox 2085 829 3713 901">
     <span class='ocr_line' id='line_1_63' title="bbox 2085 829 3713 901; baseline 0.004 -21"><span class='ocrx_word' id='word_1_403' title='bbox 2085 829 2172 880; x_wconf 75' lang='lat'><strong>&quot;7.</strong></span> <span class='ocrx_word' id='word_1_404' title='bbox 2209 829 2733 899; x_wconf 79' lang='lat' dir='ltr'><strong>(l.tuup.)Africani,</strong></span> <span class='ocrx_word' id='word_1_405' title='bbox 2769 830 2864 901; x_wconf 91' lang='lat' dir='ltr'><strong>qui</strong></span> <span class='ocrx_word' id='word_1_406' title='bbox 2907 847 3006 899; x_wconf 90' lang='lat' dir='ltr'><strong>per</strong></span> <span class='ocrx_word' id='word_1_407' title='bbox 3035 831 3402 886; x_wconf 88' lang='lat' dir='ltr'><strong>munitionem</strong></span> <span class='ocrx_word' id='word_1_408' title='bbox 3439 834 3713 887; x_wconf 84' lang='lat' dir='ltr'><strong>Gareliani</strong></span> 
     </span>
    </p>
   </div>
   <div class='ocr_carea' id='block_1_64' title="bbox 2085 917 3718 988">
    <p class='ocr_par' dir='ltr' id='par_1_64' title="bbox 2085 917 3718 988">
     <span class='ocr_line' id='line_1_64' title="bbox 2085 917 3718 988; baseline 0.002 -18"><span class='ocrx_word' id='word_1_409' title='bbox 2085 918 2290 972; x_wconf 88' lang='lat' dir='ltr'><strong>montis</strong></span> <span class='ocrx_word' id='word_1_410' title='bbox 2322 925 2491 972; x_wconf 89' lang='lat' dir='ltr'><strong>totam</strong></span> <span class='ocrx_word' id='word_1_411' title='bbox 2526 917 2733 972; x_wconf 86' lang='lat' dir='ltr'><strong>Italiam</strong></span> <span class='ocrx_word' id='word_1_412' title='bbox 2761 917 3064 984; x_wconf 85' lang='lat' dir='ltr'><strong>laniabant,</strong></span> <span class='ocrx_word' id='word_1_413' title='bbox 3099 935 3200 988; x_wconf 90' lang='lat' dir='ltr'><strong>per</strong></span> <span class='ocrx_word' id='word_1_414' title='bbox 3228 920 3484 973; x_wconf 88' lang='lat' dir='ltr'><strong>militiam</strong></span> <span class='ocrx_word' id='word_1_415' title='bbox 3519 921 3718 974; x_wconf 86' lang='lat' dir='ltr'><strong>Johan-</strong></span> 
     </span>
    </p>
   </div>
   <div class='ocr_carea' id='block_1_65' title="bbox 2089 1011 3718 1086">
    <p class='ocr_par' dir='ltr' id='par_1_65' title="bbox 2089 1011 3718 1086">
     <span class='ocr_line' id='line_1_65' title="bbox 2089 1011 3718 1086; baseline 0.004 -22"><span class='ocrx_word' id='word_1_416' title='bbox 2089 1011 2175 1064; x_wconf 90' lang='lat' dir='ltr'><strong>nis</strong></span> <span class='ocrx_word' id='word_1_417' title='bbox 2204 1027 2358 1082; x_wconf 67' lang='lat' dir='ltr'><strong>papaa</strong></span> <span class='ocrx_word' id='word_1_418' title='bbox 2389 1018 2442 1066; x_wconf 92' lang='lat' dir='ltr'><strong>et</strong></span> <span class='ocrx_word' id='word_1_419' title='bbox 2482 1027 2579 1082; x_wconf 89' lang='lat' dir='ltr'><strong>per</strong></span> <span class='ocrx_word' id='word_1_420' title='bbox 2610 1011 2872 1066; x_wconf 87' lang='lat' dir='ltr'><strong>auxilium</strong></span> <span class='ocrx_word' id='word_1_421' title='bbox 2945 1013 3177 1068; x_wconf 87' lang='lat' dir='ltr'><strong>Romani</strong></span> <span class='ocrx_word' id='word_1_422' title='bbox 3207 1015 3506 1069; x_wconf 87' lang='lat' dir='ltr'><strong>Grecorum</strong></span> <span class='ocrx_word' id='word_1_423' title='bbox 3546 1017 3718 1086; x_wconf 88' lang='lat' dir='ltr'><strong>impe-</strong></span> 
     </span>
    </p>
   </div>
   <div class='ocr_carea' id='block_1_66' title="bbox 2088 1103 3723 1178">
    <p class='ocr_par' dir='ltr' id='par_1_66' title="bbox 2088 1103 3723 1178">
     <span class='ocr_line' id='line_1_66' title="bbox 2088 1103 3723 1178; baseline 0.004 -22"><span class='ocrx_word' id='word_1_424' title='bbox 2088 1103 2286 1158; x_wconf 85' lang='lat' dir='ltr'><strong>ratoris</strong></span> <span class='ocrx_word' id='word_1_425' title='bbox 2319 1112 2573 1158; x_wconf 90' lang='lat' dir='ltr'><strong>conserta</strong></span> <span class='ocrx_word' id='word_1_426' title='bbox 2621 1120 2748 1158; x_wconf 92' lang='lat' dir='ltr'><strong>cum</strong></span> <span class='ocrx_word' id='word_1_427' title='bbox 2799 1105 2880 1157; x_wconf 90' lang='lat' dir='ltr'><strong>eis</strong></span> <span class='ocrx_word' id='word_1_428' title='bbox 2911 1121 3098 1178; x_wconf 88' lang='lat' dir='ltr'><strong>pugna</strong></span> <span class='ocrx_word' id='word_1_429' title='bbox 3150 1106 3222 1160; x_wconf 89' lang='lat' dir='ltr'><strong>ita</strong></span> <span class='ocrx_word' id='word_1_430' title='bbox 3288 1114 3636 1172; x_wconf 88' lang='lat' dir='ltr'><strong>atteruntur,</strong></span> <span class='ocrx_word' id='word_1_431' title='bbox 3667 1118 3723 1162; x_wconf 93' lang='lat' dir='ltr'><strong>ut</strong></span> 
     </span>
    </p>
   </div>
   <div class='ocr_carea' id='block_1_67' title="bbox 2093 1195 3723 1269">
    <p class='ocr_par' dir='ltr' id='par_1_67' title="bbox 2093 1195 3723 1269">
     <span class='ocr_line' id='line_1_67' title="bbox 2093 1195 3723 1269; baseline 0.004 -21"><span class='ocrx_word' id='word_1_432' title='bbox 2093 1210 2159 1248; x_wconf 90' lang='lat' dir='ltr'><strong>ne</strong></span> <span class='ocrx_word' id='word_1_433' title='bbox 2194 1211 2339 1249; x_wconf 90' lang='lat' dir='ltr'><strong>unus</strong></span> <span class='ocrx_word' id='word_1_434' title='bbox 2369 1195 2591 1266; x_wconf 88' lang='lat' dir='ltr'><strong>quidem</strong></span> <span class='ocrx_word' id='word_1_435' title='bbox 2654 1195 3009 1266; x_wconf 80' lang='lat' dir='ltr'><strong>snperfuerit,</strong></span> <span class='ocrx_word' id='word_1_436' title='bbox 3053 1198 3146 1269; x_wconf 91' lang='lat' dir='ltr'><strong>qui</strong></span> <span class='ocrx_word' id='word_1_437' title='bbox 3189 1214 3298 1253; x_wconf 91' lang='lat' dir='ltr'><strong>non</strong></span> <span class='ocrx_word' id='word_1_438' title='bbox 3339 1209 3432 1254; x_wconf 89' lang='lat' dir='ltr'><strong>aut</strong></span> <span class='ocrx_word' id='word_1_439' title='bbox 3474 1200 3723 1254; x_wconf 87' lang='lat' dir='ltr'><strong>trucida-</strong></span> 
     </span>
    </p>
   </div>
   <div class='ocr_carea' id='block_1_68' title="bbox 2093 1288 3721 1362">
    <p class='ocr_par' dir='ltr' id='par_1_68' title="bbox 2093 1288 3721 1362">
     <span class='ocr_line' id='line_1_68' title="bbox 2093 1288 3721 1362; baseline 0.005 -23"><span class='ocrx_word' id='word_1_440' title='bbox 2093 1293 2244 1340; x_wconf 91' lang='lat' dir='ltr'><strong>retur</strong></span> <span class='ocrx_word' id='word_1_441' title='bbox 2277 1293 2370 1340; x_wconf 88' lang='lat' dir='ltr'><strong>aut</strong></span> <span class='ocrx_word' id='word_1_442' title='bbox 2409 1295 2737 1357; x_wconf 90' lang='lat' dir='ltr'><strong>caperetur:</strong></span> <span class='ocrx_word' id='word_1_443' title='bbox 2789 1288 2978 1343; x_wconf 89' lang='lat' dir='ltr'><strong>multis</strong></span> <span class='ocrx_word' id='word_1_444' title='bbox 3030 1291 3378 1357; x_wconf 88' lang='lat' dir='ltr'><strong>testantibus,</strong></span> <span class='ocrx_word' id='word_1_445' title='bbox 3432 1291 3721 1362; x_wconf 88' lang='lat' dir='ltr'><strong>apostolos</strong></span> 
     </span>
    </p>
   </div>
   <div class='ocr_carea' id='block_1_69' title="bbox 2094 1380 3720 1442">
    <p class='ocr_par' dir='ltr' id='par_1_69' title="bbox 2094 1380 3720 1442">
     <span class='ocr_line' id='line_1_69' title="bbox 2094 1380 3720 1442; baseline 0.005 -8"><span class='ocrx_word' id='word_1_446' title='bbox 2094 1380 2184 1435; x_wconf 86' lang='lat' dir='ltr'><strong>Dei</strong></span> <span class='ocrx_word' id='word_1_447' title='bbox 2221 1381 2438 1435; x_wconf 88' lang='lat' dir='ltr'><strong>Petrum</strong></span> <span class='ocrx_word' id='word_1_448' title='bbox 2467 1389 2521 1436; x_wconf 88' lang='lat' dir='ltr'><strong>et</strong></span> <span class='ocrx_word' id='word_1_449' title='bbox 2563 1381 2790 1436; x_wconf 85' lang='lat' dir='ltr'><strong>Paulum</strong></span> <span class='ocrx_word' id='word_1_450' title='bbox 2845 1383 2899 1437; x_wconf 90' lang='lat' dir='ltr'><strong>in</strong></span> <span class='ocrx_word' id='word_1_451' title='bbox 2950 1383 3042 1439; x_wconf 80' lang='lat' dir='ltr'><strong>illo</strong></span> <span class='ocrx_word' id='word_1_452' title='bbox 3084 1385 3230 1440; x_wconf 90' lang='lat' dir='ltr'><strong>bello</strong></span> <span class='ocrx_word' id='word_1_453' title='bbox 3261 1387 3409 1442; x_wconf 88' lang='lat' dir='ltr'><strong>visos</strong></span> <span class='ocrx_word' id='word_1_454' title='bbox 3442 1386 3622 1441; x_wconf 87' lang='lat' dir='ltr'><strong>fuisse</strong></span> <span class='ocrx_word' id='word_1_455' title='bbox 3657 1389 3720 1442; x_wconf 87' lang='lat' dir='ltr'><strong>ad</strong></span> 
     </span>
    </p>
   </div>
   <div class='ocr_carea' id='block_1_70' title="bbox 2093 1471 2826 1526">
    <p class='ocr_par' dir='ltr' id='par_1_70' title="bbox 2093 1471 2826 1526">
     <span class='ocr_line' id='line_1_70' title="bbox 2093 1471 2826 1526; baseline 0 -1"><span class='ocrx_word' id='word_1_456' title='bbox 2093 1471 2352 1525; x_wconf 87' lang='lat' dir='ltr'><strong>auxilium</strong></span> <span class='ocrx_word' id='word_1_457' title='bbox 2380 1471 2826 1526; x_wconf 87' lang='lat' dir='ltr'><strong>christianorum.</strong></span> 
     </span>
    </p>
   </div>
   <div class='ocr_carea' id='block_1_71' title="bbox 2162 1582 3364 1644">
    <p class='ocr_par' dir='ltr' id='par_1_71' title="bbox 2162 1582 3364 1644">
     <span class='ocr_line' id='line_1_71' title="bbox 2162 1582 3364 1644; baseline 0.005 -6"><span class='ocrx_word' id='word_1_458' title='bbox 2162 1582 2288 1638; x_wconf 67' lang='grc'><strong>924.</strong></span> <span class='ocrx_word' id='word_1_459' title='bbox 2576 1585 2631 1636; x_wconf 78' lang='grc'><strong>5.</strong></span> <span class='ocrx_word' id='word_1_460' title='bbox 2884 1584 2975 1638; x_wconf 76' lang='grc'><strong>25.</strong></span> <span class='ocrx_word' id='word_1_461' title='bbox 3272 1588 3364 1644; x_wconf 85' lang='grc'><strong>19.</strong></span> 
     </span>
    </p>
   </div>
   <div class='ocr_carea' id='block_1_72' title="bbox 2168 1674 3720 1754">
    <p class='ocr_par' dir='ltr' id='par_1_72' title="bbox 2168 1674 3720 1754">
     <span class='ocr_line' id='line_1_72' title="bbox 2168 1674 3720 1754; baseline 0.005 -27"><span class='ocrx_word' id='word_1_462' title='bbox 2168 1674 2356 1742; x_wconf 69' lang='lat' dir='ltr'><strong>(Win)</strong></span> <span class='ocrx_word' id='word_1_463' title='bbox 2443 1675 2550 1730; x_wconf 91' lang='lat' dir='ltr'><strong>Rex</strong></span> <span class='ocrx_word' id='word_1_464' title='bbox 2617 1675 2879 1730; x_wconf 83' lang='lat' dir='ltr'><strong>Henricus</strong></span> <span class='ocrx_word' id='word_1_465' title='bbox 2932 1693 3122 1747; x_wconf 90' lang='lat' dir='ltr'><strong>pacem</strong></span> <span class='ocrx_word' id='word_1_466' title='bbox 3179 1695 3303 1733; x_wconf 91' lang='lat' dir='ltr'><strong>cum</strong></span> <span class='ocrx_word' id='word_1_467' title='bbox 3367 1680 3612 1754; x_wconf 84' lang='lat' dir='ltr'><strong>Ungaris</strong></span> <span class='ocrx_word' id='word_1_468' title='bbox 3671 1681 3720 1735; x_wconf 91' lang='lat' dir='ltr'><strong>in</strong></span> 
     </span>
    </p>
   </div>
   <div class='ocr_carea' id='block_1_73' title="bbox 2099 1765 3724 1840">
    <p class='ocr_par' dir='ltr' id='par_1_73' title="bbox 2099 1765 3724 1840">
     <span class='ocr_line' id='line_1_73' title="bbox 2099 1765 3724 1840; baseline 0.004 -21"><span class='ocrx_word' id='word_1_469' title='bbox 2099 1781 2296 1820; x_wconf 90' lang='lat' dir='ltr'><strong>novem</strong></span> <span class='ocrx_word' id='word_1_470' title='bbox 2328 1781 2502 1821; x_wconf 89' lang='lat' dir='ltr'><strong>annos</strong></span> <span class='ocrx_word' id='word_1_471' title='bbox 2530 1765 2726 1821; x_wconf 87' lang='lat' dir='ltr'><strong>ﬁrmat.</strong></span> <span class='ocrx_word' id='word_1_472' title='bbox 2760 1767 2846 1837; x_wconf 81' lang='grc' dir='ltr'><strong>(Α.</strong></span> <span class='ocrx_word' id='word_1_473' title='bbox 2910 1769 3060 1840; x_wconf 89' lang='lat' dir='ltr'><strong>Lob.)</strong></span> <span class='ocrx_word' id='word_1_474' title='bbox 3122 1769 3350 1825; x_wconf 88' lang='lat' dir='ltr'><strong>Karolus</strong></span> <span class='ocrx_word' id='word_1_475' title='bbox 3390 1788 3488 1826; x_wconf 84' lang='lat' dir='ltr'><strong>rex</strong></span> <span class='ocrx_word' id='word_1_476' title='bbox 3552 1773 3724 1827; x_wconf 88' lang='lat' dir='ltr'><strong>Fran-</strong></span> 
     </span>
    </p>
   </div>
   <div class='ocr_carea' id='block_1_74' title="bbox 2098 1857 3722 1930">
    <p class='ocr_par' dir='ltr' id='par_1_74' title="bbox 2098 1857 3722 1930">
     <span class='ocr_line' id='line_1_74' title="bbox 2098 1857 3722 1930; baseline 0.004 -20"><span class='ocrx_word' id='word_1_477' title='bbox 2098 1872 2285 1910; x_wconf 91' lang='lat' dir='ltr'><strong>corum</strong></span> <span class='ocrx_word' id='word_1_478' title='bbox 2343 1874 2372 1910; x_wconf 91' lang='lat' dir='ltr'><strong>a</strong></span> <span class='ocrx_word' id='word_1_479' title='bbox 2413 1857 2612 1912; x_wconf 86' lang='lat' dir='ltr'><strong>comite</strong></span> <span class='ocrx_word' id='word_1_480' title='bbox 2682 1857 2967 1912; x_wconf 89' lang='lat' dir='ltr'><strong>Heriberto</strong></span> <span class='ocrx_word' id='word_1_481' title='bbox 3025 1866 3242 1930; x_wconf 87' lang='lat' dir='ltr'><strong>captus,</strong></span> <span class='ocrx_word' id='word_1_482' title='bbox 3299 1861 3351 1914; x_wconf 91' lang='lat' dir='ltr'><strong>in</strong></span> <span class='ocrx_word' id='word_1_483' title='bbox 3408 1863 3722 1917; x_wconf 87' lang='lat' dir='ltr'><strong>custodiam</strong></span> 
     </span>
    </p>
   </div>
   <div class='ocr_carea' id='block_1_75' title="bbox 2102 1945 3722 2014">
    <p class='ocr_par' dir='ltr' id='par_1_75' title="bbox 2102 1945 3722 2014">
     <span class='ocr_line' id='line_1_75' title="bbox 2102 1945 3722 2014; baseline 0.002 -13"><span class='ocrx_word' id='word_1_484' title='bbox 2102 1948 2357 2002; x_wconf 86' lang='lat' dir='ltr'><strong>Perronae</strong></span> <span class='ocrx_word' id='word_1_485' title='bbox 2389 1945 2648 2014; x_wconf 90' lang='lat' dir='ltr'><strong>truditur,</strong></span> <span class='ocrx_word' id='word_1_486' title='bbox 2679 1946 2749 2001; x_wconf 93' lang='lat' dir='ltr'><strong>ob</strong></span> <span class='ocrx_word' id='word_1_487' title='bbox 2793 1963 2981 2001; x_wconf 91' lang='lat' dir='ltr'><strong>necem</strong></span> <span class='ocrx_word' id='word_1_488' title='bbox 3037 1948 3282 2003; x_wconf 90' lang='lat' dir='ltr'><strong>Rotberti</strong></span> <span class='ocrx_word' id='word_1_489' title='bbox 3337 1949 3502 2004; x_wconf 90' lang='lat' dir='ltr'><strong>ducis</strong></span> <span class='ocrx_word' id='word_1_490' title='bbox 3532 1951 3607 2004; x_wconf 88' lang='lat' dir='ltr'><strong>ab</strong></span> <span class='ocrx_word' id='word_1_491' title='bbox 3658 1968 3722 2006; x_wconf 90' lang='lat' dir='ltr'><strong>eo</strong></span> 
     </span>
    </p>
   </div>
   <div class='ocr_carea' id='block_1_76' title="bbox 2103 2036 3721 2112">
    <p class='ocr_par' dir='ltr' id='par_1_76' title="bbox 2103 2036 3721 2112">
     <span class='ocr_line' id='line_1_76' title="bbox 2103 2036 3721 2112; baseline 0.003 -20"><span class='ocrx_word' id='word_1_492' title='bbox 2103 2037 2395 2108; x_wconf 89' lang='lat' dir='ltr'><strong>perempti.</strong></span> <span class='ocrx_word' id='word_1_493' title='bbox 2432 2037 2642 2106; x_wconf 52' lang='lat' dir='ltr'><strong>Liumﬁ)</strong></span> <span class='ocrx_word' id='word_1_494' title='bbox 2703 2036 2968 2092; x_wconf 90' lang='lat' dir='ltr'><strong>Rodulfus</strong></span> <span class='ocrx_word' id='word_1_495' title='bbox 3015 2053 3106 2092; x_wconf 91' lang='lat' dir='ltr'><strong>rex</strong></span> <span class='ocrx_word' id='word_1_496' title='bbox 3157 2039 3620 2112; x_wconf 88' lang='lat' dir='ltr'><strong>Burgundionum</strong></span> <span class='ocrx_word' id='word_1_497' title='bbox 3653 2043 3721 2097; x_wconf 75' lang='lat' dir='ltr'><strong>ab</strong></span> 
     </span>
    </p>
   </div>
   <div class='ocr_carea' id='block_1_77' title="bbox 2104 2125 3725 2203">
    <p class='ocr_par' dir='ltr' id='par_1_77' title="bbox 2104 2125 3725 2203">
     <span class='ocr_line' id='line_1_77' title="bbox 2104 2125 3725 2203; baseline 0.003 -24"><span class='ocrx_word' id='word_1_498' title='bbox 2104 2125 2456 2181; x_wconf 85' lang='lat' dir='ltr'><strong>Italiensibus</strong></span> <span class='ocrx_word' id='word_1_499' title='bbox 2483 2127 2550 2179; x_wconf 89' lang='lat' dir='ltr'><strong>ad</strong></span> <span class='ocrx_word' id='word_1_500' title='bbox 2592 2126 2934 2197; x_wconf 89' lang='lat' dir='ltr'><strong>regnandum</strong></span> <span class='ocrx_word' id='word_1_501' title='bbox 2980 2134 3173 2182; x_wconf 90' lang='lat' dir='ltr'><strong>contra</strong></span> <span class='ocrx_word' id='word_1_502' title='bbox 3204 2128 3609 2203; x_wconf 87' lang='lat' dir='ltr'><strong>Berengarium</strong></span> <span class='ocrx_word' id='word_1_503' title='bbox 3645 2132 3725 2184; x_wconf 87' lang='lat' dir='ltr'><strong>in-</strong></span> 
     </span>
    </p>
   </div>
   <div class='ocr_carea' id='block_1_78' title="bbox 2103 2216 3729 2292">
    <p class='ocr_par' dir='ltr' id='par_1_78' title="bbox 2103 2216 3729 2292">
     <span class='ocr_line' id='line_1_78' title="bbox 2103 2216 3729 2292; baseline 0.002 -22"><span class='ocrx_word' id='word_1_504' title='bbox 2103 2216 2322 2278; x_wconf 82' lang='lat' dir='ltr'><strong>vitatus,</strong></span> <span class='ocrx_word' id='word_1_505' title='bbox 2383 2223 2632 2270; x_wconf 88' lang='lat' dir='ltr'><strong>conserta</strong></span> <span class='ocrx_word' id='word_1_506' title='bbox 2689 2232 2811 2269; x_wconf 91' lang='lat' dir='ltr'><strong>cum</strong></span> <span class='ocrx_word' id='word_1_507' title='bbox 2894 2217 3223 2288; x_wconf 89' lang='lat' dir='ltr'><strong>Berengario</strong></span> <span class='ocrx_word' id='word_1_508' title='bbox 3283 2235 3496 2292; x_wconf 88' lang='lat' dir='ltr'><strong>pugna,</strong></span> <span class='ocrx_word' id='word_1_509' title='bbox 3549 2234 3729 2290; x_wconf 84' lang='lat' dir='ltr'><strong>eoque</strong></span> 
     </span>
    </p>
   </div>
   <div class='ocr_carea' id='block_1_79' title="bbox 2101 2307 3470 2378">
    <p class='ocr_par' dir='ltr' id='par_1_79' title="bbox 2101 2307 3470 2378">
     <span class='ocr_line' id='line_1_79' title="bbox 2101 2307 3470 2378; baseline 0.001 -16"><span class='ocrx_word' id='word_1_510' title='bbox 2101 2307 2278 2363; x_wconf 88' lang='lat' dir='ltr'><strong>victor</strong></span> <span class='ocrx_word' id='word_1_511' title='bbox 2305 2307 2556 2378; x_wconf 86' lang='lat' dir='ltr'><strong>expulso,</strong></span> <span class='ocrx_word' id='word_1_512' title='bbox 2582 2323 2810 2378; x_wconf 84' lang='lat' dir='ltr'><strong>regnum</strong></span> <span class='ocrx_word' id='word_1_513' title='bbox 2833 2308 2998 2362; x_wconf 70' lang='lat' dir='ltr'><strong>Italia:</strong></span> <span class='ocrx_word' id='word_1_514' title='bbox 3030 2308 3063 2364; x_wconf 91' lang='lat'><strong>3</strong></span> <span class='ocrx_word' id='word_1_515' title='bbox 3081 2309 3241 2363; x_wconf 89' lang='lat' dir='ltr'><strong>annis</strong></span> <span class='ocrx_word' id='word_1_516' title='bbox 3274 2309 3470 2364; x_wconf 89' lang='lat' dir='ltr'><strong>tenuit.</strong></span> 
     </span>
    </p>
   </div>
   <div class='ocr_carea' id='block_1_80' title="bbox 2170 2416 3393 2473">
    <p class='ocr_par' dir='ltr' id='par_1_80' title="bbox 2170 2416 3393 2473">
     <span class='ocr_line' id='line_1_80' title="bbox 2170 2416 3393 2473; baseline 0.003 -4"><span class='ocrx_word' id='word_1_517' title='bbox 2170 2416 2292 2470; x_wconf 75' lang='lat'><strong>925&#39;</strong></span> <span class='ocrx_word' id='word_1_518' title='bbox 2549 2417 2602 2470; x_wconf 86' lang='lat'><strong>6.</strong></span> <span class='ocrx_word' id='word_1_519' title='bbox 2893 2417 2981 2473; x_wconf 88' lang='lat'><strong>26.</strong></span> <span class='ocrx_word' id='word_1_520' title='bbox 3305 2418 3393 2473; x_wconf 87' lang='lat'><strong>20.</strong></span> 
     </span>
    </p>
   </div>
   <div class='ocr_carea' id='block_1_81' title="bbox 2173 2505 3733 2563">
    <p class='ocr_par' dir='ltr' id='par_1_81' title="bbox 2173 2505 3733 2563">
     <span class='ocr_line' id='line_1_81' title="bbox 2173 2505 3733 2563; baseline 0.002 -3"><span class='ocrx_word' id='word_1_521' title='bbox 2173 2507 2284 2560; x_wconf 87' lang='lat' dir='ltr'><strong>Rex</strong></span> <span class='ocrx_word' id='word_1_522' title='bbox 2321 2505 2589 2560; x_wconf 89' lang='lat' dir='ltr'><strong>Henricus</strong></span> <span class='ocrx_word' id='word_1_523' title='bbox 2619 2505 2811 2560; x_wconf 84' lang='lat' dir='ltr'><strong>urbem</strong></span> <span class='ocrx_word' id='word_1_524' title='bbox 2846 2506 3159 2562; x_wconf 85' lang='lat' dir='ltr'><strong>Sclavorum</strong></span> <span class='ocrx_word' id='word_1_525' title='bbox 3212 2508 3610 2563; x_wconf 88' lang='lat' dir='ltr'><strong>Brennaburch</strong></span> <span class='ocrx_word' id='word_1_526' title='bbox 3643 2526 3733 2563; x_wconf 83' lang='lat' dir='ltr'><strong>ca-</strong></span> 
     </span>
    </p>
   </div>
   <div class='ocr_carea' id='block_1_82' title="bbox 2101 2595 3728 2666">
    <p class='ocr_par' dir='ltr' id='par_1_82' title="bbox 2101 2595 3728 2666">
     <span class='ocr_line' id='line_1_82' title="bbox 2101 2595 3728 2666; baseline 0.002 -17"><span class='ocrx_word' id='word_1_527' title='bbox 2101 2597 2200 2666; x_wconf 93' lang='lat' dir='ltr'><strong>pit,</strong></span> <span class='ocrx_word' id='word_1_528' title='bbox 2235 2602 2289 2649; x_wconf 92' lang='lat' dir='ltr'><strong>et</strong></span> <span class='ocrx_word' id='word_1_529' title='bbox 2344 2595 2501 2649; x_wconf 88' lang='lat' dir='ltr'><strong>victis</strong></span> <span class='ocrx_word' id='word_1_530' title='bbox 2548 2595 2726 2648; x_wconf 83' lang='lat' dir='ltr'><strong>Slavis</strong></span> <span class='ocrx_word' id='word_1_531' title='bbox 2771 2595 3032 2649; x_wconf 86' lang='lat' dir='ltr'><strong>tributum</strong></span> <span class='ocrx_word' id='word_1_532' title='bbox 3091 2596 3329 2666; x_wconf 90' lang='lat' dir='ltr'><strong>imponit</strong></span> <span class='ocrx_word' id='word_1_533' title='bbox 3385 2597 3578 2666; x_wconf 78' lang='lat' dir='ltr'><strong>(\Vtu.)</strong></span> <span class='ocrx_word' id='word_1_534' title='bbox 3620 2599 3728 2653; x_wconf 89' lang='lat' dir='ltr'><strong>Rex</strong></span> 
     </span>
    </p>
   </div>
   <div class='ocr_carea' id='block_1_83' title="bbox 2104 2685 3728 2759">
    <p class='ocr_par' dir='ltr' id='par_1_83' title="bbox 2104 2685 3728 2759">
     <span class='ocr_line' id='line_1_83' title="bbox 2104 2685 3728 2759; baseline 0.002 -19"><span class='ocrx_word' id='word_1_535' title='bbox 2104 2687 2366 2742; x_wconf 87' lang='lat' dir='ltr'><strong>Henricus</strong></span> <span class='ocrx_word' id='word_1_536' title='bbox 2392 2685 2638 2759; x_wconf 89' lang='lat' dir='ltr'><strong>agrarios</strong></span> <span class='ocrx_word' id='word_1_537' title='bbox 2691 2685 2896 2740; x_wconf 88' lang='lat' dir='ltr'><strong>milites</strong></span> <span class='ocrx_word' id='word_1_538' title='bbox 2943 2703 3258 2752; x_wconf 88' lang='lat' dir='ltr'><strong>recensens,</strong></span> <span class='ocrx_word' id='word_1_539' title='bbox 3305 2688 3483 2742; x_wconf 83' lang='lat' dir='ltr'><strong>edixit</strong></span> <span class='ocrx_word' id='word_1_540' title='bbox 3514 2695 3575 2741; x_wconf 89' lang='lat' dir='ltr'><strong>ut</strong></span> <span class='ocrx_word' id='word_1_541' title='bbox 3604 2699 3728 2743; x_wconf 89' lang='lat' dir='ltr'><strong>octo</strong></span> 
     </span>
    </p>
   </div>
   <div class='ocr_carea' id='block_1_84' title="bbox 2101 2774 3728 2847">
    <p class='ocr_par' dir='ltr' id='par_1_84' title="bbox 2101 2774 3728 2847">
     <span class='ocr_line' id='line_1_84' title="bbox 2101 2774 3728 2847; baseline 0.001 -17"><span class='ocrx_word' id='word_1_542' title='bbox 2101 2791 2290 2830; x_wconf 91' lang='lat' dir='ltr'><strong>eorum</strong></span> <span class='ocrx_word' id='word_1_543' title='bbox 2321 2775 2376 2828; x_wconf 92' lang='lat' dir='ltr'><strong>in</strong></span> <span class='ocrx_word' id='word_1_544' title='bbox 2398 2774 2565 2847; x_wconf 86' lang='lat' dir='ltr'><strong>agris.</strong></span> <span class='ocrx_word' id='word_1_545' title='bbox 2599 2790 2778 2828; x_wconf 88' lang='lat' dir='ltr'><strong>nonus</strong></span> <span class='ocrx_word' id='word_1_546' title='bbox 2821 2791 2951 2830; x_wconf 90' lang='lat' dir='ltr'><strong>vero</strong></span> <span class='ocrx_word' id='word_1_547' title='bbox 3002 2776 3058 2828; x_wconf 91' lang='lat' dir='ltr'><strong>in</strong></span> <span class='ocrx_word' id='word_1_548' title='bbox 3103 2776 3240 2830; x_wconf 90' lang='lat' dir='ltr'><strong>urbe</strong></span> <span class='ocrx_word' id='word_1_549' title='bbox 3274 2785 3590 2830; x_wconf 90' lang='lat' dir='ltr'><strong>moraretur</strong></span> <span class='ocrx_word' id='word_1_550' title='bbox 3622 2795 3635 2840; x_wconf 89' lang='lat'><strong>;</strong></span> <span class='ocrx_word' id='word_1_551' title='bbox 3670 2788 3728 2831; x_wconf 94' lang='lat' dir='ltr'><strong>ut</strong></span> 
     </span>
    </p>
   </div>
   <div class='ocr_carea' id='block_1_85' title="bbox 2099 2867 3729 2941">
    <p class='ocr_par' dir='ltr' id='par_1_85' title="bbox 2099 2867 3729 2941">
     <span class='ocr_line' id='line_1_85' title="bbox 2099 2867 3729 2941; baseline 0.002 -19"><span class='ocrx_word' id='word_1_552' title='bbox 2099 2875 2224 2923; x_wconf 88' lang='lat' dir='ltr'><strong>octo</strong></span> <span class='ocrx_word' id='word_1_553' title='bbox 2247 2878 2301 2921; x_wconf 89' lang='lat' dir='ltr'><strong>et</strong></span> <span class='ocrx_word' id='word_1_554' title='bbox 2323 2867 2427 2921; x_wconf 90' lang='lat' dir='ltr'><strong>sibi</strong></span> <span class='ocrx_word' id='word_1_555' title='bbox 2452 2875 2507 2921; x_wconf 93' lang='lat' dir='ltr'><strong>et</strong></span> <span class='ocrx_word' id='word_1_556' title='bbox 2549 2882 2694 2922; x_wconf 88' lang='lat' dir='ltr'><strong>nono</strong></span> <span class='ocrx_word' id='word_1_557' title='bbox 2751 2867 2803 2920; x_wconf 90' lang='lat' dir='ltr'><strong>in</strong></span> <span class='ocrx_word' id='word_1_558' title='bbox 2837 2867 2982 2941; x_wconf 87' lang='lat' dir='ltr'><strong>agris</strong></span> <span class='ocrx_word' id='word_1_559' title='bbox 3013 2867 3347 2933; x_wconf 89' lang='lat' dir='ltr'><strong>laborarent,</strong></span> <span class='ocrx_word' id='word_1_560' title='bbox 3379 2883 3570 2922; x_wconf 91' lang='lat' dir='ltr'><strong>nonus</strong></span> <span class='ocrx_word' id='word_1_561' title='bbox 3599 2885 3729 2925; x_wconf 89' lang='lat' dir='ltr'><strong>vero</strong></span> 
     </span>
    </p>
   </div>
   <div class='ocr_carea' id='block_1_86' title="bbox 2101 2954 3730 3030">
    <p class='ocr_par' dir='ltr' id='par_1_86' title="bbox 2101 2954 3730 3030">
     <span class='ocr_line' id='line_1_86' title="bbox 2101 2954 3730 3030; baseline 0.001 -21"><span class='ocrx_word' id='word_1_562' title='bbox 2101 2957 2154 3009; x_wconf 92' lang='lat' dir='ltr'><strong>in</strong></span> <span class='ocrx_word' id='word_1_563' title='bbox 2179 2955 2312 3009; x_wconf 87' lang='lat' dir='ltr'><strong>urbe</strong></span> <span class='ocrx_word' id='word_1_564' title='bbox 2348 2954 2560 3009; x_wconf 89' lang='lat' dir='ltr'><strong>tertiam</strong></span> <span class='ocrx_word' id='word_1_565' title='bbox 2593 2962 2802 3025; x_wconf 85' lang='lat' dir='ltr'><strong>partem</strong></span> <span class='ocrx_word' id='word_1_566' title='bbox 2845 2955 3091 3010; x_wconf 89' lang='lat' dir='ltr'><strong>omnium</strong></span> <span class='ocrx_word' id='word_1_567' title='bbox 3135 2955 3350 3030; x_wconf 85' lang='lat' dir='ltr'><strong>frugum</strong></span> <span class='ocrx_word' id='word_1_568' title='bbox 3387 2956 3617 3011; x_wconf 75' lang='lat' dir='ltr'><strong>illorum</strong></span> <span class='ocrx_word' id='word_1_569' title='bbox 3651 2975 3730 3010; x_wconf 86' lang='lat' dir='ltr'><strong>re-</strong></span> 
     </span>
    </p>
   </div>
   <div class='ocr_carea' id='block_1_87' title="bbox 2022 3041 3728 3116">
    <p class='ocr_par' dir='ltr' id='par_1_87' title="bbox 2022 3041 3728 3116">
     <span class='ocr_line' id='line_1_87' title="bbox 2022 3041 3728 3116; baseline 0.001 -18"><span class='ocrx_word' id='word_1_570' title='bbox 2022 3049 2070 3116; x_wconf 79' lang='lat' dir='ltr'>C</span> <span class='ocrx_word' id='word_1_571' title='bbox 2095 3050 2335 3098; x_wconf 88' lang='lat' dir='ltr'><strong>servaret</strong></span> <span class='ocrx_word' id='word_1_572' title='bbox 2368 3043 2422 3096; x_wconf 90' lang='lat' dir='ltr'><strong>in</strong></span> <span class='ocrx_word' id='word_1_573' title='bbox 2452 3042 2700 3097; x_wconf 89' lang='lat' dir='ltr'><strong>edibusa</strong></span> <span class='ocrx_word' id='word_1_574' title='bbox 2733 3059 2791 3096; x_wconf 90' lang='lat' dir='ltr'><strong>se</strong></span> <span class='ocrx_word' id='word_1_575' title='bbox 2812 3041 2881 3096; x_wconf 85' lang='lat' dir='ltr'><strong>ad</strong></span> <span class='ocrx_word' id='word_1_576' title='bbox 2915 3044 3018 3097; x_wconf 88' lang='lat' dir='ltr'><strong>hoc</strong></span> <span class='ocrx_word' id='word_1_577' title='bbox 3061 3043 3363 3108; x_wconf 87' lang='lat' dir='ltr'><strong>extructis;</strong></span> <span class='ocrx_word' id='word_1_578' title='bbox 3389 3053 3448 3097; x_wconf 94' lang='lat' dir='ltr'><strong>ut</strong></span> <span class='ocrx_word' id='word_1_579' title='bbox 3483 3044 3543 3098; x_wconf 93' lang='lat' dir='ltr'><strong>in</strong></span> <span class='ocrx_word' id='word_1_580' title='bbox 3577 3045 3728 3101; x_wconf 89' lang='lat' dir='ltr'><strong>bello</strong></span> 
     </span>
    </p>
   </div>
   <div class='ocr_carea' id='block_1_88' title="bbox 2081 3131 3732 3202">
    <p class='ocr_par' dir='ltr' id='par_1_88' title="bbox 2081 3131 3732 3202">
     <span class='ocr_line' id='line_1_88' title="bbox 2081 3131 3732 3202; baseline 0.001 -16"><span class='ocrx_word' id='word_1_581' title='bbox 2081 3131 2233 3186; x_wconf 90' lang='lat' dir='ltr'><strong>.nihil</strong></span> <span class='ocrx_word' id='word_1_582' title='bbox 2273 3131 2435 3185; x_wconf 89' lang='lat' dir='ltr'><strong>alicui</strong></span> <span class='ocrx_word' id='word_1_583' title='bbox 2470 3147 2660 3186; x_wconf 89' lang='lat' dir='ltr'><strong>eorum</strong></span> <span class='ocrx_word' id='word_1_584' title='bbox 2719 3131 2960 3197; x_wconf 91' lang='lat' dir='ltr'><strong>deesset,</strong></span> <span class='ocrx_word' id='word_1_585' title='bbox 3004 3131 3280 3202; x_wconf 87' lang='lat' dir='ltr'><strong>urbesque</strong></span> <span class='ocrx_word' id='word_1_586' title='bbox 3310 3132 3484 3186; x_wconf 88' lang='lat' dir='ltr'><strong>rebus</strong></span> <span class='ocrx_word' id='word_1_587' title='bbox 3511 3142 3568 3188; x_wconf 87' lang='lat' dir='ltr'><strong>et</strong></span> <span class='ocrx_word' id='word_1_588' title='bbox 3601 3135 3732 3188; x_wconf 85' lang='lat' dir='ltr'><strong>viris</strong></span> 
     </span>
    </p>
   </div>
   <div class='ocr_carea' id='block_1_89' title="bbox 2098 3225 3729 3298">
    <p class='ocr_par' dir='ltr' id='par_1_89' title="bbox 2098 3225 3729 3298">
     <span class='ocr_line' id='line_1_89' title="bbox 2098 3225 3729 3298; baseline 0.004 -20"><span class='ocrx_word' id='word_1_589' title='bbox 2098 3226 2274 3294; x_wconf 68' lang='lat' dir='ltr'><strong>plenae</strong></span> <span class='ocrx_word' id='word_1_590' title='bbox 2298 3231 2500 3279; x_wconf 69' lang='lat' dir='ltr'><strong>essent,</strong></span> <span class='ocrx_word' id='word_1_591' title='bbox 2528 3225 2758 3295; x_wconf 61' lang='grc' dir='ltr'><strong>(Ιιιυυρ.)</strong></span> <span class='ocrx_word' id='word_1_592' title='bbox 2808 3226 3168 3298; x_wconf 86' lang='lat' dir='ltr'><strong>Berengarius</strong></span> <span class='ocrx_word' id='word_1_593' title='bbox 3220 3243 3312 3280; x_wconf 81' lang='lat' dir='ltr'><strong>rex</strong></span> <span class='ocrx_word' id='word_1_594' title='bbox 3341 3227 3411 3280; x_wconf 87' lang='lat' dir='ltr'><strong>ab</strong></span> <span class='ocrx_word' id='word_1_595' title='bbox 3452 3228 3729 3284; x_wconf 84' lang='lat' dir='ltr'><strong>ltaliensi-</strong></span> 
     </span>
    </p>
   </div>
   <div class='ocr_carea' id='block_1_90' title="bbox 2097 3317 3723 3389">
    <p class='ocr_par' dir='ltr' id='par_1_90' title="bbox 2097 3317 3723 3389">
     <span class='ocr_line' id='line_1_90' title="bbox 2097 3317 3723 3389; baseline 0.004 -19"><span class='ocrx_word' id='word_1_596' title='bbox 2097 3317 2201 3370; x_wconf 91' lang='lat' dir='ltr'><strong>bus</strong></span> <span class='ocrx_word' id='word_1_597' title='bbox 2239 3317 2408 3387; x_wconf 89' lang='lat' dir='ltr'><strong>impie</strong></span> <span class='ocrx_word' id='word_1_598' title='bbox 2449 3317 2757 3387; x_wconf 90' lang='lat' dir='ltr'><strong>perimitur.</strong></span> <span class='ocrx_word' id='word_1_599' title='bbox 2817 3318 3014 3389; x_wconf 89' lang='lat' dir='ltr'><strong>Ungari</strong></span> <span class='ocrx_word' id='word_1_600' title='bbox 3066 3318 3294 3372; x_wconf 91' lang='lat' dir='ltr'><strong>Salardo</strong></span> <span class='ocrx_word' id='word_1_601' title='bbox 3327 3319 3472 3374; x_wconf 89' lang='lat' dir='ltr'><strong>duce</strong></span> <span class='ocrx_word' id='word_1_602' title='bbox 3513 3321 3723 3376; x_wconf 88' lang='lat' dir='ltr'><strong>Italiam</strong></span> 
     </span>
    </p>
   </div>
   <div class='ocr_carea' id='block_1_91' title="bbox 2099 3406 3442 3478">
    <p class='ocr_par' dir='ltr' id='par_1_91' title="bbox 2099 3406 3442 3478">
     <span class='ocr_line' id='line_1_91' title="bbox 2099 3406 3442 3478; baseline 0.001 -18"><span class='ocrx_word' id='word_1_603' title='bbox 2099 3412 2480 3478; x_wconf 80' lang='lat' dir='ltr'><strong>pervagantes,</strong></span> <span class='ocrx_word' id='word_1_604' title='bbox 2507 3406 2726 3476; x_wconf 85' lang='lat' dir='ltr'><strong>Papiam</strong></span> <span class='ocrx_word' id='word_1_605' title='bbox 2756 3406 3015 3461; x_wconf 88' lang='lat' dir='ltr'><strong>obsident</strong></span> <span class='ocrx_word' id='word_1_606' title='bbox 3036 3415 3090 3461; x_wconf 90' lang='lat' dir='ltr'><strong>et</strong></span> <span class='ocrx_word' id='word_1_607' title='bbox 3129 3408 3442 3463; x_wconf 89' lang='lat' dir='ltr'><strong>incendunt</strong></span> 
     </span>
    </p>
   </div>
   <div class='ocr_carea' id='block_1_92' title="bbox 2168 3513 3349 3569">
    <p class='ocr_par' dir='ltr' id='par_1_92' title="bbox 2168 3513 3349 3569">
     <span class='ocr_line' id='line_1_92' title="bbox 2168 3513 3349 3569; baseline 0.001 -1"><span class='ocrx_word' id='word_1_608' title='bbox 2168 3513 2292 3568; x_wconf 76' lang='lat'><strong>926.</strong></span> <span class='ocrx_word' id='word_1_609' title='bbox 2569 3513 2621 3565; x_wconf 96' lang='lat'><strong>7.</strong></span> <span class='ocrx_word' id='word_1_610' title='bbox 2875 3515 2965 3566; x_wconf 89' lang='lat'><strong>27.</strong></span> <span class='ocrx_word' id='word_1_611' title='bbox 3257 3516 3349 3569; x_wconf 83' lang='grc'><strong>21.</strong></span> 
     </span>
    </p>
   </div>
   <div class='ocr_carea' id='block_1_93' title="bbox 2172 3601 3721 3670">
    <p class='ocr_par' dir='ltr' id='par_1_93' title="bbox 2172 3601 3721 3670">
     <span class='ocr_line' id='line_1_93' title="bbox 2172 3601 3721 3670; baseline 0.005 -15"><span class='ocrx_word' id='word_1_612' title='bbox 2172 3603 2257 3670; x_wconf 77' lang='grc' dir='ltr'><strong>(Α.</strong></span> <span class='ocrx_word' id='word_1_613' title='bbox 2303 3603 2402 3656; x_wconf 84' lang='lat' dir='ltr'><strong>Lob</strong></span> <span class='ocrx_word' id='word_1_614' title='bbox 2433 3603 2447 3670; x_wconf 89' lang='lat'><strong>)</strong></span> <span class='ocrx_word' id='word_1_615' title='bbox 2480 3601 2705 3656; x_wconf 84' lang='lat' dir='ltr'><strong>Karolus</strong></span> <span class='ocrx_word' id='word_1_616' title='bbox 2753 3618 2843 3656; x_wconf 90' lang='lat' dir='ltr'><strong>rex</strong></span> <span class='ocrx_word' id='word_1_617' title='bbox 2909 3603 3238 3658; x_wconf 81' lang='lat' dir='ltr'><strong>Francorum</strong></span> <span class='ocrx_word' id='word_1_618' title='bbox 3298 3605 3403 3658; x_wconf 88' lang='lat' dir='ltr'><strong>sub</strong></span> <span class='ocrx_word' id='word_1_619' title='bbox 3465 3610 3721 3663; x_wconf 86' lang='lat' dir='ltr'><strong>custodia</strong></span> 
     </span>
    </p>
   </div>
   <div class='ocr_carea' id='block_1_94' title="bbox 2103 3691 3717 3769">
    <p class='ocr_par' dir='ltr' id='par_1_94' title="bbox 2103 3691 3717 3769">
     <span class='ocr_line' id='line_1_94' title="bbox 2103 3691 3717 3769; baseline 0.004 -25"><span class='ocrx_word' id='word_1_620' title='bbox 2103 3691 2371 3745; x_wconf 88' lang='lat' dir='ltr'><strong>Heriberti</strong></span> <span class='ocrx_word' id='word_1_621' title='bbox 2392 3691 2517 3744; x_wconf 92' lang='lat' dir='ltr'><strong>exul</strong></span> <span class='ocrx_word' id='word_1_622' title='bbox 2549 3698 2603 3743; x_wconf 91' lang='lat' dir='ltr'><strong>et</strong></span> <span class='ocrx_word' id='word_1_623' title='bbox 2632 3698 2834 3761; x_wconf 81' lang='lat' dir='ltr'><strong>martyr</strong></span> <span class='ocrx_word' id='word_1_624' title='bbox 2853 3693 3099 3745; x_wconf 90' lang='lat' dir='ltr'><strong>moritur.</strong></span> <span class='ocrx_word' id='word_1_625' title='bbox 3135 3692 3404 3748; x_wconf 88' lang='lat' dir='ltr'><strong>Rodulfus</strong></span> <span class='ocrx_word' id='word_1_626' title='bbox 3435 3705 3641 3769; x_wconf 85' lang='lat' dir='ltr'><strong>regnat</strong></span> <span class='ocrx_word' id='word_1_627' title='bbox 3668 3699 3717 3750; x_wconf 90' lang='lat' dir='ltr'><strong>in</strong></span> 
     </span>
    </p>
   </div>
   <div class='ocr_carea' id='block_1_95' title="bbox 2103 3783 3723 3856">
    <p class='ocr_par' dir='ltr' id='par_1_95' title="bbox 2103 3783 3723 3856">
     <span class='ocr_line' id='line_1_95' title="bbox 2103 3783 3723 3856; baseline 0 -16"><span class='ocrx_word' id='word_1_628' title='bbox 2103 3785 2327 3840; x_wconf 79' lang='lat' dir='ltr'><strong>Francia</strong></span> <span class='ocrx_word' id='word_1_629' title='bbox 2352 3783 2512 3838; x_wconf 91' lang='lat' dir='ltr'><strong>annis</strong></span> <span class='ocrx_word' id='word_1_630' title='bbox 2528 3783 2581 3837; x_wconf 87' lang='lat'><strong>2.</strong></span> <span class='ocrx_word' id='word_1_631' title='bbox 2627 3783 2853 3850; x_wconf 62' lang='grc' dir='ltr'><strong>(Ιιιυυρ.)</strong></span> <span class='ocrx_word' id='word_1_632' title='bbox 2877 3784 3113 3853; x_wconf 84' lang='lat' dir='ltr'><strong>Symeon</strong></span> <span class='ocrx_word' id='word_1_633' title='bbox 3141 3783 3470 3855; x_wconf 84' lang='lat' dir='ltr'><strong>Bulgar,qui</strong></span> <span class='ocrx_word' id='word_1_634' title='bbox 3507 3802 3575 3840; x_wconf 90' lang='lat' dir='ltr'><strong>ex</strong></span> <span class='ocrx_word' id='word_1_635' title='bbox 3604 3789 3723 3856; x_wconf 91' lang='lat' dir='ltr'><strong>phi-</strong></span> 
     </span>
    </p>
   </div>
   <div class='ocr_carea' id='block_1_96' title="bbox 2100 3874 3721 3948">
    <p class='ocr_par' dir='ltr' id='par_1_96' title="bbox 2100 3874 3721 3948">
     <span class='ocr_line' id='line_1_96' title="bbox 2100 3874 3721 3948; baseline -0.001 -16"><span class='ocrx_word' id='word_1_636' title='bbox 2100 3878 2335 3948; x_wconf 84' lang='lat' dir='ltr'><strong>losOpho</strong></span> <span class='ocrx_word' id='word_1_637' title='bbox 2365 3876 2688 3941; x_wconf 87' lang='lat' dir='ltr'><strong>monachus,</strong></span> <span class='ocrx_word' id='word_1_638' title='bbox 2719 3891 2785 3929; x_wconf 92' lang='lat' dir='ltr'><strong>ex</strong></span> <span class='ocrx_word' id='word_1_639' title='bbox 2803 3875 3071 3929; x_wconf 85' lang='lat' dir='ltr'><strong>monacho</strong></span> <span class='ocrx_word' id='word_1_640' title='bbox 3125 3874 3285 3928; x_wconf 87' lang='lat' dir='ltr'><strong>miles</strong></span> <span class='ocrx_word' id='word_1_641' title='bbox 3317 3874 3502 3930; x_wconf 78' lang='lat' dir='ltr'><strong>factus</strong></span> <span class='ocrx_word' id='word_1_642' title='bbox 3547 3878 3721 3933; x_wconf 88' lang='lat' dir='ltr'><strong>domi-</strong></span> 
     </span>
    </p>
   </div>
   <div class='ocr_carea' id='block_1_97' title="bbox 2103 3965 3721 4038">
    <p class='ocr_par' dir='ltr' id='par_1_97' title="bbox 2103 3965 3721 4038">
     <span class='ocr_line' id='line_1_97' title="bbox 2103 3965 3721 4038; baseline 0 -15"><span class='ocrx_word' id='word_1_643' title='bbox 2103 3969 2342 4023; x_wconf 88' lang='lat' dir='ltr'><strong>nabatur</strong></span> <span class='ocrx_word' id='word_1_644' title='bbox 2370 3965 2715 4038; x_wconf 88' lang='lat' dir='ltr'><strong>Bulgaribus,</strong></span> <span class='ocrx_word' id='word_1_645' title='bbox 2745 3967 2942 4020; x_wconf 84' lang='lat' dir='ltr'><strong>Grecos</strong></span> <span class='ocrx_word' id='word_1_646' title='bbox 2962 3965 3199 4018; x_wconf 89' lang='lat' dir='ltr'><strong>hraviter</strong></span> <span class='ocrx_word' id='word_1_647' title='bbox 3220 3966 3408 4020; x_wconf 89' lang='lat' dir='ltr'><strong>atterit</strong></span> <span class='ocrx_word' id='word_1_648' title='bbox 3443 3984 3457 4031; x_wconf 90' lang='lat'><strong>;</strong></span> <span class='ocrx_word' id='word_1_649' title='bbox 3495 3969 3596 4022; x_wconf 85' lang='lat' dir='ltr'><strong>sed</strong></span> <span class='ocrx_word' id='word_1_650' title='bbox 3615 3969 3721 4024; x_wconf 85' lang='lat' dir='ltr'><strong>Ro-</strong></span> 
     </span>
    </p>
   </div>
   <div class='ocr_carea' id='block_1_98' title="bbox 2101 4055 3720 4127">
    <p class='ocr_par' dir='ltr' id='par_1_98' title="bbox 2101 4055 3720 4127">
     <span class='ocr_line' id='line_1_98' title="bbox 2101 4055 3720 4127; baseline 0.001 -13"><span class='ocrx_word' id='word_1_651' title='bbox 2101 4075 2298 4114; x_wconf 89' lang='lat' dir='ltr'><strong>manus</strong></span> <span class='ocrx_word' id='word_1_652' title='bbox 2352 4059 2648 4113; x_wconf 89' lang='lat' dir='ltr'><strong>Grecorum</strong></span> <span class='ocrx_word' id='word_1_653' title='bbox 2708 4057 3004 4126; x_wconf 88' lang='lat' dir='ltr'><strong>imperator</strong></span> <span class='ocrx_word' id='word_1_654' title='bbox 3060 4055 3181 4127; x_wconf 86' lang='lat' dir='ltr'><strong>ejus</strong></span> <span class='ocrx_word' id='word_1_655' title='bbox 3237 4056 3516 4112; x_wconf 87' lang='lat' dir='ltr'><strong>insaniam</strong></span> <span class='ocrx_word' id='word_1_656' title='bbox 3584 4059 3720 4115; x_wconf 76' lang='lat' dir='ltr'><strong>tacto</strong></span> 
     </span>
    </p>
   </div>
   <div class='ocr_carea' id='block_1_99' title="bbox 2103 4150 2638 4224">
    <p class='ocr_par' dir='ltr' id='par_1_99' title="bbox 2103 4150 2638 4224">
     <span class='ocr_line' id='line_1_99' title="bbox 2103 4150 2638 4224; baseline -0.007 -16"><span class='ocrx_word' id='word_1_657' title='bbox 2103 4155 2312 4209; x_wconf 64' lang='lat' dir='ltr'><strong>foedere</strong></span> <span class='ocrx_word' id='word_1_658' title='bbox 2350 4150 2638 4224; x_wconf 87' lang='lat' dir='ltr'><strong>mitigavit.</strong></span> 
     </span>
    </p>
   </div>
   <div class='ocr_carea' id='block_1_100' title="bbox 2174 4264 2968 4320">
    <p class='ocr_par' dir='ltr' id='par_1_100' title="bbox 2174 4264 2968 4320">
     <span class='ocr_line' id='line_1_100' title="bbox 2174 4264 2968 4320; baseline -0.003 -1"><span class='ocrx_word' id='word_1_659' title='bbox 2174 4264 2299 4320; x_wconf 86' lang='lat'><strong>927.</strong></span> <span class='ocrx_word' id='word_1_660' title='bbox 2587 4264 2639 4315; x_wconf 85' lang='lat'><strong>8.</strong></span> <span class='ocrx_word' id='word_1_661' title='bbox 2923 4268 2968 4317; x_wconf 80' lang='grc'><strong>1.</strong></span> 
     </span>
    </p>
   </div>
   <div class='ocr_carea' id='block_1_101' title="bbox 2157 4371 3704 4446">
    <p class='ocr_par' dir='ltr' id='par_1_101' title="bbox 2157 4371 3704 4446">
     <span class='ocr_line' id='line_1_101' title="bbox 2157 4371 3704 4446; baseline 0.003 -19"><span class='ocrx_word' id='word_1_662' title='bbox 2157 4375 2341 4445; x_wconf 74' lang='lat' dir='ltr'><strong>(Win)</strong></span> <span class='ocrx_word' id='word_1_663' title='bbox 2382 4373 2509 4428; x_wconf 87' lang='lat' dir='ltr'><strong>Post</strong></span> <span class='ocrx_word' id='word_1_664' title='bbox 2535 4371 2763 4426; x_wconf 76' lang='lat' dir='ltr'><strong>mer-lem</strong></span> <span class='ocrx_word' id='word_1_665' title='bbox 2807 4372 2982 4426; x_wconf 85' lang='lat' dir='ltr'><strong>Karoli</strong></span> <span class='ocrx_word' id='word_1_666' title='bbox 3043 4373 3188 4446; x_wconf 88' lang='lat' dir='ltr'><strong>regis</strong></span> <span class='ocrx_word' id='word_1_667' title='bbox 3237 4374 3569 4432; x_wconf 87' lang='lat' dir='ltr'><strong>uolentibus</strong></span> <span class='ocrx_word' id='word_1_668' title='bbox 3598 4377 3704 4432; x_wconf 87' lang='lat' dir='ltr'><strong>Lo-</strong></span> 
     </span>
    </p>
   </div>
   <div class='ocr_carea' id='block_1_102' title="bbox 2089 4465 3718 4544">
    <p class='ocr_par' dir='ltr' id='par_1_102' title="bbox 2089 4465 3718 4544">
     <span class='ocr_line' id='line_1_102' title="bbox 2089 4465 3718 4544; baseline 0.002 -22"><span class='ocrx_word' id='word_1_669' title='bbox 2089 4467 2356 4539; x_wconf 83' lang='lat' dir='ltr'><strong>tharingis</strong></span> <span class='ocrx_word' id='word_1_670' title='bbox 2388 4465 2620 4520; x_wconf 90' lang='lat' dir='ltr'><strong>Henrico</strong></span> <span class='ocrx_word' id='word_1_671' title='bbox 2653 4467 2765 4536; x_wconf 89' lang='lat' dir='ltr'><strong>regi</strong></span> <span class='ocrx_word' id='word_1_672' title='bbox 2799 4465 3048 4533; x_wconf 89' lang='lat' dir='ltr'><strong>subesse,</strong></span> <span class='ocrx_word' id='word_1_673' title='bbox 3081 4467 3304 4536; x_wconf 90' lang='lat' dir='ltr'><strong>quidam</strong></span> <span class='ocrx_word' id='word_1_674' title='bbox 3339 4469 3718 4544; x_wconf 82' lang='lat' dir='ltr'><strong>Lotharingus</strong></span> 
     </span>
    </p>
   </div>
   <div class='ocr_carea' id='block_1_103' title="bbox 2088 4555 3711 4616">
    <p class='ocr_par' dir='ltr' id='par_1_103' title="bbox 2088 4555 3711 4616">
     <span class='ocr_line' id='line_1_103' title="bbox 2088 4555 3711 4616; baseline 0 -2"><span class='ocrx_word' id='word_1_675' title='bbox 2088 4559 2309 4614; x_wconf 89' lang='lat' dir='ltr'><strong>nomine</strong></span> <span class='ocrx_word' id='word_1_676' title='bbox 2340 4557 2639 4612; x_wconf 89' lang='lat' dir='ltr'><strong>Cristianus</strong></span> <span class='ocrx_word' id='word_1_677' title='bbox 2670 4557 2926 4612; x_wconf 89' lang='lat' dir='ltr'><strong>simulata</strong></span> <span class='ocrx_word' id='word_1_678' title='bbox 2981 4555 3299 4615; x_wconf 84' lang='lat' dir='ltr'><strong>infirmitate</strong></span> <span class='ocrx_word' id='word_1_679' title='bbox 3332 4561 3711 4616; x_wconf 88' lang='lat' dir='ltr'><strong>Gislebertum</strong></span> 
     </span>
    </p>
   </div>
   <div class='ocr_carea' id='block_1_104' title="bbox 2088 4651 3711 4727">
    <p class='ocr_par' dir='ltr' id='par_1_104' title="bbox 2088 4651 3711 4727">
     <span class='ocr_line' id='line_1_104' title="bbox 2088 4651 3711 4727; baseline 0.002 -21"><span class='ocrx_word' id='word_1_680' title='bbox 2088 4652 2283 4706; x_wconf 91' lang='lat' dir='ltr'><strong>ducem</strong></span> <span class='ocrx_word' id='word_1_681' title='bbox 2316 4651 2382 4705; x_wconf 91' lang='lat' dir='ltr'><strong>ad</strong></span> <span class='ocrx_word' id='word_1_682' title='bbox 2423 4667 2483 4705; x_wconf 91' lang='lat' dir='ltr'><strong>se</strong></span> <span class='ocrx_word' id='word_1_683' title='bbox 2520 4651 2648 4706; x_wconf 90' lang='lat' dir='ltr'><strong>dolo</strong></span> <span class='ocrx_word' id='word_1_684' title='bbox 2677 4661 2962 4706; x_wconf 89' lang='lat' dir='ltr'><strong>evocatum</strong></span> <span class='ocrx_word' id='word_1_685' title='bbox 3005 4653 3152 4724; x_wconf 88' lang='lat' dir='ltr'><strong>cepit</strong></span> <span class='ocrx_word' id='word_1_686' title='bbox 3179 4653 3414 4727; x_wconf 89' lang='lat' dir='ltr'><strong>regique</strong></span> <span class='ocrx_word' id='word_1_687' title='bbox 3447 4656 3625 4721; x_wconf 90' lang='lat' dir='ltr'><strong>misit,</strong></span> <span class='ocrx_word' id='word_1_688' title='bbox 3655 4663 3711 4710; x_wconf 92' lang='lat' dir='ltr'><strong>ut</strong></span> 
     </span>
    </p>
   </div>
   <div class='ocr_carea' id='block_1_105' title="bbox 2089 4743 3708 4819">
    <p class='ocr_par' dir='ltr' id='par_1_105' title="bbox 2089 4743 3708 4819">
     <span class='ocr_line' id='line_1_105' title="bbox 2089 4743 3708 4819; baseline 0.002 -20"><span class='ocrx_word' id='word_1_689' title='bbox 2089 4760 2187 4815; x_wconf 90' lang='lat' dir='ltr'><strong>per</strong></span> <span class='ocrx_word' id='word_1_690' title='bbox 2211 4760 2334 4798; x_wconf 81' lang='lat' dir='ltr'><strong>eum</strong></span> <span class='ocrx_word' id='word_1_691' title='bbox 2379 4743 2786 4818; x_wconf 81' lang='lat' dir='ltr'><strong>Lotharingiam</strong></span> <span class='ocrx_word' id='word_1_692' title='bbox 2818 4744 2923 4797; x_wconf 89' lang='lat' dir='ltr'><strong>sibi</strong></span> <span class='ocrx_word' id='word_1_693' title='bbox 2955 4744 3239 4800; x_wconf 88' lang='lat' dir='ltr'><strong>subiceret</strong></span> <span class='ocrx_word' id='word_1_694' title='bbox 3311 4750 3376 4802; x_wconf 87' lang='lat' dir='ltr'><strong>At</strong></span> <span class='ocrx_word' id='word_1_695' title='bbox 3401 4764 3494 4801; x_wconf 90' lang='lat' dir='ltr'><strong>rex</strong></span> <span class='ocrx_word' id='word_1_696' title='bbox 3533 4750 3708 4819; x_wconf 88' lang='lat' dir='ltr'><strong>inspe-</strong></span> 
     </span>
    </p>
   </div>
   <div class='ocr_carea' id='block_1_106' title="bbox 2087 4837 3708 4908">
    <p class='ocr_par' dir='ltr' id='par_1_106' title="bbox 2087 4837 3708 4908">
     <span class='ocr_line' id='line_1_106' title="bbox 2087 4837 3708 4908; baseline 0.002 -14"><span class='ocrx_word' id='word_1_697' title='bbox 2087 4845 2169 4894; x_wconf 91' lang='lat' dir='ltr'><strong>cta</strong></span> <span class='ocrx_word' id='word_1_698' title='bbox 2201 4837 2468 4893; x_wconf 90' lang='lat' dir='ltr'><strong>industria</strong></span> <span class='ocrx_word' id='word_1_699' title='bbox 2495 4845 2549 4891; x_wconf 84' lang='lat' dir='ltr'><strong>et</strong></span> <span class='ocrx_word' id='word_1_700' title='bbox 2572 4839 2820 4908; x_wconf 87' lang='lat' dir='ltr'><strong>potentia</strong></span> <span class='ocrx_word' id='word_1_701' title='bbox 2849 4838 3163 4904; x_wconf 86' lang='lat' dir='ltr'><strong>Gisleberti,</strong></span> <span class='ocrx_word' id='word_1_702' title='bbox 3185 4839 3354 4894; x_wconf 88' lang='lat' dir='ltr'><strong>ﬁliam</strong></span> <span class='ocrx_word' id='word_1_703' title='bbox 3383 4859 3543 4896; x_wconf 89' lang='lat' dir='ltr'><strong>suam</strong></span> <span class='ocrx_word' id='word_1_704' title='bbox 3579 4843 3708 4897; x_wconf 87' lang='lat' dir='ltr'><strong>Ger-</strong></span> 
     </span>
    </p>
   </div>
   <div class='ocr_carea' id='block_1_107' title="bbox 2087 4931 3712 5008">
    <p class='ocr_par' dir='ltr' id='par_1_107' title="bbox 2087 4931 3712 5008">
     <span class='ocr_line' id='line_1_107' title="bbox 2087 4931 3712 5008; baseline 0.003 -22"><span class='ocrx_word' id='word_1_705' title='bbox 2087 4933 2310 5003; x_wconf 87' lang='lat' dir='ltr'><strong>bergam</strong></span> <span class='ocrx_word' id='word_1_706' title='bbox 2339 4932 2388 4986; x_wconf 91' lang='lat' dir='ltr'><strong>ci</strong></span> <span class='ocrx_word' id='word_1_707' title='bbox 2445 4931 2777 5002; x_wconf 89' lang='lat' dir='ltr'><strong>despondet,</strong></span> <span class='ocrx_word' id='word_1_708' title='bbox 2829 4940 2884 4987; x_wconf 90' lang='lat' dir='ltr'><strong>et</strong></span> <span class='ocrx_word' id='word_1_709' title='bbox 2939 4948 3064 4987; x_wconf 90' lang='lat' dir='ltr'><strong>eum</strong></span> <span class='ocrx_word' id='word_1_710' title='bbox 3115 4933 3314 4987; x_wconf 91' lang='lat' dir='ltr'><strong>iterum</strong></span> <span class='ocrx_word' id='word_1_711' title='bbox 3347 4934 3712 5008; x_wconf 70' lang='lat' dir='ltr'><strong>Lotharingiae</strong></span> 
     </span>
    </p>
   </div>
   <div class='ocr_carea' id='block_1_108' title="bbox 2087 5019 3708 5098">
    <p class='ocr_par' dir='ltr' id='par_1_108' title="bbox 2087 5019 3708 5098">
     <span class='ocr_line' id='line_1_108' title="bbox 2087 5019 3708 5098; baseline 0.002 -24"><span class='ocrx_word' id='word_1_712' title='bbox 2087 5019 2319 5091; x_wconf 90' lang='lat' dir='ltr'><strong>preﬁcit.</strong></span> <span class='ocrx_word' id='word_1_713' title='bbox 2373 5021 2442 5089; x_wconf 83' lang='lat' dir='ltr'><strong>(A</strong></span> <span class='ocrx_word' id='word_1_714' title='bbox 2492 5020 2646 5091; x_wconf 79' lang='lat' dir='ltr'><strong>Lob.)</strong></span> <span class='ocrx_word' id='word_1_715' title='bbox 2704 5019 3045 5082; x_wconf 80' lang='lat' dir='ltr'><strong>Ludowicus,</strong></span> <span class='ocrx_word' id='word_1_716' title='bbox 3113 5019 3260 5073; x_wconf 86' lang='lat' dir='ltr'><strong>ﬁlius</strong></span> <span class='ocrx_word' id='word_1_717' title='bbox 3323 5021 3507 5076; x_wconf 83' lang='lat' dir='ltr'><strong>Karoli</strong></span> <span class='ocrx_word' id='word_1_718' title='bbox 3555 5024 3708 5098; x_wconf 88' lang='lat' dir='ltr'><strong>regis,</strong></span> 
     </span>
    </p>
   </div>
   <div class='ocr_carea' id='block_1_109' title="bbox 2088 5111 3715 5186">
    <p class='ocr_par' dir='ltr' id='par_1_109' title="bbox 2088 5111 3715 5186">
     <span class='ocr_line' id='line_1_109' title="bbox 2088 5111 3715 5186; baseline 0.001 -19"><span class='ocrx_word' id='word_1_719' title='bbox 2088 5113 2413 5167; x_wconf 89' lang='lat' dir='ltr'><strong>insidiantes</strong></span> <span class='ocrx_word' id='word_1_720' title='bbox 2471 5111 2575 5166; x_wconf 92' lang='lat' dir='ltr'><strong>sibi</strong></span> <span class='ocrx_word' id='word_1_721' title='bbox 2636 5112 2877 5186; x_wconf 86' lang='lat' dir='ltr'><strong>fugiens,</strong></span> <span class='ocrx_word' id='word_1_722' title='bbox 2930 5128 3028 5182; x_wconf 90' lang='lat' dir='ltr'><strong>per</strong></span> <span class='ocrx_word' id='word_1_723' title='bbox 3059 5127 3209 5166; x_wconf 91' lang='lat' dir='ltr'><strong>mare</strong></span> <span class='ocrx_word' id='word_1_724' title='bbox 3249 5114 3448 5169; x_wconf 89' lang='lat' dir='ltr'><strong>transit</strong></span> <span class='ocrx_word' id='word_1_725' title='bbox 3493 5115 3569 5186; x_wconf 88' lang='lat' dir='ltr'><strong>[in</strong></span> <span class='ocrx_word' id='word_1_726' title='bbox 3615 5118 3715 5169; x_wconf 83' lang='lat' dir='ltr'><strong>An-</strong></span> 
     </span>
    </p>
   </div>
   <div class='ocr_carea' id='block_1_110' title="bbox 2085 5199 3714 5279">
    <p class='ocr_par' dir='ltr' id='par_1_110' title="bbox 2085 5199 3714 5279">
     <span class='ocr_line' id='line_1_110' title="bbox 2085 5199 3714 5279; baseline 0.002 -25"><span class='ocrx_word' id='word_1_727' title='bbox 2085 5202 2270 5277; x_wconf 83' lang='lat' dir='ltr'><strong>gliam.</strong></span> <span class='ocrx_word' id='word_1_728' title='bbox 2307 5199 2478 5255; x_wconf 79' lang='lat' dir='ltr'><strong>Mater</strong></span> <span class='ocrx_word' id='word_1_729' title='bbox 2529 5201 2678 5257; x_wconf 90' lang='lat' dir='ltr'><strong>enim</strong></span> <span class='ocrx_word' id='word_1_730' title='bbox 2733 5201 2855 5270; x_wconf 87' lang='lat' dir='ltr'><strong>ejus</strong></span> <span class='ocrx_word' id='word_1_731' title='bbox 2911 5201 3090 5255; x_wconf 89' lang='lat' dir='ltr'><strong>fuerat</strong></span> <span class='ocrx_word' id='word_1_732' title='bbox 3150 5199 3261 5254; x_wconf 87' lang='lat' dir='ltr'><strong>lilia</strong></span> <span class='ocrx_word' id='word_1_733' title='bbox 3313 5203 3466 5275; x_wconf 89' lang='lat' dir='ltr'><strong>regis</strong></span> <span class='ocrx_word' id='word_1_734' title='bbox 3517 5204 3714 5279; x_wconf 84' lang='lat' dir='ltr'><strong>Anglo—</strong></span> 
     </span>
    </p>
   </div>
   <div class='ocr_carea' id='block_1_111' title="bbox 2089 5290 3711 5366">
    <p class='ocr_par' dir='ltr' id='par_1_111' title="bbox 2089 5290 3711 5366">
     <span class='ocr_line' id='line_1_111' title="bbox 2089 5290 3711 5366; baseline 0.004 -22"><span class='ocrx_word' id='word_1_735' title='bbox 2089 5307 2210 5346; x_wconf 92' lang='lat' dir='ltr'><strong>rum</strong></span> <span class='ocrx_word' id='word_1_736' title='bbox 2240 5290 2348 5361; x_wconf 74' lang='lat' dir='ltr'><strong>m.)</strong></span> <span class='ocrx_word' id='word_1_737' title='bbox 2381 5291 2611 5361; x_wconf 75' lang='lat' dir='ltr'><strong>(LIUDP.)</strong></span> <span class='ocrx_word' id='word_1_738' title='bbox 2648 5291 2913 5347; x_wconf 79' lang='lat' dir='ltr'><strong>Rodulfus</strong></span> <span class='ocrx_word' id='word_1_739' title='bbox 2944 5306 3034 5344; x_wconf 88' lang='lat' dir='ltr'><strong>rex</strong></span> <span class='ocrx_word' id='word_1_740' title='bbox 3074 5290 3143 5344; x_wconf 91' lang='lat' dir='ltr'><strong>ab</strong></span> <span class='ocrx_word' id='word_1_741' title='bbox 3162 5290 3532 5348; x_wconf 88' lang='lat' dir='ltr'><strong>ltaliensibus</strong></span> <span class='ocrx_word' id='word_1_742' title='bbox 3559 5311 3711 5366; x_wconf 89' lang='lat' dir='ltr'><strong>repu-</strong></span> 
     </span>
    </p>
   </div>
   <div class='ocr_carea' id='block_1_112' title="bbox 3259 4264 3349 4318">
    <p class='ocr_par' dir='ltr' id='par_1_112' title="bbox 3259 4264 3349 4318">
     <span class='ocr_line' id='line_1_112' title="bbox 3259 4264 3349 4318; baseline 0.022 -2"><span class='ocrx_word' id='word_1_743' title='bbox 3259 4264 3349 4318; x_wconf 72' lang='lat'><strong>2&#39;2.</strong></span> 
     </span>
    </p>
   </div>
   <div class='ocr_carea' id='block_1_113' title="bbox 1726 5387 2358 5446">
    <p class='ocr_par' dir='ltr' id='par_1_113' title="bbox 1726 5387 2358 5446">
     <span class='ocr_line' id='line_1_113' title="bbox 1726 5387 2358 5446; baseline 0.006 -6"><span class='ocrx_word' id='word_1_744' title='bbox 1726 5387 1946 5444; x_wconf 66' lang='lat' dir='ltr'><strong>VARI/ﬁ</strong></span> <span class='ocrx_word' id='word_1_745' title='bbox 1987 5391 2358 5446; x_wconf 84' lang='lat' dir='ltr'><strong>LECTIONES.</strong></span> 
     </span>
    </p>
   </div>
   <div class='ocr_carea' id='block_1_114' title="bbox 445 5483 3703 5557">
    <p class='ocr_par' dir='ltr' id='par_1_114' title="bbox 445 5483 3703 5557">
     <span class='ocr_line' id='line_1_114' title="bbox 445 5483 3703 5557; baseline 0.001 -16"><span class='ocrx_word' id='word_1_746' title='bbox 445 5486 511 5521; x_wconf 78' lang='grc'>¹⁷⁵</span> <span class='ocrx_word' id='word_1_747' title='bbox 545 5495 703 5557; x_wconf 88' lang='lat' dir='ltr'><strong>pater</strong></span> <span class='ocrx_word' id='word_1_748' title='bbox 733 5494 920 5542; x_wconf 90' lang='lat' dir='ltr'><strong>noster</strong></span> <span class='ocrx_word' id='word_1_749' title='bbox 949 5493 996 5540; x_wconf 81' lang='lat' dir='ltr'><strong>et</strong></span> <span class='ocrx_word' id='word_1_750' title='bbox 1027 5493 1276 5542; x_wconf 88' lang='lat' dir='ltr'><strong>nostrum</strong></span> <span class='ocrx_word' id='word_1_751' title='bbox 1300 5488 1357 5557; x_wconf 73' lang='lat' dir='ltr'><strong>et</strong></span> <span class='ocrx_word' id='word_1_752' title='bbox 1385 5483 1599 5539; x_wconf 88' lang='lat' dir='ltr'><strong>scilicet</strong></span> <span class='ocrx_word' id='word_1_753' title='bbox 1629 5486 1715 5539; x_wconf 80' lang='lat' dir='ltr'><strong>hic</strong></span> <span class='ocrx_word' id='word_1_754' title='bbox 1736 5491 1783 5541; x_wconf 85' lang='lat' dir='ltr'><strong>et</strong></span> <span class='ocrx_word' id='word_1_755' title='bbox 1819 5489 1995 5543; x_wconf 78' lang='lat' dir='ltr'><strong>ubivis</strong></span> <span class='ocrx_word' id='word_1_756' title='bbox 2051 5492 2110 5542; x_wconf 82' lang='lat' dir='ltr'><strong>in</strong></span> <span class='ocrx_word' id='word_1_757' title='bbox 2137 5490 2336 5543; x_wconf 80' lang='lat' dir='ltr'><strong>talibus</strong></span> <span class='ocrx_word' id='word_1_758' title='bbox 2404 5492 2656 5543; x_wconf 83' lang='lat' dir='ltr'><strong>omittunt</strong></span> <span class='ocrx_word' id='word_1_759' title='bbox 2684 5491 2742 5542; x_wconf 82' lang='grc' dir='ltr'><strong>Α.</strong></span> <span class='ocrx_word' id='word_1_760' title='bbox 2801 5487 2896 5542; x_wconf 79' lang='lat' dir='ltr'><strong>l‘l.</strong></span> <span class='ocrx_word' id='word_1_761' title='bbox 2939 5488 3026 5541; x_wconf 57' lang='grc' dir='ltr'><strong>ι’.</strong></span> <span class='ocrx_word' id='word_1_762' title='bbox 3064 5488 3102 5541; x_wconf 85' lang='lat' dir='ltr'><strong>D</strong></span> <span class='ocrx_word' id='word_1_763' title='bbox 3151 5487 3220 5523; x_wconf 70' lang='grc' dir='ltr'><strong>¹τ⁶</strong></span> <span class='ocrx_word' id='word_1_764' title='bbox 3241 5488 3494 5543; x_wconf 88' lang='lat' dir='ltr'><strong>hunnam</strong></span> <span class='ocrx_word' id='word_1_765' title='bbox 3527 5489 3622 5544; x_wconf 90' lang='lat' dir='ltr'><strong>Cl.</strong></span> <span class='ocrx_word' id='word_1_766' title='bbox 3655 5490 3703 5544; x_wconf 88' lang='lat'><strong>3.</strong></span> 
     </span>
    </p>
   </div>
   <div class='ocr_carea' id='block_1_115' title="bbox 370 5555 3714 5630">
    <p class='ocr_par' dir='ltr' id='par_1_115' title="bbox 370 5555 3714 5630">
     <span class='ocr_line' id='line_1_115' title="bbox 370 5555 3714 5630; baseline 0.002 -20"><span class='ocrx_word' id='word_1_767' title='bbox 370 5559 459 5630; x_wconf 57' lang='lat' dir='ltr'><strong>4f.</strong></span> <span class='ocrx_word' id='word_1_768' title='bbox 485 5555 560 5630; x_wconf 11' lang='lat' dir='ltr'><strong>7D:</strong></span> <span class='ocrx_word' id='word_1_769' title='bbox 590 5559 734 5612; x_wconf 79' lang='lat' dir='ltr'><strong>deest</strong></span> <span class='ocrx_word' id='word_1_770' title='bbox 764 5557 890 5624; x_wconf 68' lang='lat'><strong>83*,</strong></span> <span class='ocrx_word' id='word_1_771' title='bbox 927 5559 990 5592; x_wconf 75' lang='grc'>⁸⁷⁷</span> <span class='ocrx_word' id='word_1_772' title='bbox 1023 5559 1079 5626; x_wconf 90' lang='lat' dir='ltr'><strong>d)</strong></span> <span class='ocrx_word' id='word_1_773' title='bbox 1107 5555 1344 5627; x_wconf 89' lang='lat' dir='ltr'><strong>Sanguis</strong></span> <span class='ocrx_word' id='word_1_774' title='bbox 1374 5585 1431 5593; x_wconf 90' lang='lat'>—</span> <span class='ocrx_word' id='word_1_775' title='bbox 1465 5564 1743 5630; x_wconf 84' lang='lat' dir='ltr'><strong>pateretur</strong></span> <span class='ocrx_word' id='word_1_776' title='bbox 1759 5558 1902 5613; x_wconf 78' lang='lat' dir='ltr'><strong>deest</strong></span> <span class='ocrx_word' id='word_1_777' title='bbox 1930 5560 1984 5612; x_wconf 94' lang='lat' dir='ltr'><strong>D.</strong></span> <span class='ocrx_word' id='word_1_778' title='bbox 2025 5560 2089 5593; x_wconf 74' lang='grc'><strong>⁸⁷⁸</strong></span> <span class='ocrx_word' id='word_1_779' title='bbox 2121 5562 2236 5626; x_wconf 78' lang='lat' dir='ltr'><strong>Sig,</strong></span> <span class='ocrx_word' id='word_1_780' title='bbox 2285 5563 2460 5628; x_wconf 85' lang='lat' dir='ltr'><strong>primo</strong></span> <span class='ocrx_word' id='word_1_781' title='bbox 2523 5561 2770 5614; x_wconf 76' lang='lat' dir='ltr'><strong>ediderat</strong></span> <span class='ocrx_word' id='word_1_782' title='bbox 2804 5576 2816 5612; x_wconf 93' lang='lat'>:</span> <span class='ocrx_word' id='word_1_783' title='bbox 2852 5559 3073 5630; x_wconf 83' lang='lat' dir='ltr'><strong>fugiens</strong></span> <span class='ocrx_word' id='word_1_784' title='bbox 3113 5575 3266 5612; x_wconf 90' lang='lat' dir='ltr'><strong>mare</strong></span> <span class='ocrx_word' id='word_1_785' title='bbox 3339 5561 3557 5616; x_wconf 92' lang='lat' dir='ltr'><strong>transit.</strong></span> <span class='ocrx_word' id='word_1_786' title='bbox 3613 5561 3714 5616; x_wconf 87' lang='lat' dir='ltr'><strong>Ro-</strong></span> 
     </span>
    </p>
   </div>
   <div class='ocr_carea' id='block_1_116' title="bbox 371 5627 3709 5704">
    <p class='ocr_par' dir='ltr' id='par_1_116' title="bbox 371 5627 3709 5704">
     <span class='ocr_line' id='line_1_116' title="bbox 371 5627 3709 5704; baseline 0.001 -22"><span class='ocrx_word' id='word_1_787' title='bbox 371 5628 676 5704; x_wconf 9' lang='lat' dir='ltr'><strong>dulfusretc.</strong></span> <span class='ocrx_word' id='word_1_788' title='bbox 711 5631 788 5704; x_wconf 76' lang='lat' dir='ltr'><strong>At</strong></span> <span class='ocrx_word' id='word_1_789' title='bbox 805 5634 990 5704; x_wconf 72' lang='lat' dir='ltr'><strong>postea</strong></span> <span class='ocrx_word' id='word_1_790' title='bbox 1028 5633 1100 5684; x_wconf 84' lang='grc' dir='ltr'><strong>ιδ.</strong></span> <span class='ocrx_word' id='word_1_791' title='bbox 1125 5632 1253 5704; x_wconf 71' lang='lat' dir='ltr'><strong>ante</strong></span> <span class='ocrx_word' id='word_1_792' title='bbox 1275 5641 1424 5704; x_wconf 87' lang='lat' dir='ltr'><strong>mare</strong></span> <span class='ocrx_word' id='word_1_793' title='bbox 1464 5627 1943 5704; x_wconf 52' lang='lat' dir='ltr'><strong>iateepesuitper,</strong></span> <span class='ocrx_word' id='word_1_794' title='bbox 1963 5635 2012 5684; x_wconf 86' lang='lat' dir='ltr'><strong>et</strong></span> <span class='ocrx_word' id='word_1_795' title='bbox 2042 5634 2212 5684; x_wconf 80' lang='lat' dir='ltr'><strong>erasis</strong></span> <span class='ocrx_word' id='word_1_796' title='bbox 2237 5627 2456 5704; x_wconf 61' lang='lat' dir='ltr'><strong>pacibus</strong></span> <span class='ocrx_word' id='word_1_797' title='bbox 2493 5630 2761 5686; x_wconf 80' lang='lat' dir='ltr'><strong>Rodulfus</strong></span> <span class='ocrx_word' id='word_1_798' title='bbox 2789 5661 2859 5669; x_wconf 98' lang='lat'><strong>—</strong></span> <span class='ocrx_word' id='word_1_799' title='bbox 2885 5627 3239 5704; x_wconf 81' lang='lat' dir='ltr'><strong>subrogatur,</strong></span> <span class='ocrx_word' id='word_1_800' title='bbox 3272 5647 3492 5687; x_wconf 72' lang='lat' dir='ltr'><strong>rasurae</strong></span> <span class='ocrx_word' id='word_1_801' title='bbox 3528 5649 3709 5701; x_wconf 82' lang='lat' dir='ltr'><strong>super-</strong></span> 
     </span>
    </p>
   </div>
   <div class='ocr_carea' id='block_1_117' title="bbox 369 5696 3616 5777">
    <p class='ocr_par' dir='ltr' id='par_1_117' title="bbox 369 5696 3616 5777">
     <span class='ocr_line' id='line_1_117' title="bbox 369 5696 3616 5777; baseline 0 -21"><span class='ocrx_word' id='word_1_802' title='bbox 369 5701 588 5773; x_wconf 81' lang='lat' dir='ltr'><strong>scripsit</strong></span> <span class='ocrx_word' id='word_1_803' title='bbox 619 5701 671 5756; x_wconf 90' lang='lat' dir='ltr'><strong>in</strong></span> <span class='ocrx_word' id='word_1_804' title='bbox 708 5696 956 5777; x_wconf 82' lang='lat' dir='ltr'><strong>Angliam</strong></span> <span class='ocrx_word' id='word_1_805' title='bbox 982 5730 1047 5740; x_wconf 89' lang='lat'><strong>—-</strong></span> <span class='ocrx_word' id='word_1_806' title='bbox 1079 5696 1434 5770; x_wconf 87' lang='lat' dir='ltr'><strong>subrogatur.</strong></span> <span class='ocrx_word' id='word_1_807' title='bbox 1464 5698 1547 5751; x_wconf 87' lang='lat' dir='ltr'><strong>Ita</strong></span> <span class='ocrx_word' id='word_1_808' title='bbox 1578 5699 1750 5764; x_wconf 79' lang='lat' dir='ltr'><strong>igitur</strong></span> <span class='ocrx_word' id='word_1_809' title='bbox 1774 5700 1891 5768; x_wconf 85' lang='lat' dir='ltr'><strong>Sig.</strong></span> <span class='ocrx_word' id='word_1_810' title='bbox 1925 5701 2095 5755; x_wconf 81' lang='lat' dir='ltr'><strong>locum</strong></span> <span class='ocrx_word' id='word_1_811' title='bbox 2112 5701 2494 5771; x_wconf 80' lang='lat' dir='ltr'><strong>ampliaverat,</strong></span> <span class='ocrx_word' id='word_1_812' title='bbox 2525 5717 2691 5772; x_wconf 84' lang='lat' dir='ltr'><strong>quam</strong></span> <span class='ocrx_word' id='word_1_813' title='bbox 2729 5703 3019 5757; x_wconf 87' lang='lat' dir='ltr'><strong>secundum</strong></span> <span class='ocrx_word' id='word_1_814' title='bbox 3047 5696 3616 5773; x_wconf 46' lang='lat' dir='ltr'><strong>e&#39;ditionemfpararet&#39;.</strong></span> 
     </span>
    </p>
   </div>
  </div>
