3876 6208
120 302 204 358 181
1605 285 1724 341 CHR

1855 286 1956 343 CA.

3342 293 3446 351 182

116 425 302 487 diatur,
334 429 393 477 et
414 419 579 492 Hugo
610 431 797 473 comes
830 412 1234 471 Arelatensium
1261 411 1318 466 in
1346 425 1574 484 regnum
1597 410 1729 465 sub-
1754 416 1803 484 Α
1831 411 1962 483 quia
1991 411 2256 480 Bajoariis
2275 412 2505 479 faverat,
2538 413 2719 484 Papiae
2754 415 3136 483 exiliatur,ubi
3167 425 3223 473 et
3244 418 3443 474 librum

118 522 347 592 rogatur.

177 608 294 664 928.
489 603 556 658 R.
591 603 648 657 9.
865 598 922 654 F'
950 598 1007 652 2.
1194 593 1249 650 C.
1275 594 1348 649 23

177 700 263 769 (A.
291 697 449 768 Lob.)
509 691 839 749 Ludowicus
895 689 950 745 in
1014 687 1295 743 Franciam
1351 701 1628 752 reversus,
1670 691 1726 739 et

117 794 232 847 licet
254 803 586 854 erumnose,
616 792 802 840 tamen
855 781 913 837 in
943 796 1115 857 regno
1176 778 1479 839 restitutus.
1531 784 1724 851 regnat

116 880 259 936 annis
295 877 386 933 26.
429 874 673 947 ([ιιυῡΡ.)
708 873 819 927 Rex
870 871 1022 944 Hugo
1078 867 1347 941 quosdam
1380 863 1719 919 Italiensium

115 977 384 1040 suspectos
411 965 526 1020 sibi
568 962 801 1020 consilio
829 968 885 1016 et
938 960 1143 1015 virtute
1191 954 1477 1014 Samsonis
1504 951 1723 1008 comitis

116 1062 509 1115 circumventos
536 1054 645 1111 sibi
688 1052 1002 1108 substravit.
1068 1049 1252 1120 (Ibid.)
1286 1044 1576 1102 Ratherius
1620 1043 1723 1099 Lo-

117 1148 310 1204 biensis
338 1145 678 1207 monachus,
708 1141 791 1196 vir
815 1139 1002 1194 nimim
1028 1135 1415 1209 simplicitatis,
1431 1133 1528 1189 sed
1555 1147 1723 1203 expe-

115 1243 293 1298 rientia
321 1238 644 1296 liberalium
684 1236 886 1292 artium
913 1233 1253 1299 nominatus,
1278 1248 1401 1287 cum
1438 1228 1719 1294 Hilduino,

115 1334 256 1407 quiin
270 1330 628 1404 Lotharingia
653 1328 1033 1399 episcOpatum
1050 1324 1446 1380 Leodicensem
1461 1321 1591 1376 olim
1606 1335 1725 1373 am-

114 1425 354 1490 bierat,in
368 1422 661 1479 Italiamad
677 1420 959 1495 Hugonem
974 1433 1163 1492 regem
1182 1413 1720 1487 profectus,Veronaa

116 1515 393 1585 episcopus
423 1511 495 1566 ab
531 1510 763 1584 Hugone
792 1505 1168 1571 constituitur,
1229 1503 1487 1557 Hilduino
1512 1500 1723 1555 Medio-

116 1607 212 1662 lani
266 1604 692 1676 archiepiscopo
749 1600 1024 1656 ordinato.
1087 1598 1273 1670 (Wio.)
1313 1597 1425 1652 Rex
1459 1594 1723 1650 Henricus

119 1702 329 1757 Granam
360 1700 430 1736 1"
459 1698 663 1753 urbem
696 1694 1052 1751 Dalamantiaa
1082 1692 1249 1764 capit,
1295 1699 1351 1747 et
1380 1688 1724 1746 Dalamancis

118 1786 362 1840 tributum
390 1785 657 1857 imponit.

176 1875 292 1930 929.
560 1872 648 1927 10.
902 1875 957 1927 1.
1216 1869 1307 1924 21.

176 1966 396 2035 (Linum)
427 1966 707 2021 Lanceam
738 1963 973 2019 mirandi
1037 1963 1224 2035 operis
1274 1968 1329 2017 et
1388 1958 1559 2014 clavis
1595 1957 1725 2013 Jesu

118 2056 293 2111 Christi
321 2053 573 2110 cruciﬁxi
605 2052 1029 2116 sanctiﬁcatam,
1084 2066 1207 2122 quae
1238 2048 1440 2104 dicitur
1476 2045 1640 2118 primi
1672 2055 1727 2101 et

121 2144 286 2216 magni
316 2142 670 2199 Constantini
702 2140 1052 2212 imperatoris
1085 2138 1276 2205 fuisse,
1326 2138 1586 2193 donatam
1617 2137 1729 2192 Ro-

122 2234 255 2289 dulfo
280 2232 392 2307 regi
455 2230 920 2302 Burgundionum
970 2235 1026 2284 et
1067 2227 1234 2282 Italiae
1263 2242 1295 2280 a
1328 2225 1597 2280 Samsone
1626 2240 1726 2280 co-

124 2323 258 2387 mite,
309 2338 401 2377 rex
459 2320 735 2375 Henricus
797 2318 1077 2389 precibus,
1139 2315 1325 2382 minis,
1379 2313 1724 2374 muneribus.

124 2413 295 2469 addita
319 2413 484 2468 etiam
519 2418 678 2483 parte
726 2409 1014 2482 provintiae
1067 2409 1390 2472 Suevorum,
1425 2423 1458 2460 n
1489 2405 1727 2462 Rodulfo

125 2507 302 2561 comite
324 2514 626 2577 extorquet
660 2522 675 2570 ;
699 2510 754 2558 et
783 2504 927 2558 hanc
952 2502 1021 2557 ad
1052 2501 1274 2577 insigne
1296 2498 1731 2556 cttutamenim-

126 2594 242 2663 perii
271 2593 505 2665 posteris
546 2591 800 2664 reliquit.

185 2681 299 2737 930.
558 2683 649 2736 11.
928 2679 981 2733 2.

186 2773 362 2840 (Ιὸἱά.)
386 2772 680 2828 Iohannes
700 2785 844 2842 papa
871 2785 904 2823 a
940 2766 1213 2823 militibus
1272 2764 1539 2820 Guidonis
1578 2780 1727 2819 mar-

130 2860 319 2916 chionis
337 2867 532 2932 captus
563 2866 624 2914 et
675 2859 734 2914 in
763 2857 1070 2913 custodiam
1096 2863 1303 2919 trusus,
1340 2852 1595 2909 cervicali
1629 2868 1727 2907 su-

133 2969 217 3023 per
241 2968 299 3008 os
317 2953 434 3022 ejus
462 2953 653 3024 posito
683 2950 923 3022 pessime
945 2948 1317 3022 strangulatus
1347 2953 1450 3001 est.
1486 2947 1544 2999 In
1567 2944 1726 3013 cujus

131 3044 235 3099 loco
254 3046 383 3100 alter
407 3045 704 3100 Iohannes
745 3041 1077 3115 subrogatus
1128 3047 1233 3106 est,
1256 3038 1425 3094 frater
1454 3036 1721 3103 Alberici,

1829 500 1899 554 de
1928 501 2043 555 suis
2071 500 2319 555 erumnis
2350 501 2660 557 luculenter
2713 502 2905 558 edidit.
2965 505 3199 577 Scripsit
3252 514 3308 563 et
3337 507 3445 563 alia

1826 588 2000 644 multa
2017 589 2335 661 legentibus
2355 589 2526 644 utilia.

1895 681 2019 736 933.
2279 683 2361 737 14.
2641 683 2693 736 5.
2984 684 3077 741 28.

1895 772 2077 839 (ΜΑΒ.)
2106 774 2419 844 Stephanus
2476 774 2736 830 Romanas
2789 775 3053 831 zecclesiie
3088 777 3187 832 128
3220 790 3276 820 us
3304 795 3435 850 pre-

1823 863 1985 918 sidet.
2033 864 2259 937 (LIUDP)
2325 866 2697 922 Beneventani
2729 874 2922 922 contra
2974 868 3176 923 Grecos
3230 869 3436 925 bellum

1824 960 2073 1026 agentes,
2100 960 2372 1026 quotquot
2391 955 2703 1023 :Grecorum
2760 956 3079 1028 capiebant,
3107 958 3438 1014 cunuchiza-

1827 1045 1978 1099 bant.

1898 1134 2021 1188 934.
2291 1135 2381 1189 15.
2644 1136 2698 1191 6.
2987 1138 3077 1193 29.

1894 1223 2081 1294 (WID.,
2114 1224 2229 1278 Man
2258 1224 2498 1298 )Ungari
2551 1225 2812 1282 tributum
2844 1244 2875 1282 a
2920 1226 3230 1283 Saxonibus
3278 1212 3440 1300 repe-

1823 1318 2025 1379 tentes,
2066 1313 2134 1366 ab
2167 1313 2410 1369 exercitu
2444 1314 2663 1370 Henrici
2696 1316 2840 1389 regis
2870 1316 3198 1372 occiduntur
3223 1327 3318 1373 aut
3346 1334 3442 1373 ca-

1822 1402 2045 1472 piuntur
2077 1421 2091 1469 ;
2120 1404 2313 1475 eisque
2343 1405 2411 1459 ad
2444 1406 2881 1461 internecionem
2912 1408 3135 1474 deletis,
3163 1407 3432 1463 tributum

1820 1492 1971 1561 quod
1997 1493 2369 1563 repetebatur,
2405 1495 2514 1549 Deo
2549 1510 2646 1565 pro
2677 1496 2974 1568 gratiarum
3005 1497 3221 1552 actione
3246 1497 3301 1551 in
3330 1514 3443 1553 mc-

1824 1581 2011 1635 clesiis
2038 1587 2092 1636 et
2113 1582 2449 1653 pauperibus
2466 1583 2781 1638 exsolvitur.
2808 1583 2930 1638 Otto
2958 1583 3105 1639 filius
3136 1586 3280 1659 regis
3295 1586 3442 1641 Hen-

1824 1668 1923 1723 rici
1954 1684 2177 1725 uxorem
2209 1670 2358 1726 ducit
2414 1670 2581 1726 filiam
2648 1669 2981 1727 Eathmundi
3044 1673 3189 1747 regis
3238 1675 3442 1748 Anglo-

1751 1761 1802 1829 B
1827 1774 1967 1815 rum.

1899 1851 2023 1910 935.
2314 1854 2403 1910 16.
2677 1858 2729 1911 7.
3024 1857 3115 1925 30,

1900 1944 2085 2015 (Ibid.)
2111 1944 2392 2001 Iohannes
2426 1947 2685 2003 Romana:
2704 1947 2971 2003 aecclesize
2990 1949 3146 2003 129us
3174 1950 3441 2021 prcsidet.

1827 2037 2062 2110 (Linum)
2091 2040 2149 2094 In
2181 2040 2456 2095 Genuensi
2483 2042 2620 2097 urbe
2657 2041 2781 2098 fons
2812 2044 3100 2119 sanguinis
3132 2045 3438 2118 largissime

1826 2129 2057 2198 effluxit,
2089 2134 2429 2203 portenvlens
2449 2133 2590 2189 forte
2617 2135 2771 2190 urbis
2826 2136 3001 2207 ipsius
3050 2137 3436 2194 imminentem

1827 2221 2061 2289 ruinam,
2090 2240 2213 2294 qua:
2250 2224 2444 2279 eodem
2479 2242 2625 2281 anno
2656 2226 2724 2281 ab
2780 2226 3073 2295 Africanis,
3103 2244 3227 2283 cum
3258 2228 3434 2284 classe

1826 2311 1957 2367 illuc
2019 2313 2394 2380 venientibus,
2449 2324 2629 2385 capta,
2698 2316 2911 2371 cunctis
2938 2317 3150 2372 civibus
3191 2320 3444 2390 exceptis

1830 2401 2073 2472 parvulis
2098 2410 2153 2456 et
2183 2402 2507 2457 mulieribus
2536 2404 2710 2474 captis
2737 2411 2831 2457 aut
2860 2404 3077 2467 occisis,
3113 2406 3279 2460 etiam
3309 2409 3440 2462 the-

1830 2493 2007 2548 sauris
2034 2494 2149 2548 suis
2175 2502 2259 2549 est
2314 2502 2591 2550 cvacuata.
2629 2497 2771 2563 (Νη)
2800 2500 2819 2563 )
2869 2497 2976 2551 Rex
3048 2497 3319 2552 Ilenricus
3346 2499 3449 2553 Da-

1831 2598 1953 2650 nos,
1987 2583 2079 2655 qui
2110 2598 2209 2653 per
2238 2583 2520 2654 piraticam
2556 2584 2826 2640 Fresones
2854 2586 3238 2652 incursabant,
3271 2587 3445 2643 vincit

1830 2679 1884 2726 et
1905 2671 2224 2726 tributarios
2253 2670 2402 2737 facit,
2435 2678 2491 2726 et
2521 2671 2785 2743 Chiupam
2818 2688 3001 2748 regem
3030 2690 3220 2731 eorum
3252 2676 3437 2748 bapti-

1828 2763 1937 2817 zari
1970 2762 2122 2817 facit.

1895 2852 2020 2909 936.
2275 2855 2356 2909 17.
2681 2856 2734 2910 8.
2986 2855 3075 2913 3|.

1900 2944 2080 3015 (Man)
2159 2946 2263 3001 Leo
2323 2947 2580 3002 Romamn
2631 2947 2894 3003 aacclcsize
2952 2948 3114 3002 “0'18
3168 2950 3436 3019 prcsidet.

1826 3033 2350 3105 (LiuoP.)Rodulfus
2408 3053 2501 3091 rex
2564 3037 2891 3111 Burgundiae
2945 3038 3192 3095 moritur.
3245 3042 3445 3111 (lbid.)

131 3136 331 3191 Romam
353 3137 587 3207 expulso
622 3134 852 3207 Hugone
899 3132 1165 3206 regentis.
1200 3129 1343 3184 Alibi
1373 3129 1574 3202 legitur
1620 3129 1727 3183 hoc
1750 3115 1799 3181 (ἶ
1828 3123 1990 3196 Inger
2020 3141 2111 3179 rex
2143 3125 2463 3195 Russorum,
2495 3128 2677 3184 sciens
2694 3130 3281 3186 exercitusGrecorum
3314 3148 3437 3189 esse

131 3223 317 3280 inloco
361 3226 467 3280 Leo
519 3238 672 3295 papa
719 3221 1050 3293 presedisse.
1116 3220 1307 3289 (Mam,
1364 3217 1532 3289 Win.)
1583 3217 1726 3272 Ven-

129 3317 323 3372 cezlaus
352 3318 622 3388 princeps
652 3315 911 3382 Boemize,
968 3330 1000 3368 a
1028 3329 1158 3387 rege
1193 3310 1430 3367 Henrico
1462 3310 1518 3364 in
1554 3310 1724 3382 Praga

131 3409 539 3477 urbeobsessus,
569 3423 634 3463 se
662 3414 717 3463 et
745 3407 941 3462 urbem
972 3406 1091 3487 regi
1111 3403 1285 3472 dedit,
1320 3410 1375 3459 et
1408 3402 1725 3474 impositam

134 3500 342 3555 Boemiaa
365 3501 599 3556 multam
628 3498 821 3554 tributi
860 3498 1042 3554 solvit.

188 3593 303 3650 93l.
555 3592 616 3649 2.
905 3590 959 3647 3.
1237 3589 1330 3646 26.

189 3686 355 3757 (Mam)
411 3687 687 3743 Henricus
752 3701 848 3740 rex
906 3700 1067 3759 reges
1113 3684 1617 3740 Northmannorum
1670 3689 1726 3736 et

129 3772 480 3830 Abrotidorum
508 3773 852 3831 christianos
882 3772 1029 3828 facit.
1068 3773 1130 3842 (A
1194 3771 1390 3842 Laub.)
1443 3768 1726 3825 Hubaldus

130 3864 472 3919 monachuset
529 3863 906 3936 philosophus
958 3863 1029 3918 de
1085 3862 1271 3918 Sancti
1303 3861 1727 3917 AmandiElno-

133 3956 296 4011 nensis
318 3959 457 4013 obiit
485 3959 558 3994 ¹³⁰
591 3958 756 4029 (198).
791 3958 984 4030 (Wio.)
1035 3956 1252 4012 Redarii
1312 3973 1489 4029 usque
1519 3957 1589 4012 ad
1623 3955 1730 4011 200

132 4047 262 4103 milia
288 4050 576 4105 hominum
592 4050 980 4121 conspirantes
1004 4055 1196 4104 contra
1223 4048 1516 4104 chricum
1540 4064 1725 4124 regem

134 4137 396 4208 rebellant,
428 4149 485 4197 et
513 4157 751 4215 regnum
782 4142 903 4210 ejus
931 4140 1170 4216 graviter
1196 4139 1480 4208 infestant,
1514 4147 1569 4195 et
1588 4141 1725 4196 vici-

134 4246 216 4284 nas
238 4240 424 4303 gentes
444 4234 515 4287 ad
558 4233 947 4288 rebellandum
995 4232 1261 4287 animant.
1296 4232 1403 4287 Sed
1431 4249 1462 4287 a
1488 4232 1725 4288 ducibus

135 4320 258 4394 regis
285 4324 558 4380 Bernardo
593 4339 627 4378 e
677 4323 950 4379 Tietmaro
976 4323 1126 4396 gravi
1159 4323 1308 4379 bello
1347 4323 1497 4390 victi,
1531 4340 1724 4380 omnes

1827 3216 2022 3271 ductos
2054 3225 2244 3273 contra
2271 3219 2573 3275 Saracenos
2610 3229 2665 3276 et
2716 3222 2783 3276 ad
2817 3222 3118 3276 insularum
3153 3222 3438 3279 custodias

1826 3305 2123 3377 dispersos,
2156 3307 2225 3360 ad
2278 3309 2700 3382 expugnandam
2751 3308 3283 3382 Constantinopolim
3319 3329 3442 3369 cum

1826 3399 1977 3454 mille
2007 3405 2061 3454 et
2089 3416 2156 3455 eo
2186 3401 2424 3471 amplius
2476 3403 2706 3458 navibus
2750 3404 2923 3472 venit,
2953 3404 3091 3460 adeo
3123 3406 3192 3461 de
3216 3405 3445 3463 victoria

1820 3491 1933 3560 jam
1960 3507 2206 3558 securus,
2238 3500 2297 3547 ut
2324 3495 2526 3551 Grecos
2556 3510 2665 3550 non
2709 3496 2910 3563 occidi,
2971 3497 3068 3552 sed
3107 3498 3229 3569 capi
3258 3499 3441 3570 preci-

1827 3591 2001 3655 peret.
2034 3584 2244 3648 Quibus
2267 3585 2565 3656 imperato:
2594 3587 2878 3643 Romanus
2908 3604 3031 3643 cum
3062 3589 3255 3661 paucis
3301 3590 3441 3645 viri-

1826 3671 1950 3727 liter
1973 3687 2288 3740 occurrens,
2321 3674 2679 3730 circumcirva
2709 3676 2881 3732 Greco
2909 3677 3021 3751 igni
3056 3679 3259 3747 injecto
3293 3696 3438 3750 pene

1826 3779 2022 3818 omnes
2059 3780 2182 3819 cum
2239 3765 2473 3820 navibus
2524 3766 2752 3833 exussit,
2808 3768 2999 3837 paucis
3050 3768 3439 3836 evadentibus,

1827 3867 2133 3924 omnesque
2173 3853 2421 3924 captivos
2479 3853 2740 3909 decollari
2758 3854 2943 3923 jussit.

1900 3944 2024 4001 937.
2304 3945 2387 4000 18.
2668 3944 2723 4003 9.
2992 3944 3080 4000 32.

1899 4034 2090 4106 (Wio.)
2122 4034 2232 4090 Hoc
2259 4049 2405 4089 anno
2437 4033 2690 4107 prodigia
2724 4049 3056 4106 apparuere.
3104 4034 3195 4091 Sol
3235 4051 3436 4094 sereno

1827 4129 1962 4185 caelo
1982 4130 2351 4196 obscuratur;
2384 4146 2485 4200 per
2536 4128 2801 4185 fenestras
2851 4145 2981 4184 vero
3033 4130 3319 4186 domorum
3350 4148 3439 4187 ra-

1826 4217 1947 4272 dios
1976 4218 2134 4290 quasi
2169 4217 2507 4289 sanguineos
2567 4218 2854 4273 emittebat
2907 4218 3079 4287 Mons,
3113 4220 3207 4275 ubi
3248 4228 3440 4291 postea

1827 4324 1919 4362 rex
1951 4308 2213 4365 Henricus
2255 4309 2505 4380 sepultus
2552 4320 2656 4377 est,
2716 4310 2964 4366 flammas
3004 4312 3266 4366 multisin
3301 4312 3438 4367 locis

136 4393 268 4475 ρεξιιε
296 4411 668 4481 perimuntur,
697 4418 790 4466 aut
819 4393 1095 4485 ςυείεῇιρε
1120 4412 1177 4466 in
1208 4413 1344 4467 mari
1400 4411 1584 4468 γίοίηο
1624 4393 1800 4467 dc-D
1826 4400 2136 4455 evomebat.
2167 4401 2415 4456 Hominis
2470 4402 2754 4471 cujusdam
2792 4402 3016 4458 sinistra
3054 4419 3251 4458 manus
3289 4403 3434 4459 ferro

135 4510 430 4571 merguntur
458 4520 473 4569 ;
500 4509 557 4558 et
599 4503 705 4558 hoc
734 4501 875 4557 facto
901 4502 1097 4558 vicina:
1137 4510 1335 4576 gentes
1364 4520 1395 4558 a
1420 4503 1724 4559 rebellione

136 4586 472 4650 deterrentur.

193 4679 306 4734 932.
597 4684 679 4738 13.
803 4687 810 4695 ⁷
965 4685 1017 4739 4.
1307 4685 1398 4740 27.

100 4764 103 4765 ⁷
192 4766 405 4841 (ιιυορ.)
438 4771 716 4828 Arnoldus
775 4771 839 4807 ίει
878 4771 984 4827 dux
1026 4772 1401 4841 Bajoariorum
1433 4774 1487 4829 in
1513 4775 1719 4832 Italiam

134 4866 295 4914 contra
346 4862 632 4939 Hugonem
701 4879 883 4938 regem
940 4864 1172 4920 veniens
1223 4882 1255 4919 a
1314 4866 1723 4925 Veronensibus

133 4951 414 5022 suscipitur,
444 4963 656 5010 etcum
706 4955 932 5028 Hugone
986 4957 1295 5031 conﬂigens
1316 4957 1575 5015 vincitur.
1616 4962 1723 5017 Ra-

137 5037 321 5094 therius
344 5044 644 5116 episcopus
673 5060 704 5099 a
731 5059 859 5117 rege
892 5044 1119 5120 Hugone
1150 5046 1472 5117 episcOpatu
1507 5047 1718 5117 pulsus,

1825 4499 2125 4563 amputata,
2156 4499 2278 4565 post
2303 4509 2510 4548 annum
2542 4510 2700 4564 paene
2727 4493 2998 4568 integrum
3032 4495 3082 4549 ei
3134 4495 3429 4550 dormienti

1826 4586 2075 4640 restituta
2101 4593 2224 4652 est;
2257 4585 2347 4657 qui
2405 4601 2504 4656 pro
2544 4585 2704 4660 signo
2759 4586 3009 4641 miraculi
3064 4586 3215 4641 linea
3275 4587 3430 4659 quasi

1823 4676 2128 4752 sanguinea
2166 4678 2286 4733 loco
2348 4677 2755 4745 conjunctionis
2820 4678 3126 4734 notabatur.
3166 4679 3431 4735 Henricus

1824 4787 1915 4825 rex
1944 4768 2192 4833 moritur,
2222 4767 2461 4839 quilicet
2490 4768 2544 4821 in
2576 4767 2863 4823 vincendis
2896 4767 3427 4841 inimicisgloriosus

1824 4861 2009 4928 fuerit,
2035 4861 2165 4933 quia
2224 4868 2408 4915 tamen
2459 4857 2720 4930 paciﬁcus
2770 4866 2907 4927 erat,
2967 4859 3171 4914 nullam
3203 4877 3428 4932 operam

1824 4958 1999 5025 dedit,
2043 4965 2101 5013 ut
2130 4956 2380 5030 effugatis
2410 4957 2477 5010 ab
2507 4956 2659 5010 Italia
2686 4955 2953 5027 tyrannis,
2990 4957 3078 5028 qui
3112 4958 3267 5029 quasi
3297 4974 3433 5013 con-

1824 5049 2412 5105 ductivimerccnnarii
2473 5048 2609 5103 alter
2664 5048 2822 5103 alteri
2864 5050 3429 5121 succedentesimpc-

1464 5191 1685 5247 VARI/E
1706 5194 2084 5249 LECTIONES.

436 5318 879 5397 ζιᾳρεηρλθιῃμξ
897 5334 1075 5375 omnes
1102 5326 1305 5397 printer
1332 5324 1416 5389 A.,
1449 5328 1543 5394 qui
1557 5329 1798 5397 primam
1829 5328 2095 5395 Sigeberti
2149 5328 2433 5381 editionem
2471 5329 2730 5396 sequitur.
2760 5325 3028 5381 Rodulfus
3051 5356 3118 5365 —-
3147 5325 3425 5397 subroga-

142 5385 407 5465 l‘urdgsunt
436 5389 566 5445 84‘.
600 5388 723 5455 θ’,
760 5385 827 5424 ¹⁷⁰
846 5388 986 5446 Cana
1032 5398 1046 5444 l
1095 5385 1188 5447 sed
1215 5385 1507 5451 correctura
1540 5385 1678 5462 ;‘CI.
1721 5398 1772 5453 3.
1807 5385 1990 5465 αἰξί),
2026 5399 2092 5433 ¹³⁰
2143 5385 2683 5453 Hubaldus—bbiit
2731 5398 2923 5453 desunt
2972 5398 3032 5453 D.
3092 5397 3152 5433 ¹⁸¹
3222 5385 3428 5449 Ατιῖὁτ-

141 5452 226 5508 dus
250 5456 358 5525 Sig.

1599 5566 1808 5621 NOTAE.

200 5654 327 5721 (I90)
355 5657 390 5711 Α
445 5658 570 5727 930,
593 5659 901 5715 secundum
933 5660 1173 5717 Annales
1200 5662 1558 5721 Laubienses.
