  <div class='ocr_page' id='page_1' title='image "/cluster/home/n/w/nwhite01/storage/ocr_20150623/160/uva.x000829802/097.png"; bbox 0 0 3876 6208; ppageno 0'>
   <div class='ocr_carea' id='block_1_1' title="bbox 390 310 492 364">
    <p class='ocr_par' dir='ltr' id='par_1_1' title="bbox 390 310 492 364">
     <span class='ocr_line' id='line_1_1' title="bbox 390 310 492 364; baseline 0 0"><span class='ocrx_word' id='word_1_1' title='bbox 390 310 492 364; x_wconf 88' lang='grc'><strong>183</strong></span> 
     </span>
    </p>
   </div>
   <div class='ocr_carea' id='block_1_2' title="bbox 1600 310 2492 370">
    <p class='ocr_par' dir='ltr' id='par_1_2' title="bbox 1600 310 2492 370">
     <span class='ocr_line' id='line_1_2' title="bbox 1600 310 2492 370; baseline 0.002 -3"><span class='ocrx_word' id='word_1_2' title='bbox 1600 312 1942 367; x_wconf 81' lang='lat' dir='ltr'><strong>SIGEBERTI</strong></span> <span class='ocrx_word' id='word_1_3' title='bbox 1982 310 2492 370; x_wconf 80' lang='lat' dir='ltr'><strong>GEMBLACENSIS.</strong></span> 
     </span>
    </p>
   </div>
   <div class='ocr_carea' id='block_1_3' title="bbox 3622 314 3735 383">
    <p class='ocr_par' dir='ltr' id='par_1_3' title="bbox 3622 314 3735 383">
     <span class='ocr_line' id='line_1_3' title="bbox 3622 314 3735 383; baseline 0.018 -2"><span class='ocrx_word' id='word_1_4' title='bbox 3622 314 3735 383; x_wconf 65' lang='lat' dir='ltr'><strong>iss</strong></span> 
     </span>
    </p>
   </div>
   <div class='ocr_carea' id='block_1_4' title="bbox 386 434 3742 524">
    <p class='ocr_par' dir='ltr' id='par_1_4' title="bbox 386 434 3742 524">
     <span class='ocr_line' id='line_1_4' title="bbox 386 434 3742 524; baseline 0.005 -32"><span class='ocrx_word' id='word_1_5' title='bbox 386 435 532 492; x_wconf 87' lang='lat' dir='ltr'><strong>rium</strong></span> <span class='ocrx_word' id='word_1_6' title='bbox 559 434 936 501; x_wconf 86' lang='lat' dir='ltr'><strong>dilaniabant,’</strong></span> <span class='ocrx_word' id='word_1_7' title='bbox 968 436 1416 493; x_wconf 77' lang='lat' dir='ltr'><strong>benedictionem</strong></span> <span class='ocrx_word' id='word_1_8' title='bbox 1473 438 1812 509; x_wconf 88' lang='lat' dir='ltr'><strong>imperialem</strong></span> <span class='ocrx_word' id='word_1_9' title='bbox 1844 454 1997 493; x_wconf 88' lang='lat' dir='ltr'><strong>accc—</strong></span> <span class='ocrx_word' id='word_1_10' title='bbox 2023 446 2074 508; x_wconf 86' lang='grc' dir='ltr'><strong>Α</strong></span> <span class='ocrx_word' id='word_1_11' title='bbox 2099 447 2249 511; x_wconf 83' lang='lat' dir='ltr'><strong>gnat,</strong></span> <span class='ocrx_word' id='word_1_12' title='bbox 2278 448 2334 496; x_wconf 89' lang='lat' dir='ltr'><strong>et</strong></span> <span class='ocrx_word' id='word_1_13' title='bbox 2380 442 2509 496; x_wconf 90' lang='lat' dir='ltr'><strong>inde</strong></span> <span class='ocrx_word' id='word_1_14' title='bbox 2555 458 2652 497; x_wconf 90' lang='lat' dir='ltr'><strong>eos</strong></span> <span class='ocrx_word' id='word_1_15' title='bbox 2705 443 2874 517; x_wconf 80' lang='lat' dir='ltr'><strong>fugat.</strong></span> <span class='ocrx_word' id='word_1_16' title='bbox 2915 447 3107 516; x_wconf 83' lang='lat' dir='ltr'><strong>(Wm.)</strong></span> <span class='ocrx_word' id='word_1_17' title='bbox 3160 450 3525 524; x_wconf 87' lang='lat' dir='ltr'><strong>Tangmarus,</strong></span> <span class='ocrx_word' id='word_1_18' title='bbox 3557 455 3742 510; x_wconf 77' lang='lat' dir='ltr'><strong>frater</strong></span> 
     </span>
    </p>
   </div>
   <div class='ocr_carea' id='block_1_5' title="bbox 389 529 1999 602">
    <p class='ocr_par' dir='ltr' id='par_1_5' title="bbox 389 529 1999 602">
     <span class='ocr_line' id='line_1_5' title="bbox 389 529 1999 602; baseline 0 -17"><span class='ocrx_word' id='word_1_19' title='bbox 389 531 578 602; x_wconf 87' lang='lat' dir='ltr'><strong>pisset.</strong></span> <span class='ocrx_word' id='word_1_20' title='bbox 615 530 740 586; x_wconf 85' lang='lat' dir='ltr'><strong>Post</strong></span> <span class='ocrx_word' id='word_1_21' title='bbox 766 547 929 601; x_wconf 88' lang='lat' dir='ltr'><strong>quem</strong></span> <span class='ocrx_word' id='word_1_22' title='bbox 979 529 1127 585; x_wconf 86' lang='lat' dir='ltr'><strong>ﬁlius</strong></span> <span class='ocrx_word' id='word_1_23' title='bbox 1177 532 1297 601; x_wconf 85' lang='lat' dir='ltr'>ejus</span> <span class='ocrx_word' id='word_1_24' title='bbox 1328 532 1449 587; x_wconf 91' lang='lat' dir='ltr'><strong>Otto</strong></span> <span class='ocrx_word' id='word_1_25' title='bbox 1478 548 1541 587; x_wconf 79' lang='lat' dir='ltr'><strong>ex</strong></span> <span class='ocrx_word' id='word_1_26' title='bbox 1573 531 1852 598; x_wconf 88' lang='lat' dir='ltr'><strong>Mathilda,</strong></span> <span class='ocrx_word' id='word_1_27' title='bbox 1887 532 1999 586; x_wconf 84' lang='lat' dir='ltr'><strong>filia</strong></span> 
     </span>
    </p>
   </div>
   <div class='ocr_carea' id='block_1_6' title="bbox 391 622 1996 694">
    <p class='ocr_par' dir='ltr' id='par_1_6' title="bbox 391 622 1996 694">
     <span class='ocr_line' id='line_1_6' title="bbox 391 622 1996 694; baseline 0.001 -17"><span class='ocrx_word' id='word_1_28' title='bbox 391 622 720 678; x_wconf 90' lang='lat' dir='ltr'><strong>Tbeoderici</strong></span> <span class='ocrx_word' id='word_1_29' title='bbox 744 623 902 679; x_wconf 90' lang='lat' dir='ltr'><strong>ducis</strong></span> <span class='ocrx_word' id='word_1_30' title='bbox 939 624 1237 690; x_wconf 82' lang='lat' dir='ltr'><strong>Saxonum,</strong></span> <span class='ocrx_word' id='word_1_31' title='bbox 1280 624 1570 694; x_wconf 80' lang='lat' dir='ltr'><strong>imperavit</strong></span> <span class='ocrx_word' id='word_1_32' title='bbox 1626 624 1786 678; x_wconf 91' lang='lat' dir='ltr'><strong>annis</strong></span> <span class='ocrx_word' id='word_1_33' title='bbox 1812 625 1881 679; x_wconf 88' lang='lat'>36</span> <span class='ocrx_word' id='word_1_34' title='bbox 1911 625 1996 679; x_wconf 78' lang='grc'><strong>¹⁸¹.</strong></span> 
     </span>
    </p>
   </div>
   <div class='ocr_carea' id='block_1_7' title="bbox 394 712 2001 784">
    <p class='ocr_par' dir='ltr' id='par_1_7' title="bbox 394 712 2001 784">
     <span class='ocr_line' id='line_1_7' title="bbox 394 712 2001 784; baseline 0.001 -19"><span class='ocrx_word' id='word_1_35' title='bbox 394 712 557 783; x_wconf 79' lang='lat' dir='ltr'><strong>((th</strong></span> <span class='ocrx_word' id='word_1_36' title='bbox 588 712 602 781; x_wconf 92' lang='lat'><strong>)</strong></span> <span class='ocrx_word' id='word_1_37' title='bbox 633 712 778 768; x_wconf 90' lang='lat' dir='ltr'><strong>Obiit</strong></span> <span class='ocrx_word' id='word_1_38' title='bbox 805 720 1026 768; x_wconf 87' lang='lat' dir='ltr'><strong>sanctus</strong></span> <span class='ocrx_word' id='word_1_39' title='bbox 1055 714 1168 768; x_wconf 93' lang='lat' dir='ltr'><strong>Odo</strong></span> <span class='ocrx_word' id='word_1_40' title='bbox 1225 714 1433 784; x_wconf 92' lang='lat' dir='ltr'><strong>primus</strong></span> <span class='ocrx_word' id='word_1_41' title='bbox 1471 712 1643 767; x_wconf 84' lang='lat' dir='ltr'><strong>abbas</strong></span> <span class='ocrx_word' id='word_1_42' title='bbox 1677 712 2001 769; x_wconf 89' lang='lat' dir='ltr'><strong>Cluniacen-</strong></span> 
     </span>
    </p>
   </div>
   <div class='ocr_carea' id='block_1_8' title="bbox 396 804 1333 875">
    <p class='ocr_par' dir='ltr' id='par_1_8' title="bbox 396 804 1333 875">
     <span class='ocr_line' id='line_1_8' title="bbox 396 804 1333 875; baseline -0.001 -16"><span class='ocrx_word' id='word_1_43' title='bbox 396 805 472 859; x_wconf 91' lang='lat' dir='ltr'><strong>sis</strong></span> <span class='ocrx_word' id='word_1_44' title='bbox 501 822 515 870; x_wconf 88' lang='lat'><strong>;</strong></span> <span class='ocrx_word' id='word_1_45' title='bbox 548 805 795 860; x_wconf 77' lang='lat' dir='ltr'><strong>succedit</strong></span> <span class='ocrx_word' id='word_1_46' title='bbox 821 804 870 859; x_wconf 92' lang='lat' dir='ltr'><strong>ei</strong></span> <span class='ocrx_word' id='word_1_47' title='bbox 898 805 1199 861; x_wconf 84' lang='lat' dir='ltr'><strong>Ademarus</strong></span> <span class='ocrx_word' id='word_1_48' title='bbox 1226 805 1333 875; x_wconf 67' lang='lat'><strong>‘33.)</strong></span> 
     </span>
    </p>
   </div>
   <div class='ocr_carea' id='block_1_9' title="bbox 467 893 1753 951">
    <p class='ocr_par' dir='ltr' id='par_1_9' title="bbox 467 893 1753 951">
     <span class='ocr_line' id='line_1_9' title="bbox 467 893 1753 951; baseline -0.001 -3"><span class='ocrx_word' id='word_1_49' title='bbox 467 893 591 949; x_wconf 88' lang='lat'><strong>938.</strong></span> <span class='ocrx_word' id='word_1_50' title='bbox 814 895 879 950; x_wconf 87' lang='lat' dir='ltr'><strong>R.</strong></span> <span class='ocrx_word' id='word_1_51' title='bbox 911 896 961 951; x_wconf 82' lang='grc'>1.</span> <span class='ocrx_word' id='word_1_52' title='bbox 1181 895 1236 949; x_wconf 89' lang='lat' dir='ltr'><strong>F.</strong></span> <span class='ocrx_word' id='word_1_53' title='bbox 1274 895 1360 949; x_wconf 83' lang='grc'><strong>10.</strong></span> <span class='ocrx_word' id='word_1_54' title='bbox 1579 893 1636 949; x_wconf 85' lang='lat' dir='ltr'><strong>C.</strong></span> <span class='ocrx_word' id='word_1_55' title='bbox 1668 893 1753 951; x_wconf 90' lang='lat'><strong>33.</strong></span> 
     </span>
    </p>
   </div>
   <div class='ocr_carea' id='block_1_10' title="bbox 470 987 2010 1058">
    <p class='ocr_par' dir='ltr' id='par_1_10' title="bbox 470 987 2010 1058">
     <span class='ocr_line' id='line_1_10' title="bbox 470 987 2010 1058; baseline -0.002 -14"><span class='ocrx_word' id='word_1_56' title='bbox 470 990 694 1058; x_wconf 54' lang='lat' dir='ltr'><strong>(Lmae)</strong></span> <span class='ocrx_word' id='word_1_57' title='bbox 760 987 954 1044; x_wconf 83' lang='lat' dir='ltr'><strong>Contra</strong></span> <span class='ocrx_word' id='word_1_58' title='bbox 1006 988 1259 1042; x_wconf 90' lang='lat' dir='ltr'><strong>Ottonem</strong></span> <span class='ocrx_word' id='word_1_59' title='bbox 1302 988 1694 1057; x_wconf 89' lang='lat' dir='ltr'><strong>imperatorem</strong></span> <span class='ocrx_word' id='word_1_60' title='bbox 1739 987 2010 1041; x_wconf 90' lang='lat' dir='ltr'><strong>rebellant</strong></span> 
     </span>
    </p>
   </div>
   <div class='ocr_carea' id='block_1_11' title="bbox 402 1078 2011 1149">
    <p class='ocr_par' dir='ltr' id='par_1_11' title="bbox 402 1078 2011 1149">
     <span class='ocr_line' id='line_1_11' title="bbox 402 1078 2011 1149; baseline -0.003 -13"><span class='ocrx_word' id='word_1_61' title='bbox 402 1080 705 1136; x_wconf 86' lang='lat' dir='ltr'><strong>Everardus</strong></span> <span class='ocrx_word' id='word_1_62' title='bbox 733 1094 918 1134; x_wconf 88' lang='lat' dir='ltr'><strong>comes</strong></span> <span class='ocrx_word' id='word_1_63' title='bbox 966 1079 1151 1149; x_wconf 83' lang='lat' dir='ltr'><strong>palatii</strong></span> <span class='ocrx_word' id='word_1_64' title='bbox 1209 1085 1264 1133; x_wconf 90' lang='lat' dir='ltr'><strong>et</strong></span> <span class='ocrx_word' id='word_1_65' title='bbox 1309 1078 1647 1132; x_wconf 86' lang='lat' dir='ltr'><strong>Gislebertus</strong></span> <span class='ocrx_word' id='word_1_66' title='bbox 1677 1079 1784 1132; x_wconf 88' lang='lat' dir='ltr'><strong>dux</strong></span> <span class='ocrx_word' id='word_1_67' title='bbox 1820 1078 2011 1133; x_wconf 87' lang='lat' dir='ltr'><strong>Lotha-</strong></span> 
     </span>
    </p>
   </div>
   <div class='ocr_carea' id='block_1_12' title="bbox 401 1173 2010 1251">
    <p class='ocr_par' dir='ltr' id='par_1_12' title="bbox 401 1173 2010 1251">
     <span class='ocr_line' id='line_1_12' title="bbox 401 1173 2010 1251; baseline -0.004 -20"><span class='ocrx_word' id='word_1_68' title='bbox 401 1176 614 1251; x_wconf 69' lang='lat' dir='ltr'><strong>ringiaa,</strong></span> <span class='ocrx_word' id='word_1_69' title='bbox 638 1174 729 1246; x_wconf 92' lang='lat' dir='ltr'><strong>qui</strong></span> <span class='ocrx_word' id='word_1_70' title='bbox 773 1174 1102 1247; x_wconf 89' lang='lat' dir='ltr'><strong>Gerbergam</strong></span> <span class='ocrx_word' id='word_1_71' title='bbox 1149 1189 1395 1229; x_wconf 85' lang='lat' dir='ltr'><strong>sororem</strong></span> <span class='ocrx_word' id='word_1_72' title='bbox 1448 1173 1624 1244; x_wconf 84' lang='lat' dir='ltr'><strong>ipsius</strong></span> <span class='ocrx_word' id='word_1_73' title='bbox 1656 1173 2010 1243; x_wconf 85' lang='lat' dir='ltr'><strong>imperatoris</strong></span> 
     </span>
    </p>
   </div>
   <div class='ocr_carea' id='block_1_13' title="bbox 405 1263 2011 1338">
    <p class='ocr_par' dir='ltr' id='par_1_13' title="bbox 405 1263 2011 1338">
     <span class='ocr_line' id='line_1_13' title="bbox 405 1263 2011 1338; baseline -0.004 -15"><span class='ocrx_word' id='word_1_74' title='bbox 405 1283 631 1323; x_wconf 89' lang='lat' dir='ltr'><strong>uxorem</strong></span> <span class='ocrx_word' id='word_1_75' title='bbox 662 1265 920 1321; x_wconf 83' lang='lat' dir='ltr'><strong>habebat.</strong></span> <span class='ocrx_word' id='word_1_76' title='bbox 953 1265 1139 1335; x_wconf 58' lang='lat' dir='ltr'><strong>(Mam)</strong></span> <span class='ocrx_word' id='word_1_77' title='bbox 1194 1264 1394 1338; x_wconf 81' lang='lat' dir='ltr'><strong>Ungari</strong></span> <span class='ocrx_word' id='word_1_78' title='bbox 1461 1280 1561 1334; x_wconf 90' lang='lat' dir='ltr'><strong>per</strong></span> <span class='ocrx_word' id='word_1_79' title='bbox 1590 1263 1923 1318; x_wconf 89' lang='lat' dir='ltr'><strong>Austrasiam</strong></span> <span class='ocrx_word' id='word_1_80' title='bbox 1958 1271 2011 1317; x_wconf 89' lang='lat' dir='ltr'><strong>et</strong></span> 
     </span>
    </p>
   </div>
   <div class='ocr_carea' id='block_1_14' title="bbox 402 1355 2008 1427">
    <p class='ocr_par' dir='ltr' id='par_1_14' title="bbox 402 1355 2008 1427">
     <span class='ocr_line' id='line_1_14' title="bbox 402 1355 2008 1427; baseline -0.004 -12"><span class='ocrx_word' id='word_1_81' title='bbox 402 1359 804 1422; x_wconf 80' lang='lat' dir='ltr'><strong>Alemanniam,</strong></span> <span class='ocrx_word' id='word_1_82' title='bbox 835 1357 1023 1413; x_wconf 86' lang='lat' dir='ltr'><strong>multis</strong></span> <span class='ocrx_word' id='word_1_83' title='bbox 1061 1355 1377 1412; x_wconf 85' lang='lat' dir='ltr'><strong>civitatibus</strong></span> <span class='ocrx_word' id='word_1_84' title='bbox 1418 1355 1545 1427; x_wconf 84' lang='lat' dir='ltr'><strong>igne</strong></span> <span class='ocrx_word' id='word_1_85' title='bbox 1579 1361 1632 1409; x_wconf 90' lang='lat' dir='ltr'><strong>et</strong></span> <span class='ocrx_word' id='word_1_86' title='bbox 1657 1355 1839 1427; x_wconf 86' lang='lat' dir='ltr'><strong>gladio</strong></span> <span class='ocrx_word' id='word_1_87' title='bbox 1869 1369 2008 1409; x_wconf 85' lang='lat' dir='ltr'><strong>con-</strong></span> 
     </span>
    </p>
   </div>
   <div class='ocr_carea' id='block_1_15' title="bbox 404 1444 2009 1522">
    <p class='ocr_par' dir='ltr' id='par_1_15' title="bbox 404 1444 2009 1522">
     <span class='ocr_line' id='line_1_15' title="bbox 404 1444 2009 1522; baseline -0.005 -16"><span class='ocrx_word' id='word_1_88' title='bbox 404 1451 658 1522; x_wconf 91' lang='lat' dir='ltr'><strong>sumptis,</strong></span> <span class='ocrx_word' id='word_1_89' title='bbox 707 1449 1028 1505; x_wconf 65' lang='lat' dir='ltr'><strong>Wormacize</strong></span> <span class='ocrx_word' id='word_1_90' title='bbox 1083 1449 1274 1502; x_wconf 90' lang='lat' dir='ltr'><strong>Rheno</strong></span> <span class='ocrx_word' id='word_1_91' title='bbox 1324 1446 1575 1511; x_wconf 86' lang='lat' dir='ltr'><strong>transito,</strong></span> <span class='ocrx_word' id='word_1_92' title='bbox 1617 1460 1792 1516; x_wconf 91' lang='lat' dir='ltr'><strong>usque</strong></span> <span class='ocrx_word' id='word_1_93' title='bbox 1814 1444 1883 1499; x_wconf 90' lang='lat' dir='ltr'><strong>od</strong></span> <span class='ocrx_word' id='word_1_94' title='bbox 1913 1460 2009 1499; x_wconf 90' lang='lat' dir='ltr'><strong>oc-</strong></span> 
     </span>
    </p>
   </div>
   <div class='ocr_carea' id='block_1_16' title="bbox 402 1537 2008 1609">
    <p class='ocr_par' dir='ltr' id='par_1_16' title="bbox 402 1537 2008 1609">
     <span class='ocr_line' id='line_1_16' title="bbox 402 1537 2008 1609; baseline -0.006 -11"><span class='ocrx_word' id='word_1_95' title='bbox 402 1558 632 1598; x_wconf 90' lang='lat' dir='ltr'><strong>ceanum</strong></span> <span class='ocrx_word' id='word_1_96' title='bbox 691 1541 890 1597; x_wconf 87' lang='lat' dir='ltr'><strong>Gallias</strong></span> <span class='ocrx_word' id='word_1_97' title='bbox 942 1547 1176 1605; x_wconf 81' lang='lat' dir='ltr'><strong>vastant,</strong></span> <span class='ocrx_word' id='word_1_98' title='bbox 1226 1545 1282 1595; x_wconf 88' lang='lat' dir='ltr'><strong>et</strong></span> <span class='ocrx_word' id='word_1_99' title='bbox 1332 1555 1431 1609; x_wconf 90' lang='lat' dir='ltr'><strong>per</strong></span> <span class='ocrx_word' id='word_1_100' title='bbox 1478 1537 1687 1592; x_wconf 87' lang='lat' dir='ltr'><strong>Italiam</strong></span> <span class='ocrx_word' id='word_1_101' title='bbox 1754 1537 2008 1591; x_wconf 88' lang='lat' dir='ltr'><strong>redeunt.</strong></span> 
     </span>
    </p>
   </div>
   <div class='ocr_carea' id='block_1_17' title="bbox 407 1625 2017 1701">
    <p class='ocr_par' dir='ltr' id='par_1_17' title="bbox 407 1625 2017 1701">
     <span class='ocr_line' id='line_1_17' title="bbox 407 1625 2017 1701; baseline -0.007 -13"><span class='ocrx_word' id='word_1_102' title='bbox 407 1635 495 1695; x_wconf 73' lang='grc' dir='ltr'><strong>(ν.</strong></span> <span class='ocrx_word' id='word_1_103' title='bbox 528 1631 729 1701; x_wconf 83' lang='lat' dir='ltr'><strong>Wenc.)</strong></span> <span class='ocrx_word' id='word_1_104' title='bbox 770 1629 1034 1700; x_wconf 88' lang='lat' dir='ltr'><strong>Princeps</strong></span> <span class='ocrx_word' id='word_1_105' title='bbox 1075 1628 1312 1684; x_wconf 72' lang='lat' dir='ltr'><strong>Boemiae</strong></span> <span class='ocrx_word' id='word_1_106' title='bbox 1364 1626 1723 1681; x_wconf 86' lang='lat' dir='ltr'><strong>Wencezlaus</strong></span> <span class='ocrx_word' id='word_1_107' title='bbox 1775 1625 1860 1679; x_wconf 90' lang='lat' dir='ltr'><strong>vir</strong></span> <span class='ocrx_word' id='word_1_108' title='bbox 1889 1641 2017 1678; x_wconf 87' lang='lat' dir='ltr'><strong>san-</strong></span> 
     </span>
    </p>
   </div>
   <div class='ocr_carea' id='block_1_18' title="bbox 2102 528 3740 608">
    <p class='ocr_par' dir='ltr' id='par_1_18' title="bbox 2102 528 3740 608">
     <span class='ocr_line' id='line_1_18' title="bbox 2102 528 3740 608; baseline 0.011 -27"><span class='ocrx_word' id='word_1_109' title='bbox 2102 528 2314 584; x_wconf 88' lang='lat' dir='ltr'><strong>Ottonis</strong></span> <span class='ocrx_word' id='word_1_110' title='bbox 2343 532 2510 605; x_wconf 81' lang='lat' dir='ltr'><strong>regis,</strong></span> <span class='ocrx_word' id='word_1_111' title='bbox 2544 532 2611 586; x_wconf 90' lang='lat' dir='ltr'><strong>ab</strong></span> <span class='ocrx_word' id='word_1_112' title='bbox 2636 548 2702 587; x_wconf 89' lang='lat' dir='ltr'><strong>eo</strong></span> <span class='ocrx_word' id='word_1_113' title='bbox 2757 535 2822 587; x_wconf 88' lang='lat' dir='ltr'><strong>ad</strong></span> <span class='ocrx_word' id='word_1_114' title='bbox 2859 537 3046 591; x_wconf 86' lang='lat' dir='ltr'><strong>hostes</strong></span> <span class='ocrx_word' id='word_1_115' title='bbox 3095 539 3217 608; x_wconf 90' lang='lat' dir='ltr'><strong>ejus</strong></span> <span class='ocrx_word' id='word_1_116' title='bbox 3249 541 3473 607; x_wconf 83' lang='lat' dir='ltr'><strong>transit,</strong></span> <span class='ocrx_word' id='word_1_117' title='bbox 3502 551 3557 597; x_wconf 92' lang='lat' dir='ltr'><strong>et</strong></span> <span class='ocrx_word' id='word_1_118' title='bbox 3584 543 3740 599; x_wconf 87' lang='lat' dir='ltr'><strong>inter</strong></span> 
     </span>
    </p>
   </div>
   <div class='ocr_carea' id='block_1_19' title="bbox 2103 620 3735 704">
    <p class='ocr_par' dir='ltr' id='par_1_19' title="bbox 2103 620 3735 704">
     <span class='ocr_line' id='line_1_19' title="bbox 2103 620 3735 704; baseline 0.011 -34"><span class='ocrx_word' id='word_1_119' title='bbox 2103 625 2288 672; x_wconf 89' lang='lat' dir='ltr'><strong>cetera</strong></span> <span class='ocrx_word' id='word_1_120' title='bbox 2308 620 2451 674; x_wconf 89' lang='lat' dir='ltr'><strong>mala</strong></span> <span class='ocrx_word' id='word_1_121' title='bbox 2475 620 2815 677; x_wconf 87' lang='lat' dir='ltr'><strong>Heresburch</strong></span> <span class='ocrx_word' id='word_1_122' title='bbox 2856 633 3092 680; x_wconf 87' lang='lat' dir='ltr'><strong>castrum</strong></span> <span class='ocrx_word' id='word_1_123' title='bbox 3149 629 3293 702; x_wconf 88' lang='lat' dir='ltr'><strong>regis</strong></span> <span class='ocrx_word' id='word_1_124' title='bbox 3325 632 3499 701; x_wconf 87' lang='lat' dir='ltr'><strong>capit,</strong></span> <span class='ocrx_word' id='word_1_125' title='bbox 3533 632 3735 704; x_wconf 85' lang='lat' dir='ltr'><strong>ibique</strong></span> 
     </span>
    </p>
   </div>
   <div class='ocr_carea' id='block_1_20' title="bbox 2106 715 3740 785">
    <p class='ocr_par' dir='ltr' id='par_1_20' title="bbox 2106 715 3740 785">
     <span class='ocr_line' id='line_1_20' title="bbox 2106 715 3740 785; baseline 0.01 -19"><span class='ocrx_word' id='word_1_126' title='bbox 2106 728 2136 766; x_wconf 85' lang='lat' dir='ltr'><strong>a</strong></span> <span class='ocrx_word' id='word_1_127' title='bbox 2169 730 2298 785; x_wconf 84' lang='lat' dir='ltr'><strong>rege</strong></span> <span class='ocrx_word' id='word_1_128' title='bbox 2327 715 2642 783; x_wconf 89' lang='lat' dir='ltr'><strong>conclusus,</strong></span> <span class='ocrx_word' id='word_1_129' title='bbox 2710 717 2834 773; x_wconf 90' lang='lat' dir='ltr'><strong>telis</strong></span> <span class='ocrx_word' id='word_1_130' title='bbox 2876 719 3018 775; x_wconf 89' lang='lat' dir='ltr'><strong>intra</strong></span> <span class='ocrx_word' id='word_1_131' title='bbox 3073 724 3379 780; x_wconf 67' lang='lat' dir='ltr'><strong>aecclesiam</strong></span> <span class='ocrx_word' id='word_1_132' title='bbox 3436 727 3740 783; x_wconf 86' lang='lat' dir='ltr'><strong>confossus</strong></span> 
     </span>
    </p>
   </div>
   <div class='ocr_carea' id='block_1_21' title="bbox 2110 801 2293 870">
    <p class='ocr_par' dir='ltr' id='par_1_21' title="bbox 2110 801 2293 870">
     <span class='ocr_line' id='line_1_21' title="bbox 2110 801 2293 870; baseline 0.011 -17"><span class='ocrx_word' id='word_1_133' title='bbox 2110 801 2293 870; x_wconf 89' lang='lat' dir='ltr'><strong>periit.</strong></span> 
     </span>
    </p>
   </div>
   <div class='ocr_carea' id='block_1_22' title="bbox 2179 890 3363 957">
    <p class='ocr_par' dir='ltr' id='par_1_22' title="bbox 2179 890 3363 957">
     <span class='ocr_line' id='line_1_22' title="bbox 2179 890 3363 957; baseline 0.011 -13"><span class='ocrx_word' id='word_1_134' title='bbox 2179 890 2303 945; x_wconf 69' lang='grc'>942.</span> <span class='ocrx_word' id='word_1_135' title='bbox 2575 894 2631 948; x_wconf 84' lang='grc'><strong>5.</strong></span> <span class='ocrx_word' id='word_1_136' title='bbox 2909 899 2995 954; x_wconf 72' lang='grc'>14.</span> <span class='ocrx_word' id='word_1_137' title='bbox 3275 903 3363 957; x_wconf 87' lang='lat'><strong>37.</strong></span> 
     </span>
    </p>
   </div>
   <div class='ocr_carea' id='block_1_23' title="bbox 2185 981 3727 1064">
    <p class='ocr_par' dir='ltr' id='par_1_23' title="bbox 2185 981 3727 1064">
     <span class='ocr_line' id='line_1_23' title="bbox 2185 981 3727 1064; baseline 0.01 -31"><span class='ocrx_word' id='word_1_138' title='bbox 2185 981 2362 1047; x_wconf 59' lang='lat' dir='ltr'><strong>(Mam)</strong></span> <span class='ocrx_word' id='word_1_139' title='bbox 2397 982 2635 1039; x_wconf 86' lang='lat' dir='ltr'><strong>Marinus</strong></span> <span class='ocrx_word' id='word_1_140' title='bbox 2668 986 2924 1042; x_wconf 65' lang='lat' dir='ltr'><strong>Romana}</strong></span> <span class='ocrx_word' id='word_1_141' title='bbox 2964 989 3229 1046; x_wconf 66' lang='lat' dir='ltr'><strong>aecclesiae</strong></span> <span class='ocrx_word' id='word_1_142' title='bbox 3272 992 3434 1049; x_wconf 72' lang='grc' dir='ltr'><strong>131ιιε</strong></span> <span class='ocrx_word' id='word_1_143' title='bbox 3468 994 3727 1064; x_wconf 87' lang='lat' dir='ltr'><strong>presidet</strong></span> 
     </span>
    </p>
   </div>
   <div class='ocr_carea' id='block_1_24' title="bbox 2111 1074 3747 1141">
    <p class='ocr_par' dir='ltr' id='par_1_24' title="bbox 2111 1074 3747 1141">
     <span class='ocr_line' id='line_1_24' title="bbox 2111 1074 3747 1141; baseline 0.009 -15"><span class='ocrx_word' id='word_1_144' title='bbox 2111 1075 2198 1139; x_wconf 84' lang='lat' dir='ltr'><strong>(V.</strong></span> <span class='ocrx_word' id='word_1_145' title='bbox 2239 1074 2359 1141; x_wconf 81' lang='lat' dir='ltr'><strong>Ud.)</strong></span> <span class='ocrx_word' id='word_1_146' title='bbox 2406 1075 2483 1128; x_wconf 86' lang='lat' dir='ltr'><strong>Ad</strong></span> <span class='ocrx_word' id='word_1_147' title='bbox 2517 1076 2661 1131; x_wconf 92' lang='lat' dir='ltr'><strong>hunc</strong></span> <span class='ocrx_word' id='word_1_148' title='bbox 2698 1090 2925 1135; x_wconf 87' lang='lat' dir='ltr'><strong>sanctus</strong></span> <span class='ocrx_word' id='word_1_149' title='bbox 2959 1081 3248 1139; x_wconf 90' lang='lat' dir='ltr'><strong>Udalricus</strong></span> <span class='ocrx_word' id='word_1_150' title='bbox 3278 1085 3345 1119; x_wconf 81' lang='grc'><strong>¹⁸⁶</strong></span> <span class='ocrx_word' id='word_1_151' title='bbox 3376 1086 3614 1141; x_wconf 85' lang='lat' dir='ltr'><strong>Romam</strong></span> <span class='ocrx_word' id='word_1_152' title='bbox 3646 1103 3747 1141; x_wconf 82' lang='lat' dir='ltr'><strong>ve-</strong></span> 
     </span>
    </p>
   </div>
   <div class='ocr_carea' id='block_1_25' title="bbox 2112 1158 3748 1253">
    <p class='ocr_par' dir='ltr' id='par_1_25' title="bbox 2112 1158 3748 1253">
     <span class='ocr_line' id='line_1_25' title="bbox 2112 1158 3748 1253; baseline 0.01 -36"><span class='ocrx_word' id='word_1_153' title='bbox 2112 1165 2293 1233; x_wconf 89' lang='lat' dir='ltr'><strong>niens,</strong></span> <span class='ocrx_word' id='word_1_154' title='bbox 2326 1167 2394 1219; x_wconf 87' lang='lat' dir='ltr'><strong>ab</strong></span> <span class='ocrx_word' id='word_1_155' title='bbox 2422 1183 2487 1222; x_wconf 91' lang='lat' dir='ltr'><strong>eo</strong></span> <span class='ocrx_word' id='word_1_156' title='bbox 2520 1172 2822 1242; x_wconf 84' lang='lat' dir='ltr'><strong>agnovitse</strong></span> <span class='ocrx_word' id='word_1_157' title='bbox 2855 1172 3098 1229; x_wconf 91' lang='lat' dir='ltr'><strong>futurum</strong></span> <span class='ocrx_word' id='word_1_158' title='bbox 3131 1176 3460 1248; x_wconf 84' lang='lat' dir='ltr'><strong>episcOpum</strong></span> <span class='ocrx_word' id='word_1_159' title='bbox 3480 1158 3748 1253; x_wconf 56' lang='lat' dir='ltr'><strong>Augusta?</strong></span> 
     </span>
    </p>
   </div>
   <div class='ocr_carea' id='block_1_26' title="bbox 2111 1256 3749 1334">
    <p class='ocr_par' dir='ltr' id='par_1_26' title="bbox 2111 1256 3749 1334">
     <span class='ocr_line' id='line_1_26' title="bbox 2111 1256 3749 1334; baseline 0.008 -25"><span class='ocrx_word' id='word_1_160' title='bbox 2111 1256 2519 1314; x_wconf 83' lang='lat' dir='ltr'><strong>V&#39;indelicorum</strong></span> <span class='ocrx_word' id='word_1_161' title='bbox 2572 1265 2773 1333; x_wconf 85' lang='lat' dir='ltr'><strong>;quod</strong></span> <span class='ocrx_word' id='word_1_162' title='bbox 2833 1273 2955 1334; x_wconf 91' lang='lat' dir='ltr'><strong>post</strong></span> <span class='ocrx_word' id='word_1_163' title='bbox 3026 1282 3202 1322; x_wconf 88' lang='lat' dir='ltr'><strong>annos</strong></span> <span class='ocrx_word' id='word_1_164' title='bbox 3255 1269 3320 1322; x_wconf 75' lang='grc'><strong>15</strong></span> <span class='ocrx_word' id='word_1_165' title='bbox 3372 1268 3580 1324; x_wconf 88' lang='lat' dir='ltr'><strong>factum</strong></span> <span class='ocrx_word' id='word_1_166' title='bbox 3642 1280 3749 1324; x_wconf 90' lang='lat' dir='ltr'><strong>est.</strong></span> 
     </span>
    </p>
   </div>
   <div class='ocr_carea' id='block_1_27' title="bbox 2114 1346 3744 1415">
    <p class='ocr_par' dir='ltr' id='par_1_27' title="bbox 2114 1346 3744 1415">
     <span class='ocr_line' id='line_1_27' title="bbox 2114 1346 3744 1415; baseline 0.009 -16"><span class='ocrx_word' id='word_1_167' title='bbox 2114 1346 2338 1415; x_wconf 73' lang='lat' dir='ltr'><strong>thnr.)</strong></span> <span class='ocrx_word' id='word_1_168' title='bbox 2366 1349 2703 1405; x_wconf 65' lang='lat' dir='ltr'><strong>tiislebertus</strong></span> <span class='ocrx_word' id='word_1_169' title='bbox 2727 1363 2779 1407; x_wconf 88' lang='lat' dir='ltr'><strong>et</strong></span> <span class='ocrx_word' id='word_1_170' title='bbox 2832 1354 3136 1410; x_wconf 88' lang='lat' dir='ltr'><strong>Everardus</strong></span> <span class='ocrx_word' id='word_1_171' title='bbox 3167 1372 3291 1411; x_wconf 92' lang='lat' dir='ltr'><strong>cum</strong></span> <span class='ocrx_word' id='word_1_172' title='bbox 3336 1358 3595 1413; x_wconf 82' lang='lat' dir='ltr'><strong>Heinrico</strong></span> <span class='ocrx_word' id='word_1_173' title='bbox 3630 1358 3744 1412; x_wconf 86' lang='lat' dir='ltr'><strong>fra-</strong></span> 
     </span>
    </p>
   </div>
   <div class='ocr_carea' id='block_1_28' title="bbox 2116 1441 3751 1521">
    <p class='ocr_par' dir='ltr' id='par_1_28' title="bbox 2116 1441 3751 1521">
     <span class='ocr_line' id='line_1_28' title="bbox 2116 1441 3751 1521; baseline 0.008 -28"><span class='ocrx_word' id='word_1_174' title='bbox 2116 1448 2194 1494; x_wconf 91' lang='lat' dir='ltr'><strong>tre</strong></span> <span class='ocrx_word' id='word_1_175' title='bbox 2228 1441 2756 1513; x_wconf 87' lang='lat' dir='ltr'><strong>imperatorisjuxta</strong></span> <span class='ocrx_word' id='word_1_176' title='bbox 2809 1446 3061 1502; x_wconf 80' lang='lat' dir='ltr'><strong>Rhenum</strong></span> <span class='ocrx_word' id='word_1_177' title='bbox 3101 1459 3295 1505; x_wconf 87' lang='lat' dir='ltr'><strong>contra</strong></span> <span class='ocrx_word' id='word_1_178' title='bbox 3346 1450 3751 1521; x_wconf 88' lang='lat' dir='ltr'><strong>imperatorem</strong></span> 
     </span>
    </p>
   </div>
   <div class='ocr_carea' id='block_1_29' title="bbox 2114 1531 3752 1610">
    <p class='ocr_par' dir='ltr' id='par_1_29' title="bbox 2114 1531 3752 1610">
     <span class='ocr_line' id='line_1_29' title="bbox 2114 1531 3752 1610; baseline 0.009 -26"><span class='ocrx_word' id='word_1_179' title='bbox 2114 1531 2319 1585; x_wconf 86' lang='lat' dir='ltr'><strong>bellum</strong></span> <span class='ocrx_word' id='word_1_180' title='bbox 2352 1545 2629 1603; x_wconf 84' lang='lat' dir='ltr'><strong>parantes,</strong></span> <span class='ocrx_word' id='word_1_181' title='bbox 2679 1536 2883 1592; x_wconf 90' lang='lat' dir='ltr'><strong>milites</strong></span> <span class='ocrx_word' id='word_1_182' title='bbox 2940 1539 3293 1610; x_wconf 85' lang='lat' dir='ltr'><strong>imperatoris</strong></span> <span class='ocrx_word' id='word_1_183' title='bbox 3345 1542 3667 1609; x_wconf 84' lang='lat' dir='ltr'><strong>otlendunt,</strong></span> <span class='ocrx_word' id='word_1_184' title='bbox 3699 1552 3752 1597; x_wconf 84' lang='lat' dir='ltr'><strong>et</strong></span> 
     </span>
    </p>
   </div>
   <div class='ocr_carea' id='block_1_30' title="bbox 2117 1620 3752 1696">
    <p class='ocr_par' dir='ltr' id='par_1_30' title="bbox 2117 1620 3752 1696">
     <span class='ocr_line' id='line_1_30' title="bbox 2117 1620 3752 1696; baseline 0.007 -24"><span class='ocrx_word' id='word_1_185' title='bbox 2117 1620 2271 1673; x_wconf 91' lang='lat' dir='ltr'><strong>mnlti</strong></span> <span class='ocrx_word' id='word_1_186' title='bbox 2300 1637 2424 1675; x_wconf 89' lang='lat' dir='ltr'><strong>cum</strong></span> <span class='ocrx_word' id='word_1_187' title='bbox 2459 1624 2649 1692; x_wconf 89' lang='lat' dir='ltr'><strong>paucis</strong></span> <span class='ocrx_word' id='word_1_188' title='bbox 2678 1628 3071 1696; x_wconf 75' lang='lat' dir='ltr'><strong>congressione</strong></span> <span class='ocrx_word' id='word_1_189' title='bbox 3136 1629 3301 1696; x_wconf 89' lang='lat' dir='ltr'><strong>facta,</strong></span> <span class='ocrx_word' id='word_1_190' title='bbox 3362 1629 3589 1686; x_wconf 88' lang='lat' dir='ltr'><strong>interim</strong></span> <span class='ocrx_word' id='word_1_191' title='bbox 3656 1633 3752 1684; x_wconf 87' lang='lat' dir='ltr'><strong>im—</strong></span> 
     </span>
    </p>
   </div>
   <div class='ocr_carea' id='block_1_31' title="bbox 407 1710 3738 1790">
    <p class='ocr_par' dir='ltr' id='par_1_31' title="bbox 407 1710 3738 1790">
     <span class='ocr_line' id='line_1_31' title="bbox 407 1710 3738 1790; baseline -0.002 -15"><span class='ocrx_word' id='word_1_192' title='bbox 407 1729 529 1776; x_wconf 89' lang='lat' dir='ltr'><strong>ctus</strong></span> <span class='ocrx_word' id='word_1_193' title='bbox 558 1719 938 1790; x_wconf 84' lang='lat' dir='ltr'><strong>martyrizatur</strong></span> <span class='ocrx_word' id='word_1_194' title='bbox 980 1735 1012 1773; x_wconf 91' lang='lat' dir='ltr'><strong>a</strong></span> <span class='ocrx_word' id='word_1_195' title='bbox 1058 1717 1222 1772; x_wconf 82' lang='lat' dir='ltr'><strong>fratre</strong></span> <span class='ocrx_word' id='word_1_196' title='bbox 1272 1732 1371 1771; x_wconf 94' lang='lat' dir='ltr'><strong>suo</strong></span> <span class='ocrx_word' id='word_1_197' title='bbox 1423 1715 1682 1779; x_wconf 88' lang='lat' dir='ltr'><strong>Bolizlao,</strong></span> <span class='ocrx_word' id='word_1_198' title='bbox 1714 1714 2014 1769; x_wconf 87' lang='lat' dir='ltr'><strong>ambitione</strong></span> <span class='ocrx_word' id='word_1_199' title='bbox 2048 1788 2077 1790; x_wconf 15' lang='lat' dir='ltr'><strong>_A</strong></span> <span class='ocrx_word' id='word_1_200' title='bbox 2120 1710 2446 1778; x_wconf 77' lang='lat' dir='ltr'><strong>peralorein</strong></span> <span class='ocrx_word' id='word_1_201' title='bbox 2482 1712 2590 1766; x_wconf 78' lang='lat' dir='ltr'><strong>alio</strong></span> <span class='ocrx_word' id='word_1_202' title='bbox 2623 1713 2797 1767; x_wconf 86' lang='lat' dir='ltr'><strong>Rheni</strong></span> <span class='ocrx_word' id='word_1_203' title='bbox 2854 1715 3013 1771; x_wconf 91' lang='lat' dir='ltr'><strong>litore</strong></span> <span class='ocrx_word' id='word_1_204' title='bbox 3071 1725 3196 1772; x_wconf 87' lang='lat' dir='ltr'><strong>ante</strong></span> <span class='ocrx_word' id='word_1_205' title='bbox 3262 1719 3448 1774; x_wconf 75' lang='lat' dir='ltr'><strong>clavos</strong></span> <span class='ocrx_word' id='word_1_206' title='bbox 3522 1721 3738 1775; x_wconf 78' lang='lat' dir='ltr'><strong>Domini</strong></span> 
     </span>
    </p>
   </div>
   <div class='ocr_carea' id='block_1_32' title="bbox 409 1808 1491 1884">
    <p class='ocr_par' dir='ltr' id='par_1_32' title="bbox 409 1808 1491 1884">
     <span class='ocr_line' id='line_1_32' title="bbox 409 1808 1491 1884; baseline -0.005 -18"><span class='ocrx_word' id='word_1_207' title='bbox 409 1810 749 1884; x_wconf 89' lang='lat' dir='ltr'><strong>preripiendi</strong></span> <span class='ocrx_word' id='word_1_208' title='bbox 804 1808 1146 1880; x_wconf 90' lang='lat' dir='ltr'><strong>principatus</strong></span> <span class='ocrx_word' id='word_1_209' title='bbox 1200 1808 1430 1862; x_wconf 90' lang='lat' dir='ltr'><strong>seducto</strong></span> <span class='ocrx_word' id='word_1_210' title='bbox 1475 1825 1491 1871; x_wconf 90' lang='lat'><strong><em>;</em></strong></span> 
     </span>
    </p>
   </div>
   <div class='ocr_carea' id='block_1_33' title="bbox 408 1894 2020 1967">
    <p class='ocr_par' dir='ltr' id='par_1_33' title="bbox 408 1894 2020 1967">
     <span class='ocr_line' id='line_1_33' title="bbox 408 1894 2020 1967; baseline -0.006 -10"><span class='ocrx_word' id='word_1_211' title='bbox 408 1902 672 1957; x_wconf 89' lang='lat' dir='ltr'><strong>ultionem</strong></span> <span class='ocrx_word' id='word_1_212' title='bbox 704 1915 796 1954; x_wconf 85' lang='lat' dir='ltr'><strong>rex</strong></span> <span class='ocrx_word' id='word_1_213' title='bbox 825 1898 945 1953; x_wconf 92' lang='lat' dir='ltr'><strong>Otto</strong></span> <span class='ocrx_word' id='word_1_214' title='bbox 993 1897 1199 1951; x_wconf 91' lang='lat' dir='ltr'><strong>bellum</strong></span> <span class='ocrx_word' id='word_1_215' title='bbox 1236 1896 1471 1952; x_wconf 85' lang='lat' dir='ltr'><strong>Bolizlao</strong></span> <span class='ocrx_word' id='word_1_216' title='bbox 1504 1894 1721 1961; x_wconf 81' lang='lat' dir='ltr'><strong>indixit,</strong></span> <span class='ocrx_word' id='word_1_217' title='bbox 1773 1903 1828 1948; x_wconf 95' lang='lat' dir='ltr'><strong>et</strong></span> <span class='ocrx_word' id='word_1_218' title='bbox 1856 1894 2020 1967; x_wconf 88' lang='lat' dir='ltr'><strong>longa</strong></span> 
     </span>
    </p>
   </div>
   <div class='ocr_carea' id='block_1_34' title="bbox 407 1986 2022 2060">
    <p class='ocr_par' dir='ltr' id='par_1_34' title="bbox 407 1986 2022 2060">
     <span class='ocr_line' id='line_1_34' title="bbox 407 1986 2022 2060; baseline -0.003 -14"><span class='ocrx_word' id='word_1_219' title='bbox 407 1993 551 2047; x_wconf 88' lang='lat' dir='ltr'><strong>inter</strong></span> <span class='ocrx_word' id='word_1_220' title='bbox 575 2006 672 2047; x_wconf 93' lang='lat' dir='ltr'><strong>eos</strong></span> <span class='ocrx_word' id='word_1_221' title='bbox 700 1989 1040 2047; x_wconf 86' lang='lat' dir='ltr'><strong>concertatio</strong></span> <span class='ocrx_word' id='word_1_222' title='bbox 1073 2005 1170 2059; x_wconf 91' lang='lat' dir='ltr'><strong>per</strong></span> <span class='ocrx_word' id='word_1_223' title='bbox 1225 1986 1642 2060; x_wconf 87' lang='lat' dir='ltr'><strong>quatuordecim</strong></span> <span class='ocrx_word' id='word_1_224' title='bbox 1695 2000 1879 2041; x_wconf 85' lang='lat' dir='ltr'><strong>annos</strong></span> <span class='ocrx_word' id='word_1_225' title='bbox 1900 2002 2022 2056; x_wconf 85' lang='lat' dir='ltr'><strong>pro-</strong></span> 
     </span>
    </p>
   </div>
   <div class='ocr_carea' id='block_1_35' title="bbox 409 2091 702 2140">
    <p class='ocr_par' dir='ltr' id='par_1_35' title="bbox 409 2091 702 2140">
     <span class='ocr_line' id='line_1_35' title="bbox 409 2091 702 2140; baseline -0.01 0"><span class='ocrx_word' id='word_1_226' title='bbox 409 2091 576 2140; x_wconf 89' lang='lat' dir='ltr'><strong>tracta</strong></span> <span class='ocrx_word' id='word_1_227' title='bbox 601 2091 702 2139; x_wconf 91' lang='lat' dir='ltr'><strong>est.</strong></span> 
     </span>
    </p>
   </div>
   <div class='ocr_carea' id='block_1_36' title="bbox 478 2169 1627 2230">
    <p class='ocr_par' dir='ltr' id='par_1_36' title="bbox 478 2169 1627 2230">
     <span class='ocr_line' id='line_1_36' title="bbox 478 2169 1627 2230; baseline -0.007 0"><span class='ocrx_word' id='word_1_228' title='bbox 478 2174 604 2230; x_wconf 85' lang='lat'><strong>939.</strong></span> <span class='ocrx_word' id='word_1_229' title='bbox 883 2173 938 2226; x_wconf 73' lang='grc'>2.</span> <span class='ocrx_word' id='word_1_230' title='bbox 1194 2171 1281 2226; x_wconf 79' lang='grc'><strong>11.</strong></span> <span class='ocrx_word' id='word_1_231' title='bbox 1538 2169 1627 2223; x_wconf 74' lang='grc'><strong>34.</strong></span> 
     </span>
    </p>
   </div>
   <div class='ocr_carea' id='block_1_37' title="bbox 474 2260 2021 2336">
    <p class='ocr_par' dir='ltr' id='par_1_37' title="bbox 474 2260 2021 2336">
     <span class='ocr_line' id='line_1_37' title="bbox 474 2260 2021 2336; baseline -0.005 -14"><span class='ocrx_word' id='word_1_232' title='bbox 474 2268 704 2336; x_wconf 68' lang='grc' dir='ltr'><strong>([ιυορ.)</strong></span> <span class='ocrx_word' id='word_1_233' title='bbox 748 2263 1051 2320; x_wconf 86' lang='lat' dir='ltr'><strong>Everardus</strong></span> <span class='ocrx_word' id='word_1_234' title='bbox 1081 2270 1136 2317; x_wconf 91' lang='lat' dir='ltr'><strong>et</strong></span> <span class='ocrx_word' id='word_1_235' title='bbox 1192 2261 1530 2316; x_wconf 87' lang='lat' dir='ltr'><strong>Gislebertus</strong></span> <span class='ocrx_word' id='word_1_236' title='bbox 1588 2262 1878 2316; x_wconf 88' lang='lat' dir='ltr'><strong>llenricum</strong></span> <span class='ocrx_word' id='word_1_237' title='bbox 1912 2260 2021 2315; x_wconf 88' lang='lat' dir='ltr'><strong>fra-</strong></span> 
     </span>
    </p>
   </div>
   <div class='ocr_carea' id='block_1_38' title="bbox 410 2352 2019 2428">
    <p class='ocr_par' dir='ltr' id='par_1_38' title="bbox 410 2352 2019 2428">
     <span class='ocr_line' id='line_1_38' title="bbox 410 2352 2019 2428; baseline -0.006 -15"><span class='ocrx_word' id='word_1_238' title='bbox 410 2369 545 2413; x_wconf 92' lang='lat' dir='ltr'><strong>trem</strong></span> <span class='ocrx_word' id='word_1_239' title='bbox 572 2355 917 2428; x_wconf 88' lang='lat' dir='ltr'><strong>imperatoris</strong></span> <span class='ocrx_word' id='word_1_240' title='bbox 944 2354 1233 2409; x_wconf 90' lang='lat' dir='ltr'><strong>obsessum</strong></span> <span class='ocrx_word' id='word_1_241' title='bbox 1256 2352 1504 2423; x_wconf 91' lang='lat' dir='ltr'><strong>capiunt,</strong></span> <span class='ocrx_word' id='word_1_242' title='bbox 1565 2368 1806 2423; x_wconf 91' lang='lat' dir='ltr'><strong>eumque</strong></span> <span class='ocrx_word' id='word_1_243' title='bbox 1840 2352 2019 2422; x_wconf 90' lang='lat' dir='ltr'><strong>pella-</strong></span> 
     </span>
    </p>
   </div>
   <div class='ocr_carea' id='block_1_39' title="bbox 412 2442 2023 2517">
    <p class='ocr_par' dir='ltr' id='par_1_39' title="bbox 412 2442 2023 2517">
     <span class='ocr_line' id='line_1_39' title="bbox 412 2442 2023 2517; baseline -0.005 -13"><span class='ocrx_word' id='word_1_244' title='bbox 412 2449 486 2504; x_wconf 88' lang='lat' dir='ltr'><strong>tia</strong></span> <span class='ocrx_word' id='word_1_245' title='bbox 526 2449 589 2483; x_wconf 65' lang='grc'><strong>¹⁸⁶</strong></span> <span class='ocrx_word' id='word_1_246' title='bbox 628 2464 729 2503; x_wconf 87' lang='lat' dir='ltr'><strong>sua</strong></span> <span class='ocrx_word' id='word_1_247' title='bbox 768 2448 836 2501; x_wconf 90' lang='lat' dir='ltr'><strong>ab</strong></span> <span class='ocrx_word' id='word_1_248' title='bbox 864 2445 1215 2517; x_wconf 85' lang='lat' dir='ltr'><strong>imperatoris</strong></span> <span class='ocrx_word' id='word_1_249' title='bbox 1267 2442 1531 2499; x_wconf 80' lang='lat' dir='ltr'><strong>fidelitate</strong></span> <span class='ocrx_word' id='word_1_250' title='bbox 1590 2443 1898 2512; x_wconf 88' lang='lat' dir='ltr'><strong>sejunctum</strong></span> <span class='ocrx_word' id='word_1_251' title='bbox 1942 2442 2023 2496; x_wconf 86' lang='lat' dir='ltr'><strong>fa-</strong></span> 
     </span>
    </p>
   </div>
   <div class='ocr_carea' id='block_1_40' title="bbox 409 2533 2023 2613">
    <p class='ocr_par' dir='ltr' id='par_1_40' title="bbox 409 2533 2023 2613">
     <span class='ocr_line' id='line_1_40' title="bbox 409 2533 2023 2613; baseline -0.006 -18"><span class='ocrx_word' id='word_1_252' title='bbox 409 2542 575 2598; x_wconf 92' lang='lat' dir='ltr'><strong>ctioni</strong></span> <span class='ocrx_word' id='word_1_253' title='bbox 610 2557 724 2596; x_wconf 65' lang='lat' dir='ltr'><strong>suae</strong></span> <span class='ocrx_word' id='word_1_254' title='bbox 762 2540 1061 2611; x_wconf 88' lang='lat' dir='ltr'><strong>applicant,</strong></span> <span class='ocrx_word' id='word_1_255' title='bbox 1093 2546 1457 2613; x_wconf 74' lang='lat' dir='ltr'><strong>suggerentes</strong></span> <span class='ocrx_word' id='word_1_256' title='bbox 1486 2537 1560 2604; x_wconf 90' lang='lat' dir='ltr'><strong>ei,</strong></span> <span class='ocrx_word' id='word_1_257' title='bbox 1588 2551 1816 2609; x_wconf 83' lang='lat' dir='ltr'><strong>regnum</strong></span> <span class='ocrx_word' id='word_1_258' title='bbox 1847 2533 2023 2607; x_wconf 89' lang='lat' dir='ltr'><strong>magis</strong></span> 
     </span>
    </p>
   </div>
   <div class='ocr_carea' id='block_1_41' title="bbox 411 2625 2020 2706">
    <p class='ocr_par' dir='ltr' id='par_1_41' title="bbox 411 2625 2020 2706">
     <span class='ocr_line' id='line_1_41' title="bbox 411 2625 2020 2706; baseline -0.007 -16"><span class='ocrx_word' id='word_1_259' title='bbox 411 2641 727 2706; x_wconf 87' lang='lat' dir='ltr'><strong>competere</strong></span> <span class='ocrx_word' id='word_1_260' title='bbox 775 2633 852 2687; x_wconf 91' lang='lat' dir='ltr'><strong>illi</strong></span> <span class='ocrx_word' id='word_1_261' title='bbox 900 2633 954 2687; x_wconf 92' lang='lat' dir='ltr'><strong>in</strong></span> <span class='ocrx_word' id='word_1_262' title='bbox 1013 2633 1184 2704; x_wconf 89' lang='lat' dir='ltr'><strong>patris</strong></span> <span class='ocrx_word' id='word_1_263' title='bbox 1242 2648 1412 2706; x_wconf 87' lang='lat' dir='ltr'><strong>regno</strong></span> <span class='ocrx_word' id='word_1_264' title='bbox 1466 2637 1615 2697; x_wconf 90' lang='lat' dir='ltr'><strong>nato,</strong></span> <span class='ocrx_word' id='word_1_265' title='bbox 1644 2644 1806 2701; x_wconf 88' lang='lat' dir='ltr'><strong>quam</strong></span> <span class='ocrx_word' id='word_1_266' title='bbox 1840 2625 2020 2682; x_wconf 90' lang='lat' dir='ltr'><strong>Ottoni</strong></span> 
     </span>
    </p>
   </div>
   <div class='ocr_carea' id='block_1_42' title="bbox 412 2718 2026 2798">
    <p class='ocr_par' dir='ltr' id='par_1_42' title="bbox 412 2718 2026 2798">
     <span class='ocr_line' id='line_1_42' title="bbox 412 2718 2026 2798; baseline -0.008 -17"><span class='ocrx_word' id='word_1_267' title='bbox 412 2735 538 2781; x_wconf 88' lang='lat' dir='ltr'><strong>ante</strong></span> <span class='ocrx_word' id='word_1_268' title='bbox 570 2742 799 2798; x_wconf 88' lang='lat' dir='ltr'><strong>regnum</strong></span> <span class='ocrx_word' id='word_1_269' title='bbox 845 2734 993 2779; x_wconf 90' lang='lat' dir='ltr'><strong>nato.</strong></span> <span class='ocrx_word' id='word_1_270' title='bbox 1049 2723 1225 2792; x_wconf 64' lang='lat' dir='ltr'><strong>(Mam)</strong></span> <span class='ocrx_word' id='word_1_271' title='bbox 1282 2722 1481 2794; x_wconf 84' lang='lat' dir='ltr'><strong>Ungari</strong></span> <span class='ocrx_word' id='word_1_272' title='bbox 1512 2738 1543 2774; x_wconf 89' lang='lat' dir='ltr'><strong>a</strong></span> <span class='ocrx_word' id='word_1_273' title='bbox 1563 2718 1873 2773; x_wconf 83' lang='lat' dir='ltr'><strong>Saxonibus</strong></span> <span class='ocrx_word' id='word_1_274' title='bbox 1898 2732 2026 2787; x_wconf 86' lang='lat' dir='ltr'><strong>gra-</strong></span> 
     </span>
    </p>
   </div>
   <div class='ocr_carea' id='block_1_43' title="bbox 411 2804 2021 2881">
    <p class='ocr_par' dir='ltr' id='par_1_43' title="bbox 411 2804 2021 2881">
     <span class='ocr_line' id='line_1_43' title="bbox 411 2804 2021 2881; baseline -0.008 -12"><span class='ocrx_word' id='word_1_275' title='bbox 411 2814 553 2869; x_wconf 77' lang='lat' dir='ltr'><strong>viter</strong></span> <span class='ocrx_word' id='word_1_276' title='bbox 576 2814 878 2868; x_wconf 58' lang='lat' dir='ltr'><strong>ceduntur.</strong></span> <span class='ocrx_word' id='word_1_277' title='bbox 942 2813 1062 2867; x_wconf 91' lang='lat' dir='ltr'><strong>Otto</strong></span> <span class='ocrx_word' id='word_1_278' title='bbox 1120 2812 1421 2881; x_wconf 87' lang='lat' dir='ltr'><strong>imperator</strong></span> <span class='ocrx_word' id='word_1_279' title='bbox 1446 2808 1669 2863; x_wconf 86' lang='lat' dir='ltr'><strong>interim</strong></span> <span class='ocrx_word' id='word_1_280' title='bbox 1697 2823 1728 2860; x_wconf 91' lang='lat' dir='ltr'><strong>a</strong></span> <span class='ocrx_word' id='word_1_281' title='bbox 1762 2804 2021 2873; x_wconf 85' lang='lat' dir='ltr'><strong>Bajoariis</strong></span> 
     </span>
    </p>
   </div>
   <div class='ocr_carea' id='block_1_44' title="bbox 412 2898 2023 2969">
    <p class='ocr_par' dir='ltr' id='par_1_44' title="bbox 412 2898 2023 2969">
     <span class='ocr_line' id='line_1_44' title="bbox 412 2898 2023 2969; baseline -0.006 -10"><span class='ocrx_word' id='word_1_282' title='bbox 412 2904 913 2960; x_wconf 89' lang='lat' dir='ltr'><strong>sibiresistentibus</strong></span> <span class='ocrx_word' id='word_1_283' title='bbox 932 2904 1172 2969; x_wconf 90' lang='lat' dir='ltr'><strong>rediens,</strong></span> <span class='ocrx_word' id='word_1_284' title='bbox 1208 2901 1535 2956; x_wconf 87' lang='lat' dir='ltr'><strong>Everardum</strong></span> <span class='ocrx_word' id='word_1_285' title='bbox 1564 2899 1773 2963; x_wconf 81' lang='lat' dir='ltr'><strong>exiliat,</strong></span> <span class='ocrx_word' id='word_1_286' title='bbox 1801 2898 2023 2952; x_wconf 88' lang='lat' dir='ltr'><strong>iterum-</strong></span> 
     </span>
    </p>
   </div>
   <div class='ocr_carea' id='block_1_45' title="bbox 413 2986 2023 3068">
    <p class='ocr_par' dir='ltr' id='par_1_45' title="bbox 413 2986 2023 3068">
     <span class='ocr_line' id='line_1_45' title="bbox 413 2986 2023 3068; baseline -0.006 -21"><span class='ocrx_word' id='word_1_287' title='bbox 413 3008 522 3064; x_wconf 88' lang='lat' dir='ltr'><strong>que</strong></span> <span class='ocrx_word' id='word_1_288' title='bbox 552 2992 829 3061; x_wconf 87' lang='lat' dir='ltr'><strong>Bajoarios</strong></span> <span class='ocrx_word' id='word_1_289' title='bbox 858 3007 1169 3068; x_wconf 82' lang='lat' dir='ltr'><strong>aggressus,</strong></span> <span class='ocrx_word' id='word_1_290' title='bbox 1218 3005 1414 3045; x_wconf 90' lang='lat' dir='ltr'><strong>omnes</strong></span> <span class='ocrx_word' id='word_1_291' title='bbox 1442 2988 1545 3043; x_wconf 91' lang='lat' dir='ltr'><strong>sibi</strong></span> <span class='ocrx_word' id='word_1_292' title='bbox 1593 2986 1861 3052; x_wconf 88' lang='lat' dir='ltr'><strong>subdidit,</strong></span> <span class='ocrx_word' id='word_1_293' title='bbox 1893 3002 2023 3056; x_wconf 86' lang='lat' dir='ltr'><strong>pre-</strong></span> 
     </span>
    </p>
   </div>
   <div class='ocr_carea' id='block_1_46' title="bbox 1547 1788 3741 1885">
    <p class='ocr_par' dir='ltr' id='par_1_46' title="bbox 1547 1788 3741 1885">
     <span class='ocr_line' id='line_1_46' title="bbox 1547 1788 3741 1885; baseline 0.004 -28"><span class='ocrx_word' id='word_1_294' title='bbox 1547 1805 1727 1875; x_wconf 71' lang='lat' dir='ltr'><strong>(Wm)</strong></span> <span class='ocrx_word' id='word_1_295' title='bbox 1774 1805 1828 1859; x_wconf 92' lang='lat' dir='ltr'><strong>in</strong></span> <span class='ocrx_word' id='word_1_296' title='bbox 1861 1806 2018 1872; x_wconf 87' lang='lat' dir='ltr'><strong>cujus</strong></span> <span class='ocrx_word' id='word_1_297' title='bbox 2046 1788 2093 1856; x_wconf 85' lang='grc' dir='ltr'>Β</span> <span class='ocrx_word' id='word_1_298' title='bbox 2120 1801 2322 1855; x_wconf 66' lang='lat' dir='ltr'><strong>lancem</strong></span> <span class='ocrx_word' id='word_1_299' title='bbox 2353 1818 2464 1856; x_wconf 77' lang='lat' dir='ltr'><strong>suae</strong></span> <span class='ocrx_word' id='word_1_300' title='bbox 2494 1803 2691 1858; x_wconf 79' lang='lat' dir='ltr'><strong>infixos</strong></span> <span class='ocrx_word' id='word_1_301' title='bbox 2717 1805 2769 1859; x_wconf 91' lang='lat' dir='ltr'><strong>in</strong></span> <span class='ocrx_word' id='word_1_302' title='bbox 2804 1807 3054 1863; x_wconf 90' lang='lat' dir='ltr'><strong>oratione</strong></span> <span class='ocrx_word' id='word_1_303' title='bbox 3087 1818 3387 1880; x_wconf 89' lang='lat' dir='ltr'><strong>prostrato,</strong></span> <span class='ocrx_word' id='word_1_304' title='bbox 3412 1811 3545 1865; x_wconf 88' lang='lat' dir='ltr'><strong>victi</strong></span> <span class='ocrx_word' id='word_1_305' title='bbox 3580 1819 3741 1885; x_wconf 82' lang='lat' dir='ltr'><strong>terga</strong></span> 
     </span>
    </p>
   </div>
   <div class='ocr_carea' id='block_1_47' title="bbox 2122 1891 3752 1957">
    <p class='ocr_par' dir='ltr' id='par_1_47' title="bbox 2122 1891 3752 1957">
     <span class='ocr_line' id='line_1_47' title="bbox 2122 1891 3752 1957; baseline 0.009 -13"><span class='ocrx_word' id='word_1_306' title='bbox 2122 1891 2415 1957; x_wconf 90' lang='lat' dir='ltr'><strong>dederunt,</strong></span> <span class='ocrx_word' id='word_1_307' title='bbox 2466 1894 2700 1951; x_wconf 88' lang='lat' dir='ltr'><strong>llenrico</strong></span> <span class='ocrx_word' id='word_1_308' title='bbox 2758 1897 2810 1951; x_wconf 91' lang='lat' dir='ltr'><strong>in</strong></span> <span class='ocrx_word' id='word_1_309' title='bbox 2863 1898 3091 1955; x_wconf 89' lang='lat' dir='ltr'><strong>brachio</strong></span> <span class='ocrx_word' id='word_1_310' title='bbox 3143 1901 3536 1957; x_wconf 83' lang='lat' dir='ltr'><strong>insanabiliter</strong></span> <span class='ocrx_word' id='word_1_311' title='bbox 3560 1903 3752 1957; x_wconf 83' lang='lat' dir='ltr'><strong>vulne-</strong></span> 
     </span>
    </p>
   </div>
   <div class='ocr_carea' id='block_1_48' title="bbox 2125 1978 3753 2065">
    <p class='ocr_par' dir='ltr' id='par_1_48' title="bbox 2125 1978 3753 2065">
     <span class='ocr_line' id='line_1_48' title="bbox 2125 1978 3753 2065; baseline 0.009 -29"><span class='ocrx_word' id='word_1_312' title='bbox 2125 1992 2257 2039; x_wconf 88' lang='lat' dir='ltr'><strong>rato.</strong></span> <span class='ocrx_word' id='word_1_313' title='bbox 2293 1985 2485 2056; x_wconf 74' lang='lat' dir='ltr'><strong>(\V’m.)</strong></span> <span class='ocrx_word' id='word_1_314' title='bbox 2509 1986 2632 2042; x_wconf 90' lang='lat' dir='ltr'><strong>Orta</strong></span> <span class='ocrx_word' id='word_1_315' title='bbox 2666 1978 3019 2047; x_wconf 74' lang='lat' dir='ltr'><strong>dissensione</strong></span> <span class='ocrx_word' id='word_1_316' title='bbox 3073 1993 3217 2048; x_wconf 89' lang='lat' dir='ltr'><strong>inter</strong></span> <span class='ocrx_word' id='word_1_317' title='bbox 3250 1994 3536 2065; x_wconf 88' lang='lat' dir='ltr'><strong>principes</strong></span> <span class='ocrx_word' id='word_1_318' title='bbox 3564 1994 3637 2050; x_wconf 88' lang='lat' dir='ltr'><strong>de</strong></span> <span class='ocrx_word' id='word_1_319' title='bbox 3667 2013 3753 2049; x_wconf 80' lang='lat' dir='ltr'><strong>va-</strong></span> 
     </span>
    </p>
   </div>
   <div class='ocr_carea' id='block_1_49' title="bbox 2123 2071 3746 2152">
    <p class='ocr_par' dir='ltr' id='par_1_49' title="bbox 2123 2071 3746 2152">
     <span class='ocr_line' id='line_1_49' title="bbox 2123 2071 3746 2152; baseline 0.007 -27"><span class='ocrx_word' id='word_1_320' title='bbox 2123 2071 2316 2126; x_wconf 90' lang='lat' dir='ltr'><strong>rietate</strong></span> <span class='ocrx_word' id='word_1_321' title='bbox 2348 2072 2507 2147; x_wconf 89' lang='lat' dir='ltr'><strong>legis,</strong></span> <span class='ocrx_word' id='word_1_322' title='bbox 2550 2084 2733 2131; x_wconf 90' lang='lat' dir='ltr'><strong>utrum</strong></span> <span class='ocrx_word' id='word_1_323' title='bbox 2764 2078 3037 2135; x_wconf 89' lang='lat' dir='ltr'><strong>deberent</strong></span> <span class='ocrx_word' id='word_1_324' title='bbox 3079 2081 3196 2137; x_wconf 85' lang='lat' dir='ltr'><strong>avis</strong></span> <span class='ocrx_word' id='word_1_325' title='bbox 3212 2083 3618 2152; x_wconf 86' lang='lat' dir='ltr'><strong>superstitibus</strong></span> <span class='ocrx_word' id='word_1_326' title='bbox 3648 2083 3746 2137; x_wconf 85' lang='lat' dir='ltr'><strong>ﬁlii</strong></span> 
     </span>
    </p>
   </div>
   <div class='ocr_carea' id='block_1_50' title="bbox 2124 2163 3745 2240">
    <p class='ocr_par' dir='ltr' id='par_1_50' title="bbox 2124 2163 3745 2240">
     <span class='ocr_line' id='line_1_50' title="bbox 2124 2163 3745 2240; baseline 0.008 -24"><span class='ocrx_word' id='word_1_327' title='bbox 2124 2163 2357 2218; x_wconf 85' lang='lat' dir='ltr'><strong>filiorum</strong></span> <span class='ocrx_word' id='word_1_328' title='bbox 2388 2174 2509 2235; x_wconf 91' lang='lat' dir='ltr'><strong>post</strong></span> <span class='ocrx_word' id='word_1_329' title='bbox 2542 2175 2723 2237; x_wconf 89' lang='lat' dir='ltr'><strong>patres</strong></span> <span class='ocrx_word' id='word_1_330' title='bbox 2782 2170 3070 2228; x_wconf 84' lang='lat' dir='ltr'><strong>defunctos</strong></span> <span class='ocrx_word' id='word_1_331' title='bbox 3100 2171 3444 2240; x_wconf 89' lang='lat' dir='ltr'><strong>hereditare,</strong></span> <span class='ocrx_word' id='word_1_332' title='bbox 3480 2191 3554 2228; x_wconf 89' lang='lat' dir='ltr'><strong>an</strong></span> <span class='ocrx_word' id='word_1_333' title='bbox 3580 2177 3745 2229; x_wconf 80' lang='lat' dir='ltr'><strong>exhe-</strong></span> 
     </span>
    </p>
   </div>
   <div class='ocr_carea' id='block_1_51' title="bbox 2122 2255 3753 2337">
    <p class='ocr_par' dir='ltr' id='par_1_51' title="bbox 2122 2255 3753 2337">
     <span class='ocr_line' id='line_1_51' title="bbox 2122 2255 3753 2337; baseline 0.008 -29"><span class='ocrx_word' id='word_1_334' title='bbox 2122 2255 2332 2311; x_wconf 87' lang='lat' dir='ltr'><strong>redatis</strong></span> <span class='ocrx_word' id='word_1_335' title='bbox 2382 2256 2736 2314; x_wconf 89' lang='lat' dir='ltr'><strong>fratruelibus</strong></span> <span class='ocrx_word' id='word_1_336' title='bbox 2788 2261 3021 2319; x_wconf 87' lang='lat' dir='ltr'><strong>deberet</strong></span> <span class='ocrx_word' id='word_1_337' title='bbox 3065 2264 3347 2320; x_wconf 86' lang='lat' dir='ltr'><strong>hereditas</strong></span> <span class='ocrx_word' id='word_1_338' title='bbox 3404 2267 3474 2320; x_wconf 89' lang='lat' dir='ltr'><strong>ad</strong></span> <span class='ocrx_word' id='word_1_339' title='bbox 3528 2275 3753 2337; x_wconf 87' lang='lat' dir='ltr'><strong>patruos</strong></span> 
     </span>
    </p>
   </div>
   <div class='ocr_carea' id='block_1_52' title="bbox 2126 2343 3751 2424">
    <p class='ocr_par' dir='ltr' id='par_1_52' title="bbox 2126 2343 3751 2424">
     <span class='ocr_line' id='line_1_52' title="bbox 2126 2343 3751 2424; baseline 0.009 -28"><span class='ocrx_word' id='word_1_340' title='bbox 2126 2343 2327 2409; x_wconf 88' lang='lat' dir='ltr'><strong>redire,</strong></span> <span class='ocrx_word' id='word_1_341' title='bbox 2361 2359 2426 2398; x_wconf 92' lang='lat' dir='ltr'><strong>ex</strong></span> <span class='ocrx_word' id='word_1_342' title='bbox 2450 2347 2594 2418; x_wconf 88' lang='lat' dir='ltr'><strong>regis</strong></span> <span class='ocrx_word' id='word_1_343' title='bbox 2618 2347 2831 2402; x_wconf 87' lang='lat' dir='ltr'><strong>Ottonis</strong></span> <span class='ocrx_word' id='word_1_344' title='bbox 2854 2351 3214 2423; x_wconf 64' lang='lat' dir='ltr'><strong>omniumque</strong></span> <span class='ocrx_word' id='word_1_345' title='bbox 3271 2354 3595 2424; x_wconf 89' lang='lat' dir='ltr'><strong>principum</strong></span> <span class='ocrx_word' id='word_1_346' title='bbox 3629 2372 3751 2410; x_wconf 91' lang='lat' dir='ltr'><strong>sen-</strong></span> 
     </span>
    </p>
   </div>
   <div class='ocr_carea' id='block_1_53' title="bbox 2127 2434 3739 2519">
    <p class='ocr_par' dir='ltr' id='par_1_53' title="bbox 2127 2434 3739 2519">
     <span class='ocr_line' id='line_1_53' title="bbox 2127 2434 3739 2519; baseline 0.009 -32"><span class='ocrx_word' id='word_1_347' title='bbox 2127 2434 2297 2489; x_wconf 87' lang='lat' dir='ltr'><strong>tentia</strong></span> <span class='ocrx_word' id='word_1_348' title='bbox 2322 2437 2565 2509; x_wconf 89' lang='lat' dir='ltr'><strong>cognitio</strong></span> <span class='ocrx_word' id='word_1_349' title='bbox 2592 2440 2841 2495; x_wconf 88' lang='lat' dir='ltr'><strong>veritatis</strong></span> <span class='ocrx_word' id='word_1_350' title='bbox 2868 2442 3161 2498; x_wconf 78' lang='lat' dir='ltr'><strong>cemznissa</strong></span> <span class='ocrx_word' id='word_1_351' title='bbox 3188 2451 3268 2498; x_wconf 85' lang='lat' dir='ltr'><strong>est</strong></span> <span class='ocrx_word' id='word_1_352' title='bbox 3299 2444 3637 2519; x_wconf 88' lang='lat' dir='ltr'><strong>gladiatorio</strong></span> <span class='ocrx_word' id='word_1_353' title='bbox 3656 2446 3739 2514; x_wconf 84' lang='lat' dir='ltr'><strong>ju-</strong></span> 
     </span>
    </p>
   </div>
   <div class='ocr_carea' id='block_1_54' title="bbox 2123 2528 3738 2609">
    <p class='ocr_par' dir='ltr' id='par_1_54' title="bbox 2123 2528 3738 2609">
     <span class='ocr_line' id='line_1_54' title="bbox 2123 2528 3738 2609; baseline 0.007 -27"><span class='ocrx_word' id='word_1_354' title='bbox 2123 2529 2290 2583; x_wconf 91' lang='lat' dir='ltr'><strong>dicio.</strong></span> <span class='ocrx_word' id='word_1_355' title='bbox 2315 2528 2597 2601; x_wconf 89' lang='lat' dir='ltr'><strong>Cessitque</strong></span> <span class='ocrx_word' id='word_1_356' title='bbox 2626 2533 2854 2588; x_wconf 90' lang='lat' dir='ltr'><strong>victoria</strong></span> <span class='ocrx_word' id='word_1_357' title='bbox 2904 2536 3009 2599; x_wconf 89' lang='lat' dir='ltr'><strong>his,</strong></span> <span class='ocrx_word' id='word_1_358' title='bbox 3043 2537 3138 2609; x_wconf 90' lang='lat' dir='ltr'><strong>qui</strong></span> <span class='ocrx_word' id='word_1_359' title='bbox 3166 2539 3477 2596; x_wconf 89' lang='lat' dir='ltr'><strong>censebant</strong></span> <span class='ocrx_word' id='word_1_360' title='bbox 3508 2540 3738 2596; x_wconf 88' lang='lat' dir='ltr'><strong>fratrum</strong></span> 
     </span>
    </p>
   </div>
   <div class='ocr_carea' id='block_1_55' title="bbox 2130 2622 3269 2697">
    <p class='ocr_par' dir='ltr' id='par_1_55' title="bbox 2130 2622 3269 2697">
     <span class='ocr_line' id='line_1_55' title="bbox 2130 2622 3269 2697; baseline 0.009 -22"><span class='ocrx_word' id='word_1_361' title='bbox 2130 2622 2272 2677; x_wconf 82' lang='lat' dir='ltr'><strong>filios</strong></span> <span class='ocrx_word' id='word_1_362' title='bbox 2302 2623 2508 2678; x_wconf 89' lang='lat' dir='ltr'><strong>debere</strong></span> <span class='ocrx_word' id='word_1_363' title='bbox 2539 2640 2661 2679; x_wconf 88' lang='lat' dir='ltr'><strong>cum</strong></span> <span class='ocrx_word' id='word_1_364' title='bbox 2691 2627 2940 2697; x_wconf 88' lang='lat' dir='ltr'><strong>patribus</strong></span> <span class='ocrx_word' id='word_1_365' title='bbox 2958 2629 3269 2686; x_wconf 88' lang='lat' dir='ltr'><strong>hereditare</strong></span> 
     </span>
    </p>
   </div>
   <div class='ocr_carea' id='block_1_56' title="bbox 2199 2717 3389 2782">
    <p class='ocr_par' dir='ltr' id='par_1_56' title="bbox 2199 2717 3389 2782">
     <span class='ocr_line' id='line_1_56' title="bbox 2199 2717 3389 2782; baseline 0.009 -11"><span class='ocrx_word' id='word_1_366' title='bbox 2199 2717 2323 2772; x_wconf 71' lang='grc' dir='ltr'><strong>9ι3.</strong></span> <span class='ocrx_word' id='word_1_367' title='bbox 2576 2720 2629 2775; x_wconf 88' lang='grc'><strong>6.</strong></span> <span class='ocrx_word' id='word_1_368' title='bbox 2925 2724 3016 2779; x_wconf 79' lang='grc'><strong>15.</strong></span> <span class='ocrx_word' id='word_1_369' title='bbox 3296 2727 3389 2782; x_wconf 88' lang='lat'><strong>38.</strong></span> 
     </span>
    </p>
   </div>
   <div class='ocr_carea' id='block_1_57' title="bbox 2203 2792 3749 2891">
    <p class='ocr_par' dir='ltr' id='par_1_57' title="bbox 2203 2792 3749 2891">
     <span class='ocr_line' id='line_1_57' title="bbox 2203 2792 3749 2891; baseline 0.006 -27"><span class='ocrx_word' id='word_1_370' title='bbox 2203 2812 2438 2882; x_wconf 73' lang='lat' dir='ltr'><strong>([.IUDP.)</strong></span> <span class='ocrx_word' id='word_1_371' title='bbox 2470 2812 2591 2867; x_wconf 91' lang='lat' dir='ltr'><strong>Otto</strong></span> <span class='ocrx_word' id='word_1_372' title='bbox 2624 2830 2718 2869; x_wconf 87' lang='lat' dir='ltr'><strong>rex</strong></span> <span class='ocrx_word' id='word_1_373' title='bbox 2753 2816 2972 2871; x_wconf 91' lang='lat' dir='ltr'><strong>obsedit</strong></span> <span class='ocrx_word' id='word_1_374' title='bbox 2998 2817 3278 2891; x_wconf 86' lang='lat' dir='ltr'><strong>Brisagam</strong></span> <span class='ocrx_word' id='word_1_375' title='bbox 3312 2792 3587 2890; x_wconf 79' lang='lat' dir='ltr'><strong>Oppidum</strong></span> <span class='ocrx_word' id='word_1_376' title='bbox 3613 2822 3749 2876; x_wconf 81' lang='lat' dir='ltr'><strong>Alsa-</strong></span> 
     </span>
    </p>
   </div>
   <div class='ocr_carea' id='block_1_58' title="bbox 2125 2902 3748 2977">
    <p class='ocr_par' dir='ltr' id='par_1_58' title="bbox 2125 2902 3748 2977">
     <span class='ocr_line' id='line_1_58' title="bbox 2125 2902 3748 2977; baseline 0.006 -21"><span class='ocrx_word' id='word_1_377' title='bbox 2125 2902 2233 2965; x_wconf 49' lang='lat' dir='ltr'><strong>tia),</strong></span> <span class='ocrx_word' id='word_1_378' title='bbox 2262 2903 2410 2973; x_wconf 88' lang='lat' dir='ltr'><strong>quod</strong></span> <span class='ocrx_word' id='word_1_379' title='bbox 2467 2902 2790 2959; x_wconf 82' lang='lat' dir='ltr'><strong>Ludowicus</strong></span> <span class='ocrx_word' id='word_1_380' title='bbox 2838 2922 2929 2960; x_wconf 88' lang='lat' dir='ltr'><strong>rex</strong></span> <span class='ocrx_word' id='word_1_381' title='bbox 2992 2923 3089 2977; x_wconf 89' lang='lat' dir='ltr'><strong>per</strong></span> <span class='ocrx_word' id='word_1_382' title='bbox 3140 2908 3341 2963; x_wconf 87' lang='lat' dir='ltr'><strong>milites</strong></span> <span class='ocrx_word' id='word_1_383' title='bbox 3396 2910 3658 2965; x_wconf 86' lang='lat' dir='ltr'><strong>Everardi</strong></span> <span class='ocrx_word' id='word_1_384' title='bbox 3697 2920 3748 2965; x_wconf 88' lang='lat' dir='ltr'><strong>et</strong></span> 
     </span>
    </p>
   </div>
   <div class='ocr_carea' id='block_1_59' title="bbox 2124 2991 3752 3066">
    <p class='ocr_par' dir='ltr' id='par_1_59' title="bbox 2124 2991 3752 3066">
     <span class='ocr_line' id='line_1_59' title="bbox 2124 2991 3752 3066; baseline 0.007 -23"><span class='ocrx_word' id='word_1_385' title='bbox 2124 2991 2413 3045; x_wconf 84' lang='lat' dir='ltr'><strong>Gisleberti</strong></span> <span class='ocrx_word' id='word_1_386' title='bbox 2457 2993 2680 3047; x_wconf 86' lang='lat' dir='ltr'><strong>tenebat</strong></span> <span class='ocrx_word' id='word_1_387' title='bbox 2705 2994 2789 3049; x_wconf 73' lang='lat'><strong>&quot;‘7.</strong></span> <span class='ocrx_word' id='word_1_388' title='bbox 2820 2996 2878 3048; x_wconf 91' lang='lat' dir='ltr'><strong>lu</strong></span> <span class='ocrx_word' id='word_1_389' title='bbox 2903 3012 3012 3066; x_wconf 86' lang='lat' dir='ltr'><strong>qua</strong></span> <span class='ocrx_word' id='word_1_390' title='bbox 3050 2996 3343 3052; x_wconf 87' lang='lat' dir='ltr'><strong>obsidione</strong></span> <span class='ocrx_word' id='word_1_391' title='bbox 3374 3015 3543 3054; x_wconf 89' lang='lat' dir='ltr'><strong>suasu</strong></span> <span class='ocrx_word' id='word_1_392' title='bbox 3573 3000 3752 3054; x_wconf 84' lang='lat' dir='ltr'><strong>Fride-</strong></span> 
     </span>
    </p>
   </div>
   <div class='ocr_carea' id='block_1_60' title="bbox 410 3082 3751 3163">
    <p class='ocr_par' dir='ltr' id='par_1_60' title="bbox 410 3082 3751 3163">
     <span class='ocr_line' id='line_1_60' title="bbox 410 3082 3751 3163; baseline 0.001 -20"><span class='ocrx_word' id='word_1_393' title='bbox 410 3096 493 3143; x_wconf 91' lang='lat' dir='ltr'><strong>ter</strong></span> <span class='ocrx_word' id='word_1_394' title='bbox 509 3103 679 3142; x_wconf 91' lang='lat' dir='ltr'><strong>unum</strong></span> <span class='ocrx_word' id='word_1_395' title='bbox 726 3086 900 3140; x_wconf 83' lang='lat' dir='ltr'><strong>tilium</strong></span> <span class='ocrx_word' id='word_1_396' title='bbox 940 3085 1182 3141; x_wconf 87' lang='lat' dir='ltr'><strong>Arnaldi.</strong></span> <span class='ocrx_word' id='word_1_397' title='bbox 1216 3085 1326 3139; x_wconf 89' lang='lat' dir='ltr'><strong>Rex</strong></span> <span class='ocrx_word' id='word_1_398' title='bbox 1351 3084 1473 3138; x_wconf 88' lang='lat' dir='ltr'><strong>Otto</strong></span> <span class='ocrx_word' id='word_1_399' title='bbox 1527 3082 1799 3138; x_wconf 87' lang='lat' dir='ltr'><strong>construit</strong></span> <span class='ocrx_word' id='word_1_400' title='bbox 1828 3082 2020 3136; x_wconf 90' lang='lat' dir='ltr'><strong>urbem</strong></span> <span class='ocrx_word' id='word_1_401' title='bbox 2063 3159 2092 3163; x_wconf 68' lang='lat'><strong><em>_</em></strong></span> <span class='ocrx_word' id='word_1_402' title='bbox 2126 3085 2225 3139; x_wconf 92' lang='lat' dir='ltr'><strong>rici</strong></span> <span class='ocrx_word' id='word_1_403' title='bbox 2249 3085 2551 3156; x_wconf 80' lang='lat' dir='ltr'><strong>Moguntini</strong></span> <span class='ocrx_word' id='word_1_404' title='bbox 2585 3086 2857 3157; x_wconf 89' lang='lat' dir='ltr'><strong>episc0pi,</strong></span> <span class='ocrx_word' id='word_1_405' title='bbox 2883 3088 2998 3159; x_wconf 86' lang='lat' dir='ltr'><strong>qui,</strong></span> <span class='ocrx_word' id='word_1_406' title='bbox 3053 3089 3239 3143; x_wconf 89' lang='lat' dir='ltr'><strong>animo</strong></span> <span class='ocrx_word' id='word_1_407' title='bbox 3267 3089 3376 3159; x_wconf 86' lang='lat' dir='ltr'><strong>jam</strong></span> <span class='ocrx_word' id='word_1_408' title='bbox 3408 3092 3479 3146; x_wconf 90' lang='lat' dir='ltr'><strong>ab</strong></span> <span class='ocrx_word' id='word_1_409' title='bbox 3510 3093 3751 3163; x_wconf 87' lang='lat' dir='ltr'><strong>impera-</strong></span> 
     </span>
    </p>
   </div>
   <div class='ocr_carea' id='block_1_61' title="bbox 412 3159 3749 3252">
    <p class='ocr_par' dir='ltr' id='par_1_61' title="bbox 412 3159 3749 3252">
     <span class='ocr_line' id='line_1_61' title="bbox 412 3159 3749 3252; baseline 0.001 -20"><span class='ocrx_word' id='word_1_410' title='bbox 412 3176 861 3252; x_wconf 87' lang='lat' dir='ltr'><strong>Magathaburch,</strong></span> <span class='ocrx_word' id='word_1_411' title='bbox 888 3191 1013 3248; x_wconf 55' lang='lat' dir='ltr'><strong>quae</strong></span> <span class='ocrx_word' id='word_1_412' title='bbox 1044 3182 1097 3230; x_wconf 90' lang='lat' dir='ltr'><strong>et</strong></span> <span class='ocrx_word' id='word_1_413' title='bbox 1132 3174 1571 3243; x_wconf 81' lang='lat' dir='ltr'><strong>ParthenOpohs,</strong></span> <span class='ocrx_word' id='word_1_414' title='bbox 1631 3172 1683 3225; x_wconf 91' lang='lat' dir='ltr'><strong>id</strong></span> <span class='ocrx_word' id='word_1_415' title='bbox 1717 3179 1801 3227; x_wconf 89' lang='lat' dir='ltr'><strong>est</strong></span> <span class='ocrx_word' id='word_1_416' title='bbox 1848 3170 2020 3243; x_wconf 82' lang='lat' dir='ltr'><strong>virgi-</strong></span> <span class='ocrx_word' id='word_1_417' title='bbox 2047 3159 2096 3227; x_wconf 85' lang='lat' dir='ltr'>C</span> <span class='ocrx_word' id='word_1_418' title='bbox 2125 3181 2242 3230; x_wconf 89' lang='lat' dir='ltr'><strong>tore</strong></span> <span class='ocrx_word' id='word_1_419' title='bbox 2261 3175 2559 3243; x_wconf 86' lang='lat' dir='ltr'><strong>defecerat,</strong></span> <span class='ocrx_word' id='word_1_420' title='bbox 2594 3177 2748 3231; x_wconf 90' lang='lat' dir='ltr'><strong>multi</strong></span> <span class='ocrx_word' id='word_1_421' title='bbox 2777 3177 2845 3231; x_wconf 88' lang='lat' dir='ltr'><strong>ab</strong></span> <span class='ocrx_word' id='word_1_422' title='bbox 2894 3178 3228 3248; x_wconf 89' lang='lat' dir='ltr'><strong>imperatore</strong></span> <span class='ocrx_word' id='word_1_423' title='bbox 3267 3159 3634 3248; x_wconf 81' lang='lat' dir='ltr'><strong>defecerunt;</strong></span> <span class='ocrx_word' id='word_1_424' title='bbox 3664 3199 3749 3236; x_wconf 88' lang='lat' dir='ltr'><strong>ea-</strong></span> 
     </span>
    </p>
   </div>
   <div class='ocr_carea' id='block_1_62' title="bbox 417 3261 2025 3331">
    <p class='ocr_par' dir='ltr' id='par_1_62' title="bbox 417 3261 2025 3331">
     <span class='ocr_line' id='line_1_62' title="bbox 417 3261 2025 3331; baseline -0.002 -12"><span class='ocrx_word' id='word_1_425' title='bbox 417 3282 546 3322; x_wconf 94' lang='lat' dir='ltr'><strong>num</strong></span> <span class='ocrx_word' id='word_1_426' title='bbox 575 3266 788 3320; x_wconf 86' lang='lat' dir='ltr'><strong>civitas.</strong></span> <span class='ocrx_word' id='word_1_427' title='bbox 845 3263 1065 3317; x_wconf 84' lang='lat' dir='ltr'><strong>dicitur.</strong></span> <span class='ocrx_word' id='word_1_428' title='bbox 1124 3261 1359 3331; x_wconf 66' lang='lat' dir='ltr'><strong>{FULCU.,</strong></span> <span class='ocrx_word' id='word_1_429' title='bbox 1389 3276 1437 3315; x_wconf 89' lang='lat' dir='ltr'><strong>c.</strong></span> <span class='ocrx_word' id='word_1_430' title='bbox 1466 3261 1577 3329; x_wconf 58' lang='grc' dir='ltr'><strong>ξι.)</strong></span> <span class='ocrx_word' id='word_1_431' title='bbox 1620 3261 1825 3314; x_wconf 87' lang='lat' dir='ltr'><strong>Italiam</strong></span> <span class='ocrx_word' id='word_1_432' title='bbox 1867 3269 2025 3316; x_wconf 87' lang='lat' dir='ltr'><strong>vexat</strong></span> 
     </span>
    </p>
   </div>
   <div class='ocr_carea' id='block_1_63' title="bbox 333 3335 2024 3427">
    <p class='ocr_par' dir='ltr' id='par_1_63' title="bbox 333 3335 2024 3427">
     <span class='ocr_line' id='line_1_63' title="bbox 333 3335 2024 3427; baseline -0.005 -12"><span class='ocrx_word' id='word_1_433' title='bbox 333 3335 339 3341; x_wconf 44' lang='grc'><em>’</em></span> <span class='ocrx_word' id='word_1_434' title='bbox 416 3358 628 3415; x_wconf 88' lang='lat' dir='ltr'><strong>heresis</strong></span> <span class='ocrx_word' id='word_1_435' title='bbox 657 3354 1271 3427; x_wconf 86' lang='lat' dir='ltr'><strong>andropomorlitarum,</strong></span> <span class='ocrx_word' id='word_1_436' title='bbox 1332 3354 1385 3407; x_wconf 90' lang='lat' dir='ltr'><strong>id</strong></span> <span class='ocrx_word' id='word_1_437' title='bbox 1437 3362 1520 3407; x_wconf 88' lang='lat' dir='ltr'><strong>est</strong></span> <span class='ocrx_word' id='word_1_438' title='bbox 1566 3368 1885 3423; x_wconf 84' lang='lat' dir='ltr'><strong>corpoream</strong></span> <span class='ocrx_word' id='word_1_439' title='bbox 1916 3352 2024 3408; x_wconf 85' lang='lat' dir='ltr'><strong>for-</strong></span> 
     </span>
    </p>
   </div>
   <div class='ocr_carea' id='block_1_64' title="bbox 417 3442 2023 3513">
    <p class='ocr_par' dir='ltr' id='par_1_64' title="bbox 417 3442 2023 3513">
     <span class='ocr_line' id='line_1_64' title="bbox 417 3442 2023 3513; baseline -0.004 -10"><span class='ocrx_word' id='word_1_440' title='bbox 417 3463 559 3502; x_wconf 89' lang='lat' dir='ltr'><strong>mam</strong></span> <span class='ocrx_word' id='word_1_441' title='bbox 589 3446 757 3500; x_wconf 88' lang='lat' dir='ltr'><strong>Deum</strong></span> <span class='ocrx_word' id='word_1_442' title='bbox 776 3444 977 3498; x_wconf 84' lang='lat' dir='ltr'><strong>habere</strong></span> <span class='ocrx_word' id='word_1_443' title='bbox 1008 3442 1309 3497; x_wconf 91' lang='lat' dir='ltr'><strong>dicentium</strong></span> <span class='ocrx_word' id='word_1_444' title='bbox 1344 3461 1360 3505; x_wconf 90' lang='lat'><strong><em>;</em></strong></span> <span class='ocrx_word' id='word_1_445' title='bbox 1394 3451 1583 3497; x_wconf 85' lang='lat' dir='ltr'><strong>contra</strong></span> <span class='ocrx_word' id='word_1_446' title='bbox 1618 3458 1780 3513; x_wconf 92' lang='lat' dir='ltr'><strong>quam</strong></span> <span class='ocrx_word' id='word_1_447' title='bbox 1813 3442 2023 3497; x_wconf 88' lang='lat' dir='ltr'><strong>Rathe-</strong></span> 
     </span>
    </p>
   </div>
   <div class='ocr_carea' id='block_1_65' title="bbox 418 3534 2026 3606">
    <p class='ocr_par' dir='ltr' id='par_1_65' title="bbox 418 3534 2026 3606">
     <span class='ocr_line' id='line_1_65' title="bbox 418 3534 2026 3606; baseline -0.002 -13"><span class='ocrx_word' id='word_1_448' title='bbox 418 3539 531 3595; x_wconf 90' lang='lat' dir='ltr'><strong>rius</strong></span> <span class='ocrx_word' id='word_1_449' title='bbox 557 3537 954 3593; x_wconf 86' lang='lat' dir='ltr'><strong>Veronensium</strong></span> <span class='ocrx_word' id='word_1_450' title='bbox 988 3535 1286 3606; x_wconf 85' lang='lat' dir='ltr'><strong>episcOpus</strong></span> <span class='ocrx_word' id='word_1_451' title='bbox 1314 3541 1367 3589; x_wconf 91' lang='lat' dir='ltr'><strong>et</strong></span> <span class='ocrx_word' id='word_1_452' title='bbox 1387 3534 1569 3588; x_wconf 86' lang='lat' dir='ltr'><strong>verbis</strong></span> <span class='ocrx_word' id='word_1_453' title='bbox 1597 3541 1651 3589; x_wconf 89' lang='lat' dir='ltr'><strong>et</strong></span> <span class='ocrx_word' id='word_1_454' title='bbox 1681 3534 1900 3605; x_wconf 90' lang='lat' dir='ltr'><strong>scriptis</strong></span> <span class='ocrx_word' id='word_1_455' title='bbox 1940 3553 2026 3589; x_wconf 82' lang='lat' dir='ltr'><strong>re-</strong></span> 
     </span>
    </p>
   </div>
   <div class='ocr_carea' id='block_1_66' title="bbox 415 3628 784 3687">
    <p class='ocr_par' dir='ltr' id='par_1_66' title="bbox 415 3628 784 3687">
     <span class='ocr_line' id='line_1_66' title="bbox 415 3628 784 3687; baseline -0.008 0"><span class='ocrx_word' id='word_1_456' title='bbox 415 3630 689 3687; x_wconf 88' lang='lat' dir='ltr'><strong>clamabat</strong></span> <span class='ocrx_word' id='word_1_457' title='bbox 718 3628 784 3662; x_wconf 79' lang='grc'><strong>¹⁸⁵</strong></span> 
     </span>
    </p>
   </div>
   <div class='ocr_carea' id='block_1_67' title="bbox 483 3716 1701 3780">
    <p class='ocr_par' dir='ltr' id='par_1_67' title="bbox 483 3716 1701 3780">
     <span class='ocr_line' id='line_1_67' title="bbox 483 3716 1701 3780; baseline -0.003 -5"><span class='ocrx_word' id='word_1_458' title='bbox 483 3719 615 3776; x_wconf 73' lang='grc'>940.</span> <span class='ocrx_word' id='word_1_459' title='bbox 890 3716 944 3780; x_wconf 83' lang='lat'><strong>3,</strong></span> <span class='ocrx_word' id='word_1_460' title='bbox 1223 3716 1304 3771; x_wconf 74' lang='lat'><strong>12.</strong></span> <span class='ocrx_word' id='word_1_461' title='bbox 1613 3718 1701 3771; x_wconf 78' lang='grc'><strong>35.</strong></span> 
     </span>
    </p>
   </div>
   <div class='ocr_carea' id='block_1_68' title="bbox 486 3806 2023 3883">
    <p class='ocr_par' dir='ltr' id='par_1_68' title="bbox 486 3806 2023 3883">
     <span class='ocr_line' id='line_1_68' title="bbox 486 3806 2023 3883; baseline -0.001 -20"><span class='ocrx_word' id='word_1_462' title='bbox 486 3810 624 3879; x_wconf 60' lang='lat' dir='ltr'><strong>(Msa</strong></span> <span class='ocrx_word' id='word_1_463' title='bbox 654 3809 669 3879; x_wconf 91' lang='lat'><strong>)</strong></span> <span class='ocrx_word' id='word_1_464' title='bbox 702 3808 821 3864; x_wconf 86' lang='lat' dir='ltr'><strong>Otto</strong></span> <span class='ocrx_word' id='word_1_465' title='bbox 853 3808 1150 3878; x_wconf 90' lang='lat' dir='ltr'><strong>imperator</strong></span> <span class='ocrx_word' id='word_1_466' title='bbox 1201 3806 1255 3861; x_wconf 90' lang='lat' dir='ltr'><strong>in</strong></span> <span class='ocrx_word' id='word_1_467' title='bbox 1310 3807 1716 3883; x_wconf 86' lang='lat' dir='ltr'><strong>Lotharingiam</strong></span> <span class='ocrx_word' id='word_1_468' title='bbox 1750 3825 1923 3880; x_wconf 88' lang='lat' dir='ltr'><strong>usque</strong></span> <span class='ocrx_word' id='word_1_469' title='bbox 1956 3809 2023 3862; x_wconf 87' lang='lat' dir='ltr'><strong>ad</strong></span> 
     </span>
    </p>
   </div>
   <div class='ocr_carea' id='block_1_69' title="bbox 416 3899 2021 3974">
    <p class='ocr_par' dir='ltr' id='par_1_69' title="bbox 416 3899 2021 3974">
     <span class='ocr_line' id='line_1_69' title="bbox 416 3899 2021 3974; baseline -0.001 -18"><span class='ocrx_word' id='word_1_470' title='bbox 416 3904 835 3974; x_wconf 88' lang='lat' dir='ltr'><strong>Capremontem</strong></span> <span class='ocrx_word' id='word_1_471' title='bbox 891 3900 1061 3955; x_wconf 91' lang='lat' dir='ltr'><strong>venit.</strong></span> <span class='ocrx_word' id='word_1_472' title='bbox 1122 3899 1353 3971; x_wconf 61' lang='lat' dir='ltr'><strong>(Lmen)</strong></span> <span class='ocrx_word' id='word_1_473' title='bbox 1424 3902 1781 3974; x_wconf 84' lang='lat' dir='ltr'><strong>Berengarius</strong></span> <span class='ocrx_word' id='word_1_474' title='bbox 1814 3902 2021 3971; x_wconf 90' lang='lat' dir='ltr'><strong>junior,</strong></span> 
     </span>
    </p>
   </div>
   <div class='ocr_carea' id='block_1_70' title="bbox 416 3989 2021 4065">
    <p class='ocr_par' dir='ltr' id='par_1_70' title="bbox 416 3989 2021 4065">
     <span class='ocr_line' id='line_1_70' title="bbox 416 3989 2021 4065; baseline -0.002 -19"><span class='ocrx_word' id='word_1_475' title='bbox 416 3990 734 4065; x_wconf 86' lang='lat' dir='ltr'><strong>Berengarii</strong></span> <span class='ocrx_word' id='word_1_476' title='bbox 770 3989 1010 4045; x_wconf 88' lang='lat' dir='ltr'><strong>senioris</strong></span> <span class='ocrx_word' id='word_1_477' title='bbox 1062 4006 1126 4045; x_wconf 93' lang='lat' dir='ltr'><strong>ex</strong></span> <span class='ocrx_word' id='word_1_478' title='bbox 1182 3990 1294 4044; x_wconf 81' lang='lat' dir='ltr'><strong>tilia</strong></span> <span class='ocrx_word' id='word_1_479' title='bbox 1348 4006 1542 4060; x_wconf 86' lang='lat' dir='ltr'><strong>nepos,</strong></span> <span class='ocrx_word' id='word_1_480' title='bbox 1595 3993 1798 4044; x_wconf 85' lang='lat' dir='ltr'><strong>timens</strong></span> <span class='ocrx_word' id='word_1_481' title='bbox 1838 4006 2021 4065; x_wconf 89' lang='lat' dir='ltr'><strong>regem</strong></span> 
     </span>
    </p>
   </div>
   <div class='ocr_carea' id='block_1_71' title="bbox 417 4079 2021 4153">
    <p class='ocr_par' dir='ltr' id='par_1_71' title="bbox 417 4079 2021 4153">
     <span class='ocr_line' id='line_1_71' title="bbox 417 4079 2021 4153; baseline 0.001 -20"><span class='ocrx_word' id='word_1_482' title='bbox 417 4080 697 4153; x_wconf 83' lang='lat' dir='ltr'><strong>Hugonem</strong></span> <span class='ocrx_word' id='word_1_483' title='bbox 738 4094 798 4132; x_wconf 90' lang='lat' dir='ltr'><strong>se</strong></span> <span class='ocrx_word' id='word_1_484' title='bbox 822 4085 1246 4149; x_wconf 90' lang='lat' dir='ltr'><strong>persequentem</strong></span> <span class='ocrx_word' id='word_1_485' title='bbox 1276 4094 1373 4148; x_wconf 91' lang='lat' dir='ltr'><strong>pro</strong></span> <span class='ocrx_word' id='word_1_486' title='bbox 1406 4094 1472 4133; x_wconf 90' lang='lat' dir='ltr'><strong>eo</strong></span> <span class='ocrx_word' id='word_1_487' title='bbox 1504 4079 1651 4149; x_wconf 90' lang='lat' dir='ltr'><strong>quod</strong></span> <span class='ocrx_word' id='word_1_488' title='bbox 1678 4086 1869 4134; x_wconf 91' lang='lat' dir='ltr'><strong>contra</strong></span> <span class='ocrx_word' id='word_1_489' title='bbox 1897 4096 2021 4135; x_wconf 92' lang='lat' dir='ltr'><strong>eum</strong></span> 
     </span>
    </p>
   </div>
   <div class='ocr_carea' id='block_1_72' title="bbox 416 4170 2024 4249">
    <p class='ocr_par' dir='ltr' id='par_1_72' title="bbox 416 4170 2024 4249">
     <span class='ocr_line' id='line_1_72' title="bbox 416 4170 2024 4249; baseline -0.001 -21"><span class='ocrx_word' id='word_1_490' title='bbox 416 4190 645 4249; x_wconf 84' lang='lat' dir='ltr'><strong>regnum</strong></span> <span class='ocrx_word' id='word_1_491' title='bbox 702 4171 868 4227; x_wconf 72' lang='lat' dir='ltr'><strong>Italia:</strong></span> <span class='ocrx_word' id='word_1_492' title='bbox 939 4170 1238 4237; x_wconf 66' lang='lat' dir='ltr'><strong>affectarat,</strong></span> <span class='ocrx_word' id='word_1_493' title='bbox 1285 4171 1354 4225; x_wconf 89' lang='lat' dir='ltr'><strong>ad</strong></span> <span class='ocrx_word' id='word_1_494' title='bbox 1420 4171 1771 4226; x_wconf 79' lang='lat' dir='ltr'><strong>llerimanum</strong></span> <span class='ocrx_word' id='word_1_495' title='bbox 1804 4172 2024 4244; x_wconf 44' lang='lat' dir='ltr'><strong>.Suevo-</strong></span> 
     </span>
    </p>
   </div>
   <div class='ocr_carea' id='block_1_73' title="bbox 415 4260 2024 4337">
    <p class='ocr_par' dir='ltr' id='par_1_73' title="bbox 415 4260 2024 4337">
     <span class='ocr_line' id='line_1_73' title="bbox 415 4260 2024 4337; baseline -0.001 -18"><span class='ocrx_word' id='word_1_496' title='bbox 415 4281 534 4319; x_wconf 90' lang='lat' dir='ltr'><strong>rum</strong></span> <span class='ocrx_word' id='word_1_497' title='bbox 560 4265 781 4328; x_wconf 89' lang='lat' dir='ltr'><strong>ducem,</strong></span> <span class='ocrx_word' id='word_1_498' title='bbox 832 4270 887 4316; x_wconf 92' lang='lat' dir='ltr'><strong>et</strong></span> <span class='ocrx_word' id='word_1_499' title='bbox 917 4278 1015 4332; x_wconf 91' lang='lat' dir='ltr'><strong>per</strong></span> <span class='ocrx_word' id='word_1_500' title='bbox 1043 4276 1165 4315; x_wconf 91' lang='lat' dir='ltr'><strong>eum</strong></span> <span class='ocrx_word' id='word_1_501' title='bbox 1224 4260 1292 4315; x_wconf 89' lang='lat' dir='ltr'><strong>ad</strong></span> <span class='ocrx_word' id='word_1_502' title='bbox 1344 4261 1595 4317; x_wconf 91' lang='lat' dir='ltr'><strong>Ottonem</strong></span> <span class='ocrx_word' id='word_1_503' title='bbox 1648 4278 1833 4333; x_wconf 85' lang='lat' dir='ltr'><strong>regem</strong></span> <span class='ocrx_word' id='word_1_504' title='bbox 1865 4262 2024 4337; x_wconf 81' lang='lat' dir='ltr'><strong>fugit.</strong></span> 
     </span>
    </p>
   </div>
   <div class='ocr_carea' id='block_1_74' title="bbox 417 4352 2028 4426">
    <p class='ocr_par' dir='ltr' id='par_1_74' title="bbox 417 4352 2028 4426">
     <span class='ocr_line' id='line_1_74' title="bbox 417 4352 2028 4426; baseline -0.001 -17"><span class='ocrx_word' id='word_1_505' title='bbox 417 4356 600 4426; x_wconf 77' lang='lat' dir='ltr'><strong>(\Vin.)</strong></span> <span class='ocrx_word' id='word_1_506' title='bbox 626 4355 735 4411; x_wconf 88' lang='lat' dir='ltr'><strong>Rex</strong></span> <span class='ocrx_word' id='word_1_507' title='bbox 766 4355 885 4410; x_wconf 91' lang='lat' dir='ltr'><strong>Otto</strong></span> <span class='ocrx_word' id='word_1_508' title='bbox 945 4352 1245 4408; x_wconf 84' lang='lat' dir='ltr'><strong>Bolizlaum</strong></span> <span class='ocrx_word' id='word_1_509' title='bbox 1305 4354 1447 4409; x_wconf 91' lang='lat' dir='ltr'><strong>bello</strong></span> <span class='ocrx_word' id='word_1_510' title='bbox 1478 4362 1818 4425; x_wconf 88' lang='lat' dir='ltr'><strong>superat;at</strong></span> <span class='ocrx_word' id='word_1_511' title='bbox 1854 4354 2028 4409; x_wconf 86' lang='lat' dir='ltr'><strong>Boliz-</strong></span> 
     </span>
    </p>
   </div>
   <div class='ocr_carea' id='block_1_75' title="bbox 2127 3268 3748 3339">
    <p class='ocr_par' dir='ltr' id='par_1_75' title="bbox 2127 3268 3748 3339">
     <span class='ocr_line' id='line_1_75' title="bbox 2127 3268 3748 3339; baseline 0.006 -19"><span class='ocrx_word' id='word_1_512' title='bbox 2127 3284 2235 3339; x_wconf 91' lang='lat' dir='ltr'><strong>que</strong></span> <span class='ocrx_word' id='word_1_513' title='bbox 2291 3284 2347 3322; x_wconf 89' lang='lat' dir='ltr'><strong>re</strong></span> <span class='ocrx_word' id='word_1_514' title='bbox 2396 3268 2518 3322; x_wconf 88' lang='lat' dir='ltr'><strong>aliis</strong></span> <span class='ocrx_word' id='word_1_515' title='bbox 2562 3269 2783 3324; x_wconf 87' lang='lat' dir='ltr'><strong>territis.</strong></span> <span class='ocrx_word' id='word_1_516' title='bbox 2845 3272 2995 3325; x_wconf 90' lang='lat' dir='ltr'><strong>solus</strong></span> <span class='ocrx_word' id='word_1_517' title='bbox 3053 3287 3143 3325; x_wconf 92' lang='lat' dir='ltr'><strong>rex</strong></span> <span class='ocrx_word' id='word_1_518' title='bbox 3200 3271 3487 3329; x_wconf 86' lang='lat' dir='ltr'><strong>interritus</strong></span> <span class='ocrx_word' id='word_1_519' title='bbox 3545 3284 3748 3330; x_wconf 86' lang='lat' dir='ltr'><strong>manet.</strong></span> 
     </span>
    </p>
   </div>
   <div class='ocr_carea' id='block_1_76' title="bbox 2128 3358 3745 3435">
    <p class='ocr_par' dir='ltr' id='par_1_76' title="bbox 2128 3358 3745 3435">
     <span class='ocr_line' id='line_1_76' title="bbox 2128 3358 3745 3435; baseline 0.006 -24"><span class='ocrx_word' id='word_1_520' title='bbox 2128 3359 2352 3413; x_wconf 86' lang='lat' dir='ltr'><strong>Interim</strong></span> <span class='ocrx_word' id='word_1_521' title='bbox 2376 3358 2566 3414; x_wconf 85' lang='lat' dir='ltr'><strong>fideles</strong></span> <span class='ocrx_word' id='word_1_522' title='bbox 2630 3361 2791 3435; x_wconf 84' lang='lat' dir='ltr'><strong>regis,</strong></span> <span class='ocrx_word' id='word_1_523' title='bbox 2858 3362 2972 3417; x_wconf 88' lang='lat' dir='ltr'><strong>Udo</strong></span> <span class='ocrx_word' id='word_1_524' title='bbox 3019 3362 3278 3418; x_wconf 89' lang='lat' dir='ltr'><strong>videlicet</strong></span> <span class='ocrx_word' id='word_1_525' title='bbox 3328 3372 3383 3420; x_wconf 90' lang='lat' dir='ltr'><strong>et</strong></span> <span class='ocrx_word' id='word_1_526' title='bbox 3436 3366 3745 3431; x_wconf 64' lang='lat' dir='ltr'><strong>(ionradus,</strong></span> 
     </span>
    </p>
   </div>
   <div class='ocr_carea' id='block_1_77' title="bbox 2129 3452 3744 3523">
    <p class='ocr_par' dir='ltr' id='par_1_77' title="bbox 2129 3452 3744 3523">
     <span class='ocr_line' id='line_1_77' title="bbox 2129 3452 3744 3523; baseline 0.006 -18"><span class='ocrx_word' id='word_1_527' title='bbox 2129 3452 2294 3507; x_wconf 87' lang='lat' dir='ltr'><strong>frater</strong></span> <span class='ocrx_word' id='word_1_528' title='bbox 2348 3452 2660 3507; x_wconf 87' lang='lat' dir='ltr'><strong>Herimanni</strong></span> <span class='ocrx_word' id='word_1_529' title='bbox 2716 3455 3015 3511; x_wconf 87' lang='lat' dir='ltr'><strong>Suevorum</strong></span> <span class='ocrx_word' id='word_1_530' title='bbox 3068 3456 3245 3523; x_wconf 89' lang='lat' dir='ltr'><strong>ducis,</strong></span> <span class='ocrx_word' id='word_1_531' title='bbox 3296 3458 3637 3514; x_wconf 84' lang='lat' dir='ltr'><strong>Everardum</strong></span> <span class='ocrx_word' id='word_1_532' title='bbox 3694 3468 3744 3514; x_wconf 87' lang='lat' dir='ltr'><strong>et</strong></span> 
     </span>
    </p>
   </div>
   <div class='ocr_carea' id='block_1_78' title="bbox 2128 3544 3745 3621">
    <p class='ocr_par' dir='ltr' id='par_1_78' title="bbox 2128 3544 3745 3621">
     <span class='ocr_line' id='line_1_78' title="bbox 2128 3544 3745 3621; baseline 0.003 -23"><span class='ocrx_word' id='word_1_533' title='bbox 2128 3544 2494 3598; x_wconf 86' lang='lat' dir='ltr'><strong>Gislebertum</strong></span> <span class='ocrx_word' id='word_1_534' title='bbox 2520 3544 2805 3614; x_wconf 81' lang='lat' dir='ltr'><strong>predando</strong></span> <span class='ocrx_word' id='word_1_535' title='bbox 2868 3563 3040 3618; x_wconf 87' lang='lat' dir='ltr'><strong>regno</strong></span> <span class='ocrx_word' id='word_1_536' title='bbox 3082 3563 3277 3603; x_wconf 89' lang='lat' dir='ltr'><strong>secure</strong></span> <span class='ocrx_word' id='word_1_537' title='bbox 3310 3548 3578 3611; x_wconf 90' lang='lat' dir='ltr'><strong>intentos,</strong></span> <span class='ocrx_word' id='word_1_538' title='bbox 3600 3552 3745 3621; x_wconf 88' lang='lat' dir='ltr'><strong>juxta</strong></span> 
     </span>
    </p>
   </div>
   <div class='ocr_carea' id='block_1_79' title="bbox 2131 3635 3738 3711">
    <p class='ocr_par' dir='ltr' id='par_1_79' title="bbox 2131 3635 3738 3711">
     <span class='ocr_line' id='line_1_79' title="bbox 2131 3635 3738 3711; baseline 0.004 -23"><span class='ocrx_word' id='word_1_539' title='bbox 2131 3636 2381 3690; x_wconf 89' lang='lat' dir='ltr'><strong>Rhenum</strong></span> <span class='ocrx_word' id='word_1_540' title='bbox 2435 3635 2716 3706; x_wconf 85' lang='lat' dir='ltr'><strong>inepinato</strong></span> <span class='ocrx_word' id='word_1_541' title='bbox 2793 3638 3059 3711; x_wconf 84' lang='lat' dir='ltr'><strong>aggressi.</strong></span> <span class='ocrx_word' id='word_1_542' title='bbox 3117 3640 3386 3696; x_wconf 89' lang='lat' dir='ltr'><strong>acerrime</strong></span> <span class='ocrx_word' id='word_1_543' title='bbox 3441 3642 3738 3697; x_wconf 79' lang='lat' dir='ltr'><strong>debellant.</strong></span> 
     </span>
    </p>
   </div>
   <div class='ocr_carea' id='block_1_80' title="bbox 2128 3727 3740 3800">
    <p class='ocr_par' dir='ltr' id='par_1_80' title="bbox 2128 3727 3740 3800">
     <span class='ocr_line' id='line_1_80' title="bbox 2128 3727 3740 3800; baseline 0.004 -19"><span class='ocrx_word' id='word_1_544' title='bbox 2128 3728 2418 3792; x_wconf 79' lang='lat' dir='ltr'><strong>Everardo,</strong></span> <span class='ocrx_word' id='word_1_545' title='bbox 2443 3727 2642 3800; x_wconf 88' lang='lat' dir='ltr'><strong>gladiis</strong></span> <span class='ocrx_word' id='word_1_546' title='bbox 2662 3736 2971 3799; x_wconf 86' lang='lat' dir='ltr'><strong>perempto,</strong></span> <span class='ocrx_word' id='word_1_547' title='bbox 3007 3731 3312 3787; x_wconf 77' lang='lat' dir='ltr'><strong>Gisleberto</strong></span> <span class='ocrx_word' id='word_1_548' title='bbox 3343 3740 3526 3788; x_wconf 89' lang='lat' dir='ltr'><strong>autem</strong></span> <span class='ocrx_word' id='word_1_549' title='bbox 3574 3734 3740 3789; x_wconf 90' lang='lat' dir='ltr'><strong>Rheni</strong></span> 
     </span>
    </p>
   </div>
   <div class='ocr_carea' id='block_1_81' title="bbox 2126 3816 3740 3897">
    <p class='ocr_par' dir='ltr' id='par_1_81' title="bbox 2126 3816 3740 3897">
     <span class='ocr_line' id='line_1_81' title="bbox 2126 3816 3740 3897; baseline 0.003 -26"><span class='ocrx_word' id='word_1_550' title='bbox 2126 3816 2291 3871; x_wconf 89' lang='lat' dir='ltr'><strong>undis</strong></span> <span class='ocrx_word' id='word_1_551' title='bbox 2333 3816 2645 3879; x_wconf 89' lang='lat' dir='ltr'><strong>submerso,</strong></span> <span class='ocrx_word' id='word_1_552' title='bbox 2688 3826 3012 3873; x_wconf 58' lang='lat' dir='ltr'><strong>cmterorum</strong></span> <span class='ocrx_word' id='word_1_553' title='bbox 3061 3820 3146 3874; x_wconf 89' lang='lat' dir='ltr'><strong>vix</strong></span> <span class='ocrx_word' id='word_1_554' title='bbox 3205 3821 3410 3893; x_wconf 89' lang='lat' dir='ltr'><strong>aliquis</strong></span> <span class='ocrx_word' id='word_1_555' title='bbox 3438 3822 3603 3897; x_wconf 87' lang='lat' dir='ltr'><strong>fugit,</strong></span> <span class='ocrx_word' id='word_1_556' title='bbox 3653 3823 3740 3894; x_wconf 88' lang='lat' dir='ltr'><strong>qui</strong></span> 
     </span>
    </p>
   </div>
   <div class='ocr_carea' id='block_1_82' title="bbox 2127 3908 3741 3980">
    <p class='ocr_par' dir='ltr' id='par_1_82' title="bbox 2127 3908 3741 3980">
     <span class='ocr_line' id='line_1_82' title="bbox 2127 3908 3741 3980; baseline 0.003 -18"><span class='ocrx_word' id='word_1_557' title='bbox 2127 3924 2236 3964; x_wconf 89' lang='lat' dir='ltr'><strong>non</strong></span> <span class='ocrx_word' id='word_1_558' title='bbox 2284 3915 2379 3963; x_wconf 90' lang='lat' dir='ltr'><strong>aut</strong></span> <span class='ocrx_word' id='word_1_559' title='bbox 2414 3908 2778 3963; x_wconf 89' lang='lat' dir='ltr'><strong>trucidaretur</strong></span> <span class='ocrx_word' id='word_1_560' title='bbox 2823 3916 2914 3963; x_wconf 88' lang='lat' dir='ltr'><strong>aut</strong></span> <span class='ocrx_word' id='word_1_561' title='bbox 2943 3917 3254 3980; x_wconf 89' lang='lat' dir='ltr'><strong>caperetur.</strong></span> <span class='ocrx_word' id='word_1_562' title='bbox 3283 3912 3394 3967; x_wconf 77' lang='lat' dir='ltr'><strong>Hoc</strong></span> <span class='ocrx_word' id='word_1_563' title='bbox 3425 3914 3625 3970; x_wconf 91' lang='lat' dir='ltr'><strong>nuntio</strong></span> <span class='ocrx_word' id='word_1_564' title='bbox 3660 3915 3741 3968; x_wconf 91' lang='lat' dir='ltr'><strong>in-</strong></span> 
     </span>
    </p>
   </div>
   <div class='ocr_carea' id='block_1_83' title="bbox 2127 3998 3741 4073">
    <p class='ocr_par' dir='ltr' id='par_1_83' title="bbox 2127 3998 3741 4073">
     <span class='ocr_line' id='line_1_83' title="bbox 2127 3998 3741 4073; baseline 0.003 -21"><span class='ocrx_word' id='word_1_565' title='bbox 2127 3999 2278 4053; x_wconf 84' lang='lat' dir='ltr'><strong>tielcs</strong></span> <span class='ocrx_word' id='word_1_566' title='bbox 2334 3999 2479 4072; x_wconf 88' lang='lat' dir='ltr'><strong>regis</strong></span> <span class='ocrx_word' id='word_1_567' title='bbox 2535 3999 2703 4054; x_wconf 90' lang='lat' dir='ltr'><strong>corde</strong></span> <span class='ocrx_word' id='word_1_568' title='bbox 2769 3998 3116 4073; x_wconf 79' lang='lat' dir='ltr'><strong>franguntur,</strong></span> <span class='ocrx_word' id='word_1_569' title='bbox 3181 4009 3237 4058; x_wconf 91' lang='lat' dir='ltr'><strong>et</strong></span> <span class='ocrx_word' id='word_1_570' title='bbox 3294 4003 3628 4059; x_wconf 86' lang='lat' dir='ltr'><strong>Ludowicus</strong></span> <span class='ocrx_word' id='word_1_571' title='bbox 3677 4005 3741 4059; x_wconf 88' lang='lat' dir='ltr'><strong>ab</strong></span> 
     </span>
    </p>
   </div>
   <div class='ocr_carea' id='block_1_84' title="bbox 2127 4090 3743 4171">
    <p class='ocr_par' dir='ltr' id='par_1_84' title="bbox 2127 4090 3743 4171">
     <span class='ocr_line' id='line_1_84' title="bbox 2127 4090 3743 4171; baseline 0.005 -27"><span class='ocrx_word' id='word_1_572' title='bbox 2127 4090 2325 4146; x_wconf 86' lang='lat' dir='ltr'><strong>Alsatia</strong></span> <span class='ocrx_word' id='word_1_573' title='bbox 2352 4090 2607 4156; x_wconf 86' lang='lat' dir='ltr'><strong>discedit,</strong></span> <span class='ocrx_word' id='word_1_574' title='bbox 2638 4100 2692 4146; x_wconf 87' lang='lat' dir='ltr'><strong>et</strong></span> <span class='ocrx_word' id='word_1_575' title='bbox 2716 4108 2807 4147; x_wconf 87' lang='lat' dir='ltr'><strong>rex</strong></span> <span class='ocrx_word' id='word_1_576' title='bbox 2835 4100 2890 4147; x_wconf 91' lang='lat' dir='ltr'><strong>et</strong></span> <span class='ocrx_word' id='word_1_577' title='bbox 2918 4092 3112 4148; x_wconf 82' lang='lat' dir='ltr'><strong>fideles</strong></span> <span class='ocrx_word' id='word_1_578' title='bbox 3147 4093 3268 4160; x_wconf 91' lang='lat' dir='ltr'><strong>ejus</strong></span> <span class='ocrx_word' id='word_1_579' title='bbox 3298 4110 3424 4149; x_wconf 91' lang='lat' dir='ltr'><strong>cum</strong></span> <span class='ocrx_word' id='word_1_580' title='bbox 3454 4095 3577 4166; x_wconf 93' lang='lat' dir='ltr'><strong>ipso</strong></span> <span class='ocrx_word' id='word_1_581' title='bbox 3622 4113 3743 4171; x_wconf 85' lang='lat' dir='ltr'><strong>gra-</strong></span> 
     </span>
    </p>
   </div>
   <div class='ocr_carea' id='block_1_85' title="bbox 2129 4180 3739 4259">
    <p class='ocr_par' dir='ltr' id='par_1_85' title="bbox 2129 4180 3739 4259">
     <span class='ocr_line' id='line_1_85' title="bbox 2129 4180 3739 4259; baseline 0.004 -24"><span class='ocrx_word' id='word_1_582' title='bbox 2129 4188 2312 4235; x_wconf 91' lang='lat' dir='ltr'><strong>tantur</strong></span> <span class='ocrx_word' id='word_1_583' title='bbox 2372 4180 2559 4249; x_wconf 81' lang='lat' dir='ltr'><strong>(Wlu.)</strong></span> <span class='ocrx_word' id='word_1_584' title='bbox 2592 4180 2821 4236; x_wconf 87' lang='lat' dir='ltr'><strong>Uxorem</strong></span> <span class='ocrx_word' id='word_1_585' title='bbox 2864 4181 3156 4237; x_wconf 64' lang='lat' dir='ltr'><strong>tiislcberti</strong></span> <span class='ocrx_word' id='word_1_586' title='bbox 3188 4184 3544 4259; x_wconf 82' lang='lat' dir='ltr'><strong>Gerbergam,</strong></span> <span class='ocrx_word' id='word_1_587' title='bbox 3588 4202 3739 4241; x_wconf 88' lang='lat' dir='ltr'><strong>soro-</strong></span> 
     </span>
    </p>
   </div>
   <div class='ocr_carea' id='block_1_86' title="bbox 2126 4269 3737 4340">
    <p class='ocr_par' dir='ltr' id='par_1_86' title="bbox 2126 4269 3737 4340">
     <span class='ocr_line' id='line_1_86' title="bbox 2126 4269 3737 4340; baseline 0.002 -16"><span class='ocrx_word' id='word_1_588' title='bbox 2126 4286 2239 4324; x_wconf 88' lang='lat' dir='ltr'><strong>rem</strong></span> <span class='ocrx_word' id='word_1_589' title='bbox 2296 4269 2505 4324; x_wconf 87' lang='lat' dir='ltr'><strong>scilicet</strong></span> <span class='ocrx_word' id='word_1_590' title='bbox 2561 4269 2774 4325; x_wconf 88' lang='lat' dir='ltr'><strong>Ottonis</strong></span> <span class='ocrx_word' id='word_1_591' title='bbox 2831 4270 3212 4340; x_wconf 87' lang='lat' dir='ltr'><strong>imperatoris,</strong></span> <span class='ocrx_word' id='word_1_592' title='bbox 3271 4272 3601 4330; x_wconf 82' lang='lat' dir='ltr'><strong>Ludowicus</strong></span> <span class='ocrx_word' id='word_1_593' title='bbox 3651 4292 3737 4329; x_wconf 83' lang='lat' dir='ltr'><strong>rex</strong></span> 
     </span>
    </p>
   </div>
   <div class='ocr_carea' id='block_1_87' title="bbox 2126 4361 3735 4436">
    <p class='ocr_par' dir='ltr' id='par_1_87' title="bbox 2126 4361 3735 4436">
     <span class='ocr_line' id='line_1_87' title="bbox 2126 4361 3735 4436; baseline 0.001 -19"><span class='ocrx_word' id='word_1_594' title='bbox 2126 4363 2281 4417; x_wconf 90' lang='lat' dir='ltr'><strong>duxit</strong></span> <span class='ocrx_word' id='word_1_595' title='bbox 2304 4377 2571 4425; x_wconf 88' lang='lat' dir='ltr'><strong>uxorem;</strong></span> <span class='ocrx_word' id='word_1_596' title='bbox 2613 4361 2779 4417; x_wconf 84' lang='lat' dir='ltr'><strong>filiam</strong></span> <span class='ocrx_word' id='word_1_597' title='bbox 2819 4379 2948 4417; x_wconf 81' lang='lat' dir='ltr'><strong>vero</strong></span> <span class='ocrx_word' id='word_1_598' title='bbox 2989 4363 3280 4420; x_wconf 80' lang='lat' dir='ltr'><strong>Gisleberti</strong></span> <span class='ocrx_word' id='word_1_599' title='bbox 3323 4374 3547 4436; x_wconf 88' lang='lat' dir='ltr'><strong>neptem</strong></span> <span class='ocrx_word' id='word_1_600' title='bbox 3589 4384 3735 4423; x_wconf 88' lang='lat' dir='ltr'><strong>suam</strong></span> 
     </span>
    </p>
   </div>
   <div class='ocr_carea' id='block_1_88' title="bbox 417 4449 3727 4527">
    <p class='ocr_par' dir='ltr' id='par_1_88' title="bbox 417 4449 3727 4527">
     <span class='ocr_line' id='line_1_88' title="bbox 417 4449 3727 4527; baseline 0.002 -21"><span class='ocrx_word' id='word_1_601' title='bbox 417 4451 535 4506; x_wconf 90' lang='lat' dir='ltr'><strong>laus</strong></span> <span class='ocrx_word' id='word_1_602' title='bbox 581 4466 682 4522; x_wconf 93' lang='lat' dir='ltr'><strong>pro</strong></span> <span class='ocrx_word' id='word_1_603' title='bbox 712 4449 941 4505; x_wconf 83' lang='lat' dir='ltr'><strong>victoria</strong></span> <span class='ocrx_word' id='word_1_604' title='bbox 966 4464 1193 4504; x_wconf 89' lang='lat' dir='ltr'><strong>securus</strong></span> <span class='ocrx_word' id='word_1_605' title='bbox 1233 4449 1694 4517; x_wconf 87' lang='lat' dir='ltr'><strong>circumveniens,</strong></span> <span class='ocrx_word' id='word_1_606' title='bbox 1721 4450 2426 4524; x_wconf 82' lang='lat' dir='ltr'><strong>principemDimperator</strong></span> <span class='ocrx_word' id='word_1_607' title='bbox 2479 4452 2732 4506; x_wconf 88' lang='lat' dir='ltr'><strong>Bertaldo</strong></span> <span class='ocrx_word' id='word_1_608' title='bbox 2779 4452 2903 4507; x_wconf 90' lang='lat' dir='ltr'><strong>duci</strong></span> <span class='ocrx_word' id='word_1_609' title='bbox 2961 4454 3333 4523; x_wconf 85' lang='lat' dir='ltr'><strong>Bajoariorum</strong></span> <span class='ocrx_word' id='word_1_610' title='bbox 3403 4458 3727 4527; x_wconf 86' lang='lat' dir='ltr'><strong>despondet.</strong></span> 
     </span>
    </p>
   </div>
   <div class='ocr_carea' id='block_1_89' title="bbox 419 4541 2028 4615">
    <p class='ocr_par' dir='ltr' id='par_1_89' title="bbox 419 4541 2028 4615">
     <span class='ocr_line' id='line_1_89' title="bbox 419 4541 2028 4615; baseline 0 -17"><span class='ocrx_word' id='word_1_611' title='bbox 419 4543 626 4598; x_wconf 65' lang='lat' dir='ltr'><strong>militia:</strong></span> <span class='ocrx_word' id='word_1_612' title='bbox 658 4542 803 4615; x_wconf 87' lang='lat' dir='ltr'><strong>regis</strong></span> <span class='ocrx_word' id='word_1_613' title='bbox 832 4557 955 4598; x_wconf 91' lang='lat' dir='ltr'><strong>cum</strong></span> <span class='ocrx_word' id='word_1_614' title='bbox 1012 4541 1200 4596; x_wconf 90' lang='lat' dir='ltr'><strong>multis</strong></span> <span class='ocrx_word' id='word_1_615' title='bbox 1263 4542 1514 4596; x_wconf 72' lang='lat' dir='ltr'><strong>trucndat.</strong></span> <span class='ocrx_word' id='word_1_616' title='bbox 1572 4542 1681 4596; x_wconf 90' lang='lat' dir='ltr'><strong>Rex</strong></span> <span class='ocrx_word' id='word_1_617' title='bbox 1730 4557 1859 4598; x_wconf 85' lang='lat' dir='ltr'><strong>vero</strong></span> <span class='ocrx_word' id='word_1_618' title='bbox 1892 4543 2028 4598; x_wconf 81' lang='lat' dir='ltr'><strong>Boe-</strong></span> 
     </span>
    </p>
   </div>
   <div class='ocr_carea' id='block_1_90' title="bbox 419 4633 885 4688">
    <p class='ocr_par' dir='ltr' id='par_1_90' title="bbox 419 4633 885 4688">
     <span class='ocr_line' id='line_1_90' title="bbox 419 4633 885 4688; baseline -0.002 -1"><span class='ocrx_word' id='word_1_619' title='bbox 419 4633 587 4688; x_wconf 85' lang='lat' dir='ltr'><strong>miam</strong></span> <span class='ocrx_word' id='word_1_620' title='bbox 618 4633 885 4688; x_wconf 85' lang='lat' dir='ltr'><strong>devastat.</strong></span> 
     </span>
    </p>
   </div>
   <div class='ocr_carea' id='block_1_91' title="bbox 493 4724 1283 4780">
    <p class='ocr_par' dir='ltr' id='par_1_91' title="bbox 493 4724 1283 4780">
     <span class='ocr_line' id='line_1_91' title="bbox 493 4724 1283 4780; baseline -0.001 -1"><span class='ocrx_word' id='word_1_621' title='bbox 493 4726 618 4780; x_wconf 77' lang='grc'>941.</span> <span class='ocrx_word' id='word_1_622' title='bbox 878 4726 932 4778; x_wconf 79' lang='grc'>4.</span> <span class='ocrx_word' id='word_1_623' title='bbox 1198 4724 1283 4778; x_wconf 71' lang='lat' dir='ltr'><strong>t3.</strong></span> 
     </span>
    </p>
   </div>
   <div class='ocr_carea' id='block_1_92' title="bbox 1543 4725 1633 4781">
    <p class='ocr_par' dir='ltr' id='par_1_92' title="bbox 1543 4725 1633 4781">
     <span class='ocr_line' id='line_1_92' title="bbox 1543 4725 1633 4781; baseline 0 0"><span class='ocrx_word' id='word_1_624' title='bbox 1543 4725 1633 4781; x_wconf 88' lang='lat'><strong>36.</strong></span> 
     </span>
    </p>
   </div>
   <div class='ocr_carea' id='block_1_93' title="bbox 495 4814 2033 4895">
    <p class='ocr_par' dir='ltr' id='par_1_93' title="bbox 495 4814 2033 4895">
     <span class='ocr_line' id='line_1_93' title="bbox 495 4814 2033 4895; baseline 0.004 -26"><span class='ocrx_word' id='word_1_625' title='bbox 495 4814 672 4884; x_wconf 63' lang='lat' dir='ltr'><strong>(Mam)</strong></span> <span class='ocrx_word' id='word_1_626' title='bbox 701 4814 1025 4870; x_wconf 86' lang='lat' dir='ltr'><strong>Ludowicus</strong></span> <span class='ocrx_word' id='word_1_627' title='bbox 1079 4833 1171 4871; x_wconf 84' lang='lat' dir='ltr'><strong>rex</strong></span> <span class='ocrx_word' id='word_1_628' title='bbox 1226 4816 1556 4872; x_wconf 86' lang='lat' dir='ltr'><strong>Francorum</strong></span> <span class='ocrx_word' id='word_1_629' title='bbox 1618 4817 2033 4895; x_wconf 78' lang='lat' dir='ltr'><strong>Lotharingiam.</strong></span> 
     </span>
    </p>
   </div>
   <div class='ocr_carea' id='block_1_94' title="bbox 421 4903 2029 4976">
    <p class='ocr_par' dir='ltr' id='par_1_94' title="bbox 421 4903 2029 4976">
     <span class='ocr_line' id='line_1_94' title="bbox 421 4903 2029 4976; baseline 0.003 -18"><span class='ocrx_word' id='word_1_630' title='bbox 421 4903 711 4969; x_wconf 89' lang='lat' dir='ltr'><strong>invadens,</strong></span> <span class='ocrx_word' id='word_1_631' title='bbox 739 4919 915 4976; x_wconf 84' lang='lat' dir='ltr'><strong>usque</strong></span> <span class='ocrx_word' id='word_1_632' title='bbox 946 4903 1015 4958; x_wconf 90' lang='lat' dir='ltr'><strong>ad</strong></span> <span class='ocrx_word' id='word_1_633' title='bbox 1049 4904 1306 4959; x_wconf 84' lang='lat' dir='ltr'><strong>Alsatiam</strong></span> <span class='ocrx_word' id='word_1_634' title='bbox 1365 4905 1538 4971; x_wconf 89' lang='lat' dir='ltr'><strong>venit,</strong></span> <span class='ocrx_word' id='word_1_635' title='bbox 1569 4905 1738 4961; x_wconf 89' lang='lat' dir='ltr'><strong>ductu</strong></span> <span class='ocrx_word' id='word_1_636' title='bbox 1774 4907 2029 4963; x_wconf 86' lang='lat' dir='ltr'><strong>Everardi</strong></span> 
     </span>
    </p>
   </div>
   <div class='ocr_carea' id='block_1_95' title="bbox 421 4991 2026 5067">
    <p class='ocr_par' dir='ltr' id='par_1_95' title="bbox 421 4991 2026 5067">
     <span class='ocr_line' id='line_1_95' title="bbox 421 4991 2026 5067; baseline 0.004 -21"><span class='ocrx_word' id='word_1_637' title='bbox 421 5000 475 5047; x_wconf 91' lang='lat' dir='ltr'><strong>et</strong></span> <span class='ocrx_word' id='word_1_638' title='bbox 501 4991 811 5047; x_wconf 86' lang='lat' dir='ltr'><strong>Gisleberti.</strong></span> <span class='ocrx_word' id='word_1_639' title='bbox 846 4993 1080 5066; x_wconf 57' lang='lat' dir='ltr'><strong>(Lmen)</strong></span> <span class='ocrx_word' id='word_1_640' title='bbox 1134 4995 1246 5049; x_wconf 88' lang='lat' dir='ltr'><strong>Rex</strong></span> <span class='ocrx_word' id='word_1_641' title='bbox 1302 4994 1452 5067; x_wconf 87' lang='lat' dir='ltr'><strong>Hugo</strong></span> <span class='ocrx_word' id='word_1_642' title='bbox 1492 4994 1662 5050; x_wconf 87' lang='lat' dir='ltr'><strong>misso</strong></span> <span class='ocrx_word' id='word_1_643' title='bbox 1715 4996 1821 5050; x_wconf 91' lang='lat' dir='ltr'><strong>sibi</strong></span> <span class='ocrx_word' id='word_1_644' title='bbox 1854 4998 2026 5053; x_wconf 82' lang='lat' dir='ltr'><strong>Greco</strong></span> 
     </span>
    </p>
   </div>
   <div class='ocr_carea' id='block_1_96' title="bbox 420 5081 2030 5158">
    <p class='ocr_par' dir='ltr' id='par_1_96' title="bbox 420 5081 2030 5158">
     <span class='ocr_line' id='line_1_96' title="bbox 420 5081 2030 5158; baseline 0.004 -23"><span class='ocrx_word' id='word_1_645' title='bbox 420 5082 551 5155; x_wconf 88' lang='lat' dir='ltr'><strong>igne</strong></span> <span class='ocrx_word' id='word_1_646' title='bbox 576 5081 645 5137; x_wconf 88' lang='lat' dir='ltr'><strong>ab</strong></span> <span class='ocrx_word' id='word_1_647' title='bbox 702 5081 1035 5154; x_wconf 90' lang='lat' dir='ltr'><strong>imperatore</strong></span> <span class='ocrx_word' id='word_1_648' title='bbox 1095 5083 1388 5140; x_wconf 89' lang='lat' dir='ltr'><strong>Grecorum</strong></span> <span class='ocrx_word' id='word_1_649' title='bbox 1445 5084 1790 5140; x_wconf 85' lang='lat' dir='ltr'><strong>Fraxinetum</strong></span> <span class='ocrx_word' id='word_1_650' title='bbox 1849 5102 2030 5158; x_wconf 85' lang='lat' dir='ltr'><strong>oppu-</strong></span> 
     </span>
    </p>
   </div>
   <div class='ocr_carea' id='block_1_97' title="bbox 417 5172 2029 5249">
    <p class='ocr_par' dir='ltr' id='par_1_97' title="bbox 417 5172 2029 5249">
     <span class='ocr_line' id='line_1_97' title="bbox 417 5172 2029 5249; baseline 0.004 -23"><span class='ocrx_word' id='word_1_651' title='bbox 417 5178 569 5246; x_wconf 88' lang='lat' dir='ltr'><strong>gnat,</strong></span> <span class='ocrx_word' id='word_1_652' title='bbox 610 5178 666 5228; x_wconf 90' lang='lat' dir='ltr'><strong>et</strong></span> <span class='ocrx_word' id='word_1_653' title='bbox 697 5172 927 5230; x_wconf 88' lang='lat' dir='ltr'><strong>navibus</strong></span> <span class='ocrx_word' id='word_1_654' title='bbox 979 5173 1381 5230; x_wconf 89' lang='lat' dir='ltr'><strong>Saracenorum</strong></span> <span class='ocrx_word' id='word_1_655' title='bbox 1429 5174 1639 5230; x_wconf 86' lang='lat' dir='ltr'><strong>exustis</strong></span> <span class='ocrx_word' id='word_1_656' title='bbox 1688 5175 1823 5230; x_wconf 92' lang='lat' dir='ltr'><strong>illud</strong></span> <span class='ocrx_word' id='word_1_657' title='bbox 1853 5193 2029 5249; x_wconf 87' lang='lat' dir='ltr'><strong>expu-</strong></span> 
     </span>
    </p>
   </div>
   <div class='ocr_carea' id='block_1_98' title="bbox 2129 4540 3736 4616">
    <p class='ocr_par' dir='ltr' id='par_1_98' title="bbox 2129 4540 3736 4616">
     <span class='ocr_line' id='line_1_98' title="bbox 2129 4540 3736 4616; baseline 0.002 -20"><span class='ocrx_word' id='word_1_658' title='bbox 2129 4543 2331 4606; x_wconf 82' lang='lat' dir='ltr'><strong>(LtUDP.</strong></span> <span class='ocrx_word' id='word_1_659' title='bbox 2371 4540 2578 4608; x_wconf 77' lang='lat' dir='ltr'><strong>;th.)</strong></span> <span class='ocrx_word' id='word_1_660' title='bbox 2624 4540 2860 4595; x_wconf 89' lang='lat' dir='ltr'><strong>Ducatus</strong></span> <span class='ocrx_word' id='word_1_661' title='bbox 2891 4542 3011 4609; x_wconf 83' lang='lat' dir='ltr'><strong>ejus</strong></span> <span class='ocrx_word' id='word_1_662' title='bbox 3040 4542 3219 4597; x_wconf 90' lang='lat' dir='ltr'><strong>Ottoni</strong></span> <span class='ocrx_word' id='word_1_663' title='bbox 3269 4544 3449 4599; x_wconf 84' lang='lat' dir='ltr'><strong>datur.</strong></span> <span class='ocrx_word' id='word_1_664' title='bbox 3496 4546 3736 4616; x_wconf 84' lang='lat' dir='ltr'><strong>[Adema-</strong></span> 
     </span>
    </p>
   </div>
   <div class='ocr_carea' id='block_1_99' title="bbox 2132 4633 3727 4692">
    <p class='ocr_par' dir='ltr' id='par_1_99' title="bbox 2132 4633 3727 4692">
     <span class='ocr_line' id='line_1_99' title="bbox 2132 4633 3727 4692; baseline 0 -3"><span class='ocrx_word' id='word_1_665' title='bbox 2132 4652 2223 4690; x_wconf 93' lang='lat' dir='ltr'><strong>rus</strong></span> <span class='ocrx_word' id='word_1_666' title='bbox 2276 4633 2720 4689; x_wconf 75' lang='lat' dir='ltr'><strong>Cluniacensium</strong></span> <span class='ocrx_word' id='word_1_667' title='bbox 2774 4633 2946 4688; x_wconf 89' lang='lat' dir='ltr'><strong>abbas</strong></span> <span class='ocrx_word' id='word_1_668' title='bbox 2991 4634 3277 4690; x_wconf 91' lang='lat' dir='ltr'><strong>substituit</strong></span> <span class='ocrx_word' id='word_1_669' title='bbox 3325 4636 3431 4690; x_wconf 92' lang='lat' dir='ltr'><strong>sibi</strong></span> <span class='ocrx_word' id='word_1_670' title='bbox 3480 4637 3727 4692; x_wconf 88' lang='lat' dir='ltr'><strong>abbatem</strong></span> 
     </span>
    </p>
   </div>
   <div class='ocr_carea' id='block_1_100' title="bbox 2128 4723 2496 4779">
    <p class='ocr_par' dir='ltr' id='par_1_100' title="bbox 2128 4723 2496 4779">
     <span class='ocr_line' id='line_1_100' title="bbox 2128 4723 2496 4779; baseline -0.008 -1"><span class='ocrx_word' id='word_1_671' title='bbox 2128 4724 2381 4779; x_wconf 90' lang='lat' dir='ltr'><strong>Maiolum</strong></span> <span class='ocrx_word' id='word_1_672' title='bbox 2409 4723 2496 4775; x_wconf 72' lang='grc'><strong>³⁸⁸.</strong></span> 
     </span>
    </p>
   </div>
   <div class='ocr_carea' id='block_1_101' title="bbox 2200 4811 3460 4868">
    <p class='ocr_par' dir='ltr' id='par_1_101' title="bbox 2200 4811 3460 4868">
     <span class='ocr_line' id='line_1_101' title="bbox 2200 4811 3460 4868; baseline 0 -1"><span class='ocrx_word' id='word_1_673' title='bbox 2200 4814 2325 4867; x_wconf 69' lang='grc'>944.</span> <span class='ocrx_word' id='word_1_674' title='bbox 2621 4811 2671 4865; x_wconf 88' lang='grc'>7.</span> <span class='ocrx_word' id='word_1_675' title='bbox 2964 4812 3051 4866; x_wconf 80' lang='grc'>16.</span> <span class='ocrx_word' id='word_1_676' title='bbox 3367 4812 3460 4868; x_wconf 89' lang='grc'><strong>39.</strong></span> 
     </span>
    </p>
   </div>
   <div class='ocr_carea' id='block_1_102' title="bbox 2204 4889 3734 4976">
    <p class='ocr_par' dir='ltr' id='par_1_102' title="bbox 2204 4889 3734 4976">
     <span class='ocr_line' id='line_1_102' title="bbox 2204 4889 3734 4976; baseline -0.002 -17"><span class='ocrx_word' id='word_1_677' title='bbox 2204 4905 2383 4976; x_wconf 61' lang='lat' dir='ltr'><strong>(Mam)</strong></span> <span class='ocrx_word' id='word_1_678' title='bbox 2418 4904 2537 4958; x_wconf 91' lang='lat' dir='ltr'><strong>Otto</strong></span> <span class='ocrx_word' id='word_1_679' title='bbox 2580 4902 2691 4957; x_wconf 86' lang='lat' dir='ltr'><strong>dux</strong></span> <span class='ocrx_word' id='word_1_680' title='bbox 2750 4902 3190 4958; x_wconf 89' lang='lat' dir='ltr'><strong>Lothariensium</strong></span> <span class='ocrx_word' id='word_1_681' title='bbox 3240 4889 3400 4959; x_wconf 81' lang='lat' dir='ltr'><strong>obiit.</strong></span> <span class='ocrx_word' id='word_1_682' title='bbox 3441 4902 3734 4968; x_wconf 84' lang='lat' dir='ltr'><strong>Conradus,</strong></span> 
     </span>
    </p>
   </div>
   <div class='ocr_carea' id='block_1_103' title="bbox 2130 4994 3733 5074">
    <p class='ocr_par' dir='ltr' id='par_1_103' title="bbox 2130 4994 3733 5074">
     <span class='ocr_line' id='line_1_103' title="bbox 2130 4994 3733 5074; baseline -0.004 -21"><span class='ocrx_word' id='word_1_683' title='bbox 2130 5013 2303 5074; x_wconf 89' lang='lat' dir='ltr'><strong>gener</strong></span> <span class='ocrx_word' id='word_1_684' title='bbox 2331 4996 2474 5069; x_wconf 83' lang='lat' dir='ltr'><strong>regis</strong></span> <span class='ocrx_word' id='word_1_685' title='bbox 2499 4994 2732 5057; x_wconf 91' lang='lat' dir='ltr'><strong>Ottonis,</strong></span> <span class='ocrx_word' id='word_1_686' title='bbox 2765 4994 3027 5049; x_wconf 86' lang='lat' dir='ltr'><strong>succedit.</strong></span> <span class='ocrx_word' id='word_1_687' title='bbox 3077 4994 3317 5065; x_wconf 56' lang='lat' dir='ltr'><strong>(Lmen)</strong></span> <span class='ocrx_word' id='word_1_688' title='bbox 3343 4995 3656 5066; x_wconf 87' lang='lat' dir='ltr'><strong>Stephanus</strong></span> <span class='ocrx_word' id='word_1_689' title='bbox 3685 5001 3733 5048; x_wconf 90' lang='lat' dir='ltr'><strong>et</strong></span> 
     </span>
    </p>
   </div>
   <div class='ocr_carea' id='block_1_104' title="bbox 2132 5081 3733 5154">
    <p class='ocr_par' dir='ltr' id='par_1_104' title="bbox 2132 5081 3733 5154">
     <span class='ocr_line' id='line_1_104' title="bbox 2132 5081 3733 5154; baseline -0.005 -13"><span class='ocrx_word' id='word_1_690' title='bbox 2132 5086 2524 5143; x_wconf 89' lang='lat' dir='ltr'><strong>Constantinus</strong></span> <span class='ocrx_word' id='word_1_691' title='bbox 2547 5083 2929 5154; x_wconf 80' lang='lat' dir='ltr'><strong>imperatores,</strong></span> <span class='ocrx_word' id='word_1_692' title='bbox 2960 5081 3059 5136; x_wconf 81' lang='lat' dir='ltr'><strong>filii</strong></span> <span class='ocrx_word' id='word_1_693' title='bbox 3090 5081 3321 5137; x_wconf 90' lang='lat' dir='ltr'><strong>Romani</strong></span> <span class='ocrx_word' id='word_1_694' title='bbox 3374 5081 3733 5153; x_wconf 87' lang='lat' dir='ltr'><strong>imperatoris,</strong></span> 
     </span>
    </p>
   </div>
   <div class='ocr_carea' id='block_1_105' title="bbox 2130 5169 3731 5252">
    <p class='ocr_par' dir='ltr' id='par_1_105' title="bbox 2130 5169 3731 5252">
     <span class='ocr_line' id='line_1_105' title="bbox 2130 5169 3731 5252; baseline -0.008 -18"><span class='ocrx_word' id='word_1_695' title='bbox 2130 5194 2259 5252; x_wconf 86' lang='lat' dir='ltr'><strong>egre</strong></span> <span class='ocrx_word' id='word_1_696' title='bbox 2287 5176 2524 5231; x_wconf 85' lang='lat' dir='ltr'><strong>ferentes</strong></span> <span class='ocrx_word' id='word_1_697' title='bbox 2541 5188 2600 5228; x_wconf 89' lang='lat' dir='ltr'><strong>se</strong></span> <span class='ocrx_word' id='word_1_698' title='bbox 2625 5172 2771 5241; x_wconf 87' lang='lat' dir='ltr'><strong>justa</strong></span> <span class='ocrx_word' id='word_1_699' title='bbox 2804 5170 2975 5242; x_wconf 90' lang='lat' dir='ltr'><strong>patris</strong></span> <span class='ocrx_word' id='word_1_700' title='bbox 3007 5170 3092 5225; x_wconf 91' lang='lat' dir='ltr'><strong>sui</strong></span> <span class='ocrx_word' id='word_1_701' title='bbox 3124 5170 3422 5225; x_wconf 89' lang='lat' dir='ltr'><strong>severitate</strong></span> <span class='ocrx_word' id='word_1_702' title='bbox 3446 5188 3477 5225; x_wconf 92' lang='lat' dir='ltr'><strong>a</strong></span> <span class='ocrx_word' id='word_1_703' title='bbox 3511 5169 3731 5240; x_wconf 86' lang='lat' dir='ltr'><strong>juvenili</strong></span> 
     </span>
    </p>
   </div>
   <div class='ocr_carea' id='block_1_106' title="bbox 1762 5313 2399 5372">
    <p class='ocr_par' dir='ltr' id='par_1_106' title="bbox 1762 5313 2399 5372">
     <span class='ocr_line' id='line_1_106' title="bbox 1762 5313 2399 5372; baseline -0.003 -5"><span class='ocrx_word' id='word_1_704' title='bbox 1762 5314 1982 5370; x_wconf 65' lang='lat' dir='ltr'><strong>VARl/E</strong></span> <span class='ocrx_word' id='word_1_705' title='bbox 2015 5313 2399 5372; x_wconf 78' lang='lat' dir='ltr'><strong>LECTIONES.</strong></span> 
     </span>
    </p>
   </div>
   <div class='ocr_carea' id='block_1_107' title="bbox 489 5410 1896 5482">
    <p class='ocr_par' dir='ltr' id='par_1_107' title="bbox 489 5410 1896 5482">
     <span class='ocr_line' id='line_1_107' title="bbox 489 5410 1896 5482; baseline 0.004 -18"><span class='ocrx_word' id='word_1_706' title='bbox 489 5410 558 5445; x_wconf 80' lang='grc'><strong>¹⁸²</strong></span> <span class='ocrx_word' id='word_1_707' title='bbox 588 5410 813 5466; x_wconf 82' lang='lat' dir='ltr'><strong>XXXVII</strong></span> <span class='ocrx_word' id='word_1_708' title='bbox 840 5412 954 5479; x_wconf 90' lang='lat' dir='ltr'><strong>Sig.</strong></span> <span class='ocrx_word' id='word_1_709' title='bbox 990 5414 1185 5481; x_wconf 82' lang='lat' dir='ltr'><strong>primo.</strong></span> <span class='ocrx_word' id='word_1_710' title='bbox 1227 5413 1286 5467; x_wconf 88' lang='lat' dir='ltr'><strong>A.</strong></span> <span class='ocrx_word' id='word_1_711' title='bbox 1319 5411 1532 5478; x_wconf 79' lang='lat' dir='ltr'><strong>;XXXl.</strong></span> <span class='ocrx_word' id='word_1_712' title='bbox 1558 5413 1679 5482; x_wconf 86' lang='lat' dir='ltr'><strong>jam</strong></span> <span class='ocrx_word' id='word_1_713' title='bbox 1744 5415 1795 5468; x_wconf 89' lang='grc'>1.</span> <span class='ocrx_word' id='word_1_714' title='bbox 1852 5431 1896 5469; x_wconf 84' lang='lat' dir='ltr'><strong>e.</strong></span> 
     </span>
    </p>
   </div>
   <div class='ocr_carea' id='block_1_108' title="bbox 1954 5410 2908 5478">
    <p class='ocr_par' dir='ltr' id='par_1_108' title="bbox 1954 5410 2908 5478">
     <span class='ocr_line' id='line_1_108' title="bbox 1954 5410 2908 5478; baseline -0.013 -6"><span class='ocrx_word' id='word_1_715' title='bbox 1954 5432 2117 5478; x_wconf 76' lang='lat' dir='ltr'><strong>corr,</strong></span> <span class='ocrx_word' id='word_1_716' title='bbox 2177 5416 2294 5470; x_wconf 78' lang='lat' dir='ltr'><strong>rell.</strong></span> <span class='ocrx_word' id='word_1_717' title='bbox 2355 5412 2423 5447; x_wconf 78' lang='grc'>¹³³</span> <span class='ocrx_word' id='word_1_718' title='bbox 2470 5411 2601 5465; x_wconf 88' lang='lat' dir='ltr'><strong>add.</strong></span> <span class='ocrx_word' id='word_1_719' title='bbox 2645 5410 2726 5462; x_wconf 81' lang='grc' dir='ltr'>1ε.</span> <span class='ocrx_word' id='word_1_720' title='bbox 2792 5410 2908 5462; x_wconf 79' lang='lat' dir='ltr'><strong>rell.</strong></span> 
     </span>
    </p>
   </div>
   <div class='ocr_carea' id='block_1_109' title="bbox 2968 5405 3733 5478">
    <p class='ocr_par' dir='ltr' id='par_1_109' title="bbox 2968 5405 3733 5478">
     <span class='ocr_line' id='line_1_109' title="bbox 2968 5405 3733 5478; baseline -0.007 -16"><span class='ocrx_word' id='word_1_721' title='bbox 2968 5412 3166 5476; x_wconf 81' lang='lat' dir='ltr'><strong>prceter</strong></span> <span class='ocrx_word' id='word_1_722' title='bbox 3192 5405 3345 5471; x_wconf 71' lang='lat'><strong>(12&quot;.,</strong></span> <span class='ocrx_word' id='word_1_723' title='bbox 3385 5409 3475 5461; x_wconf 82' lang='lat' dir='ltr'><strong>cui</strong></span> <span class='ocrx_word' id='word_1_724' title='bbox 3523 5418 3733 5478; x_wconf 71' lang='lat' dir='ltr'><strong>prorsus</strong></span> 
     </span>
    </p>
   </div>
   <div class='ocr_carea' id='block_1_110' title="bbox 416 5475 3732 5587">
    <p class='ocr_par' dir='ltr' id='par_1_110' title="bbox 416 5475 3732 5587">
     <span class='ocr_line' id='line_1_110' title="bbox 416 5475 3732 5586; baseline -0.002 -51"><span class='ocrx_word' id='word_1_725' title='bbox 416 5482 631 5550; x_wconf 80' lang='lat' dir='ltr'><strong>desunt,</strong></span> <span class='ocrx_word' id='word_1_726' title='bbox 655 5488 705 5537; x_wconf 86' lang='lat' dir='ltr'><strong>et</strong></span> <span class='ocrx_word' id='word_1_727' title='bbox 730 5485 787 5537; x_wconf 87' lang='lat' dir='ltr'><strong>A.</strong></span> <span class='ocrx_word' id='word_1_728' title='bbox 820 5475 925 5586; x_wconf 54' lang='lat' dir='ltr'><strong>qui</strong></span> <span class='ocrx_word' id='word_1_729' title='bbox 972 5475 1129 5536; x_wconf 70' lang='lat' dir='ltr'><strong>liabet</strong></span> <span class='ocrx_word' id='word_1_730' title='bbox 1169 5475 1378 5537; x_wconf 81' lang='lat' dir='ltr'><strong>tantum</strong></span> <span class='ocrx_word' id='word_1_731' title='bbox 1408 5475 1592 5546; x_wconf 73' lang='lat' dir='ltr'><strong>;0biit</strong></span> <span class='ocrx_word' id='word_1_732' title='bbox 1641 5485 1755 5540; x_wconf 91' lang='lat' dir='ltr'><strong>Odo</strong></span> <span class='ocrx_word' id='word_1_733' title='bbox 1786 5486 1960 5540; x_wconf 89' lang='lat' dir='ltr'><strong>abbas</strong></span> <span class='ocrx_word' id='word_1_734' title='bbox 2000 5475 2393 5543; x_wconf 82' lang='lat' dir='ltr'><strong>Cluniacensis.</strong></span> <span class='ocrx_word' id='word_1_735' title='bbox 2450 5485 2514 5538; x_wconf 82' lang='lat' dir='ltr'><strong>In</strong></span> <span class='ocrx_word' id='word_1_736' title='bbox 2554 5480 2709 5561; x_wconf 34' lang='lat' dir='ltr'><strong>{nil</strong></span> <span class='ocrx_word' id='word_1_737' title='bbox 2754 5475 3125 5545; x_wconf 26' lang='lat' dir='ltr'><strong>erasum’fuit.</strong></span> <span class='ocrx_word' id='word_1_738' title='bbox 3177 5478 3244 5512; x_wconf 79' lang='grc'><strong>¹⁸⁶</strong></span> <span class='ocrx_word' id='word_1_739' title='bbox 3281 5475 3637 5533; x_wconf 60' lang='grc' dir='ltr'><strong>δεὶΙειι-ἱείω.</strong></span> <span class='ocrx_word' id='word_1_740' title='bbox 3683 5475 3732 5539; x_wconf 89' lang='lat'><strong>3,</strong></span> 
     </span>
     <span class='ocr_line' id='line_1_111' title="bbox 420 5546 3732 5587; baseline 0 0"><span class='ocrx_word' id='word_1_741' title='bbox 420 5553 485 5587; x_wconf 70' lang='grc' dir='ltr'><strong><em>υ</em></strong></span> <span class='ocrx_word' id='word_1_742' title='bbox 540 5553 751 5587; x_wconf 57' lang='lat' dir='ltr'><strong>Aman</strong></span> <span class='ocrx_word' id='word_1_743' title='bbox 809 5554 825 5587; x_wconf 85' lang='grc' dir='ltr'><strong><em>ι</em></strong></span> <span class='ocrx_word' id='word_1_744' title='bbox 856 5554 876 5586; x_wconf 71' lang='lat'><strong>5</strong></span> <span class='ocrx_word' id='word_1_745' title='bbox 913 5552 1117 5587; x_wconf 66' lang='lat' dir='ltr'><strong>[Iuliam</strong></span> <span class='ocrx_word' id='word_1_746' title='bbox 1151 5582 1218 5587; x_wconf 85' lang='lat'><strong>__</strong></span> <span class='ocrx_word' id='word_1_747' title='bbox 1252 5554 1579 5587; x_wconf 65' lang='grc' dir='ltr'><strong>νοηιοηιηιωθ</strong></span> <span class='ocrx_word' id='word_1_748' title='bbox 1614 5557 1706 5587; x_wconf 60' lang='grc' dir='ltr'><strong>αξη</strong></span> <span class='ocrx_word' id='word_1_749' title='bbox 1743 5572 1842 5587; x_wconf 65' lang='grc' dir='ltr'>Μ...</span> <span class='ocrx_word' id='word_1_750' title='bbox 1894 5562 2105 5587; x_wconf 51' lang='lat' dir='ltr'><strong>una“...</strong></span> <span class='ocrx_word' id='word_1_751' title='bbox 2138 5559 2240 5587; x_wconf 62' lang='grc' dir='ltr'>...ιιι</span> <span class='ocrx_word' id='word_1_752' title='bbox 2302 5558 2370 5587; x_wconf 80' lang='lat'><strong>166</strong></span> <span class='ocrx_word' id='word_1_753' title='bbox 2419 5554 2723 5587; x_wconf 64' lang='lat' dir='ltr'><strong>Wolrh-mnc</strong></span> <span class='ocrx_word' id='word_1_754' title='bbox 2780 5550 2882 5587; x_wconf 64' lang='grc' dir='ltr'>ΡΗ</span> <span class='ocrx_word' id='word_1_755' title='bbox 2970 5550 3008 5587; x_wconf 78' lang='grc' dir='ltr'>ῐὶ</span> <span class='ocrx_word' id='word_1_756' title='bbox 3068 5550 3133 5584; x_wconf 71' lang='grc'><strong>187</strong></span> <span class='ocrx_word' id='word_1_757' title='bbox 3188 5565 3223 5587; x_wconf 84' lang='lat' dir='ltr'><strong>n</strong></span> <span class='ocrx_word' id='word_1_758' title='bbox 3277 5565 3329 5587; x_wconf 89' lang='lat' dir='ltr'><strong>m</strong></span> <span class='ocrx_word' id='word_1_759' title='bbox 3391 5550 3428 5587; x_wconf 65' lang='grc' dir='ltr'><strong>[εἴ</strong></span> <span class='ocrx_word' id='word_1_760' title='bbox 3484 5564 3514 5587; x_wconf 75' lang='lat' dir='ltr'><strong>n</strong></span> <span class='ocrx_word' id='word_1_761' title='bbox 3566 5547 3603 5587; x_wconf 69' lang='grc' dir='ltr'><em>Ω</em></span> <span class='ocrx_word' id='word_1_762' title='bbox 3651 5546 3732 5587; x_wconf 68' lang='grc' dir='ltr'><strong>ἠρ-</strong></span> 
     </span>
    </p>
   </div>
   <div class='ocr_carea' id='block_1_111' title="bbox 416 5553 772 5608">
    <p class='ocr_par' dir='ltr' id='par_1_111' title="bbox 416 5553 772 5608">
     <span class='ocr_line' id='line_1_112' title="bbox 416 5553 772 5608; baseline 0.006 -2"><span class='ocrx_word' id='word_1_763' title='bbox 416 5553 504 5607; x_wconf 75' lang='grc'><strong>4’.</strong></span> <span class='ocrx_word' id='word_1_764' title='bbox 539 5553 686 5607; x_wconf 81' lang='lat' dir='ltr'><strong>deest</strong></span> <span class='ocrx_word' id='word_1_765' title='bbox 711 5554 772 5608; x_wconf 92' lang='lat' dir='ltr'><strong>D.</strong></span> 
     </span>
    </p>
   </div>
   <div class='ocr_carea' id='block_1_112' title="bbox 856 5550 3133 5623">
    <p class='ocr_par' dir='ltr' id='par_1_112' title="bbox 856 5550 3133 5623">
     <span class='ocr_line' id='line_1_113' title="bbox 856 5550 3133 5623; baseline -0.001 -18"><span class='ocrx_word' id='word_1_766' title='bbox 856 5554 876 5586; x_wconf 78' lang='grc'>⁸</span> <span class='ocrx_word' id='word_1_767' title='bbox 911 5552 1119 5605; x_wconf 86' lang='lat' dir='ltr'><strong>Italiam</strong></span> <span class='ocrx_word' id='word_1_768' title='bbox 1151 5582 1218 5593; x_wconf 92' lang='lat'><strong>—</strong></span> <span class='ocrx_word' id='word_1_769' title='bbox 1252 5554 1583 5609; x_wconf 89' lang='lat' dir='ltr'><strong>reclamabat</strong></span> <span class='ocrx_word' id='word_1_770' title='bbox 1609 5557 1860 5623; x_wconf 79' lang='lat' dir='ltr'><strong>Sig.cur.</strong></span> <span class='ocrx_word' id='word_1_771' title='bbox 1892 5562 2105 5623; x_wconf 79' lang='lat' dir='ltr'><strong>tertiis;</strong></span> <span class='ocrx_word' id='word_1_772' title='bbox 2138 5559 2258 5613; x_wconf 81' lang='lat' dir='ltr'><strong>rell.</strong></span> <span class='ocrx_word' id='word_1_773' title='bbox 2302 5558 2370 5591; x_wconf 79' lang='grc'>¹⁶⁶</span> <span class='ocrx_word' id='word_1_774' title='bbox 2419 5551 2725 5608; x_wconf 89' lang='lat' dir='ltr'><strong>Waldricus</strong></span> <span class='ocrx_word' id='word_1_775' title='bbox 2780 5550 2901 5604; x_wconf 65' lang='grc' dir='ltr'>ειμι.</span> <span class='ocrx_word' id='word_1_776' title='bbox 2970 5550 3031 5603; x_wconf 90' lang='grc' dir='ltr'><strong>Ι).</strong></span> <span class='ocrx_word' id='word_1_777' title='bbox 3068 5550 3133 5584; x_wconf 73' lang='grc' dir='ltr'><strong>ίδτ</strong></span> 
     </span>
    </p>
   </div>
   <div class='ocr_carea' id='block_1_113' title="bbox 3188 5546 3732 5619">
    <p class='ocr_par' dir='ltr' id='par_1_113' title="bbox 3188 5546 3732 5619">
     <span class='ocr_line' id='line_1_114' title="bbox 3188 5546 3732 5619; baseline -0.006 -17"><span class='ocrx_word' id='word_1_778' title='bbox 3188 5565 3243 5619; x_wconf 90' lang='lat' dir='ltr'><strong>p.</strong></span> <span class='ocrx_word' id='word_1_779' title='bbox 3277 5565 3352 5602; x_wconf 89' lang='lat' dir='ltr'><strong>m.</strong></span> <span class='ocrx_word' id='word_1_780' title='bbox 3391 5550 3428 5603; x_wconf 85' lang='lat' dir='ltr'><strong>E</strong></span> <span class='ocrx_word' id='word_1_781' title='bbox 3484 5564 3535 5603; x_wconf 87' lang='lat' dir='ltr'><strong>e.</strong></span> <span class='ocrx_word' id='word_1_782' title='bbox 3566 5546 3732 5619; x_wconf 48' lang='lat' dir='ltr'><strong>(ide:</strong></span> 
     </span>
    </p>
   </div>
   <div class='ocr_carea' id='block_1_114' title="bbox 414 5615 3733 5699">
    <p class='ocr_par' dir='ltr' id='par_1_114' title="bbox 414 5615 3733 5699">
     <span class='ocr_line' id='line_1_115' title="bbox 414 5615 3733 5699; baseline -0.001 -23"><span class='ocrx_word' id='word_1_783' title='bbox 414 5626 545 5677; x_wconf 83' lang='lat' dir='ltr'><strong>sunt</strong></span> <span class='ocrx_word' id='word_1_784' title='bbox 560 5623 684 5699; x_wconf 52' lang='grc' dir='ltr'><strong>⁸(ξω</strong></span> <span class='ocrx_word' id='word_1_785' title='bbox 721 5624 820 5692; x_wconf 89' lang='lat' dir='ltr'><strong>qui</strong></span> <span class='ocrx_word' id='word_1_786' title='bbox 841 5623 1039 5699; x_wconf 65' lang='lat' dir='ltr'><strong>abhinc</strong></span> <span class='ocrx_word' id='word_1_787' title='bbox 1063 5638 1231 5699; x_wconf 70' lang='lat' dir='ltr'><strong>usque</strong></span> <span class='ocrx_word' id='word_1_788' title='bbox 1249 5626 1497 5699; x_wconf 56' lang='lat' dir='ltr'><strong>adng</strong></span> <span class='ocrx_word' id='word_1_789' title='bbox 1516 5615 1780 5699; x_wconf 57' lang='lat' dir='ltr'><strong>chronica:</strong></span> <span class='ocrx_word' id='word_1_790' title='bbox 1827 5634 1903 5683; x_wconf 82' lang='lat' dir='ltr'><strong>tot</strong></span> <span class='ocrx_word' id='word_1_791' title='bbox 1932 5615 2192 5699; x_wconf 56' lang='lat' dir='ltr'><strong>tantaene</strong></span> <span class='ocrx_word' id='word_1_792' title='bbox 2235 5629 2454 5692; x_wconf 78' lang='lat' dir='ltr'><strong>omittit,</strong></span> <span class='ocrx_word' id='word_1_793' title='bbox 2487 5630 2545 5682; x_wconf 75' lang='lat' dir='ltr'><strong>ut</strong></span> <span class='ocrx_word' id='word_1_794' title='bbox 2574 5641 2637 5680; x_wconf 78' lang='lat' dir='ltr'><strong>ea</strong></span> <span class='ocrx_word' id='word_1_795' title='bbox 2660 5623 2904 5678; x_wconf 82' lang='lat' dir='ltr'><strong>iudicare</strong></span> <span class='ocrx_word' id='word_1_796' title='bbox 2925 5623 3046 5691; x_wconf 83' lang='lat' dir='ltr'><strong>jam</strong></span> <span class='ocrx_word' id='word_1_797' title='bbox 3083 5615 3276 5676; x_wconf 67' lang='lat' dir='ltr'><strong>inutile</strong></span> <span class='ocrx_word' id='word_1_798' title='bbox 3303 5620 3572 5688; x_wconf 76' lang='lat' dir='ltr'><strong>videatur,</strong></span> <span class='ocrx_word' id='word_1_799' title='bbox 3602 5615 3733 5689; x_wconf 78' lang='lat' dir='ltr'><strong>quod</strong></span> 
     </span>
    </p>
   </div>
   <div class='ocr_carea' id='block_1_115' title="bbox 412 5692 2212 5769">
    <p class='ocr_par' dir='ltr' id='par_1_115' title="bbox 412 5692 2212 5769">
     <span class='ocr_line' id='line_1_116' title="bbox 412 5692 2212 5769; baseline 0.004 -21"><span class='ocrx_word' id='word_1_800' title='bbox 412 5692 575 5748; x_wconf 77' lang='lat' dir='ltr'><strong>semel</strong></span> <span class='ocrx_word' id='word_1_801' title='bbox 598 5695 685 5748; x_wconf 77' lang='lat' dir='ltr'><strong>hic</strong></span> <span class='ocrx_word' id='word_1_802' title='bbox 709 5696 971 5749; x_wconf 77' lang='lat' dir='ltr'><strong>monitum</strong></span> <span class='ocrx_word' id='word_1_803' title='bbox 990 5694 1254 5750; x_wconf 80' lang='lat' dir='ltr'><strong>voluimus</strong></span> <span class='ocrx_word' id='word_1_804' title='bbox 1288 5692 1366 5729; x_wconf 49' lang='lat'><strong>“&#39;3—</strong></span> <span class='ocrx_word' id='word_1_805' title='bbox 1382 5696 1514 5751; x_wconf 82' lang='lat' dir='ltr'><strong>add.</strong></span> <span class='ocrx_word' id='word_1_806' title='bbox 1537 5698 1607 5750; x_wconf 66' lang='lat' dir='ltr'><strong>tu.</strong></span> <span class='ocrx_word' id='word_1_807' title='bbox 1650 5699 1769 5753; x_wconf 80' lang='lat' dir='ltr'><strong>rell.</strong></span> <span class='ocrx_word' id='word_1_808' title='bbox 1789 5706 1988 5769; x_wconf 71' lang='lat' dir='ltr'><strong>praeter</strong></span> <span class='ocrx_word' id='word_1_809' title='bbox 2002 5702 2061 5756; x_wconf 82' lang='grc' dir='ltr'>Α.</span> <span class='ocrx_word' id='word_1_810' title='bbox 2083 5692 2212 5758; x_wconf 71' lang='lat'><strong>62*.</strong></span> 
     </span>
    </p>
   </div>
  </div>
