3876 6208
161 343 250 401 185

1675 343 2023 400 CHRONICA.

3388 338 3494 395 186

157 470 368 527 levitate
388 471 669 538 coerceri,
705 466 996 542 dispositis
1022 469 1080 524 in
1111 469 1316 540 palatio
1351 467 1589 537 insidiis,
1621 470 1777 543 igno-
1806 475 1855 542 Α
1883 476 2208 544 conregnet,
2238 468 2574 524 Itatiensium
2604 467 2733 521 tidei
2751 469 3132 534 commendat;
3170 469 3284 538 ipse
3305 465 3492 521 Arela-

159 567 300 616 rante
359 561 538 616 altero
571 557 936 616 Constantino
985 557 1184 613 Leonis
1241 557 1590 630 imperatoris
1639 557 1776 624 filio,

159 657 365 722 patrem
417 651 490 705 dc
529 649 732 722 palatii
791 648 932 704 solio
976 647 1288 717 deponunt,
1320 647 1370 702 ei
1424 656 1582 703 tonso
1637 646 1688 701 ei
1718 653 1778 701 ut

158 743 325 798 moris
355 749 439 797 est
469 742 680 813 capite,
704 740 771 796 ad
799 739 1035 794 vicinam
1062 739 1322 804 insulam,
1353 738 1409 792 in
1439 755 1548 812 qua
1586 754 1775 794 emno-

157 833 280 886 bitae
357 830 922 904 philosophabamur,
984 828 1382 884 transmittunt.
1435 828 1540 882 Sed
1597 828 1774 883 horri-

155 927 321 983 bilem
355 926 627 998 eclypsim
659 927 725 960 ¹⁸⁰
757 941 952 996 passus
991 932 1075 980 est
1105 923 1240 979 feria
1265 924 1321 992 6,
1349 925 1483 980 hora
1525 924 1634 978 diei
1666 932 1778 981 ter-

152 1017 238 1071 tia.
273 1019 396 1082 Quo
419 1015 512 1070 die
545 1015 604 1068 in
638 1013 903 1085 Hispania
927 1012 1197 1068 Addaram
1245 1029 1335 1068 rex
1377 1014 1776 1070 Saracenorum

155 1126 183 1163 a
217 1107 525 1162 Radamiro
563 1105 1027 1161 christianissimo
1073 1121 1201 1180 rege
1263 1105 1472 1160 Galitia:
1526 1105 1580 1160 in
1635 1107 1779 1164 bello

153 1209 455 1275 superatus
485 1210 573 1256 est
645 1201 706 1255 In
739 1200 893 1256 Italia
921 1207 1134 1256 cometa
1186 1202 1340 1256 mirae
1383 1203 1781 1277 magnitudinis

153 1297 439 1370 apparuit,
475 1297 818 1369 portendens
842 1296 1063 1364 famem,
1091 1313 1213 1367 quae
1235 1307 1423 1352 secuta
1454 1305 1555 1354 est.
1592 1300 1735 1364 (Win
1764 1299 1779 1369 )

161 1390 274 1444 Rex
306 1389 435 1444 Otto
467 1404 669 1460 corpus
711 1387 1016 1444 Innocentii
1051 1387 1300 1458 martyris
1340 1389 1395 1444 in
1435 1390 1625 1445 urbem
1667 1391 1777 1446 Ma—

153 1477 507 1550 gathaburch
532 1475 811 1533 transfert.

231 1601 363 1659 945.
591 1601 633 1656 R
695 1601 750 1658 8.
970 1604 1024 1659 F.
1069 1605 1154 1658 17.
1371 1603 1426 1660 C.
1473 1607 1521 1659 1.

229 1692 422 1764 (Nam)
478 1693 599 1749 Otto
644 1694 945 1765 imperator
989 1701 1157 1751 totam
1212 1695 1616 1770 Lotharingiam
1673 1695 1781 1750 sibi

159 1782 510 1856 subjugavit,
543 1783 836 1838 resistente
861 1783 968 1839 sibi
995 1785 1115 1840 solo
1139 1785 1484 1842 Mcttensium
1518 1785 1783 1856 episcopo

162 1877 542 1941 Adalberone,
577 1875 744 1930 fratre
798 1876 957 1932 ducis
1009 1877 1308 1934 Frederici.
1369 1878 1604 1950 (Lwor.)
1660 1879 1782 1932 Ste-

162 1973 385 2044 phanus
431 1977 489 2026 et
539 1970 950 2038 Constantinus,
1001 1971 1274 2036 videntes,
1327 1982 1448 2042 post
1473 1972 1642 2043 patris
1697 1972 1780 2026 sui

165 2063 580 2134 depulsionem,
621 2061 1045 2118 Constantinum
1089 2063 1262 2118 tilium
1303 2065 1499 2118 Leonis
1539 2064 1782 2133 impera-

159 2157 298 2212 toris
328 2154 401 2210 ab
427 2154 694 2210 omnibus
718 2155 824 2208 sibi
858 2154 1111 2226 preferri,
1142 2164 1197 2210 et
1239 2171 1300 2210 se
1325 2155 1437 2224 jam
1469 2156 1555 2210 vix
1605 2155 1660 2210 in
1701 2171 1782 2210 se-

161 2247 364 2304 cundis
392 2247 614 2312 haberi;
643 2263 770 2302 cum
801 2247 1202 2312 deliberarent,
1225 2250 1328 2304 hoc
1358 2249 1508 2320 quod
1540 2249 1610 2304 de
1633 2255 1784 2320 patre

163 2336 437 2404 fecerant,
500 2335 665 2391 etiam
719 2335 786 2390 de
838 2335 1196 2392 Constantino
1242 2337 1458 2402 facere,
1507 2337 1786 2409 publicato

161 2447 358 2487 eorum
402 2429 640 2484 consilio
695 2445 796 2500 per
839 2428 1191 2484 Diabolinum
1230 2429 1572 2486 incentorem
1626 2432 1791 2500 hujus

160 2520 406 2588 consilii,
425 2535 550 2575 cum
573 2519 641 2574 ad
663 2519 975 2574 convivium
997 2535 1063 2575 ex
1093 2521 1352 2576 condicto
1378 2521 1786 2588 consedissent,

163 2619 215 2666 et
245 2612 315 2666 de
345 2611 595 2682 prioratu
617 2609 852 2664 sedendi
877 2609 1018 2664 inter
1048 2624 1106 2663 se
1129 2610 1383 2665 consulto
1414 2611 1786 2675 decertarent,

163 2702 291 2758 dato
344 2700 512 2774 signo
560 2716 591 2754 a
629 2700 764 2754 viris
795 2699 1158 2766 Constantini,
1217 2701 1384 2758 ambo
1414 2702 1611 2758 fratres
1645 2701 1788 2758 solio

165 2791 558 2857 deturbantur,
589 2796 645 2844 et
692 2789 870 2844 tonsis
906 2789 1182 2860 capitibus
1219 2791 1288 2845 ad
1328 2791 1473 2846 idem
1508 2799 1784 2846 monaste~

164 2881 328 2946 rium,
351 2881 421 2934 ad
459 2880 608 2950 quod
637 2888 847 2950 patrem
877 2881 1296 2937 transmiserant
1324 2891 1380 2936 et
1419 2883 1521 2954 ipsi
1557 2883 1626 2937 ad
1651 2883 1784 2952 phi-

161 2969 570 3042 losophandum
641 2985 766 3024 cum
817 2970 1100 3024 monachis
1179 2971 1645 3026 transmittuntur.
1704 2971 1783 3026 Ita

161 3075 432 3123 evacuate
463 3065 668 3136 palatio
697 3065 940 3120 abusivis
994 3067 1439 3136 imperatoribus,
1475 3067 1593 3138 ipse
1651 3067 1784 3121 Con-

158 3157 442 3212 stantinus
467 3164 521 3211 et
551 3156 833 3211 Romanus
859 3155 1006 3212 ﬁlius
1033 3160 1154 3226 ejus
1183 3174 1248 3212 ex
1275 3157 1388 3213 tilia
1415 3160 1646 3216 Romani
1677 3161 1779 3215 im-
1805 3152 1855 3219 C

165 3246 443 3316 peratoris
497 3245 774 3316 imperant
825 3247 987 3302 annis
1045 3247 1111 3302 17
1165 3248 1233 3282 ¹⁰⁰
1283 3249 1466 3319 (\Vtu.)
1515 3237 1789 3307 Barbaros

165 3339 466 3396 occasione
487 3337 736 3392 intestini
769 3337 897 3392 belli
923 3337 1168 3410 undique
1197 3339 1490 3408 irruentes,
1523 3341 1660 3396 (tero
1691 3357 1790 3396 co-

163 3445 287 3484 mes
317 3427 535 3483 fortiter
563 3442 626 3481 ac
642 3425 958 3496 frequenter
985 3427 1244 3482 debellat.
1277 3429 1488 3496 (Hann)
1521 3429 1630 3483 Rex
1663 3430 1789 3485 Otto

167 3519 548 3595 Burgundiam
579 3518 685 3572 sibi
725 3517 997 3588 subjugat.
1042 3518 1227 3588 μνη»)
1285 3520 1417 3589 Βρςὶ
1461 3521 1788 3576 Francorum

165 3609 466 3666 Ludovvico
497 3607 654 3680 Hugo
685 3622 871 3662 comes
897 3607 1219 3663 Parisiensis
1243 3608 1410 3664 nimis
1438 3608 1791 3666 adversatu'r.

173 3698 292 3772 [Hic
313 3698 472 3772 Hugo
505 3697 652 3751 filius
680 3695 781 3750 fuit
812 3695 1058 3751 Rotberti
1093 3697 1330 3767 tyranni,
1357 3698 1412 3752 in
1449 3699 1594 3754 bello
1624 3699 1796 3754 Sues-

174 3793 372 3849 sonieo
395 3791 674 3864 perempti
695 3806 725 3845 a
741 3790 939 3845 Karolo
963 3805 1090 3864 rege
1107 3791 1168 3825 ¹⁹¹
1195 3792 1274 3860 (cf
1319 3793 1506 3863 Flodn}

248 3902 378 3956 946.
709 3900 762 3953 9.
1092 3900 1175 3954 18.
1503 3900 1554 3956 2.

250 3993 444 4062 (Mam)
493 3991 757 4066 Agapitus
793 3990 1069 4062 [Romanae
1120 3992 1383 4047 techesize
1421 3993 1584 4046 132118
1623 3993 1802 4064 presi-

184 4085 300 4140 det.
335 4090 392 4138 et
427 4081 758 4137 Benedictus
795 4081 950 4137 1331³⁸
988 4083 1072 4137 ³³³.
1103 4081 1290 4152 (Win)
1325 4082 1610 4150 Henricus,
1640 4083 1806 4140 frater

186 4175 568 4246 imperatoris,
597 4173 654 4226 in
680 4173 818 4227 urbe
847 4173 1197 4228 Meresburch
1246 4190 1276 4228 a
1319 4173 1482 4229 lratre
1523 4175 1803 4242 obsessus,

185 4263 457 4336 proiectis
485 4263 656 4317 armis
705 4262 774 4316 ad
803 4262 974 4332 pedes
1005 4262 1124 4330 ejus
1163 4262 1460 4332 procidens
1488 4271 1542 4318 et
1586 4264 1804 4319 miseri-

185 4360 436 4416 cordiam
461 4359 786 4428 implorans,
816 4357 870 4411 in
889 4359 1192 4414 custodiam
1233 4358 1551 4416 includitur.
1577 4361 1801 4431 ίιιυορ.)

187 4451 504 4507 Fridericus
533 4449 696 4504 etiam
729 4449 1179 4520 archiepiscopus
1207 4449 1486 4525 Moguntia
1533 4467 1564 4506 a
1595 4451 1808 4508 civibus

1881 572 2018 630 tum,
2050 563 2200 618 unde
2217 568 2462 628 venerat,
2484 560 2702 632 repetit.

2100 741 2248 814 Rege
2279 658 2504 816 Hugone
2531 746 2768 806 mortuo,
2804 653 3089 795 Egtliarius
3110 655 3404 807 liliuzejus
3431 740 3484 792 in

1881 835 2034 889 Italia
2049 834 2167 890 solo
2182 833 2408 888 nomine
2427 838 2652 907 regnat;
2678 831 3041 906 Bcrengarius
3060 838 3178 886 actu
3194 839 3247 886 et
3267 838 3498 902 potesta-

1883 934 1933 980 te
1966 943 2079 988 rex,
2115 932 2167 979 et
2197 925 2410 980 cunctis
2451 933 2734 994 acceptus,
2790 941 2889 995 per
2929 923 3133 977 Italiam
3167 921 3494 992 tyrannizat.

1881 1014 2024 1080 (Win
2054 1013 2070 1084 )
2088 1015 2198 1067 Dux
2219 1013 2482 1081 Bajoarite
2501 1011 3076 1083 HenricusAquileiam
3093 1011 3146 1064 in
3165 1010 3315 1065 Italia
3331 1010 3500 1080 capit,

1883 1109 2132 1180 Ungaros
2163 1108 2248 1162 bis
2277 1115 2522 1178 superat,
2555 1107 2800 1162 Ticinum
2845 1107 3058 1170 transit,
3091 1111 3145 1160 et
3185 1121 3306 1160 cum
3358 1105 3500 1158 mu!-

1883 1201 1952 1256 tis
1981 1199 2260 1254 manubiis
2289 1189 2450 1254 redit.
2486 1201 2560 1262 (ν
2592 1199 2747 1254 .Guib
2776 1202 2791 1263 )
2819 1198 3141 1252 ιηπῃυηίιειε
3173 1203 3376 1251 nostra,
3410 1196 3496 1260 ιω,

1883 1291 2345 1347 Gcmmelacensis
2363 1290 2590 1356 scilicet,
2613 1289 2878 1344 eseclesize
2911 1289 3012 1344 hoc
3039 1303 3185 1343 anno
3215 1285 3496 1358 imperiali

1883 1382 2240 1440 conﬁrmatur
2277 1381 2481 1448 edicto,
2516 1388 2569 1436 et
2595 1380 2746 1435 anuli
2781 1379 3147 1451 impressione
3170 1378 3500 1434 corrobora-

1884 1484 1986 1531 tur.
2031 1473 2304 1538 ErIuinus,
2338 1474 2549 1544 primus
2605 1473 2724 1541 ejus
2751 1472 2855 1527 loci
2909 1471 3079 1526 abbas
3104 1487 3134 1526 a
3169 1478 3362 1526 sancto
3395 1486 3496 1542 pa-

1883 1578 1965 1623 tre
1993 1573 2179 1622 nostro
2207 1565 2499 1620 (Iuicberto
2529 1565 2756 1630 electus,
2788 1563 2840 1616 in
2871 1563 3156 1618 sanctitate
3188 1569 3242 1617 et
3269 1561 3499 1636 religio-

1883 1656 1970 1710 nis
2002 1655 2216 1709 fcrvore
2246 1653 2433 1707 claret.
2478 1653 2615 1720 (Win
2648 1651 3006 1721 )Ludowicus
3033 1667 3128 1704 rex
3160 1651 3492 1705 Francorum

1883 1756 1914 1794 a
1945 1739 2180 1794 ducibus
2204 1739 2320 1794 suis
2350 1741 2777 1805 circumventus,
2831 1756 2859 1793 a
2909 1739 3234 1793 Normannis
3263 1739 3496 1808 capitur,

1815 1847 1863 1915 Β
1885 1835 1938 1882 et
1964 1827 2194 1883 consilio
2227 1828 2470 1900 Hugonis
2509 1828 2832 1902 Lugdunum
2866 1827 3088 1894 missus,
3125 1827 3364 1898 publicae
3396 1842 3494 1882 cu-

1882 1920 2074 1975 stodiaa
2123 1919 2372 1975 traditur.
2458 1921 2858 1975 Karlomannus
2920 1935 3051 1974 vero
3124 1920 3301 1986 major
3358 1916 3505 1973 filius

1792 2057 1798 2062 .
1882 2013 2041 2081 ejus,,
2065 2030 2096 2067 a
2125 2013 2454 2068 Normannis
2487 2012 2775 2080 abductus,
2813 2012 3095 2087 Rotomagi
3117 2011 3368 2067 moritur.

1951 2104 2075 2158 949.
2405 2106 2489 2158 12.
2709 2169 2726 2183 _
2811 2105 2902 2159 si.

1959 2193 2183 2263 (Linon)
2210 2193 2369 2248 Taxis
2400 2209 2491 2248 rex
2535 2193 2872 2264 Ungarorum
2918 2191 2972 2246 in
3008 2191 3214 2246 Italiam
3245 2189 3496 2254 veniens,

1887 2285 2079 2340 decem
2111 2286 2330 2340 modios
2377 2300 2725 2341 nummorum
2759 2300 2789 2338 a
2836 2284 3298 2359 Berengarioyro
3330 2282 3507 2336 reditu

1889 2375 2106 2445 accipit.
2142 2375 2286 2441 (Win
2316 2375 2446 2439 )Rex
2478 2375 2598 2429 Otto
2631 2389 2754 2428 cum
2791 2372 3015 2446 triginta
3053 2371 3270 2425 duabus
3327 2367 3502 2443 legio-

1891 2465 2052 2519 nibus
2083 2464 2362 2518 Franriam
2407 2463 2475 2518 ad
2526 2463 2876 2518 liberandum
2933 2462 3281 2517 Ludmvicum
3312 2475 3502 2533 aggre-

1889 2557 2052 2612 ditur.
2103 2556 2429 2611 I.udowicus
2470 2555 2590 2623 ejus
2623 2561 2766 2608 metu
2820 2572 2848 2608 a
2899 2553 3151 2608 custodia
3204 2552 3498 2606 relaxatur.

1897 2651 2006 2704 Rex
2037 2649 2156 2703 Otto
2188 2647 2509 2720 Lugdunum
2540 2647 2704 2717 capit,
2740 2647 3025 2720 Ilugouem
3077 2645 3219 2699 intra
3262 2643 3505 2698 Parisius

1887 2736 2185 2802 concludit,
2230 2735 2438 2790 Remim
2471 2735 2648 2805 capit;
2709 2734 2952 2808 Ilugonis
3003 2743 3227 2804 nepote,
3256 2733 3349 2804 qui
3392 2732 3506 2804 epi-

1887 2834 2170 2897 sc0patum
2234 2831 2615 2896 usurpaverat,
2659 2825 2909 2894 expulso,
2966 2822 3268 2895 legitimum
3303 2821 3514 2892 episco-

1889 2936 2014 2990 pum
2057 2919 2318 2982 restituit;
2376 2933 2550 2988 usque
2607 2917 3006 2986 Rothoniagum
3053 2922 3304 2986 potenter
3338 2929 3500 2968 acc.»—

1885 3007 1985 3078 pit,
2019 3016 2072 3062 et
2101 3007 2341 3062 castellis
2372 3023 2434 3061 ac
2467 3005 2720 3069 urbibus,
2754 3021 2890 3076 quas
2921 3011 3178 3075 caeperat,
3212 3001 3509 3074 Ludotvieo

1885 3099 2134 3169 redditis,
2169 3101 2223 3154 in
2257 3099 2549 3154 Saxoniam
2587 3097 2764 3168 redit(
2805 3098 2917 3160 09).

1959 3191 2084 3247 950.
2415 3191 2479 3246 13
2826 3189 2914 3243 22.
3243 3189 3294 3242 6.

1963 3283 2137 3352 (Nam)
2189 3281 2289 3336 Per
2337 3281 2454 3336 loca
2500 3281 2684 3336 Gallus
2736 3289 2791 3335 et
2829 3280 3136 3334 Germania:
3188 3278 3410 3350 plurimi
3455 3285 3511 3333 et

1890 3375 2074 3446 magni
2105 3382 2449 3428 terricmotus
2504 3373 2626 3428 facti
2658 3383 2788 3427 sunt
2847 3373 2932 3427 '9‘.
2975 3371 3166 3442 (W10)
3228 3371 3337 3424 Rex
3392 3371 3512 3426 Otto

1891 3467 1945 3521 in
1976 3467 2252 3521 Bocmiam
2309 3473 2503 3521 contra
2533 3465 2832 3520 Bolizlaum
2891 3463 3294 3535 proﬁciscitur;
3347 3462 3516 3518 Boliz-

1894 3559 2013 3611 laus
2041 3571 2172 3610 vero
2199 3556 2313 3629 regi
2355 3555 2762 3619 reconciliatur,
2797 3555 2960 3625 eique
3003 3555 3225 3616 tandem
3273 3552 3516 3608 fideliter

1893 3646 2203 3714 subjicitur.
2249 3645 2398 3718 Rege
2439 3645 2632 3700 Ottonc
2661 3645 2961 3700 secundam
3004 3646 3416 3716 expeditionem
3461 3645 3515 3696 in

1901 3741 2178 3796 Franciam
2214 3747 2464 3809 parante,
2500 3740 2652 3814 Ilugo
2691 3740 2948 3795 virtutem
2983 3739 3104 3810 ejus
3158 3756 3268 3793 non
3309 3740 3516 3804 ferens,

1899 3834 2124 3903 eijuxta
2158 3833 2385 3888 fluvium
2442 3832 2671 3887 Charu‘m
2729 3832 2990 3898 occurrit,
3044 3842 3098 3886 ct
3151 3839 3312 3902 pacto
3368 3832 3520 3901 pacis

1899 3927 2203 3982 secundum
2285 3933 2474 3982 nutum
2534 3924 2683 3999 regis
2753 3923 2945 3990 facto,
3023 3939 3220 3978 manus
3305 3923 3356 3976 ei
3421 3923 3522 3978 de-

1903 4016 1984 4070 dit
2013 4015 2178 4086 (200).

1975 4107 2106 4160 951.
2431 4104 2517 4160 14.
2841 4102 2932 4157 23.
3260 4101 3315 4154 7.

1981 4191 2160 4263 ιΜλιι.)
2205 4189 2485 4262 Moguntia
2525 4190 2593 4245 ab
2656 4189 2854 4246 Ottoue
2907 4190 3237 4260 imperatore
3293 4187 3519 4244 obsessa

1904 4281 2184 4352 est(°2.0l.)
2240 4281 2424 4348 (\Vio.)
2481 4279 2792 4334 Fridericus
2847 4277 3300 4348 archiepiscomis
3323 4283 3520 4345 captus

1907 4380 1962 4427 et
2003 4371 2056 4425 in
2089 4370 2395 4426 custodiam
2437 4377 2640 4436 trusus,
2674 4385 2785 4423 non
2827 4367 2996 4422 multo
3042 4370 3162 4436 post
3205 4379 3304 4433 per
3333 4360 3524 4415 indul-

1909 4463 2148 4538 gentiam
2185 4462 2328 4536 regis
2371 4461 2644 4516 relaxatus
2704 4469 2806 4515 est.
2842 4459 2952 4514 Rex
2993 4458 3114 4512 Otto
3147 4454 3316 4508 lilium
3361 4468 3521 4507 suum

188 4543 524 4600 excluditur.
585 4543 696 4597 Rex
753 4541 874 4596 Otto
922 4515 1134 4598 multos
1183 4515 1376 4598 contra
1422 4559 1482 4598 se
1538 4543 1806 4600 rebellare
1835 4515 2480 4616 Dii'ﬁ'diﬁlmmfmmm
2533 4568 2600 4606 εχ
2640 4551 2752 4606 mia
2793 4550 2936 4624 regis
2976 4547 3294 4619 Anglorum,
3355 4550 3525 4600 ιθειε-

189 4634 487 4689 molientes
517 4633 665 4702 capit
695 4637 788 4685 aut
825 4630 1028 4686 occidit
1091 4631 1233 4701 (Win
1263 4631 1280 4702 )
1311 4630 1524 4688 Mortuo
1556 4633 1808 4690 Bertaldo

189 4727 358 4792 duce,
395 4740 490 4778 rex
521 4722 646 4777 Otto
674 4721 827 4776 fratri
876 4738 974 4777 suo
1017 4722 1250 4778 Henrico
1289 4723 1382 4778 dat
1419 4725 1673 4778 ducatum
1720 4725 1812 4780 Ba-

183 4817 405 4888 joariaa,
439 4822 496 4871 et
519 4815 603 4870 sic
630 4829 758 4870 eum
784 4813 1036 4886 reprimit
1073 4830 1104 4868 a
1128 4813 1454 4870 rebellione.

262 4932 395 4987 947.
731 4928 816 4984 10.
1143 4929 1230 4986 19.
1557 4931 1610 4984 3.
1797 4991 1804 4996 ,

161 5054 172 5063 ο
263 5020 504 5090 (Liuor)
539 5017 930 5091 Berengarium
965 5034 993 5071 a
1035 5017 1232 5072 Suevia
1280 5017 1333 5070 in
1376 5016 1586 5072 Italiam
1618 5034 1809 5074 rever-

189 5129 314 5168 sum
345 5111 548 5167 videns
577 5126 670 5166 rex
715 5109 867 5184 Hugo
887 5109 956 5164 ab
1005 5108 1359 5164 ltaliensibus
1386 5124 1444 5164 se
1473 5109 1696 5166 deserto
1731 5128 1812 5167 re-

189 5201 327 5272 cipi,
371 5199 686 5256 Lotharium
720 5197 892 5254 filium
923 5213 1105 5262 suum,
1146 5204 1205 5252 ut
1233 5197 1430 5252 saltem
1482 5197 1811 5274 Berengario

1911 4652 2100 4698 mento
2135 4657 2322 4715 regem
2353 4648 2482 4712 post
2503 4657 2564 4694 se
2595 4639 2894 4712 designat..

1981 4740 2105 4793 952.
2433 4737 2519 4790 15.
2843 4733 2936 4798 at,
3259 4731 3315 4782 8.

1988 4835 2168 4906 (WID.)
2206 4832 2506 4899 Liedulfus,
2554 4829 2718 4897 ﬁlius,
2762 4828 2972 4885 Ottonis
3027 4825 3394 4897 imperatoris,
3441 4823 3526 4879 in-

1912 4927 2115 4982 stinctu
2147 4921 2382 4978 Conradi
2411 4920 2566 4976 ducis
2594 4935 2717 4975 cum
2749 4933 2815 4974 eo
2865 4923 3054 4972 contra
3110 4923 3317 4986 patrem
3365 4929 3526 4968 suum

1913 5016 2228 5082 rebellavit;
2255 5011 2632 5070 Reincshurch
2664 5009 2834 5081 capit,
2881 5018 2936 5064 ct
2967 5009 3166 5063 multas
3191 5007 3328 5061 alias
3357 5005 3528 5060 urbes

1913 5120 1968 5166 et
2009 5109 2288 5182 principes
2313 5123 2344 5160 a
2391 5111 2547 5176 patre
2577 5103 2644 5158 ad
2684 5119 2743 5157 se
2783 5100 2996 5156 avertit.
3041 5099 3154 5154 Rex
3195 5097 3347 5152 illum
3383 5096 3525 5153 intra

1912 5197 2248 5272 Moguntiam
2275 5193 2599 5250 conclusum
2637 5189 2881 5246 obsidet.

1537 5297 1758 5354 VARIIE
1798 5297 2178 5354 LECTIONES.

263 5399 334 5434 ¹⁸⁹
369 5397 584 5468 eclysin
633 5399 752 5465 Sig.

189 5470 254 5505 ¹⁹¹
275 5471 408 5524 add.
435 5471 515 5523 16.
557 5470 678 5524 rell.
716 5472 920 5539 praeter
944 5473 1002 5522 Α.

871 5396 938 5431 ²⁹⁰
961 5399 1045 5450 ita
1082 5398 1200 5464 Sig.
1253 5399 1328 5460 (at
1380 5401 1568 5466 postea
1623 5405 1914 5454 correctum
1957 5403 2035 5452 est
2075 5398 2257 5464 XVI.),
2311 5397 2404 5449 AI.
2448 5393 2526 5466 73.
2566 5393 2627 5446 D.

1093 5467 1162 5502 ¹⁹³
1188 5477 1243 5522 et
1271 5468 1327 5522 Β.
1368 5468 1524 5524 133ιι³
1547 5469 1736 5524 desunt
1775 5470 1833 5524 D.

2687 5391 2796 5459 (hic
2842 5403 2986 5443 rorr.
3033 5385 3184 5459 xvi.)
3215 5383 3412 5459 _xv_u_t.
3444 5382 3529 5459 Α.

1929 5450 2002 5503 ιέέ
2023 5450 2226 5526 ηοευιαέ
2246 5450 2308 5523 ἐἰ
2364 5450 2575 5520 scilicet
2603 5450 2797 5518 desunt
2851 5461 2911 5513 A.
2948 5459 3041 5512 BI.
3073 5450 3174 5510 3*.
3210 5455 3264 5511 5.
3305 5455 3396 5508 CI.
3439 5450 3534 5504 2".

188 5541 224 5594 3
276 5541 610 5596 Immuuitas
632 5571 692 5581 —
717 5538 902 5595 claret
938 5539 1132 5594 desunt
1154 5538 1278 5596 ομ.
1310 5539 1369 5593 Ι).
1404 5539 1470 5574 '9‘
1494 5539 1596 5594 Per
1623 5571 1692 5580 —-
1715 5546 1843 5596 sunt
1875 5541 2066 5594 desunt
2095 5539 2155 5593 D.

1767 5635 1972 5694 NOT/E.

261 5734 416 5802 (I99)
448 5736 508 5789 Α.
553 5735 682 5790 946.

261 5804 408 5876 (200)
439 5807 496 5865 Α.
531 5807 662 5864 947.

1989 5733 2132 5804 (201)
2158 5733 2217 5787 Α.
2247 5732 2374 5786 953.
