3876 6208
340 269 435 324 187
728 287 736 298 ·
1542 267 1887 322 SIGEBERTI
1928 265 2439 322 GEMBLACENSIS.

403 394 526 451 953.
747 396 809 451 Β.
854 396 939 452 16.
1159 397 1216 450 F.
1257 396 1347 452 25.
1570 396 1623 451 C.
1668 396 1721 451 9.

406 487 524 556 (1b.)
555 488 761 543 Bellum
804 488 908 543 fuit
934 504 1102 558 super
1128 487 1329 543 Mosam
1387 488 1529 542 inter
1559 487 1863 543 Conradum
1893 494 1948 542 et

339 580 665 652 Ragincrum
709 581 1138 653 Haginocnsium
1186 583 1253 616 ¹⁹⁵
1297 581 1577 636 comitem.
1625 581 1714 651 (V.
1755 583 1944 649 Brun.)

335 668 544 724 Mortuo
604 669 866 724 Wicfrido
934 669 1343 724 Coloniensium
1411 668 1943 738 archiepiscopatum

337 761 583 830 suscepit
631 760 713 815 vir
741 761 1014 836 gloriosus
1069 763 1270 827 Bruno,
1313 760 1478 816 frater
1533 761 1746 816 Ottonis
1778 761 1952 831 impe-

3572 270 3676 324 188

1972 401 2025 468 Α
2051 405 2106 451 et
2138 396 2427 465 attenuati,
2470 403 2531 450 ut
2559 396 2699 450 ultra
2721 395 2835 464 jam
2885 411 2988 452 nec
3037 397 3257 452 muttire
3294 397 3414 451 ausi
3449 396 3672 452 fuerint.

2052 488 2110 540 ln
2144 493 2354 540 tantum
2379 485 2585 556 quippe
2625 484 2848 540 contriti
2882 493 3029 552 sunt,
3063 492 3120 539 ut
3151 484 3335 540 nullus
3365 493 3463 540 aut
3519 503 3673 540 rarus

2049 591 2239 631 eorum
2277 575 2552 629 evaderet.
2598 573 2880 630 Conradus
2909 582 3093 629 tamen
3143 574 3452 629 secundum
3484 582 3672 629 votum

2053 688 2210 726 suum
2239 671 2312 725 ibi
2345 670 2621 726 occubuit.
2654 670 2785 724 Tres
2829 669 3004 744 reguli
3045 670 3382 741 Ungarorum
3429 671 3484 724 in
3520 669 3670 724 bello

2054 761 2217 831 capti,
2252 760 2556 830 suspendio
2579 758 2874 829 perierunt.
2903 759 2995 829 (V.
3027 758 3216 828 Brun.)
3245 759 3427 813 Bruno
3459 759 3672 813 archie-

338 851 570 916 ratoris;
621 852 715 922 qui
745 859 984 922 quantus
1038 851 1284 921 qualisve
1316 850 1481 905 fuerit
1507 851 1652 920 apud
1684 851 1854 904 Deum
1898 857 1953 905 et
2055 849 2336 920 piscopus,
2366 857 2418 902 et
2449 848 2708 902 ducatum
2735 847 3172 902 Lothariensium
3198 855 3322 918 post
3351 847 3666 902 Conradum

340 939 612 1004 homines,
662 940 833 994 lector
857 940 1065 994 ediscat
1100 939 1152 992 in
1181 939 1289 993 vita
1349 938 1549 1009 ipsius,
1583 955 1743 1009 quam
1779 939 1949 1012 Roge-

339 1046 430 1084 rus
487 1030 794 1085 luculenter
852 1030 1162 1100 descripsit.
1213 1030 1382 1101 Hujus
1448 1029 1630 1084 studio
1688 1029 1947 1084 translata

337 1132 467 1178 sunt
522 1141 552 1178 a
585 1125 753 1178 Roma
793 1123 1072 1179 Coloniam
1131 1139 1362 1195 corpora
1416 1132 1730 1178 sanctorum
1778 1123 1942 1189 Elifii,

337 1213 612 1278 Patrocli,
678 1211 924 1276 Privati,
981 1213 1272 1286 Gregorii,
1320 1229 1442 1267 cum
1518 1212 1713 1269 baculo
1771 1214 1945 1268 sancti

338 1299 476 1351 Petri
509 1300 590 1352 ηδ.

404 1386 527 1441 954.
859 1388 944 1442 17.
1272 1389 1361 1442 26.
1691 1388 1775 1444 10.

402 1479 700 1549 (Ευιαυικ)
759 1479 1051 1533 Hatlierius
1117 1480 1200 1533 bis
1266 1480 1592 1550 epiSCOpatu
1639 1481 1944 1536 Vcronensi

335 1569 619 1638 depulsus,
650 1569 1068 1622 Lcodicensium
1095 1569 1392 1639 episcopus
1414 1586 1512 1640 per
1533 1571 1844 1625 Brunonem
1867 1589 1948 1626 ar-

2052 944 2305 1013 adcptus,
2372 941 2691 998 coenobium
2750 941 2922 996 sancti
3009 941 3364 996 Pantaleonis
3424 941 3670 996 Coloniae

2048 1033 2371 1091 construxit.
2420 1034 2601 1104 (εγω.)
2657 1033 2921 1088 Henricus
2977 1033 3087 1087 dux
3151 1032 3436 1102 Bajoarias,
3497 1032 3674 1087 frater

2049 1122 2192 1195 regis
2221 1121 2453 1188 Ottonis,
2497 1121 2762 1188 moritur;
2815 1120 2963 1177 filius
2990 1122 3111 1190 ejus
3141 1121 3408 1177 Henricus
3447 1121 3497 1176 ei
3543 1137 3677 1176 suc-

2047 1211 2212 1266 cedit.

2117 1300 2238 1356 958.
2565 1301 2625 1354 2i
2644 1343 2656 1354 .
2981 1301 3032 1353 3.
3370 1301 3454 1354 14.

2121 1389 2404 1460 (A.Leod.)
2430 1387 2688 1442 Erluinus
2720 1387 2932 1458 primus
2970 1387 3146 1442 abbas
3199 1387 3676 1442 Gemmelacensis

2049 1481 2252 1536 lumine
2275 1481 2561 1536 oculorum
2593 1481 2837 1551 privatur
2868 1480 2986 1534 ¹⁹⁸.ῐ·
3015 1482 3107 1547 (V.
3144 1482 3336 1546 Brun.)
3367 1480 3551 1535 Bruno
3583 1497 3673 1534 ar-

2048 1571 2437 1641 chiepiscopus
2456 1570 2641 1640 plures
2671 1570 3133 1624 Nortmannorum
3165 1585 3288 1622 cum
3323 1568 3672 1639 principibus

334 1661 744 1730 elliepiscOpum
775 1661 1062 1713 ordinatur
1085 1666 1206 1729 post
1238 1660 1606 1715 Farabertum.
1642 1663 1733 1732 (V.
1764 1663 1944 1734 Guib.)
1975 1701 2024 1768 Β
2048 1679 2235 1719 corum
2279 1663 2544 1734 baptizari
2580 1662 2727 1718 fecit.
2776 1663 2962 1733 (\Vln.)
2991 1662 3363 1716 Guicmannus
3392 1662 3625 1718 rebellis
3645 1680 3675 1717 a

337 1755 657 1809 lmmunitas
680 1761 878 1808 nostrae
906 1754 992 1814 ηδτ,
1019 1753 1483 1810 Gemmelacensis
1503 1757 1730 1821 scilicet,
1759 1758 1947 1813 incele-

337 1846 431 1900 siae
453 1845 618 1899 etiam
659 1845 960 1915 apostolica
1005 1846 1332 1901 auctoritate
1386 1864 1416 1901 a
1458 1848 1754 1904 Benedicto
1807 1866 1948 1921 papa

343 1933 750 2000 corroboratur,
786 1950 930 1989 anno
972 1936 1206 2005 septimo
1256 1937 1522 2006 pontificii
1560 1938 1699 2006 ejus.
1761 1938 1948 2011 (Wlo.)

347 2026 458 2079 ch
479 2025 600 2080 Otto
628 2042 850 2081 uxorem
883 2027 1183 2082 secundam
1205 2028 1356 2084 ducit
1386 2029 1632 2084 relictam
1675 2031 1950 2090 Ludowici

346 2114 604 2168 Italorum
639 2115 806 2188 regis,
839 2124 892 2170 et
927 2132 1025 2186 per
1055 2133 1174 2171 eam
1209 2117 1427 2188 Papiam
1468 2119 1687 2190 accipit,

413 2201 536 2257 955.
868 2205 951 2259 18.
1277 2207 1365 2260 27.
1690 2210 1753 2262 11
1772 2251 1782 2264 .

420 2291 620 2362 {FULC.)
658 2293 912 2348 Liedulfo
953 2293 1020 2347 ad
1053 2293 1282 2365 gratiam
1325 2295 1493 2365 patris
1535 2296 1784 2363 reducto,
1824 2314 1952 2354 con-

345 2381 508 2434 radus
539 2381 667 2445 dux,
709 2382 801 2436 Dei
844 2390 897 2437 et
940 2382 1283 2452 imperatoris
1330 2384 1627 2458 transfuga,
1680 2387 1745 2440 ad
1782 2388 1954 2463 Unga-

344 2486 434 2523 ros
488 2486 549 2524 se
606 2470 924 2536 conferens,
958 2487 1054 2526 eos
1110 2472 1164 2524 in
1217 2473 1623 2547 Lotharingiam
1657 2492 1828 2547 usque
1884 2478 1953 2531 ad

343 2560 728 2616 Carbonariam
770 2562 960 2616 silvam
991 2564 1274 2634 perduxit;
1308 2572 1363 2619 et
1417 2566 1619 2621 virtute
1664 2567 1760 2621 Dei
1807 2568 1953 2639 apud

347 2650 543 2705 Lobias
592 2662 782 2707 contra
810 2669 906 2709 eos
937 2661 1179 2720 ostensa,
1221 2655 1362 2709 ultra
1413 2656 1633 2726 prodire
1668 2657 1952 2728 prohibiti,

347 2741 572 2810 impune
631 2745 883 2800 redeunt.
941 2745 1034 2816 (A.
1089 2747 1234 2816 Lob.)
1292 2747 1565 2804 Ludovico
1621 2749 1954 2804 Francorum

349 2848 476 2905 rege
508 2841 744 2900 mortuo,
781 2835 1088 2901 Lotharius,
1122 2836 1268 2891 filius
1310 2839 1430 2906 ejus
1460 2857 1524 2893 ex
1555 2841 1829 2914 Gerberga
1861 2858 1956 2896 so-

351 2940 473 2980 rore
525 2927 888 2997 imperatoris,
919 2931 1166 3004 regnavit
1209 2932 1370 2986 annis
1398 2934 1488 2986 22.
1536 2935 1719 3006 (\Vln.)
1754 2937 1956 2991 Beren-

350 3015 535 3086 garius
565 3032 656 3070 rex
700 3018 866 3072 Italia:
901 3020 957 3073 in
989 3021 1333 3076 Germaniam
1383 3024 1449 3078 ad
1482 3041 1667 3098 regem
1705 3025 1951 3082 Ottonem

2051 1756 2187 1812 facie
2210 1757 2354 1829 regis
2381 1756 2595 1811 Ottonis
2635 1765 2786 1810 trans
2816 1755 3025 1809 Albiam
3072 1754 3309 1828 fugiens,
3351 1755 3582 1810 Sclavos
3618 1756 3671 1809 in

2051 1868 2279 1927 regnum
2312 1853 2433 1919 ejus
2462 1851 2756 1915 conduxit;
2789 1865 2929 1920 quos
2975 1864 3069 1902 rex
3101 1847 3320 1904 fortiter
3349 1847 3674 1912 debellavit,

2051 1941 2238 1997 occiso
2281 1940 2470 2015 regulo
2502 1955 2692 1994 eorum
2716 1954 2837 1993 cum
2867 1939 3078 2005 multis,
3104 1945 3158 1992 et
3187 1937 3293 1991 700
3315 1937 3554 2007 captivis
3583 1953 3670 1992 ca-

2054 2031 2169 2102 pite
2199 2030 2375 2084 caesis.

2121 2125 2248 2178 959.
2571 2120 2661 2176 22.
2987 2121 3040 2173 4.
3371 2120 3460 2174 15.

2125 2215 2267 2285 (Man
2296 2215 2310 2284 )
2342 2214 2624 2268 Johannes
2654 2213 2913 2267 Romanae
2944 2210 3389 2266 aecclesize‘l34us
3411 2211 3680 2280 praesidet

2055 2307 2138 2358 ‘99.
2162 2306 2459 2376 (Fumum)
2475 2305 2655 2358 Druno
2671 2302 3466 2373 aschiepiscOpusetarchidux
3483 2301 3680 2357 Lotha-

2057 2395 2273 2468 ringiaa,
2307 2393 2583 2448 secundas
2613 2399 2795 2462 partes
2823 2392 2880 2445 ili
2906 2407 3078 2464 regno
3107 2391 3288 2445 fratris
3307 2390 3391 2445 sui
3418 2397 3680 2461 potenter

2057 2499 2111 2542 et
2153 2487 2426 2541 industrie
2463 2485 2899 2551 amministrans,
2944 2483 3273 2555 Haginerum
3319 2482 3674 2538 Montensem

2055 2576 2335 2642 comitem,
2389 2575 2482 2646 qui
2535 2573 2885 2648 Longicollus
2943 2573 3464 2648 cognominabatur,
3528 2573 3674 2644 apud

2056 2665 2406 2720 Valentianas
2467 2671 2750 2719 evocatum
2830 2664 2978 2734 capit
3032 2671 3087 2718 et
3144 2663 3448 2719 invocabili
3512 2663 3679 2719 exilio

2055 2756 2337 2812 damnavit
2368 2770 2466 2826 pro
2509 2770 2576 2810 eo
2605 2755 2753 2826 quod
2783 2770 3014 2828 regnum
3068 2753 3234 2808 bellis
3286 2753 3678 2824 inquietabat;

2055 2849 2140 2903 vel
2169 2848 2318 2919 quod
2349 2847 2532 2901 verius
2565 2845 2730 2900 fuisse
2757 2846 2978 2910 dicitur,
3011 2861 3110 2916 pro
3141 2861 3206 2901 eo
3239 2846 3389 2917 quod
3451 2854 3678 2902 mortuo

2058 2935 2366 2991 Gisleberto
2389 2935 2530 2989 duce
2549 2933 2968 3008 consanguineo
2990 2949 3111 2998 suo,
3143 2949 3208 2988 ea
3233 2950 3355 3005 qua
3390 2935 3680 2990 Gisleber-

2059 3036 2146 3081 tus
2175 3027 2328 3081 uxori
2360 3042 2471 3080 sua:
2489 3025 2780 3098 Gcrbergie
2801 3041 2991 3080 sorore
3016 3026 3367 3096 imperatoris
3400 3027 3458 3080 in
3489 3028 3679 3082 dotem

351 3103 519 3170 venit,
551 3104 713 3176 eique
758 3108 870 3162 suis
925 3109 1122 3180 suique
1178 3111 1275 3165 filii
1322 3113 1577 3168 manibus
1626 3115 1784 3181 daiis,
1817 3133 1876 3171 se
1907 3119 1958 3172 ei
1987 3094 2035 3163 (ἶ
2059 3116 2386 3181 contulerat,
2417 3114 2692 3168 violenter
2718 3113 2767 3168 ei
2801 3114 3019 3168 auferre
3038 3115 3425 3184 praesumebat.
3463 3116 3635 3186 (BALD
3669 3159 3682 3183 ,

351 3195 664 3251 committit.
699 3198 822 3269 (1b.)
853 3201 893 3253 A
923 3201 1185 3269 Bajoariis
1217 3210 1405 3258 contra
1445 3205 1666 3262 Sclavos
1695 3217 1957 3279 prospere

352 3295 647 3356 pugnatur.

421 3377 544 3430 056.
875 3381 958 3436 19.
1287 3384 1338 3438 1.
1668 3388 1755 3441 12.

422 3470 517 3538 (Ib)
551 3471 609 3523 ln
644 3470 797 3526 Italia
836 3472 976 3544 lapis
1020 3476 1170 3532 mira:
1212 3480 1606 3553 magnitudinis
1635 3484 1840 3538 tonitru
1893 3501 1957 3539 ac

353 3568 678 3630 tempestate
710 3563 1023 3621 turbulenta
1051 3569 1120 3622 de
1148 3571 1280 3624 caelo
1314 3571 1506 3639 iactus,
1556 3573 1750 3646 ingens
1788 3577 1954 3631 mira-

352 3651 533 3707 culum
562 3655 878 3712 videntibus
909 3661 1142 3729 prebuit.
1176 3663 1399 3734 Templa
1426 3665 1704 3738 plerisque
1734 3668 1787 3722 in
1821 3667 1955 3724 locis

352 3741 530 3797 valida
562 3751 886 3815 tempestate
912 3764 1179 3805 concussa
1209 3761 1357 3807 sunt.
1412 3753 1699 3827 Utriusque
1745 3757 1956 3812 ordinis

353 3831 667 3887 sacerdotes
705 3835 812 3890 ictu
846 3835 1095 3892 fulminis
1135 3840 1483 3908 interierunt,
1545 3850 1597 3898 et
1629 3845 1784 3914 plura
1837 3846 1959 3900 hor-

355 3923 521 3976 renda
534 3923 679 3979 dictu
698 3935 950 3996 portenta
977 3939 1279 3987 monstrata
1296 3944 1440 3988 sunt.
1470 3935 1656 4007 (Mam)
1681 3936 1957 3993 Friderico

353 4011 643 4086 Moguntiae
677 4017 1098 4091 archiepiscopo
1130 4029 1365 4078 mortuo.
1414 4024 1757 4089 Guillclmus,
1812 4026 1959 4082 filius

350 4105 561 4161 Ottonis
591 4109 959 4181 imperatoris,
1005 4116 1377 4173 substituitur.
1411 4121 1481 4188 (Α
1560 4121 1718 4186 Lob.;
1766 4121 1956 4195 FULc.)

352 4196 608 4255 Hatherio
657 4202 724 4255 ab
750 4204 1070 4275 episcopatu
1128 4207 1546 4264 Leodicensium
1600 4210 1799 4280 ejecto,
1835 4213 1957 4266 Bal-

2060 3224 2098 3272 l,
2128 3206 2218 3276 94)
2251 3206 2416 3260 Bonis
2446 3205 2704 3279 Ragineri
2732 3206 2799 3260 ad
2830 3205 3022 3262 fiscum
3069 3207 3384 3276 publicatis,
3422 3206 3524 3261 filii
3556 3209 3682 3277 ejus

2060 3297 2366 3369 Raginerus
2397 3304 2452 3352 et
2491 3297 2808 3351 Lambertus
2839 3298 2907 3350 ad
2968 3297 3277 3352 Lotharium
3336 3298 3681 3354 Francorum

2058 3403 2243 3459 regem
2272 3387 2660 3461 confugerunt.
2695 3389 3015 3462 Prodigiosa
3045 3405 3134 3443 res
3187 3389 3390 3444 multos
3425 3399 3602 3445 terret
3635 3400 3689 3445 et

2058 3478 2262 3533 avitiis
2285 3485 2523 3542 coercet,
2569 3479 2718 3533 notis
2767 3479 2947 3533 crucis
2993 3479 3047 3532 in
3092 3487 3242 3534 veste
3301 3480 3675 3550 plurimorum

2056 3570 2472 3641 apparentibus,
2503 3571 2848 3641 quorundam
2888 3579 3070 3626 autem
3099 3572 3347 3626 vestibus
3388 3574 3552 3644 quasi
3602 3574 3686 3628 le-

2057 3679 2155 3733 pra
2191 3662 2567 3717 sordentibus.
2603 3660 2770 3734 [Obiit
2807 3671 3031 3719 sanctus
3079 3663 3355 3718 Gerardus
3415 3664 3687 3720 fundator

2061 3751 2376 3806 Broniensis
2404 3750 2645 3805 caanobii
2678 3749 2790 3822 ’00.]

2128 3843 2254 3898 960.
2577 3842 2669 3897 23.
2998 3844 3051 3895 4.
3379 3843 3472 3899 16.

2129 3931 2336 4001 (ΒΑιυ.)
2371 3930 2481 3986 Hoc
2505 3937 2755 4001 tempore
2793 3946 2894 4000 per
2932 3929 3253 3985 industriam
3315 3929 3536 3987 Ottonis
3563 3949 3686 3988 me-

2060 4019 2255 4074 liorato
2282 4019 2500 4090 imperii
2527 4027 2582 4072 et
2626 4019 2894 4074 incelesize
2927 4026 3095 4088 statu,
3136 4020 3306 4074 multa
3338 4025 3685 4079 monasteria

2031 4114 2378 4170 'etcwnobia
2404 4113 2472 4167 ad
2492 4113 2710 4167 laudem
2740 4114 2832 4168 Dei
2862 4121 2916 4169 et
2938 4116 3201 4169 honorem
3231 4123 3554 4171 sanctorum
3587 4126 3685 4173 aut

2058 4209 2448 4266 restaurantur,
2491 4208 2584 4256 aut
2631 4201 2986 4271 ampliantur,
3026 4212 3121 4256 aut
3151 4202 3521 4260 aediﬁcantur.
3556 4206 3682 4274 (AN-

348 4286 534 4342 dricus
586 4291 869 4346 annitente
934 4296 1205 4350 avunculo
1271 4313 1370 4352 suo
1439 4299 1709 4374 Raginero
1753 4302 1954 4357 comite
2057 4292 2233 4361 SEW-l
2263 4291 2412 4344 Ῑηῑθπ
2433 4304 2571 4360 quos
2621 4297 2676 4344 ει
2728 4289 3008 4354 Eumelus,
3049 4298 3171 4361 Ροδί
3218 4291 3532 4347 Ba'dl‘icum
3563 4295 3683 4365 θρί-

349 4375 635 4433 Montense
665 4381 960 4453 episcopus
987 4383 1360 4443 substituitur,
1976 4437 2024 4453 η
2055 4394 2256 4449 s00pus
2287 4377 2704 4434 Leodicensium
2733 4376 2927 4443 factus,
2949 4379 3059 4432 duo
3086 4378 3144 4432 in
3175 4377 3312 4432 urbe
3335 4382 3682 4435 monasteria

418 4473 540 4527 957.
700 4437 716 4452 ³
834 4437 955 4532 ac.
1027 4437 1049 4439 ’ί
1669 4484 1759 4541 23,
1974 4437 2376 4537 noon-struxit,
2407 4471 2475 4525 ad
2531 4470 2747 4524 titulum
2805 4437 2978 4525 sancti
3033 4470 3185 4524 Pauli
3231 4473 3494 4542 apostoli,
3527 4480 3581 4528 et
3611 4474 3680 4528 ad

422 4563 512 4630 (V.
563 4567 757 4638 Brun.)
804 4569 1106 4637 Liedulfus,
1141 4571 1285 4628 ﬁlius
1334 4573 1545 4630 Ottonis
1586 4573 1955 4646 imperatoris,
2059 4564 2276 4620 ῑίιυιυῐη
2298 4563 2477 4618 sancti
2503 4561 2716 4616 Martini
2746 4561 2996 4632 episcopi
3023 4562 3113 4616 30‘-

351 4655 590 4712 inltalia
637 4661 890 4717 moritur.
953 4663 1182 4739 Ungaris
1233 4665 1430 4721 iterum
1490 4683 1718 4742 regnum
1746 4667 1951 4724 Ottonis

2130 4660 2256 4713 961.
2580 4656 2672 4711 24.
2998 4656 3050 4710 6.
3386 4657 3471 4714 17.

352 4746 701 4818 imperatoris
757 4755 923 4808 ductu
965 4755 1193 4811 Conradi
1262 4759 1418 4814 ducis
1469 4760 1951 4832 depOpulantibus,

2133 4746 2330 4818 (Msa)
2363 4745 2514 4816 Apud
2571 4743 3102 4814 Constantinopolim
3155 4743 3402 4800 Romano
3442 4747 3682 4818 impera-

355 4837 655 4906 imperator
685 4858 779 4898 eos
807 4843 952 4900 bello
988 4847 1222 4917 excepit,
1254 4848 1502 4904 Conrado
1533 4850 1601 4904 ab
1627 4851 1858 4924 Ungaris
1887 4852 1951 4904 ad

2125 4854 2174 4892 re
2205 4837 2488 4903 defuncto,
2508 4836 2850 4906 Nicephorus
2867 4834 3276 4905 imperatannis
3299 4837 3382 4892 10.
3406 4836 3680 4908 (Inopem)

351 4942 477 4980 eum
511 4930 809 4999 penitendo
869 4934 1175 5009 refugiente
1206 4945 1261 4993 ει
1289 4947 1479 4994 orante
1512 4923 1814 5008 υρωηςυι
1859 4957 1956 5012 pro
2057 4928 2288 4981 Sanctus
2329 4925 2608 4980 Udalricus
2635 4925 2704 4957 ²⁰²
2733 4929 2989 4998 Augusta:
3012 4923 3430 4980 Vindelicorum
3465 4929 3681 4998 episco-

352 5031 512 5084 plena
543 5018 791 5088 perﬁdia:
818 5039 932 5078 sua:
964 5025 1018 5079 in
1054 5027 1170 5096 ipso
1194 5027 1342 5082 bello
1363 5029 1431 5081 ab
1461 5028 1692 5103 Ungaris
1716 5030 1958 5100 perime-
2061 5038 2163 5092 pus
2188 5021 2478 5076 sanctitate
2509 5019 2679 5074 claret
2706 5019 2761 5072 in
2808 5019 2979 5073 Gallia
3021 5026 3075 5073 et
3131 5019 3450 5077 Germania.
3507 5023 3680 5079 Gallia

350 5111 515 5159 retur.
549 5106 737 5180 (Win)
769 5111 884 5176 Quo
915 5113 1061 5169 bello
1103 5113 1158 5168 in
1201 5123 1411 5170 tantum
1443 5124 1571 5171 sunt
1607 5116 1805 5192 Ungari
1832 5117 1957 5172 victi
2059 5127 2113 5173 et
2139 5117 2430 5172 Germania
2474 5115 2580 5186 jam
2610 5114 2751 5169 bene
2782 5121 2994 5185 pacata,
3029 5114 3324 5170 intendens
3373 5115 3681 5188 imperator

1705 5281 1923 5336 VAHIIE
1951 5280 2218 5337 LECTION
2231 5281 2322 5333 ES.

424 5410 488 5443 ¹⁹⁶
516 5411 940 5485 Baginoensium
977 5415 1068 5468 (1.
1103 5413 1152 5469 3.
1187 5415 1245 5468 D.
1280 5417 1346 5450 ¹⁹⁶
1379 5415 1431 5470 Ε.
1478 5417 1534 5471 P.
1571 5418 1628 5482 ρ.
1674 5418 1733 5472 G.
1785 5433 1832 5472 ο.
1867 5418 1901 5471 b
1955 5434 2000 5470 s.
2035 5417 2093 5470 P.
2123 5415 2281 5468 addit
2312 5416 2428 5482 Sig.
2459 5430 2574 5470 cur.
2616 5417 2818 5478 tertiis;
2848 5413 2970 5485 rell.
3062 5411 3125 5445 "7
3151 5415 3440 5485 nostraeet
3465 5410 3680 5485 scilicet

351 5482 543 5554 desunt
570 5480 626 5536 Κ.
658 5485 977 5539 lmmunitas
1004 5515 1073 5524 —
1098 5485 1218 5553 ejus
1243 5487 1432 5541 desunt
1465 5489 1554 5541 Β1.
1589 5480 1622 5541 3
1671 5487 1758 5544 Ci.
1787 5489 1877 5542 2*.
1919 5488 2073 5542 3.4“.
2111 5486 2170 5540 E.
2233 5486 2298 5519 ¹⁹⁸
2329 5480 2390 5539 ΕΣ
2416 5503 2470 5554 p.
2508 5502 2555 5539 a.
2583 5486 2640 5540 G.
2675 5485 2711 5539 l.
2753 5501 2805 5539 ο.
2843 5501 2894 5554 ρ.
2929 5484 3122 5538 desunt
3151 5482 3244 5554 Bt.
3274 5480 3464 5554 5.7Ct.
3497 5482 3587 5535 2".
3618 5481 3674 5554 _3.

352 5553 435 5628 ff.
472 5553 540 5628 D._
569 5625 580 5628 Α
614 5555 680 5628 {9°
706 5555 992 5628 Johannes
1015 5552 1354 5628 e—jpresidet
1393 5559 1584 5613 desunt
1611 5561 1670 5612 D.
1759 5559 1828 5593 ²⁰⁰
1849 5560 2007 5613 addit
2053 5555 2184 5628 1β.;
2224 5557 2342 5612 rell.
2367 5552 2566 5626 praeter
2603 5558 2663 5611 A.
2739 5557 2803 5590 ’9'
2838 5552 2983 5609 [nter
3011 5584 3078 5593 —
3109 5553 3360 5623 epiSCOpi
3387 5553 3585 5607 desunt
3614 5552 3674 5606 D.

352 5622 420 5656 ²⁰²
441 5624 736 5680 waldricus
766 5626 893 5680 83*.
927 5625 1052 5680 02*.
1081 5622 1314 5682 Sanctus
1343 5659 1408 5668 —
1437 5629 1725 5685 Germania
1754 5631 1947 5685 desunt
1973 5630 2033 5684 D.
