3876 6208
140 284 227 340 189

1641 276 1989 334 CHRONICA.

3375 268 3476 324 190

143 413 246 468 Otto
296 410 468 467 etiam
506 411 728 467 Italiam
785 427 1001 484 pacare,
1036 409 1323 482 presertim
1356 424 1480 465 eum
1539 407 1609 463 ad
1659 408 1763 463 hoc
1787 408 1839 477 Α
1863 406 2054 477 paucis
2110 405 2294 459 Romae
2338 404 2643 455 morantem
2715 396 2901 452 subito
2958 395 3225 472 aggressi.
3281 394 3355 449 ita
3406 393 3476 448 ab

144 501 287 557 anxie
314 500 697 556 evocantibus
736 501 984 556 Iohanne
1032 516 1174 571 papa
1222 498 1542 571 caeterisque
1598 497 1763 552 Italiae

143 595 434 667 episcopis,
469 601 533 650 ut
567 610 668 651 eos
714 595 973 650 liberaret
1011 594 1081 649 de
1121 593 1380 648 manibus
1406 599 1762 663 tyrannorum

142 687 456 761 Berengarii
488 693 662 757 atque
704 684 1011 751 Adelberti;
1068 685 1162 755 (Α.
1203 682 1355 753 Lob.)
1396 681 1568 738 ﬁlium
1602 696 1761 736 suum

138 777 387 831 Ottoan
417 793 660 847 puerum
688 782 1019 847 septennem
1076 773 1404 848 Aquisgrani
1434 772 1523 828 die
1574 778 1763 827 sancto

140 875 497 937 pentecostes
522 869 582 923 in
616 883 800 937 regem
833 866 1023 939 inungi
1045 864 1205 931 fecit;
1237 865 1330 936 (V.
1364 863 1551 934 Brun.)
1582 879 1762 934 eoque

133 957 530 1012 commendato
559 954 994 1026 archiepiscopis
1041 953 1193 1009 fratri
1240 951 1484 1008 Brunoni
1539 958 1594 1007 et
1646 950 1763 1006 filio

131 1045 458 1112 tiuillelmo,
490 1045 558 1099 ad
590 1044 795 1098 Italiam
820 1042 1019 1098 tendit.

192 1132 325 1189 962.
558 1133 620 1186 R.
662 1132 751 1186 25.
976 1129 1035 1183 F.
1075 1129 1128 1184 7.
1420 1126 1477 1181 C.
1527 1128 1572 1183 I.

194 1227 291 1291 (V.
332 1224 524 1292 Guib.)
556 1224 789 1278 Sanctus
819 1227 977 1293 pater
1020 1228 1209 1275 noster
1252 1218 1599 1281 Guicbertus,
1633 1216 1762 1272 fun-

126 1313 285 1367 dator
318 1312 525 1376 nostri,
576 1307 1044 1364 Gemmelacensis
1083 1306 1314 1362 scilicet.
1371 1306 1441 1341 ’(³⁸
1496 1304 1759 1372 οωηοδὶἰ,

126 1405 278 1475 apud
308 1404 589 1468 Gorziam,
630 1402 721 1455 ubi
760 1402 874 1455 Deo
905 1399 1178 1454 militabat
1226 1405 1451 1470 propter
1511 1413 1755 1453 amorem

131 1495 409 1550 ferventis
442 1494 517 1548 ibi
546 1503 752 1548 sancite
784 1490 1090 1565 religionis.
1120 1490 1174 1544 in
1207 1489 1421 1545 Christo
1453 1489 1709 1545 dormivit
1738 1508 1754 1555 ;

126 1600 178 1645 et
210 1590 311 1661 qui
346 1589 538 1644 omnia
569 1588 883 1658 reliquerat,
937 1586 1257 1656 centuplum
1297 1589 1351 1639 et
1392 1585 1554 1639 vitam
1595 1592 1757 1639 aeter-

128 1697 254 1735 nam
289 1679 508 1750 recepit
566 1679 653 1734 ’0‘.
689 1678 895 1747 Corpus
925 1693 1054 1732 vero
1108 1676 1228 1747 ejus
1286 1676 1516 1731 relatum
1564 1682 1648 1731 est
1688 1675 1757 1730 ad

127 1767 455 1824 ccenobium
488 1766 938 1822 Gemmelacense
964 1766 1054 1819 ’0‘.

187 1855 324 1913 963.
652 1854 740 1908 26.
1069 1856 1123 1911 8.
1451 1854 1505 1909 2.

190 1948 395 2017 (Lien)
443 1946 566 2002 Otto
621 1946 921 2016 imperator
972 1945 1127 2000 Italia
1189 1952 1509 2022 pervagata,
1568 1955 1623 2001 et
1664 1954 1754 2020 ty-

126 2042 329 2097 rannis
360 2041 535 2096 Italiae
586 2040 875 2108 majestate
933 2040 1175 2095 nominis
1214 2040 1299 2094 sui
1338 2040 1412 2094 ita
1461 2038 1754 2107 exterritis,

1865 497 2105 554 exercitu
2136 492 2487 567 imperatoris
2514 500 2645 547 sunt
2660 490 2853 556 attriti,
2882 495 2942 544 ut
2969 489 3040 523 ²⁰⁶
3070 488 3175 543 nisi
3206 488 3274 543 ab
3303 487 3478 558 impe-

1865 597 2047 646 ratore
2075 595 2129 643 et
2160 603 2300 659 papa
2332 586 2511 641 Leone
2534 583 2737 639 milites
2776 578 3121 652 imperatoris
3151 596 3183 634 a
3213 580 3363 634 caede
3387 594 3477 633 re-

1864 684 2224 739 vocarentur,
2256 689 2430 747 usque
2481 673 2547 728 ad
2595 670 3019 726 internetionem
3055 667 3282 722 Romani
3319 666 3478 720 dele-

1865 780 2073 828 rentur.
2136 768 2398 825 Romanis
2455 782 2553 838 per
2609 765 2847 821 Leonem
2902 778 3099 834 papam
3159 759 3473 830 imperatori

1864 858 2257 924 reconciliatis,
2288 864 2411 927 post
2462 857 2778 911 abscessum
2829 848 3175 922 imperatoris
3197 850 3302 903 Leo
3336 862 3478 918 papa

1860 953 2095 1007 insidias
2123 952 2228 1006 sibi
2258 951 2436 1023 parari
2478 949 2747 1011 sentiens,
2789 946 2856 1001 ad
2897 945 3283 1015 imperatorem
3314 940 3475 1013 fugit.

1860 1044 2139 1100 Iohannes
2194 1060 2257 1097 ex
2288 1060 2428 1112 papa
2473 1057 2531 1096 se
2561 1055 2685 1095 eum
2725 1052 2894 1093 uxore
2946 1035 3229 1104 cujusdam
3285 1032 3473 1087 oblec-

1861 1140 2003 1200 tans,
2041 1149 2072 1187 a
2102 1131 2324 1186 diabolo
2364 1131 2420 1184 in
2466 1139 2713 1198 tempore
2749 1125 3074 1197 percutitur,
3102 1139 3166 1179 ac
3201 1121 3321 1175 sine
3349 1121 3471 1175 via-

1862 1224 1971 1279 tico
2002 1222 2281 1278 dominico
2314 1222 2557 1275 moritur.
2597 1217 2824 1275 Romani
2858 1222 3048 1272 contra
3072 1215 3471 1283 juramentum,

1860 1321 2008 1393 quod
2038 1318 2353 1389 imperatori
2384 1317 2647 1382 fecerant,
2674 1330 2734 1369 se
2765 1328 3049 1385 nunquam
3080 1311 3357 1366 electurus
3373 1324 3471 1380 pa-

1859 1428 1981 1482 pam
2015 1411 2133 1466 sine
2167 1409 2286 1480 ejus
2315 1415 2369 1463 et
2398 1406 2492 1461 ﬁlii
2538 1407 2660 1475 ejus
2709 1405 2919 1461 Ottonis
2968 1417 3264 1464 consensu,
3298 1401 3478 1454 Bene-

1858 1504 2068 1558 dictum
2096 1516 2290 1573 papam
2324 1499 2428 1554 sibi
2478 1506 2743 1553 statuunt.
2797 1498 3105 1566 Imperator
3151 1493 3321 1547 Roma
3374 1490 3475 1546 ob-

1858 1609 2012 1648 sessa
2039 1591 2316 1646 Romanos
2366 1588 2515 1644 caede
2544 1594 2599 1642 et
2630 1586 2774 1641 fame
2828 1585 2968 1639 adeo
3009 1583 3222 1648 afﬂixit,
3255 1587 3313 1637 ut
3348 1581 3483 1636 Leo-

1860 1703 1984 1743 nem
2018 1702 2212 1758 papam
2242 1700 2303 1739 se
2342 1690 2662 1754 recepturos
2706 1681 3112 1753 promitterent.
3146 1677 3481 1732 Benedictus

1858 1776 2096 1844 rejectus
2126 1789 2236 1828 non
2270 1772 2447 1827 solum
2502 1778 2726 1842 papatu,
2754 1770 2851 1824 sed
2898 1768 3061 1823 etiam
3089 1764 3401 1821 sacerdotio
3450 1780 3482 1819 a

1858 1863 2040 1920 Leone
2070 1860 2448 1918 exordinatur.

1927 1951 2055 2007 964.
2378 1946 2469 2004 27.
2828 1945 2882 2001 9.
3211 1941 3264 1999 3.

1927 2036 2085 2108 (Vita
2133 2034 2324 2104 Deod.)
2376 2031 2724 2088 Adelborene
2797 2029 3147 2086 Mettensium
3207 2029 3471 2101 episcopo

122 2140 184 2187 ut
218 2132 277 2186 in
307 2131 448 2187 locis
471 2137 666 2184 natura
695 2128 924 2183 munitis
959 2128 1194 2183 laterent
1233 2134 1326 2183 aut
1357 2128 1752 2183 Saracenorum
1856 2135 2072 2184 mortuo
2121 2125 2308 2197 (203);
2352 2124 2684 2181 Deodericus
2726 2123 3095 2179 consobrinus
3134 2121 3344 2176 Ottonis
3378 2120 3475 2174 im—

122 2223 446 2293 patrocinia
468 2227 789 2293 quererent;
824 2220 1009 2275 Romae
1039 2237 1070 2274 a
1105 2220 1358 2275 Iohanne
1391 2235 1533 2289 papa
1570 2219 1625 2272 in
1659 2218 1755 2273 im-
1858 2218 2125 2291 peratoris
2152 2217 2448 2288 episcopus
2476 2217 2828 2290 subrogatur.
2865 2214 2981 2278 llic,
3015 2220 3073 2268 ut
3126 2213 3344 2287 legitur,
3387 2211 3476 2266 in-

120 2318 443 2381 peratorem
478 2307 859 2375 benedicitur;
891 2308 1109 2378 tyranni
1139 2323 1168 2361 a
1226 2323 1367 2378 papa
1396 2307 1650 2363 Iohanne
1703 2316 1758 2363 et
1857 2309 2102 2380 spiciens
2130 2308 2334 2378 primas
2378 2307 2590 2362 litteras
2630 2307 2915 2361 nominum
2958 2304 3206 2360 omnium
3239 2304 3469 2359 Metten-

122 2419 155 2456 a
186 2400 466 2457 Romanis
509 2400 851 2470 abjurantur.
886 2398 960 2454 Eo
1018 2399 1374 2470 repatriante,
1425 2399 1751 2455 Adelbertus
1852 2401 1995 2456 sium
2028 2400 2437 2471 episcoporum,
2471 2414 2608 2471 quas
2631 2398 2862 2471 angelus
2889 2395 3106 2452 Domini
3138 2395 3339 2450 dicitur
3365 2395 3473 2449 de-

118 2508 149 2544 a
179 2507 331 2562 papa
355 2489 611 2544 Iohanne
642 2504 673 2542 e
704 2486 994 2542 Fraxineto
1026 2487 1255 2542 Romam
1302 2496 1619 2553 revocatur;
1652 2489 1751 2543 sed
1854 2493 1999 2547 disse
2029 2500 2219 2547 sancto
2251 2490 2517 2545 Clementi
2552 2488 2729 2560 primo
2785 2487 3132 2543 Mettensium
3182 2486 3474 2557 episcopo,

119 2581 463 2649 imperatore
482 2575 1060 2650 redeunterefugiunt.
1091 2575 1332 2631 Collecto
1372 2577 1428 2630 in
1458 2584 1571 2632 tota
1598 2578 1754 2633 Italia
1853 2595 1907 2643 ei,
1932 2596 2153 2653 notans,
2181 2586 2315 2641 alias
2344 2600 2499 2651 auro,
2532 2584 2667 2638 alias
2717 2583 2914 2637 viliore
2977 2580 3198 2636 metallo
3233 2595 3330 2651 ριιο
3358 2595 3475 2634 me-

124 2669 528 2739 ορίεοοροτιιηι
576 2665 838 2731 Concilio,
895 2665 1176 2721 JOhannes
1214 2665 1284 2720 de
1345 2665 1570 2721 nefariis
1621 2682 1755 2722 0311-
1857 2680 2083 2735 ritorum
2112 2678 2373 2751 qualitate
2403 2692 2523 2731 esse
2554 2681 2842 2730 annotatas
2869 2691 2883 2739 ;
2912 2689 3035 2727 cum
3068 2670 3281 2726 videret
3305 2669 3475 2725 etiam

124 2760 205 2814 Sis
255 2758 576 2814 infamatum
627 2757 727 2823 Olli
762 2756 919 2812 ῐοτῒίο
950 2763 1230 2824 evocatus:
1267 2756 1398 2811 dum
1430 2773 1489 2812 se
1520 2773 1751 2813 excusa-
1856 2771 2093 2827 litteram
2114 2769 2198 2825 sui
2229 2768 2845 2840 nominisargentoesse
2872 2770 3238 2836 prenotatam,
3264 2762 3470 2817 dixisse

127 2859 244 2907 ῑυπι
276 2851 475 2906 Venire
505 2857 815 2917 ουηοῐδῐιιτ»
849 2855 972 2920 I105"t
1014 2848 1184 2903 "mlta
1215 2849 1435 2904 tandem
1470 2865 1535 2905 00
1566 2867 1598 2904 8
1628 2866 1757 2906 ουη·
1857 2860 2032 2915 fertur
2059 2875 2117 2913 se
2148 2858 2205 2912 in
2230 2857 2553 2928 episcOpatu
2592 2862 2743 2910 tanta
2774 2856 2919 2910 bona
2949 2854 3065 2908 fore
3093 2852 3384 2916 facturum,
3417 2856 3477 2905 ut

129 2938 235 2992 etis
276 2936 650 3008 prejudicato,
696 2935 803 2991 Leo
831 2936 1013 2991 adhuc
1061 2936 1256 2999 laicus.
1311 2937 1584 2993 electione
1633 2954 1758 2994 om-

1887 2966 1977 3022 psa
2010 2948 2251 3003 nominis
2302 2947 2387 3002 sui
2433 2946 2615 3002 littera
2647 2947 2840 3002 merita
2880 2945 3110 3000 deberet
3137 2958 3272 2998 auro
3297 2956 3475 2997 anno-

136 3030 294 3083 nium
324 3036 389 3084 et
412 3027 560 3098 (202)
589 3042 865 3082 consensu
917 3028 1267 3099 imperatoris
1297 3046 1439 3101 papa
1469 3029 1758 3085 substitui-

1887 3041 1986 3096 ari.
2019 3040 2186 3110 Cujus
2217 3039 2377 3096 bonae
2405 3039 2730 3095 intentionis
2755 3037 2970 3093 initium
3006 3034 3250 3091 ostendit
3274 3034 3331 3087 in
3370 3049 3479 3089 cae-

130 3130 243 3174 tnr.
280 3118 603 3189 (Βειιωιω.)
644 3117 737 3173 Sic
768 3117 874 3174 Leo
906 3119 1196 3189 presidens
1246 3119 1565 3190 apostolicae
1613 3120 1756 3186 sedi,

1887 3133 2030 3189 lOblO
2061 3133 2235 3188 sancti
2261 3131 2516 3203 martyris
2545 3138 2600 3187 et
2631 3131 2811 3187 levita:
2832 3127 3128 3191 Vineentii,
3163 3126 3391 3182 fundato
3422 3126 3474 3180 in

136 3211 271 3266 fecit
296 3209 683 3265 ardinationes
711 3215 767 3264 et
794 3208 901 3263 alia
930 3226 1054 3282 quae
1095 3217 1252 3265 erant
1278 3211 1602 3281 apostolica.
1651 3213 1758 3268 Nec

1887 3222 2038 3294 psius
2076 3222 2231 3277 urbis
2257 3221 2456 3276 insula.
2500 3222 2688 3291 (ΒΑΜ).
2715 3237 2752 3285 ι,
2783 3219 2873 3286 99)
2899 3216 3124 3273 Arnulfo
3157 3230 3292 3270 sene
3322 3214 3477 3269 Flau-

138 3300 394 3373 longum,
426 3297 659 3354 Romani
720 3297 947 3354 alterata
999 3297 1109 3354 ﬁde
1148 3300 1296 3371 apud
1338 3300 1758 3371 imperatorem,

131 3405 338 3461 papam
367 3387 991 3459 recipiuntJohannem.
1018 3388 1116 3444 Ille
1140 3389 1355 3460 synodo
1377 3389 1609 3445 collecta
1632 3390 1763 3446 Leo-

132 3501 258 3538 nem
289 3482 577 3554 deposuit,
607 3488 661 3537 et
689 3482 813 3552 ejus
861 3490 1017 3557 gesta
1074 3484 1329 3539 cassavit.
1380 3484 1763 3557 Statutumque

137 3585 223 3630 est
254 3575 487 3647 publico
514 3574 762 3630 omnium
797 3574 1033 3644 judicio,
1064 3575 1335 3646 synodum
1368 3592 1398 3631 a
1456 3576 1639 3632 Leone
1668 3578 1769 3633 ha-

136 3671 305 3725 bitam
340 3685 448 3724 nec
487 3669 882 3724 nominantlam
923 3670 1217 3742 synodum,
1249 3671 1346 3725 sed
1398 3672 1765 3742 prostibulum

135 3758 331 3813 favens
379 3757 669 3821 adulteris.
710 3758 1050 3830 Quicumque
1115 3759 1283 3829 igitur
1340 3775 1406 3814 eo
1468 3760 1769 3816 ordinante

135 3858 298 3905 erant
328 3848 598 3912 damnati,
636 3850 778 3919 jussi
833 3858 962 3905 sunt
1015 3866 1169 3905 suam
1224 3851 1468 3922 ipsorum
1527 3852 1771 3923 proscri-

144 3939 402 4008 ptionem
431 3944 755 4008 presentare
787 3937 841 3991 in
868 3946 1017 3993 certa
1068 3940 1189 3994 haec
1214 3940 1538 3995 continente
1568 3941 1770 3996 verba:

146 4033 315 4085 Pater
342 4046 492 4085 meus
520 4032 777 4087 nihilsibi
811 4033 1023 4099 habuit,
1053 4035 1196 4088 nihil
1222 4036 1361 4089 mihi
1390 4035 1582 4090 dedit,
1607 4035 1666 4090 Et
1687 4037 1769 4091 sic

143 4118 414 4190 depositi,
455 4128 839 4175 remanserant
870 4120 924 4174 in
954 4120 1066 4176 illis
1093 4123 1378 4197 gradibus,
1411 4124 1455 4178 si
1498 4140 1637 4196 quos
1671 4126 1770 4180 ha-

147 4211 388 4265 buerant
442 4210 688 4265 nondum
732 4227 762 4266 a
803 4211 985 4268 Leone
1015 4213 1252 4269 ordinati
1330 4213 1386 4268 Si
1446 4216 1540 4287 qui
1581 4224 1765 4272 autem

144 4301 300 4375 digni
326 4302 672 4370 judicantur,
701 4309 761 4357 ut
798 4319 907 4359 non
930 4314 1156 4376 accepta
1186 4305 1338 4377 prius
1357 4308 1770 4363 consecratione

1861 3312 2142 3367 drensium
2174 3311 2376 3366 comite
2408 3316 2646 3376 mortuo,
2676 3308 2965 3365 Lotharius
3009 3322 3101 3361 rex
3146 3306 3476 3361 Francorum

1860 3403 2098 3479 graviter
2124 3402 2405 3458 Flandrias
2436 3400 2659 3457 infestat
2688 3408 2744 3456 et
2768 3407 2944 3455 vastat
2974 3398 3065 3453 ²⁰“¹.

1936 3494 2060 3552 965.
2382 3493 2473 3549 28.
2804 3492 2889 3546 10.
3216 3490 3271 3545 4.

1941 3589 2033 3653 (V.
2070 3586 2260 3657 Brun.)
2292 3585 2413 3641 Otto
2442 3586 2743 3656 imperator
2785 3591 3142 3655 pentecosten
3186 3580 3483 3653 Aquisgra-

1872 3677 1926 3730 ni
1955 3674 2103 3744 (204)
2132 3674 2446 3737 celebravit,
2486 3673 2945 3728 concurrentibus
2966 3672 3040 3725 ibi
3074 3687 3101 3724 a
3136 3670 3359 3725 Francia
3388 3683 3482 3723 so-
3538 3660 3545 3667 ’

1873 3764 2089 3821 roribus
2138 3763 2273 3829 suis,
2324 3762 2516 3835 regina
2546 3761 2762 3816 scilicet
2808 3762 3137 3816 Francorum
3184 3760 3477 3833 Gerberga,

1872 3861 2048 3910 matre
2080 3851 2318 3908 Lotharii
2362 3851 2508 3924 regis
2547 3856 2601 3905 et
2641 3849 2819 3904 Karoli
2876 3848 3054 3915 ducis,
3111 3855 3167 3901 et
3209 3846 3480 3900 Hathuide

1874 3961 2042 4000 uxore
2098 3942 2341 4017 Hugonis
2378 3939 2709 3995 Parisiorum
2759 3937 2996 4003 comitis,
3047 3951 3281 4008 quorum
3336 3932 3483 3987 filius

1868 4036 1970 4093 fuit
2022 4036 2193 4109 Hugo,
2222 4032 2315 4105 qui
2349 4038 2471 4104 post
2497 4028 2745 4103 regnavit
2771 4029 2828 4083 in
2862 4027 3088 4083 Francia
3155 4026 3252 4081 Ubi
3298 4023 3480 4080 omnis

1869 4128 1963 4183 illa
1994 4126 2193 4201 regalis
2219 4123 2474 4195 prosapia
2504 4132 2653 4178 tanto
2685 4121 2992 4176 adinvicem
3044 4116 3479 4193 congratulatio-

1873 4221 1961 4276 nis
1977 4219 2159 4290 jubilo
2190 4226 2275 4273 est
2304 4216 2519 4282 aﬁ'ecta,
2551 4225 2612 4271 ut
2643 4216 2697 4270 in
2729 4214 2878 4270 omni
2907 4214 3018 4267 vita
3047 4226 3234 4267 eorum
3257 4209 3346 4263 vix
3376 4209 3480 4263 ali-

1873 4310 2005 4382 quid
2047 4308 2233 4384 gaudii
2282 4307 2410 4362 huic
2449 4305 2651 4362 lzetitiaa
2702 4303 2946 4376 potuerit
2974 4298 3308 4373 equiperari.
3359 4298 3481 4353 Otto

141 4372 496 4460 ordinantur,
544 4394 755 4449 indicto
811 4394 922 4450 illis
964 4372 1159 4451 eodem
1187 4372 1452 4466 _decreto,
1508 4400 1657 4470 quod
1715 4372 2083 4456 etDl'talianvi
2137 4396 2356 4468 repetit.
2406 4395 2586 4449 Bruno
2640 4372 2748 4449 dux
2810 4399 2865 4447 et
2920 4372 3373 4459 archiepiscopus
3423 4385 3481 4439 in

143 4481 425 4536 damnatis
461 4497 493 4535 a
532 4481 893 4538 Constantino
928 4484 1213 4555 neophito,
1269 4486 1503 4559 (Lwne)
1538 4488 1765 4544 Romani

1874 4489 2155 4545 Franciam
2211 4503 2447 4561 pergens
2485 4487 2553 4541 ad
2601 4483 2975 4556 paciﬁcandos
3041 4486 3271 4551 nepotes
3328 4492 3480 4542 suos,

147 4589 346 4654 apapa
385 4573 641 4629 Iohanne
690 4574 926 4645 pecunia
966 4576 1157 4645 illecti,
1200 4576 1588 4650 imperatorem
1642 4597 1766 4636 cum
1873 4580 2185 4637 Lotharium
2240 4595 2426 4654 regem
2469 4588 2524 4634 et
2577 4576 2719 4634 filios
2774 4574 3034 4649 Hugonis,
3083 4570 3177 4627 ubi
3210 4569 3485 4641 Compen-

1507 4689 1728 4745 VARUE
1757 4690 2137 4746 LECTIONES.

222 4786 359 4865 "3p
442 4805 475 4842 n
556 4793 609 4844 et
659 4790 864 4865 nostri_
883 4795 935 4845 et
979 4791 1191 4865 scilicet
1247 4794 1439 4850 desunt
1488 4797 1736 4851 omnibus
1793 4801 1991 4865 prater
2046 4797 2097 4850 t.
2207 4794 2275 4828 ²⁰⁴
2327 4791 2715 4865 et—reeepit
2776 4791 2965 4865 desunt
3019 4789 3112 4865 (21ἒ
3166 4786 3218 4865 3,.
3281 4787 3373 4865 4f.
3421 4786 3483 4865 D_.

148 4857 218 4892 ³⁸⁵⁸
253 4856 396 4932 (ΣίνἸ
432 4874 482 4915 e.
513 4877 556 4913 r.
584 4876 637 4915 e.
672 4877 725 4915 a.
754 4877 801 4915 c.
830 4862 870 4913 ϐ
921 4863 1081 4917 addit
1111 4865 1223 4932 Sig.
1272 4881 1420 4919 curr.
1465 4867 1675 4928 tertiis;
1716 4856 1834 4921 rell.
1918 4867 1989 4901 ²⁰⁶
2017 4867 2199 4921 adhuc
2240 4865 2413 4920 laicus
2442 4894 2508 4904 —
2537 4856 2703 4917 attriti
2750 4870 2808 4916 ut
2844 4863 3024 4930 primo
3073 4859 3286 4913 duabus
3331 4859 3489 4912 lineis

157 4930 586 5015 comprehensa...
609 4933 689 4985 ita
718 4930 1233 5015 partim‘inrasura,
1259 4939 1469 5015 partim
1491 4939 1551 4992 in
1568 4941 1815 5015 margine
1832 4939 2121 5015 ampliavit
2137 4938 2253 5006 Sig.
2285 4952 2399 4991 cur.
2426 4938 2635 4999 tertiis;
2660 4935 2779 4989 rell.
2802 4933 3103 5015 Qbfuscata
3131 4931 3489 5015 eahrecentim

164 5015 364 5056 manus
404 4999 784 5084 redintegrare
799 5006 1034 5084 .stnduit,
1075 5006 1170 5084 sed
1202 4999 1384 5084 patius
1420 4999 1895 5084 corrupithqﬁq
1915 4999 2089 5064 autem
2120 5016 2179 5064 ut
2200 4999 2326 5084 non
2348 5023 2399 5084 _a.
2429 5023 2487 5084 Ρ.
2528 5004 2966 5084 consecratione
2989 5007 3152 5072 atque
3186 4999 3415 5084 Romani
3456 5015 3487 5053 a

164 5023 364 5056 "ianus
404 5023 779 5070 reazmegrare
806 5023 1034 5069 suumn,
1075 5023 1170 5060 sea
1202 5023 1384 5076 ponus
1420 5023 1681 5077 corrupit.
1728 5023 1895 5064 verba
1915 5023 2089 5064 autem
2120 5023 2179 5064 ut
2208 5023 2317 5063 non
2349 5023 2399 5060 a.
2476 5048 2487 5059 .
2528 5023 2949 5062 consecratione
2989 5023 3152 5072 atque
3188 5023 3415 5056 numam
3456 5023 3487 5053 δι

162 5086 309 5154 papa
346 5080 606 5154 —‘sunt_
640 5073 809 5128 attnti
840 5082 900 5154 ut
941 5076 1153 5154 abscisa
1183 5082 1328 5146 sunt,
1361 5094 1536 5154 quum
1582 5095 1682 5134 sec.
1724 5082 2004 5154 XVII._e:c
2032 5095 2209 5135 omnes
2250 5080 2376 5154 bibl.
2417 5023 2806 5154 gemblacemis
2845 5075 3047 5154 codices
3086 5089 3224 5154 nova
3247 5073 3487 5154 ligatum

161 5139 540 5229 induerentur.
570 5146 894 5229 Q-uzenerant
918 5147 1221 5229 apostolica
1368 5139 1538 5204 attriti
1581 5157 1641 5205 ut
1670 5154 1868 5206 omittit
1892 5151 1985 5207 F3.
2016 5154 2195 5222 spatio
2218 5151 2420 5205 relicto.
2453 5150 2671 5220 Reliqui
2707 5162 2883 5203 omnes
2914 5147 3109 5201 habent
3139 5159 3258 5215 quae
3287 5144 3340 5197 1.
3416 5139 3485 5174 ²⁰⁷

153 5212 376 5269 Amulfo
415 5245 474 5255 -
504 5221 686 5271 vastat
707 5216 826 5284 Sig.
850 5212 968 5271 cur:
994 5220 1199 5285 tertiis;
1230 5220 1350 5275 rell.

217 5382 361 5468 (292;
394 5386 488 5468 ‘Ex
541 5385 783 5468 epistola
849 5385 1123 5468 Bernardi
1182 5389 1654 5468 Hildeshemensis
1708 5392 1775 5448 ad
1878 5393 2114 5468 breviss,
2148 5393 2536 5468 Mettensesjn
2577 5392 2746 5468 Mon._
2779 5391 3003 5468 SS.__m,
3042 5388 3166 5452 155,
3211 5385 3305 5457 qui
3336 5385 3484 5439 Deo-

153 5454 505 5539 Adalberjum
542 5454 600 5539 in
622 5456 953 5539 _U‘ssermani
985 5459 1285 5539 Prodromo
1335 5461 1641 5519 Germaniae
1683 5480 1775 5520 sa-
1877 5454 2265 5539 derjcumjam
2299 5482 2355 5539 a._
2380 5465 2485 5520 963
2510 5454 3082 5539 successisse_dicunt.

146 5529 500 5656 ξᾶἴδιὲὴ
535 5528 636 5585 ubi
670 5529 793 5584 haec
825 5528 1018 5585 iisdem
1052 5531 1238 5587 verbis
1264 5533 1541 5609 leguntur.
1876 5534 2096 5662 “($243
2127 5525 2279 5662 Figat
2304 5535 2454 5610 Sig.;
2505 5535 2747 5591 Colonias
2782 5532 2919 5597 fuit;
2975 5529 3103 5584 vide
3144 5527 3318 5581 Vitam
3352 5525 3487 5577 Bru-

210 5670 349 5745 (203)
375 5676 434 5730 Α.
468 5672 625 5738 962;
688 5668 766 5726 cf.
811 5669 984 5727 Vitam
1021 5672 1308 5730 Deoderici
1339 5691 1389 5732 c.
1431 5675 1486 5731 3.
1542 5684 1599 5732 et
1626 5676 1770 5734 Ann.
