3876 6208
178 330 276 384 193

247 460 372 514 973.
560 460 628 514 Β.
661 460 752 514 36.
963 460 1017 513 F.
1052 461 1140 514 18.
1384 462 1512 515 (1.2.

254 553 447 620 (Mam)
478 552 803 623 Stephanus
862 553 927 586 ²¹¹
987 553 1246 607 Romana)
1297 554 1565 608 :ecclesim
1619 554 1718 608 137
1750 567 1805 596 ιη

187 646 454 719 presidet.
511 645 728 715 (Rana,
783 662 825 711 1,
874 646 988 712 94)
1059 646 1179 699 Otto
1263 646 1449 700 senior
1512 647 1811 717 imperator

186 734 555 806 obiit,'eujus
606 738 774 792 vitam
841 737 1283 792 Gnindichindus
1340 738 1644 792 monachus
1701 738 1806 793 de-

188 832 435 904 scripsit,
469 832 566 902 qui
622 831 789 886 etiam
856 832 1156 902 hysteriam
1217 832 1493 886 Saxonum
1530 848 1707 903 usque
1741 833 1809 887 ad

189 921 337 975 hunc
393 936 601 974 annum
666 920 1012 990 conscripsit.
1066 920 1188 974 Otto
1244 920 1522 974 secundus
1578 920 1810 990 imperat

186 1016 351 1069 annis
384 1015 475 1070 10.
501 1016 597 1081 (Α.
630 1016 772 1070 Leod
802 1016 816 1083 )
870 1014 1197 1089 Ragincrius
1226 1021 1279 1068 et
1335 1014 1682 1079 Lantbertns,
1711 1016 1807 1068 lilii

189 1111 455 1183 Ragineri
509 1110 831 1185 Longicolli,
888 1110 1149 1181 paulatim
1197 1110 1492 1180 resumptis
1530 1110 1741 1164 viribus
1779 1128 1810 1164 a

187 1200 419 1255 Francia
451 1201 708 1267 redeunt,
741 1210 795 1255 et
824 1216 948 1254 cum
980 1202 1259 1255 Guarnero
1288 1208 1343 1255 et
1372 1201 1666 1267 Rainaldo,
1716 1202 1808 1271 qui

185 1292 517 1346 comitatum
541 1292 713 1362 patris
771 1306 959 1346 eorum
1011 1298 1435 1360 occupaverant,
1492 1290 1639 1346 bello
1663 1292 1807 1362 apud

193 1381 501 1436 Perronam
535 1379 866 1453 conﬂigunt.
907 1395 1113 1450 eosque
1137 1397 1260 1434 cum
1293 1381 1479 1435 multis
1510 1382 1807 1451 perimunt.

186 1480 240 1525 et
272 1486 451 1541 super
480 1470 881 1544 llagnam(203)
914 1470 1139 1524 ﬂuvium
1172 1472 1398 1526 castello
1415 1472 1637 1526 Buxude
1665 1472 1808 1540 (206)

187 1559 411 1614 munito
448 1558 851 1633 Lotharingiam
900 1558 1178 1613 infestant.
1239 1560 1330 1628 (ν.
1389 1561 1594 1627 Wenc.)
1633 1560 1811 1615 (inen-

188 1649 416 1703 cezlaus
445 1649 712 1719 princeps
746 1648 978 1703 Boemize
1009 1665 1041 1702 a
1095 1648 1260 1704 fratre
1286 1665 1385 1705 suo
1416 1650 1651 1707 Bolizlao
1691 1668 1815 1722 pro-

195 1745 326 1809 pter
353 1738 777 1809 preripiendum
796 1737 1168 1808 principatum
1196 1739 1594 1809 mattyrizatns,
1619 1740 1811 1795 urbem

1689 331 2034 387 CHRONICA.

3416 348 3517 403 194

1828 466 1880 533 Α
1907 460 2092 514 multis
2124 461 2349 531 insuper
2377 463 2650 518 conducto
2682 465 2991 535 beneficiis,
3018 478 3077 525 ut
3106 481 3161 526 et
3191 475 3307 543 ipse
3334 479 3403 533 ab
3432 481 3517 535 in-

1910 549 2159 603 solentiis
2208 549 2460 614 desistat,
2517 558 2570 605 et
2626 552 2810 607 fratris
2850 555 2933 609 sui
2988 558 3221 616 Lotharii
3288 570 3527 625 motibus

1910 638 2135 692 obsistat
2184 640 2302 705 (Ιὸ.)
2332 640 2447 693 Filii
2481 640 2740 713 Ragineri
2804 651 2861 697 ut
2902 661 2998 714 pro
3029 664 3088 700 se
3123 651 3355 709 viriliter
3385 675 3519 731 age-

1910 738 2030 784 rent
2059 732 2285 786 animati
2323 733 2653 789 Francorum
2698 736 2902 791 auxilio
2941 748 2996 793 et
3034 740 3299 799 affinitate
3326 779 3394 787 —
3422 751 3527 806 tta-

1909 822 2137 893 ginerus
2168 824 2372 894 quippe
2436 824 2759 880 llatltuidem
2802 827 2968 883 filiam
3039 832 3282 905 Hugonis
3334 848 3521 908 postea

1912 914 2079 985 regis,
2136 914 2459 969 Lautbertus
2514 933 2643 970 vero
2701 918 3030 992 Gorbergam
3100 923 3267 980 filiam
3343 930 3524 987 Karoli

1911 1006 2065 1059 ducis
2090 1007 2296 1061 duxere
2338 1025 2532 1063 uxores
2554 1010 2766 1079 (“207)-—
2796 1012 2846 1065 in
2884 1020 3024 1069 terra
3057 1025 3267 1085 patrum
3299 1038 3522 1082 suorum

1912 1098 2137 1151 relocati
2169 1106 2315 1153 sunt.

1981 1210 2104 1265 978.
2466 1214 2521 1266 fi.
2904 1216 2989 1271 23.

1983 1300 2167 1364 (Baro.
2197 1317 2234 1363 1,
2264 1301 2375 1371 96.)
2427 1302 2622 1357 Pacato
2669 1305 2921 1376 undique
2979 1324 3170 1382 regno,
3217 1329 3338 1370 cum
3406 1319 3526 1378 Otto

1911 1387 2210 1457 imperator
2289 1390 2614 1463 Aquisgrani
2685 1402 3010 1461 moraretur,
3081 1398 3368 1459 Lotliarius
3434 1424 3526 1464 rex

1913 1474 2246 1531 Francorum
2308 1480 2491 1534 subito
2555 1481 2621 1533 ad
2685 1482 3052 1540 invadendam
3116 1487 3523 1570 Lotharingiam

1913 1569 2236 1633 contendit;
2269 1576 2323 1624 et
2355 1571 2587 1625 cedente
2643 1572 2993 1643 imperatore,
3027 1579 3158 1647 quia
3188 1583 3253 1636 ad
3284 1569 3521 1660 pugnam

1915 1660 2214 1730 imparatus
2258 1670 2391 1730 erat,
2435 1680 2525 1719 rex
2553 1675 2677 1735 post
2700 1668 2925 1722 multam
2976 1674 3331 1731 vastationem
3367 1696 3530 1751 repa-

1918 1752 2118 1807 triavit.
2152 1753 2322 1817 Quem
2355 1772 2477 1810 cum
2528 1757 2882 1813 inestimabili
2940 1765 3182 1819 exercitu
3232 1768 3531 1838 imperator

191 1826 455 1898 Pragam,
485 1826 581 1880 ubi
611 1826 927 1897 Γϐίιιιίοεοίιι
956 1826 1144 1930 ιῖιυηίε
1173 1827 1455 1930 mirﬁcum
1486 1828 1744 1885 ίηυεῑΐίιῐο
1843 1818 1895 1886 Β
1921 1855 2267 1915 prosecutus,
2298 1849 2551 1904 condicto
2591 1850 2702 1917 die,
2727 1852 2937 1907 scilicet
2970 1855 3228 1912 Kalendis
3259 1818 3528 1930 Octobris,
3610 1835 3614 1840 ¹

268 1918 402 1973 974.
663 1920 712 1972 1.
935 1919 1023 1973 19.
1242 1919 1293 1972 3.

263 2011 365 2075 (Α.
400 2008 586 2079 Leod.)
618 2008 931 2079 Ratherius,
962 2009 1032 2063 de
1062 2025 1172 2080 quo
1191 2018 1273 2064 est
1304 2011 1408 2065 hoc
1430 2013 1816 2068 monosticnm:

351 2103 575 2155 Verona:
586 2102 792 2169 presul,
825 2102 919 2155 scd
944 2106 1023 2155 ter
1053 2103 1341 2158 Ratherius
1368 2106 1514 2170 exul,

184 2190 340 2260 apud
380 2188 579 2244 Lohias
610 2190 860 2257 moritur,
890 2191 1071 2256 (BALD.
1134 2209 1171 2255 1,
1202 2191 1311 2261 93.)
1346 2194 1544 2248 Contra
1568 2194 1817 2250 Ottonem

188 2279 591 2349 imperatorem
646 2278 882 2333 rebellat
939 2280 1203 2349 patruelis
1242 2282 1361 2350 ejus
1392 2281 1679 2337 fleinricus
1709 2286 1815 2338 dux

186 2367 590 2435 Bajoariornm.
622 2368 745 2422 Otto
788 2368 1088 2438 imperator
1117 2371 1404 2425 castellum
1441 2374 1684 2427 Auxudis
1716 2374 1818 2428 ob-

184 2458 359 2524 sidet,
392 2467 614 2529 captum
647 2458 838 2525 diruit,
862 2470 1051 2528 captos
1097 2461 1155 2514 in
1187 2478 1252 2517 eo
1300 2461 1528 2520 exiliat.
1573 2466 1682 2520 Nec
1734 2473 1817 2521 ta-

189 2563 327 2601 men
358 2546 715 2619 Raginerusa
748 2546 1050 2603 rebellione
1082 2550 1316 2605 desistit.

269 2634 402 2690 975.
676 2635 711 2687 2
984 2638 1074 2692 20.
1369 2641 1422 2693 4.

269 2727 366 2794 (Α.
410 2727 593 2795 Leod.)
647 2726 782 2781 Gelu
839 2744 1097 2803 magnum
1131 2745 1163 2784 a
1192 2730 1451 2786 Kalendis
1505 2733 1825 2789 Novembris

196 2835 381 2890 usque
412 2820 482 2873 ad
525 2818 920 2891 aequinoctium
979 2822 1221 2878 vernale.
1279 2823 1464 2891 (BALD.
1494 2842 1530 2893 1,
1561 2826 1629 2880 94
1656 2829 1669 2895 )
1702 2828 1821 2884 Otto

197 2914 507 2983 imperator
555 2913 872 2969 Heinricum
944 2916 1140 2971 ducem
1210 2917 1318 2972 sibi
1373 2919 1648 2994 subjugat.
1707 2922 1820 2976 Ma-

185 3005 348 3073 jolus
377 3005 551 3059 abbas
581 3004 963 3061 Cluniacensis
1018 3008 1305 3065 sanctitate
1335 3017 1390 3065 et
1419 3011 1687 3085 religione
1709 3013 1821 3067 cla-

194 3101 306 3148 ret.
1576 3116 1579 3119 ⁷

267 3188 399 3243 976.
660 3188 712 3244 3.
967 3190 1027 3244 2t
1348 3192 1400 3248 5.

268 3280 461 3351 (Mam)
497 3280 645 3335 Obiit
694 3287 917 3336 sanctus
968 3281 1251 3338 Udalricus
1301 3283 1371 3318 ¹¹²
1422 3284 1822 3357 Ausburgensis

184 3372 258 3407 ¹¹³
282 3372 591 3442 episc0pus
624 3390 639 3437 ;
681 3372 839 3439 cujus
862 3372 969 3427 vita
1000 3374 1180 3444 qualis
1210 3374 1393 3441 fuerit,
1432 3391 1558 3431 mox
1592 3376 1824 3432 miracu-

188 3463 373 3519 lorum
407 3462 588 3536 gloria
610 3462 872 3533 patefecit
908 3465 1090 3531 (ΒΑΜ).
1122 3465 1329 3532 ι,100.)
1361 3466 1485 3521 Otto
1526 3467 1825 3537 imperator

187 3563 387 3611 contra
430 3554 659 3610 Sclnvos
689 3554 1069 3624 proficiscitur.
1125 3558 1225 3627 (Ib.
1259 3559 1375 3629 95.)
1410 3560 1527 3614 Filii
1562 3560 1822 3636 Ragineri

198 3646 535 3720 Longicolli,
582 3646 789 3701 auxilio
834 3646 1161 3704 Francorum
1240 3657 1294 3706 et
1348 3653 1584 3708 maxime
1642 3654 1821 3709 Karoli

203 3742 397 3806 postea
440 3734 601 3789 ducis
652 3734 801 3801 freti,
861 3736 1137 3791 lacessunt
1175 3738 1322 3793 bello
1380 3740 1731 3795 Godcfridnm
1774 3749 1828 3796 et

200 3825 493 3881 Arnulfnm
525 3826 779 3881 comites.
827 3828 918 3899 qui
970 3836 1094 3899 post
1126 3831 1463 3887 Guarnerum
1506 3833 1824 3888 comitatum

200 3917 552 3972 Montensem
624 3916 959 3972 invaserant.
1026 3918 1262 3973 Montem
1323 3920 1676 3988 Castrilocum
1718 3923 1824 3977 ob-

199 4009 408 4062 sident.
446 4006 630 4060 Multis
661 4007 940 4078 utrimque
993 4008 1047 4062 in
1106 4010 1363 4065 conﬂictu
1421 4010 1576 4078 fusis,
1610 4013 1826 4068 obsidio

204 4106 423 4154 remota
465 4106 569 4154 est.
616 4099 856 4154 Victoria
904 4116 1113 4170 anceps
1155 4118 1169 4167 ;
1217 4103 1377 4157 datur
1434 4112 1614 4159 tamen
1649 4105 1828 4174 palma

205 4187 535 4242 comitibus.

279 4278 388 4333 977
672 4277 729 4331 τι.
983 4280 1075 4335 2:2.
1366 4284 1420 4335 6.

284 4369 379 4433 (V.
414 4366 639 4436 Adalb.)
690 4366 924 4423 Sanctus
973 4369 1266 4425 Guictheht
1293 4370 1584 4445 Pragensis
1619 4372 1835 4442 episco-

212 4478 343 4533 pus,
376 4469 754 4532 cognomento
785 4463 1132 4531 Adelbertus,
1165 4466 1455 4521 sanctitate
1502 4474 1557 4522 et
1587 4468 1833 4522 doctrina

205 4549 624 4621 apudWinidos
644 4551 987 4606 claret.Gens
1007 4552 1353 4607 Lintitiorum
1375 4554 1442 4608 ad
1461 4555 1827 4611 idololatriam

206 4641 631 4697 revolvitur“.
683 4642 842 4712 (ΒΑΜ)
882 4660 919 4709 1,
979 4644 1127 4713 100)
1173 4646 1408 4700 Dncatus
1462 4646 1828 4720 Lotharingia:

203 4732 373 4784 datur
440 4730 634 4786 Karolo
723 4730 873 4785 fratri
952 4732 1191 4788 Lotharii
1262 4735 1408 4809 regis
1474 4735 1825 4800 Francorum,

1921 1932 2200 1988 Franciam
2231 1934 2449 1991 intravit
2476 1954 2490 1997 ;
2521 1954 2684 2008 quam
2719 1956 2894 2010 usque
2914 1942 2979 1995 ad
3011 1943 3280 2014 Kalendas
3314 1950 3533 2006 Decem-

1918 2023 2034 2078 bris
2064 2035 2412 2099 pervagatus,
2445 2028 2581 2083 fines
2635 2030 3014 2099 Remensium,
3058 2037 3528 2111 Laudunensium,

1918 2112 2300 2181 Suessionum,
2325 2124 2378 2169 et
2412 2118 2803 2173 Parisiensium
2845 2121 3059 2177 diversa
3092 2126 3247 2181 clade
3278 2134 3529 2202 vastavit,

1918 2204 2180 2258 aacclcsiis
2210 2210 2415 2258 tantum
2452 2206 2543 2259 Dei
2577 2210 2727 2262 omni
2780 2210 3125 2267 immunitate
3156 2232 3435 2274 concessa.
3473 2224 3531 2276 ln

1921 2294 2207 2349 redeundo
2239 2303 2422 2349 tamen
2466 2296 2609 2351 circa
2643 2300 2882 2353 Axonam
2939 2301 3160 2357 ﬂuvium
3196 2318 3403 2376 partem
3439 2314 3536 2367 i111-

1920 2385 2364 2454 pedimentorum
2394 2387 2594 2442 amisit.
2664 2391 2928 2458 (Αωηίιιτ.)
2960 2394 3032 2447 De
3066 2395 3151 2449 his
3190 2400 3412 2467 quidam
3446 2421 3534 2458 rc-

1919 2474 2106 2528 clusus
2134 2475 2387 2544 prodixit,
2422 2478 2569 2547 quod
2615 2494 2809 2535 omnes
2860 2483 3174 2550 hujnsmali
3222 2489 3533 2549 incentores

1921 2567 2046 2616 ante
2076 2563 2428 2631 septenninm
2459 2576 2805 2622 morerentur
2832 2570 2999 2639 (208).

1995 2651 2119 2724 979.
2506 2674 2559 2728 6.
2944 2679 3033 2732 at.

1995 2764 2176 2838 igneae
2205 2765 2356 2821 acies
2394 2767 2523 2822 visae
2564 2777 2691 2823 sunt
2747 2771 2803 2824 in
2830 2772 2962 2827 caelo
2991 2790 3090 2844 per
3120 2781 3285 2832 totam
3313 2788 3531 2837 noctem

1921 2856 1955 2909 5
1983 2856 2253 2911 Kalendas
2291 2858 2634 2914 Novembris.
2672 2861 2780 2917 Hoc
2818 2879 2963 2920 anno
3013 2870 3363 2938 complentur
3385 2874 3534 2929 mille

1920 2949 2049 3003 anui
2072 2966 2101 3003 a
2130 2950 2410 3005 nativitate
2442 2952 2661 3021 Christi,
2720 2958 3023 3012 secundum
3052 2962 3338 3017 veritatem
3367 2981 3538 3021 evan-

1920 3041 2074 3115 gelii,
2143 3043 2236 3112 qui
2284 3044 2588 3098 secundum
2635 3046 2845 3116 cyclnm
2884 3049 3110 3104 Dionisii
3155 3068 3301 3109 anno
3332 3055 3539 3111 abhinc

1850 3132 1980 3218 €21
2016 3132 2324 3199 finiuntur;
2359 3135 2551 3206 sicque
2605 3137 2663 3190 in
2724 3155 2869 3194 anno
2928 3141 3217 3197 dominica:
3265 3148 3540 3216 passionis

1922 3221 2139 3276 veritati
2166 3224 2500 3296 evangelica:
2533 3227 2852 3282 contraitur.

1993 3330 2098 3386 980
2517 3336 2569 3388 7.
2978 3341 3069 3395 23$.

1996 3424 2301 3495 (A.Leod.)
2330 3424 2447 3480 Otto
2481 3426 2780 3498 imperator
2834 3436 2887 3485 et
2916 3430 3203 3488 Lotharius
3266 3451 3359 3489 rex
3413 3452 3542 3493 con-

1925 3516 2211 3570 venientes
2234 3532 2400 3588 super
2454 3518 2647 3573 Karum
2707 3520 2934 3577 ﬂuvium
2966 3524 3105 3596 (209)
3157 3526 3541 3599 pacificantur,

1926 3605 2068 3660 datis
2092 3607 2326 3661 invicem
2359 3612 2720 3666 sacramentis
2751 3631 2763 3665 :
2807 3622 2861 3668 et
2890 3632 2982 3669 rex
3034 3616 3321 3673 Lotliarius
3344 3620 3544 3675 Letha-

1928 3697 2162 3772 ringiam
2199 3699 2431 3766 abjurat,
2470 3702 2649 3767 (Ban.
2685 3720 2722 3767 1,
2756 3705 2854 3759 103
2885 3709 2901 3772 )
2954 3706 3076 3760 Otto
3110 3709 3405 3779 imperator
3438 3714 3543 3767 lla-

1930 3789 2054 3844 liam
2085 3790 2235 3859 petit.
2269 3790 2512 3861 (Transi.
2587 3795 2624 3847 S
2678 3796 2766 3863 L.)
2808 3794 3042 3866 Corpora
3073 3803 3549 3857 sanctornmlmn;

1928 3881 2131 3940 doaldi.
2165 3882 2410 3948 Adriani,
2436 3884 2741 3938 Amantiiet
2772 3885 3024 3952 aliorum,
3058 3906 3088 3942 a
3122 3890 3542 3958 Wentreshovo,

1933 3969 2217 4024 llasbanite
2249 3970 2367 4025 vico
2416 3972 2817 4027 transferuntur
2868 3976 3181 4031 (iandavum
3212 3994 3335 4033 cum
3374 3981 3543 4036 multa

1930 4061 2317 4117 miraculorum
2337 4062 2510 4134 gloria
2542 4064 2711 4133 (210.)

2006 4174 2128 4228 98L
2505 4176 2558 4230 8.
2921 4178 3009 4233 26.

2003 4281 2189 4351 (illan
2216 4283 2527 4354 Stephanus
2564 4285 2823 4342 Romanae
2853 4288 3119 4344 aecclesiae
3157 4290 3314 4343 138ιιε
3377 4294 3552 4361 presi-

1937 4372 2030 4427 dct
2056 4374 2142 4429 5‘5.
2179 4374 2300 4428 Otto
2349 4375 2645 4446 imperator
2675 4379 2922 4449 Apuliam
2955 4388 3008 4436 et
3039 4381 3341 4436 Calabriam
3384 4382 3551 4437 Italiae

1934 4461 2246 4532 provinmas
2272 4463 2341 4516 ad
2364 4465 2455 4534 jus
2477 4466 2632 4539 regni
2650 4466 2943 4523 Grecorum
2962 4468 3346 4539 appendentes
3363 4475 3550 4525 trans-

1934 4550 2077 4606 ferre
2130 4554 2196 4607 ad
2258 4554 2548 4625 imperium
2608 4558 2911 4613 Romanum
2969 4567 3248 4623 conatur;
3304 4561 3545 4616 maxime

1932 4657 2158 4719 propter
2187 4650 2531 4718 affinitatem,
2565 4670 2726 4724 quam
2794 4671 2895 4724 per
2925 4671 3148 4711 uxorem
3187 4671 3341 4710 suam
3364 4656 3553 4714 Theo-

1932 4741 2116 4810 phanu
2147 4757 2269 4797 cum
2302 4742 2633 4814 imperatore
2666 4747 3232 4805 Grecorumhabebat.

1573 4841 1653 4895 VA
1664 4842 1794 4896 file
1830 4843 2097 4900 LECTION
2108 4846 2180 4900 ES
2191 4889 2202 4901 .

290 4934 358 4968 ²¹¹
397 4933 584 5024 Ponus
613 4933 774 5024 lateat
828 4933 1019 5018 D..m
1068 4936 1382 5024 wald'ricns'
1503 4938 1579 5024 3'3
1635 4940 2202 5024 Ansbnrgen‘sisdﬂ3’.
2259 4942 2493 5024 (ἰὲξηῐ).
2553 4948 2620 4983 ²¹⁴
2663 4948 2722 5004 G.
2763 4950 2804 5024 _L
2872 4970 2902 5008 a
2957 4954 2995 5009 l.
3040 4972 3083 5010 r.
3125 4959 3183 5010 in
3220 4973 3421 5014 rasura
3451 4962 3500 5015 1.
3535 4976 3552 5024 ;

221 5003 666 5102 ἐξέχει
684 5007 1155 5102 ἒέἐῌῖιιξᾶἰεξφῖφ
1174 5009 1689 5102 ’ζεοεμξςμιζθξ-ξ-ᾳυί
1715 5003 2179 5102 “ap-ujdllirutios‘
2207 5015 2594 5102 marlirizatns,
2663 5003 3554 5102 multis‘mi—raeulis'

220 5078 313 5132 Ita
352 5078 526 5145 igitur
546 5076 663 5143 Stg.
679 5079 861 5145 primo
888 5078 1150 5134 ediderat.
1174 5080 1243 5114 ²¹⁵
1276 5076 1587 5150 Stephanus
1615 5076 1671 5120 '—
1715 5076 1965 5151 présidet
1991 5086 2181 5140 desunt
2212 5086 2270 5143 D.

1788 5184 1829 5237 N
1836 5184 2008 5243 ΟΠΞ.-

293 5275 438 5343 (205)
465 5276 539 5331 La
578 5276 771 5333 Haine.

293 5347 440 5421 ($06)
470 5348 727 5421 ﬂonssoit
742 5364 913 5421 prope
942 5350 1169 5407 Binche.

289 5418 596 5493 (2071mm
621 5418 774 5475 unde
817 5418 1056 5493 sumpta,
1115 5438 1225 5479 non
1278 5432 1511 5483 constat.
1572 5428 1734 5484 Error
1760 5429 1839 5483 in-

217 5505 347 5544 esse
372 5490 618 5569 videtur,
639 5506 766 5546 cum
814 5490 996 5564 neque
1028 5493 1220 5569 Hage,_
1245 5503 1407 5551 natus
1456 5509 1579 5569 post
1627 5517 1677 5555 a.
1709 5500 1835 5565 938,

217 5576 409 5640 ineque
426 5561 676 5640 Karolus,
698 5561 1724 5640 natuspost_a._9§§_,_hoctemporefilias
1743 5561 1841 5626 nu-

213 5630 364 5687 biles
396 5633 602 5689 habere
650 5630 950 5703 potuerint.
973 5635 1234 5692 HIRSCH.

298 5703 463 5775 (208.)
493 5703 674 5758 Verba
728 5706 804 5758 De
840 5704 924 5759 his
957 5735 1026 5747 —
1063 5713 1420 5779 morerentur,
1451 5727 1572 5783 quas
1628 5729 1738 5769 non
1767 5714 1841 5768 le-

1938 5292 2707 5385 guntu‘r‘ap‘udJﬂaldericurmn.
2730 5297 3080 5385 “Sigebertes
3109 5304 3345 5385 sumpsit
3374 5321 3406 5385 β
3442 5304 3554 5385 [τεο

1979 5369 2163 5446 mento
2218 5363 2536 5446 Balderici,“
2566 5384 2603 5446 1_,
2629 5363 2857 5446 9_3-97_,:'
2879 5373 3028 5446 quod
3056 5390 3099 5428 s.
3129 5390 3183 5429 x1
3227 5363 3551 5446 inscriptum

1963 5432 2183 5510 uitfolio
2214 5450 2386 5490 vacuo
2415 5432 2623 5510 codicis
2652 5432 3087 5510 Gemblaéensis,
3119 5460 3269 5499 nunc
3310 5432 3549 5500 Bruxell.

1936 5504 2198 5582 5§68,Ade
2226 5521 2336 5582 quo
2387 5506 2723 5582 cf._Archiv.
2776 5529 2892 5582 vm,
2934 5504 3082 5569 497(
3119 5515 3315 5569 Eadem
3371 5522 3551 5571 narrat

1937 5574 2210 5648 Alpertus,
2242 5574 2385 5648 M911.
2417 5577 2510 5632 SS.
2544 5597 2619 5648 1v,
2643 5582 2768 5640 697.

2011 5643 2154 5715 (209)
2185 5645 2255 5700 Le
2286 5645 2443 5703 Cher.

2010 5716 2156 5785 (210)
2185 5717 2315 5771 Acta
2344 5717 2435 5774 SS.
2464 5719 2613 5776 Mart.
2652 5740 2732 5790 111,
2765 5727 2853 5780 43.
