3876 6208
177 334 267 390 197

244 459 368 517 993.
716 461 780 517 R.
839 462 906 516 10
1228 461 1285 518 F.
1313 461 1366 517 6.

253 553 408 622 (Vita
427 551 563 622 Od.)
601 552 662 606 ln
693 550 1013 624 Burgundia
1041 550 1198 606 Odilo
1229 553 1484 606 Arvernae
1513 552 1807 620 oriundus,

185 657 249 695 ex
288 640 496 694 clerico
539 639 852 695 Brivatensi
882 640 1217 696 monachum
1277 641 1556 711 professus
1587 642 1639 695 in
1675 640 1808 696 Clu-

186 734 437 788 niacensi
467 733 754 798 caenobio,
779 740 901 804 post
952 733 1211 801 Majolum
1244 732 1526 804 preficitur
1557 734 1660 804 ipsi
1690 750 1809 789 caa-

182 829 361 885 nobio
394 847 409 894 ;
443 828 592 899 quod
649 845 750 899 per
781 843 956 883 annos
1002 829 1072 883 56
1111 828 1250 883 miro
1283 828 1568 899 religionis
1600 828 1812 884 fervore

183 918 330 972 rexit
360 923 417 970 et
449 916 717 987 provexit.
769 915 867 982 Qui
897 915 1122 990 egregie
1184 922 1369 986 preter
1395 923 1578 970 cetera
1610 916 1811 986 pietate

179 1009 450 1083 insignis,
485 1023 599 1063 non
631 1008 810 1062 solum
839 1009 964 1062 vitae
997 1007 1290 1078 exemplis,
1319 1009 1414 1062 sed
1447 1009 1612 1063 etiam
1645 1010 1812 1064 mira-

179 1100 330 1156 culis
363 1101 419 1154 in
463 1101 576 1154 vita
605 1117 702 1154 sua
726 1099 936 1154 claruit.
997 1099 1094 1164 Qui
1125 1115 1249 1154 cum
1292 1101 1809 1171 reprehenderetur,

180 1192 341 1264 quod
377 1192 434 1246 in
473 1198 764 1262 peccantes
788 1191 1199 1246 misericordior
1249 1192 1398 1260 justo
1429 1208 1554 1246 esse
1595 1193 1812 1247 videre-

178 1293 294 1352 tur,
327 1287 394 1342 Sz'
422 1287 772 1340 damnandus
823 1301 962 1352 sum,
1023 1286 1221 1357 inquit,
1275 1287 1416 1341 malo
1463 1287 1723 1342 damnari
1747 1288 1813 1342 de

174 1375 578 1429 misericordia
602 1391 766 1443 quam
785 1375 850 1428 de
915 1374 1146 1429 duritia.
1176 1373 1295 1430 Otto
1336 1375 1389 1428 in
1421 1374 1808 1446 imperatorem

176 1464 552 1519 benedicitur
579 1462 745 1533 (213).

253 1559 371 1615 994
762 1562 847 1614 11.
1212 1559 1262 1613 7.

259 1649 563 1704 Florebant
594 1649 697 1703 hoc
745 1655 994 1718 tempore
1048 1647 1104 1701 in
1146 1647 1381 1702 scientia
1409 1647 1718 1703 litterarum
1753 1649 1808 1702 in

177 1736 557 1811 Lotbaringia
585 1736 879 1810 Herigerus
917 1735 1089 1791 abbas
1133 1735 1436 1802 Lobiensis,
1474 1736 1812 1792 Adelboldus

173 1830 496 1900 episcOpus
550 1826 994 1894 Vultrajectensis
1048 1843 1062 1891 ;
1114 1826 1168 1880 in
1223 1827 1468 1889 Francia,
1523 1827 1811 1882 Fulbertus

175 1919 498 1989 episcOpus
548 1915 916 1983 Carnotensis,
978 1917 1136 1972 Abbo
1200 1917 1373 1974 abbas
1430 1919 1812 1988 Floriacensis,

175 2010 278 2081 qui
314 2025 494 2079 super
522 2008 793 2064 calculum
823 2009 1045 2064 Victorii
1074 2015 1476 2065 commentatus
1503 2018 1603 2064 est.

257 2100 394 2157 995.
762 2099 850 2154 12.
1219 2101 1272 2155 8.

250 2195 582 2256 Gerbertus,
626 2193 720 2265 qui
779 2201 833 2249 et
889 2195 1175 2261 Silvester,
1230 2195 1490 2250 Romanae
1543 2195 1809 2250 aacclesize

169 2282 350 2338 14.0111s
387 2283 661 2353 presidet,
689 2283 782 2353 qui
830 2288 884 2337 et
914 2283 1032 2354 ipse
1065 2284 1209 2338 inter
1246 2283 1476 2338 scientia
1502 2283 1802 2338 litterarum

169 2375 365 2430 claros
396 2376 622 2449 egregie
685 2375 896 2430 claruit.
959 2375 1189 2440 Quidam
1246 2376 1474 2431 transito
1542 2376 1804 2431 Silvestro

169 2466 480 2540 Agapitum
512 2481 710 2535 papam
770 2466 872 2518 hoc
930 2465 984 2518 in
1032 2465 1154 2520 loco
1196 2473 1450 2536 ponunt;
1488 2465 1636 2536 quod
1696 2480 1804 2520 non

172 2557 364 2612 otiose
382 2555 588 2611 factum
621 2571 742 2610 esse
773 2555 1034 2612 creditur.
1099 2555 1235 2621 Quia
1289 2555 1435 2610 enim
1470 2556 1514 2609 is
1544 2556 1809 2610 Silvester

178 2659 295 2698 non
331 2660 435 2713 per
462 2645 662 2698 ostium
719 2643 953 2698 intrasse
1009 2643 1210 2698 dicitur
1243 2662 1257 2709 ;
1299 2673 1364 2683 —
1397 2644 1608 2715 quippe
1643 2644 1734 2715 qui
1777 2659 1808 2697 a

181 2733 530 2804 quibusdam
558 2733 724 2788 etiam
757 2733 1176 2788 nichromantiaa
1205 2732 1454 2807 arguitur
1484 2751 1498 2797 ;
1531 2733 1600 2788 de
1631 2741 1808 2788 morte

183 2841 418 2896 quoque
450 2827 573 2894 ejus
612 2840 726 2880 non
755 2832 907 2880 recte
953 2831 1216 2880 tractatur
1248 2844 1262 2892 ;
1303 2842 1334 2880 a
1376 2825 1600 2880 diabolo
1658 2826 1808 2880 enim

186 2931 493 2985 percussus
516 2915 722 2970 dicitur
742 2915 930 2970 obisse
962 2935 979 2981 ;
1021 2931 1186 2987 quam
1226 2931 1341 2970 rem
1374 2931 1475 2970 nos
1524 2915 1580 2969 in
1623 2917 1808 2971 medio

186 3003 604 3074 relinquimus;
637 3035 706 3044 —
737 3021 767 3058 a
798 3020 1028 3060 numero
1061 3021 1325 3076 paparum
1372 3005 1627 3060 exclusus
1656 3005 1812 3060 vide-

187 3097 297 3147 tur.
337 3091 494 3148 Unde
521 3093 701 3148 lector
727 3109 922 3164 queso,
983 3102 1042 3149 ut
1094 3102 1149 3149 et
1178 3093 1268 3148 hic
1327 3099 1381 3148 et
1411 3093 1564 3161 alibi,
1621 3093 1667 3148 si
1703 3109 1811 3165 qua

182 3179 537 3236 dissonantia
555 3189 610 3237 te
639 3181 931 3237 oﬂenderit
949 3183 1016 3237 de
1045 3182 1388 3250 nominibus,
1416 3183 1503 3238 vel
1523 3182 1705 3250 annis,
1725 3183 1811 3238 vel

180 3269 538 3340 temporibus
581 3287 871 3342 paparum,
903 3287 1014 3328 non
1066 3271 1201 3326 mihi
1260 3272 1522 3344 imputes,
1574 3271 1669 3345 qui
1696 3287 1808 3328 non

181 3361 325 3427 visa,
360 3363 461 3416 sed
489 3356 679 3418 audita
708 3363 796 3417 vel
836 3362 975 3418 lecta
1004 3361 1210 3420 scribo.

258 3453 391 3508 996.
789 3454 876 3509 13.
1271 3455 1324 3509 9.

256 3544 359 3614 (Α.
390 3542 580 3613 Leod.)
615 3543 846 3618 Hugone
875 3543 1206 3600 Francorum
1237 3560 1371 3618 rege
1410 3551 1652 3614 mortuo,
1685 3544 1817 3600 Rot-

187 3632 385 3686 bertus
424 3631 570 3687 ﬁlius
596 3631 720 3700 ejus
753 3641 950 3706 regnat
979 3633 1034 3687 in
1062 3633 1288 3689 Francia
1321 3633 1480 3688 annis
1509 3633 1596 3688 35.

267 3720 397 3776 997.
834 3723 922 3776 14.
1287 3723 1339 3779 1.

275 3812 430 3878 (Vita
470 3810 628 3881 Her)
685 3810 1012 3866 Heribertus
1065 3812 1355 3868 ordinatus
1407 3811 1816 3868 Coloniensium

192 3899 520 3970 episcopus,
551 3900 729 3955 multa
779 3901 1070 3956 sanctitate
1119 3901 1306 3957 claret.
1340 3903 1590 3972 (ALPERT.
1636 3919 1674 3969 ι,
1701 3901 1814 3972 11.)

191 3990 451 4045 Clarebat
479 3991 641 4046 etiam
665 3993 772 4048 hoc
813 4001 1062 4064 tempore
1091 3993 1234 4049 inter
1273 3992 1454 4048 Gallos
1481 3992 1770 4047 Ansfridus
1794 4011 1811 4059 ;

192 4084 289 4154 qui
322 4099 448 4138 cum
494 4083 689 4140 fuisset
741 4101 930 4141 comes
977 4086 1452 4157 Bratuspantium,
1485 4102 1596 4142 non
1629 4086 1814 4140 minus

186 4175 404 4245 justitia
447 4193 608 4248 quam
663 4177 910 4250 potentia
971 4178 1205 4234 seculari
1266 4177 1532 4246 famosus,
1560 4178 1814 4250 deposito

196 4268 413 4323 militia
435 4269 657 4344 cingulo
686 4271 1069 4326 tonsoratusin
1096 4270 1382 4339 clericum,
1408 4286 1476 4326 eo
1528 4277 1820 4341 provectus

194 4369 305 4427 est,
360 4367 421 4415 ut
461 4361 810 4417 ordinaretur
874 4363 1172 4434 episcOpus
1227 4361 1680 4433 Vultrajectensis
1708 4378 1820 4418 asc-

200 4449 410 4505 clesize.

275 4541 384 4596 998
772 4543 838 4596 15
1230 4542 1285 4596 2.

274 4629 464 4701 (Mm)
490 4632 756 4705 Agapitus
801 4632 1060 4687 Romanae
1116 4631 1381 4688 accclesiae
1445 4633 1601 4687 14108
1645 4633 1820 4704 presi-

196 4723 293 4779 det
321 4725 411 4778 '3°.
447 4726 599 4794 (Vita
647 4724 773 4795 0d.)
826 4724 936 4780 Hoc
967 4731 1216 4796 tempore
1267 4725 1493 4796 quidam
1529 4725 1822 4801 religiosus

196 4819 266 4872 ab
288 4818 672 4875 Hierosolimis
703 4818 949 4887 rediens,
984 4819 1039 4873 in
1066 4819 1253 4874 Sicilia
1295 4820 1495 4876 reclusi
1528 4821 1817 4890 cujusdam

195 4911 538 4966 humanitate
575 4909 900 4982 aliquandiu
928 4921 1225 4978 recreatus,
1259 4911 1457 4967 didicit
1486 4914 1555 4967 ab
1587 4929 1654 4969 eo
1678 4914 1820 4968 inter

195 5009 404 5068 cetera,
451 5001 601 5074 quod
656 5001 715 5055 in
762 5001 856 5056 illa
895 5001 1101 5057 vicinia
1147 5010 1332 5057 essent
1361 5002 1481 5058 loca
1512 5005 1818 5060 eructantia

199 5092 542 5148 ﬂammarum
571 5092 854 5160 incendia,
896 5109 1018 5165 quae
1076 5094 1195 5150 loca
1212 5101 1479 5150 vocantur
1515 5095 1584 5149 ab
1624 5095 1819 5150 incolis

201 5185 333 5241 Ollae
362 5185 588 5241 Vulcani
630 5184 800 5257 (214),
853 5184 909 5240 in
957 5184 1163 5257 quibus
1216 5186 1414 5242 animae
1453 5186 1816 5258 reproborum

1673 337 2021 394 CHRONICA.

1839 468 1888 533 Α
1911 461 2066 516 luant
2103 461 2320 516 diversa
2349 477 2448 532 pro
2480 462 2803 518 meritorum
2835 467 3100 536 qualitate
3139 470 3432 541 supplicia,
3455 472 3525 526 ad

1835 1780 1886 1848 Β

3425 348 3526 404 198

1911 573 1976 610 ea
2009 557 2333 628 exequenda
2365 557 2639 627 deputatis
2667 558 2743 612 ibi
2775 560 3109 617 dcmonibus
3153 582 3166 628 ;
3196 581 3430 636 quorum
3462 583 3522 620 se

1911 644 2102 699 crebro
2130 660 2317 711 voces,
2351 645 2460 700 iras
2491 654 2543 700 et
2563 653 2822 712 terrores,
2878 664 3009 718 sepe
3069 651 3229 705 etiam
3287 653 3525 719 ejulatus

1912 734 2132 788 audisse
2163 735 2402 802 dicebat,
2445 735 2824 810 plangentium
2877 739 3022 810 quod
3065 741 3261 794 animae
3287 743 3523 797 damna-

1913 835 2090 884 torum
2130 831 2476 900 eriperentur
2505 831 2573 886 de
2605 832 2858 886 manibus
2915 849 3106 888 eorum
3133 852 3231 906 per
3261 836 3523 892 elemosi-

1913 934 2012 972 nas
2039 925 2092 972 et
2124 935 2316 989 preces
2347 918 2614 987 fidelium,
2671 929 2725 975 et
2788 921 2889 976 hoc
2922 929 3170 994 tempore
3201 925 3376 999 magis
3428 941 3527 995 per

1909 1007 2189 1062 orationes
2236 1007 2700 1072 Cluniacensium,
2760 1010 3035 1064 orantium
3099 1013 3380 1068 indefesso
3423 1029 3525 1083 pro

1912 1095 2298 1151 defunctorum
2341 1099 2607 1168 requiem.
2647 1099 2754 1152 Hoc
2796 1117 2895 1170 per
2957 1101 3109 1154 illum
3142 1101 3315 1155 abbas
3369 1101 3528 1156 Odilo

1911 1193 2215 1256 comperto,
2246 1187 2534 1241 constituit
2561 1203 2660 1257 per
2679 1188 2866 1242 omnia
2895 1190 3230 1244 monasteria
3259 1191 3365 1244 sibi
3395 1191 3530 1244 sub-

1905 1277 2072 1345 jecta,
2102 1284 2160 1331 ut
2197 1277 2336 1331 sicut
2358 1278 2533 1347 primo
2563 1279 2652 1332 die
2685 1279 3008 1333 Novembris
3035 1281 3355 1336 solemnitas
3403 1297 3529 1336 om-

1913 1368 2061 1422 nium
2104 1379 2416 1424 sanctorum
2469 1370 2666 1442 agitur,
2709 1371 2780 1425 ita
2829 1373 3085 1442 sequenti
3129 1374 3220 1427 die
3260 1360 3528 1428 memoria

1911 1457 2157 1512 omnium
2187 1459 2239 1511 in
2274 1457 2485 1513 Christo
2539 1459 2942 1529 quiescentium
2975 1461 3303 1516 celebretur.
3329 1463 3426 1527 Qui
3451 1463 3527 1515 ri-

1910 1556 1998 1603 tus
2035 1549 2103 1602 ad
2134 1549 2333 1604 multas
2385 1551 2662 1605 zecclesias
2715 1552 3007 1617 transiens,
3067 1553 3529 1608 tideliumdefun-

1912 1647 2122 1694 ctorum
2151 1640 2468 1695 memoriam
2501 1641 2852 1695 solemnizari
2887 1641 3032 1695 facit.

1981 1731 2105 1787 999.
2470 1732 2551 1786 16.
2904 1732 2955 1787 3.

1983 1822 2162 1894 (Glab.
2218 1824 2352 1878 Bod.
2388 1840 2426 1889 ι,
2477 1825 2548 1890 4)
2601 1824 2658 1876 ln
2712 1823 2864 1878 ltalia
2919 1823 3184 1877 Crescens
3235 1823 3525 1892 patriciatu

1915 1911 2284 1966 Romanorum
2343 1919 2562 1982 arrepto
2601 1920 2790 1967 contra
2845 1912 3097 1968 Ottonem
3138 1911 3519 1983 imperatorem

1914 2003 2144 2058 rebellat

1985 2094 2144 2150 1000.
2539 2095 2620 2149 17.
3004 2096 3056 2149 4.

1983 2185 2079 2254 (Α.
2102 2186 2284 2248 Leod.)
2309 2186 2463 2239 Anno
2481 2185 2608 2240 Jesu
2642 2184 2835 2240 Christi
2867 2185 3162 2240 millesimo
3217 2186 3524 2241 secundum

1909 2275 2359 2346 supputationem
2419 2274 2648 2329 Dionisii
2699 2275 2868 2329 multa
2926 2275 3179 2348 prodigia
3219 2276 3333 2328 visa
3363 2283 3514 2329 sunt.

1904 2363 2268 2419 Terrmmotus
2299 2364 2475 2418 factus
2505 2371 2587 2418 est
2630 2365 2997 2434 permaximus
3026 2382 3040 2428 ;
3069 2371 3312 2418 cometes
3352 2351 3525 2434 appa;

1908 2458 2054 2525 ruit‘,
2095 2459 2162 2514 19
2186 2458 2454 2512 Kalenoas
2483 2457 2725 2511 Januarii
2779 2458 2922 2512 circa
2952 2457 3141 2512 horam
3162 2458 3195 2510 9
3228 2456 3356 2512 ﬁsso
3385 2458 3523 2512 caelo

1908 2548 2066 2619 quasi
2110 2548 2286 2602 facula
2310 2548 2512 2602 ardens
2541 2563 2664 2602 cum
2737 2548 2902 2619 longo
2935 2555 3108 2602 tractu
3142 2548 3313 2601 instar
3341 2547 3526 2621 fulgu-

1911 2646 1985 2700 ris
2015 2645 2260 2700 illabitur
2289 2646 2466 2708 terris,
2498 2653 2650 2702 tanto
2677 2645 2998 2716 splendore,
3026 2654 3084 2701 ut
3115 2662 3224 2701 non
3248 2646 3414 2700 modo
3435 2646 3527 2716 qui

1911 2737 1967 2790 in
1998 2736 2144 2808 agris
2177 2744 2352 2801 erant,
2393 2736 2489 2790 sed
2531 2735 2694 2790 etiam
2755 2736 2809 2789 in
2841 2736 3020 2800 tectis,
3071 2735 3283 2806 irrupto
3317 2735 3527 2789 lumine

1911 2826 2226 2882 ferirentur.
2279 2828 2392 2893 Qua
2448 2827 2566 2882 caeli
2617 2826 2811 2881 fissura
2868 2827 3076 2881 sensim
3135 2836 3528 2896 evanescente,

1912 2918 2136 2974 interim
2177 2919 2392 2973 visaest
2417 2919 2591 2993 ligura
2631 2918 2785 2989 quasi
2835 2918 3133 2988 serpentis,
3168 2917 3349 2988 capite
3387 2917 3520 2988 qui-

1913 3007 2039 3061 dem
2073 3013 2380 3074 crescente,
2411 3022 2536 3061 cum
2576 3005 2814 3062 ceruleis
2855 3005 3109 3077 pedibus.

1986 3099 2146 3156 1001.
2512 3099 2597 3154 18.
2979 3098 3032 3153 5.

1983 3194 2309 3249 Octavianus
2331 3196 2636 3250 secundum
2677 3193 2942 3266 quosdam
2976 3193 3236 3248 Romanae
3266 3191 3532 3247 aecclesia:

1913 3286 2074 3341 14208
2107 3286 2351 3357 presidet
2403 3287 2468 3320 ²²¹
2523 3285 2614 3356 (cf.
2659 3287 2822 3352 Mar.)
2905 3283 3092 3354 (Cum.
3158 3284 3295 3339 Roo.
3355 3300 3393 3350 ι,
3451 3285 3532 3350 4.)

1915 3377 2037 3434 Otto
2069 3379 2367 3449 imperator
2419 3379 2604 3434 Romae
2663 3377 3011 3432 Crescentem
3056 3375 3346 3446 patricium
3374 3375 3526 3430 bello

1915 3468 2236 3542 aggreditur
2263 3485 2277 3533 ;
2311 3467 2410 3521 sed
2439 3467 2619 3521 victus
2640 3465 2904 3520 Crescens
2917 3472 2971 3519 et
2999 3480 3065 3521 ex
3085 3463 3212 3536 fuga
3239 3471 3531 3530 retractus,

1917 3554 2374 3625 capitur,vilique
2409 3554 2660 3622 jumento
2712 3568 2901 3608 averse
2949 3551 3238 3622 impositus
3289 3552 3532 3606 circum—

1919 3645 2155 3714 ducitur,
2173 3653 2228 3701 et
2249 3646 2511 3716 paulatim
2541 3643 2804 3699 membris
2835 3651 3140 3710 truncatus,
3171 3644 3240 3699 ad
3277 3645 3529 3700 ultimum

1919 3745 2051 3791 ante
2071 3737 2263 3791 urbem
2286 3736 2661 3806 suSpenditur.

1997 3827 2150 3884 1002.
2516 3826 2600 3880 19.
2939 3825 2988 3879 6.

1989 3921 2110 3975 Otto
2141 3920 2441 3990 imperator
2471 3917 2679 3991 degens
2711 3915 2919 3980 Romw,
2949 3913 3078 3968 dum
3120 3929 3243 3968 cum
3273 3914 3532 3969 Romanis

1917 4023 1977 4062 se
1996 4006 2280 4062 remissius
2335 4004 2468 4076 agit,
2519 4010 2758 4058 tractans
2811 4001 3049 4073 qualiter
3097 4001 3222 4069 jura
3281 4001 3435 4074 regni
3479 4009 3533 4056 et

1913 4099 2182 4154 zecclesize
2225 4098 2293 4152 ad
2340 4097 2626 4168 antiquum
2675 4102 2874 4150 statum
2923 4093 3262 4158 reformaret,
3299 4093 3529 4148 Romani

1920 4208 2018 4265 per
2046 4193 2151 4248 hoc
2170 4192 2237 4246 ad
2269 4197 2646 4262 contemptum
2700 4189 2819 4258 ejus
2859 4188 3102 4254 adducti,
3131 4187 3316 4242 subito
3345 4193 3535 4242 contra

1919 4297 2045 4336 eum
2075 4280 2414 4350 conspirant,
2443 4285 2495 4334 et
2525 4279 2736 4350 aliquot
2794 4276 3028 4331 militum
3053 4276 3174 4348 ejus
3214 4275 3535 4345 peremptis,

1921 4385 2047 4424 eum
2076 4369 2131 4423 in
2174 4367 2375 4440 palatio
2395 4366 2676 4422 obsident.
2715 4365 2868 4421 Unde
2890 4380 2987 4435 per
3017 4363 3344 4418 industriam
3375 4363 3535 4418 Hein-

1840 4464 2021 4548 Drici
2054 4463 2210 4519 ducis
2250 4462 2513 4531 Bajoariaa
2569 4469 2624 4516 et
2683 4460 2928 4535 Hugonis
2990 4459 3324 4514 marcliionis
3364 4457 3534 4513 Italia:

1919 4555 2175 4610 simulato
2203 4560 2362 4625 pacto
2381 4553 2470 4607 vix
2500 4559 2792 4617 extractus,
2847 4551 3017 4606 Roma
3040 4549 3257 4605 decedit
3281 4564 3405 4603 cum
3424 4549 3535 4603 Sil-

1921 4652 2104 4700 vestro
2134 4660 2291 4716 papa.
2328 4644 2386 4697 Et
2442 4644 2572 4714 quia
2602 4656 2740 4699 uxor
2792 4639 3098 4694 Crescentis
3146 4638 3533 4715 imperatorem

1921 4753 2018 4808 Spe
2040 4735 2304 4811 regnandi
2335 4735 2403 4789 ad
2458 4749 2702 4789 amorem
2759 4747 2921 4787 suum
2963 4730 3286 4802 pellexerat,
3339 4731 3534 4786 dolens

1922 4839 2019 4895 pro
2042 4825 2162 4893 ejus
2200 4823 2469 4889 discessu,
2501 4838 2774 4877 venenum
2806 4821 2857 4876 ei
2912 4820 3097 4883 misit;
3126 4835 3236 4890 quo
3265 4819 3357 4875 ille
3395 4836 3533 4876 con-

1919 4920 2170 4984 sumptus
2194 4913 2336 4967 inter
2365 4910 2723 4966 remeandum
2756 4909 2810 4964 in
2871 4909 3025 4964 Italia
3055 4908 3301 4964 moritur.
3339 4909 3536 4965 Milites

1922 5000 2244 5072 transalpini
2275 5015 2476 5071 corpus
2505 4998 2855 5070 imperatoris
2872 4996 3116 5053 defuncti
3140 5012 3263 5052 cum
3298 4991 3536 5068 insigni-

1920 5093 2023 5148 bus
2051 5091 2271 5164 imperii
2299 5091 2366 5146 ad
2397 5089 2624 5145 Galliam
2676 5090 3001 5156 reterentes,
3030 5087 3243 5144 crebris
3275 5086 3532 5140 Italorum

1920 5185 2236 5242 incursibus
2293 5183 2558 5251 lacessiti,
2591 5183 2759 5238 armis
2805 5181 2910 5237 sibi
2974 5180 3116 5238 viam
3171 5184 3384 5250 parant.
3427 5175 3535 5231 Sed

1555 5293 1774 5349 VARI/15
1808 5291 2084 5348 LECTION
2094 5293 2187 5347 ES.

267 5392 619 5469 noAgapitus
657 5421 727 5432 —
749 5385 1000 5462 presidet
1023 5393 1217 5450 desunt
1244 5393 1305 5448 D.
1339 5393 1405 5429 ²²ι
1435 5392 1774 5452 Octavinnus
1803 5425 1873 5435 —
1902 5392 2150 5465 presidet
2178 5392 2371 5448 desunt
2397 5392 2457 5446 D.

1705 5503 1916 5559 NOTAE.

263 5602 400 5672 (213)
429 5603 493 5656 n-
519 5599 595 5654 23
623 5597 898 5672 Mai.996.

259 5670 406 5745 (214)
441 5673 572 5745 ῌωφ
604 5671 810 5745 desunt
840 5670 1071 5745 in_Petri
1102 5671 1349 5726 Damiani
1402 5672 1522 5745 Vita
1561 5673 1617 5745 S.
1639 5671 1824 5745 Odilo-

198 5741 294 5813 nis,
325 5741 508 5803 c.'17.
541 5741 778 5796 Addidit
806 5756 871 5795 ea
898 5741 1220 5816 Sigebertus
1233 5759 1298 5799 ex
1320 5759 1373 5802 a.
1393 5743 1500 5799 532
1521 5758 1536 5813 ;
1561 5743 1634 5800 cf.
1667 5743 1822 5798 Glab.

1927 5600 2045 5654 Rod
2075 5617 2134 5666 ιι,
2162 5600 2215 5653 7.
2253 5599 2396 5653 Fons
2423 5599 2671 5654 omnium
2708 5594 3025 5666 bujusmodi
3057 5588 3431 5647 narrationum
3451 5591 3534 5640 est

1925 5671 2088 5746 Greg.
2122 5669 2261 5725 Dial.
2299 5668 2382 5736 ιν,
2416 5668 2505 5725 30.
