3876 6208
411 304 514 359 199

1582 297 1929 352 SIGEBERTI
1969 297 2490 358 GEMBLACENSIS.

3638 303 3747 359 200

404 447 526 487 cum
554 430 666 498 jam
699 444 787 482 res
820 426 873 481 in
908 432 1021 481 tuto
1052 442 1177 480 esse
1238 432 1538 496 putaretur,
1590 425 1697 480 dux
1750 426 2013 494 Bajoarize
2039 432 2090 498 Α
2118 427 2232 496 det,
2260 430 2716 484 concurrentibus
2743 430 2809 483 ad
2842 429 3106 484 auxilium
3142 429 3261 498 ejus
3294 428 3565 484 Rotberto
3612 444 3742 502 rege

405 521 709 587 Heinricus,
740 518 998 587 injuriato
1040 516 1328 571 Heribeito
1388 516 1798 571 Coloniensium
1832 518 2013 571 archi-

402 612 689 683 episcopo,
742 624 773 662 a
803 608 961 676 cujus
1001 623 1095 661 ore
1134 623 1329 662 omnes
1376 606 1717 677 pendebant,
1782 608 2020 680 insignia

406 701 561 772 regni
589 700 658 753 ab
694 715 759 754 eo
781 698 1052 752 violenter
1082 697 1329 761 extorsit,
1353 697 1645 767 QUﬂSiJUI‘O
1689 698 2021 751 hereditario

404 793 511 849 sibi
543 790 930 862 competentia.
967 789 1085 843 Fuit
1112 790 1318 860 quippe
1377 789 1523 844 titius
1577 790 1796 844 llenrici
1843 790 2019 854 ducis,

406 883 627 956 quifuit
682 883 901 957 genitus
946 882 1017 935 de
1072 880 1326 935 Heinrico
1380 881 1542 936 fratre
1602 882 1761 951 primi
1810 880 2021 936 Ottonis

408 974 774 1045 imperatoris.
845 972 1020 1041 (Mam)
1082 972 1365 1026 Hcinricus
1426 972 1534 1025 dux
1579 972 1884 1026 conciliatis
1916 972 2019 1025 sibi

406 1066 608 1122 animis
630 1064 974 1137 quorundam
1012 1064 1321 1135 principum
1358 1065 1533 1137 regni,
1565 1062 1903 1137 unguiturin
1936 1080 2021 1117 re-

404 1177 528 1237 gem
551 1178 581 1215 a
619 1160 887 1234 Willigiso
913 1158 1234 1233 Moguntino
1275 1158 1717 1229 archiepiscoiio,
1745 1165 1798 1212 et
1834 1157 2015 1228 impe-

407 1256 490 1305 rat
519 1248 678 1303 annis
713 1249 802 1302 22.

480 1362 634 1429 1003,
965 1361 1029 1415 R.
1062 1361 1112 1414 1.
1407 1359 1461 1414 F.
1497 1361 1551 1414 7.

474 1457 730 1523 (Αιρεειτ.
785 1471 822 1518 ι,
860 1454 938 1523 5.)
971 1453 1260 1508 Hcinricus
1321 1452 1623 1524 imperator
1677 1451 2018 1523 potentiores

410 1544 567 1618 regni
596 1543 772 1609 viros,
800 1542 947 1597 bella
983 1541 1089 1595 sibi
1120 1542 1401 1596 concitare
1459 1541 1731 1601 volentes,
1762 1540 2020 1594 celeriter

406 1632 671 1699 devincit,
704 1639 758 1685 et
789 1646 947 1703 reges
984 1629 1272 1702 gentilium
1322 1630 1377 1683 in
1434 1629 1677 1683 interiori
1730 1628 2019 1682 Germania

407 1729 835 1787 commorantes,
859 1721 953 1792 qui
980 1720 1188 1775 Winidi
1220 1720 1498 1782 dicuntur,
1554 1718 1874 1773 tributarios
1913 1718 2017 1772 sibi

406 1813 556 1869 facit.
594 1814 801 1884 [(GLAB.
848 1813 982 1867 Bon.
1012 1828 1091 1877 111,
1122 1811 1199 1878 3.)
1256 1810 1413 1865 Abbo
1452 1810 1623 1865 abbas
1654 1808 2018 1864 Floriacensis

408 1905 466 1959 in
483 1905 774 1960 Wasconia
804 1903 1188 1974 martyrizatur
1216 1902 1325 1971 ²²².]

480 2013 637 2070 1004.
1068 2013 1121 2065 2.
1519 2013 1571 2066 8.

479 2103 747 2158 Gerardus
840 2101 1314 2156 Cameracensium
1386 2101 1680 2172 episcOpus
1753 2099 1897 2167 1215)
1964 2106 2018 2153 et

406 2196 743 2251 Adelboldus
774 2195 1217 2263 Vultrajectcnsis
1265 2196 1561 2265 episcopus
1612 2194 1796 2268 magni
1829 2194 1884 2247 in
1912 2210 2018 2249 mc-

402 2288 568 2342 clesia
596 2294 648 2341 et
684 2287 738 2339 in
790 2286 992 2356 palatio
1023 2286 1315 2340 habentur.
1376 2286 1663 2339 Heinricus
1715 2286 2019 2354 imperator

404 2377 921 2450 Babenbergensem
966 2378 1275 2431 mcclesiam
1292 2377 1626 2447 episcopalis
1638 2376 1787 2430 sedis
1813 2377 2020 2430 honore

400 2469 682 2535 sublimat,
724 2476 779 2524 et
808 2469 937 2541 quia
970 2469 1160 2523 liberis
1190 2468 1432 2535 carebat,
1468 2485 1587 2523 eam
1619 2468 1865 2523 omnium
1893 2484 2019 2522 sua-

402 2577 520 2616 rum
554 2577 735 2615 rerum
795 2560 1055 2615 heredem
1089 2560 1235 2615 facit.
1300 2561 1453 2616 Unde
1508 2560 1843 2615 Deodericus
1874 2560 2015 2613 Met-

400 2661 641 2716 tensium
671 2662 988 2731 episcopus,
1056 2661 1252 2715 dolens
1304 2660 1488 2716 dotem
1524 2670 1578 2715 et
1622 2658 2016 2731 patrimonium

401 2753 606 2807 sororis
663 2768 776 2805 suae
834 2752 1174 2824 Cunigundis
1228 2752 1594 2820 imperatricis
1648 2749 1892 2821 delegari
1950 2748 2019 2801 ab

404 2841 733 2912 imperatore
750 2843 1017 2898 azcclesiaa
1040 2840 1509 2911 Babenbergensi,
1530 2839 1778 2894 rebellat.

477 2950 641 3006 1005.
1076 2950 1126 3006 3.
1558 2949 1611 3001 9.

2126 520 2453 577 Francorum
2482 502 2830 579 et'Richardo
2862 523 3062 579 comite
3110 513 3598 579 Nortmannorum.

2198 612 2351 667 1007.
2715 613 2769 666 5.
3155 614 3239 668 11.

2198 705 2271 772 (Ib
2303 704 2316 772 )
2351 702 2636 759 lleinricus
2670 704 2988 775 imperator,
3024 704 3153 775 quia
3201 704 3269 758 de
3296 703 3598 759 obsidione
3631 703 3741 756 \‘a-

2124 793 2513 847 lentinianensi
2558 792 2813 847 inefficax
2868 793 3128 859 redierat,
3181 800 3375 848 contra
3407 792 3738 847 Balduinum

2123 881 2423 953 profectus,
2457 890 2695 938 castrum
2736 883 3052 937 Gandavum
3113 882 3343 949 invadit,
3402 891 3458 937 et
3487 883 3741 953 depopu-

2124 975 2228 1027 lata
2282 981 2421 1029 terra
2474 974 2683 1046 aliquot
2748 973 3162 1029 Flandrensium
3234 974 3505 1043 primores
3563 973 3741 1045 capit.

2126 1061 2275 1117 Unde
2321 1063 2617 1117 Balduinus
2685 1063 3009 1134 perterritus
3076 1062 3395 1132 imperatori
3448 1062 3740 1126 satisfacit,

2122 1151 2472 1207 Valentianas
2524 1151 2726 1217 reddit,
2759 1152 3013 1223 datisque
3073 1150 3360 1205 obsidibus
3389 1166 3516 1205 cum
3549 1167 3741 1206 saera-

2118 1252 2304 1296 mento
2334 1240 2635 1307 tidelitatis,
2664 1257 2860 1295 manus
2891 1240 2943 1295 ei
2968 1239 3140 1293 dedit.
3190 1239 3383 1293 Postea
3438 1240 3744 1310 imperator

2118 1331 2389 1385 seditione
2443 1346 2666 1385 suorum
2734 1336 2975 1397 coactus,
3054 1328 3407 1384 Valentianas
3465 1329 3739 1384 Balduino

2120 1422 2490 1489 beneﬁciavit,
2549 1430 2607 1477 ut
2655 1422 2762 1475 sibi
2810 1428 2998 1476 contra
3046 1428 3229 1476 motus
3259 1436 3489 1477 suorum
3531 1422 3739 1477 auxilio

2122 1519 2283 1565 esset.
2322 1512 2514 1566 Postea
2542 1512 2591 1565 ei
2617 1512 2781 1565 etiam
2824 1510 3136 1565 Walachras
3156 1510 3557 1582 addidit(218°)

2193 1604 2350 1659 1008.
2746 1605 2801 1657 0.
3200 1604 3285 1656 12.

2192 1696 2285 1765 (Α.
2304 1696 2463 1751 ιρολ.
2487 1696 2581 1757 ;G.
2598 1696 2719 1749 abb.
2742 1694 2967 1763 Gembl.)
2982 1693 3736 1749 BaldericusLeodicensium

2047 1768 2097 1837 Β
2120 1784 2415 1854 episcOpus
2445 1784 2749 1838 ordinatur.
2811 1782 3159 1837 Burchardus
3214 1798 3438 1854 quoque
3468 1780 3533 1837 ﬁt
3571 1782 3736 1838 Wor-

2119 1876 2459 1929 macensium
2492 1875 2817 1944 episcopus,
2873 1874 3036 1945 quiin
3090 1874 3375 1945 scripturis
3428 1874 3735 1940 studiosus,

2119 1982 2381 2041 magnum
2413 1966 2548 2019 illud
2574 1981 2849 2021 canonum
2876 1965 3134 2020 volumen
3185 1965 3381 2033 edidit,
3433 1966 3739 2036 scriptura-

2120 2071 2238 2109 rum
2270 2056 2558 2109 sententiis
2597 2054 2839 2125 undique
2871 2052 3182 2124 compilatis
3210 2053 3566 2122 defloratum,
3620 2054 3737 2109 col-

2119 2150 2404 2205 laborante
2432 2150 2539 2203 sibi
2565 2150 2617 2203 in
2665 2149 2770 2203 hoc
2813 2147 3071 2219 magistro
3120 2160 3221 2201 suo
3254 2145 3474 2201 Olberto
3510 2145 3735 2214 abbate,

2118 2243 2234 2298 viro
2264 2242 2653 2313 undecumque
2676 2239 3018 2295 doctissimo.

2341 2378 2352 2388 .
2784 2332 2838 2384 7.
3179 2330 3263 2385 13.

2341 2378 2352 2388 .
2784 2335 2838 2384 7.
3179 2335 3263 2385 13.

2194 2335 2373 2496 3ῗὲ.)
2431 2425 2535 2479 Leo
2602 2424 2861 2479 Romane
2930 2420 3196 2476 aecclesia:
3250 2420 3412 2476 143ιιε
3463 2422 3736 2492 presidet.

2123 2518 2211 2588 (A.
2236 2519 2421 2588 Leod.)
2455 2515 2684 2587 Eclipsis
2711 2516 2844 2569 solis
2860 2513 3003 2568 facta
3047 2521 3133 2567 est
3154 2515 3288 2568 hora
3320 2513 3434 2568 diei
3467 2515 3740 2568 secunda.

2124 2613 2364 2681 (ALPERI.
2392 2628 2427 2672 1,
2453 2612 2529 2675 8,)
2564 2605 2881 2663 Nortmanni
2935 2606 3172 2660 Fresiam
3204 2604 3554 2669 infestantes,
3587 2605 3743 2661 Thile

2119 2700 2386 2771 Oppidum
2444 2698 2764 2752 incendunt.
2824 2694 3111 2749 Heinricus
3170 2693 3469 2763 imperator
3530 2694 3738 2750 Mettim

2121 2790 2312 2844 urbem
2351 2787 2567 2843 obsidet
2607 2792 2832 2856 prepter
2872 2783 3230 2838 Deodericum
3290 2781 3517 2837 fratrem
3552 2785 3740 2838 uxoris

2120 2897 2232 2935 sua:
2259 2889 2449 2934 contra
2470 2894 2530 2931 se
2556 2876 2938 2942 rebellantem,
2992 2875 3083 2946 qui
3115 2874 3498 2944 episcopatum
3560 2875 3739 2946 ipsius

2121 2971 2276 3027 urbis
2311 2975 2685 3040 usurpaverat.
2736 2969 2850 3022 liux
2905 2966 3051 3021 enim
3111 2965 3541 3021 Mosellanorum
3587 2967 3739 3023 Deo-

480 3045 625 3115 (Ᾱινο
662 3061 700 3109 ιν
732 3043 811 3113 δι)
853 3042 1105 3099 Cometes
1129 3043 1379 3099 horribili
1400 3041 1585 3113 81)οοίο
1627 3041 1875 3096 ﬂammas
1913 3042 2022 3096 huc
2123 3059 2342 3115 dericus
2390 3065 2511 3129 post
2551 3056 2770 3112 fratrem
2821 3071 2981 3111 suum
3032 3054 3367 3110 Albcronem
3422 3056 3549 3112 dato
3607 3058 3737 3128 epi-

406 3136 902 3208 illucquejactans,
945 3135 999 3187 in
1044 3134 1267 3189 australi
1315 3141 1467 3204 parte
1526 3134 1675 3188 visus
1702 3141 1803 3188 est.
1833 3134 2014 3201 (ΒΑΜ).
2048 3137 2345 3222 Cscopam
2374 3148 2719 3203 Meucnsium
2769 3145 2882 3201 ﬁlio
2940 3162 3040 3200 suo
3106 3145 3288 3200 adhuc
3334 3162 3532 3217 puero,
3588 3155 3738 3203 ιυιο-

404 3246 484 3295 111,
528 3229 608 3293 7.)
650 3226 862 3281 Mortuo
893 3225 1088 3281 Ottone
1137 3225 1295 3289 duce,
1358 3225 1590 3281 ducatus
1649 3224 2013 3297 Lotharingiz’e

404 3317 566 3371 datur
595 3314 783 3370 comiti
819 3312 1139 3377 Godefrido,
1198 3309 1311 3366 ﬁlio
1342 3311 1625 3367 Godefridi
1685 3311 2013 3365 Ardennen-

402 3405 479 3461 sis
519 3404 679 3473 (216),
736 3400 1076 3472 Chilpericus
1133 3399 1335 3454 librum
1388 3401 1455 3455 de
1512 3401 1723 3455 ratione
1774 3401 2015 3471 compoti

403 3495 510 3550 hoc
536 3508 683 3549 anno
713 3491 959 3562 scripsit,
1004 3498 1065 3545 ut
1094 3500 1321 3562 apparet
1375 3498 1428 3545 et
1480 3498 1803 3565 argumento
1828 3492 1895 3546 ad
1928 3492 2015 3545 in-

400 3582 709 3638 veniendos
735 3595 909 3636 annos
937 3579 1265 3651 Dominiper
1286 3579 1616 3635 indictiones
1649 3598 1661 3634 :
1686 3582 1747 3637 Si
1774 3583 1877 3643 vis,
1920 3580 2013 3633 in-

402 3670 544 3743 quit,
575 3673 711 3725 scire
748 3671 1001 3739 quotsint
1036 3672 1168 3723 (mni
1196 3671 1472 3724 incantati
1510 3672 1731 3737 0hristi,
1764 3670 1833 3724 66
1863 3669 2016 3723 ordi-

401 3761 884 3827 nesindictionum,
913 3762 1011 3829 qui
1036 3760 1335 3826 ﬂumerunt
1381 3760 1451 3813 ab
1468 3760 1584 3829 ejus
1613 3761 2011 3823 incarnatione,

405 3853 717 3922 multiplica
738 3867 839 3921 per
867 3851 957 3918 15,
973 3855 1111 3920 ﬁunt
1127 3850 1249 3906 990.
1283 3852 1382 3906 llis
1402 3852 1853 3916 addeduodecim,
1882 3852 2014 3920 quia

402 3943 563 3995 tertia
590 3940 884 3994 indictione
928 3943 1089 3994 natus
1119 3945 1196 3994 est
1248 3941 1511 3995 Christus.
1555 3941 1713 3994 Adde
1748 3940 2011 3993 indictio-

400 4049 518 4087 nem
552 4034 814 4102 presentis
829 4034 984 4099 anni,
996 4032 1059 4086 id
1085 4037 1161 4086 est
1193 4036 1316 4087 tres.
1350 4035 1483 4087 Ecce
1524 4032 1684 4086 habes
1748 4032 1842 4087 hoc
1871 4046 2014 4086 anno

400 4139 571 4178 annos
600 4123 810 4179 Christi
837 4119 975 4177 1005
1004 4120 1173 4191 (217).

448 4216 627 4287 1006.
990 4230 1043 4283 4.
1496 4228 1580 4284 10.

382 4400 395 4407 ,
467 4342 617 4412 (ALP.
650 4358 688 4395 1.
719 4340 798 4409 6.)
829 4338 1024 4393 Fames
1053 4343 1107 4393 et
1137 4337 1441 4393 mortalitas
1489 4345 1598 4393 tam
1626 4338 1867 4411 graviter
1916 4355 2016 4409 per

395 4438 570 4487 totum
594 4429 788 4485 orbem
823 4427 1077 4492 invaluit,
1108 4433 1169 4481 ut
1189 4427 1335 4481 tedio
1358 4426 1747 4497 sepelientium
1778 4427 1885 4482 vivi
1914 4429 2012 4481 ad—

399 4520 505 4576 huc
542 4519 793 4591 spiritum
854 4517 1133 4572 trahentes
1190 4516 1557 4571 obruerentur
1595 4532 1718 4571 cum
1758 4518 1989 4573 mortuis

399 4612 566 4681 (ΒΑΜ)
618 4611 826 4679 1,114)
884 4608 1130 4663 Castrum
1185 4608 1552 4676 Valentianas,
1585 4608 1748 4663 situm
1777 4608 1835 4662 in
1872 4625 2014 4663 mar-

398 4703 500 4757 cha
540 4681 778 4759 Francia;
809 4710 865 4757 et
890 4701 1275 4777 Lotharingize,
1326 4701 1474 4773 quod
1501 4701 1801 4756 Balduinus
1830 4716 2015 4757 comes

397 4794 820 4850 Flandrensium
871 4795 1168 4865 invaserat,
1221 4796 1519 4867 imperator
1550 4795 1837 4852 Heinricus
1861 4795 2015 4850 obsi-

2031 4471 2089 4540 D

2117 3260 2229 3298 rem
2252 3243 2301 3297 ei
2329 3241 2612 3296 substituit
2632 3240 2816 3311 ipsum
2840 3237 3199 3293 Deodericum
3230 3238 3358 3309 ;qui
3391 3254 3563 3310 puero
3594 3240 3738 3293 urbe

2116 3337 2339 3391 excluso
2370 3334 2770 3405 etepiscopatu
2832 3340 3123 3402 usurpato,
3180 3331 3361 3401 ipsum
3396 3332 3561 3387 etiam
3599 3333 3743 3388 Deo-

2118 3426 2362 3479 dericum
2392 3424 2589 3477 ducem
2618 3422 2765 3475 bello
2813 3421 2980 3491 cepit.
3024 3418 3168 3474 Urbe
3200 3434 3331 3493 ergo
3360 3435 3459 3490 per
3488 3420 3743 3477 obsidio-

2117 3532 2241 3571 nem
2263 3531 2405 3587 pene
2431 3514 2697 3577 desolata,
2716 3511 2937 3566 tandem
2971 3527 3071 3584 pax
3097 3511 3373 3566 convenit.

2198 3608 2353 3663 1010.
2718 3605 2769 3659 8.
3204 3604 3288 3658 14.

2187 3697 2368 3767 (ΜΔΕ.)
2402 3697 2583 3751 Bruno
2612 3696 2907 3767 episcopus
2933 3694 3333 3765 martyrizatur.
3378 3696 3531 3765 (Au.
3581 3714 3626 3763 1,
3659 3698 3737 3767 9.)

2114 3791 2433 3849 Nortmanni
2464 3790 2701 3846 Fresiam
2735 3794 3014 3859 repetunt,
3067 3795 3122 3843 et
3165 3788 3356 3843 multis
3385 3788 3570 3853 caesis,
3600 3790 3729 3845 ναι-

2116 3884 2402 3951 trajectum
2435 3880 2663 3952 opidum
2716 3879 3001 3933 incensum
3045 3886 3146 3931 est.
3206 3877 3350 3932 Gens
3382 3878 3726 3951 Ungarorum

2115 3980 2381 4034 hactenus
2430 3974 2751 4030 idololatriae
2782 3972 2989 4038 dedita,
3019 3974 3128 4028 hoc
3173 3979 3424 4043 tempore
3456 3974 3525 4028 ad
3569 3974 3731 4029 fidem

2118 4068 2308 4124 Christi
2328 4065 2668 4123 convertitur
2690 4080 2789 4135 per
2829 4063 3030 4118 Gislam
3076 4077 3323 4118 sororem
3353 4062 3734 4134 imperatoris,

2115 4173 2236 4229 quae
2280 4165 2450 4227 nupta
2496 4154 2836 4229 Ungarorum
2885 4151 3025 4225 regi,
3075 4151 3145 4206 ad
3198 4152 3302 4206 hoc
3353 4167 3456 4206 sua
3523 4152 3737 4208 instan-

2117 4248 2191 4301 tia
2207 4244 2363 4317 (219)
2392 4258 2576 4318 regem
2600 4242 2845 4308 adduxit,
2893 4249 2951 4295 ut
2989 4256 3049 4295 se
3082 4247 3142 4295 et
3180 4247 3347 4295 totam
3382 4240 3732 4316 Ungarorum

2114 4345 2333 4413 gentem
2364 4334 2629 4406 baptizari
2662 4340 2966 4405 expeteret.
2996 4331 3095 4396 Qui
3122 4332 3176 4386 in
3198 4331 3481 4401 baptismo
3501 4334 3735 4405 Stepha-

2116 4444 2221 4481 nus
2260 4434 2344 4481 est
2367 4431 2620 4487 vocatus;
2646 4423 2801 4493 cujus
2842 4421 3038 4476 merita
3096 4437 3196 4491 per
3231 4421 3530 4494 Ungariam
3566 4424 3732 4478 multa

2115 4515 2501 4571 miraculorum
2531 4512 2705 4586 gloria
2734 4509 3105 4566 commendat.

2192 4608 2345 4663 1011.
2690 4604 2744 4657 9.
3142 4601 3208 4654 15

2188 4702 2366 4773 (BALD.
2418 4716 2499 4765 111,
2559 4698 2636 4767 8.)
2688 4697 2746 4750 ln
2782 4695 3135 4769 Lotbaringia
3158 4696 3312 4765 juxta
3343 4706 3596 4755 montem
3641 4699 3734 4754 Ca-

2117 4796 2399 4854 strilocum
2432 4788 2731 4847 fonticulus
2790 4804 2944 4858 aqua:
3004 4788 3190 4843 multis
3241 4789 3649 4845 saluberrimus
3682 4788 3734 4841 in

1750 4928 1971 4985 VARI/13
2001 4927 2377 4988 LECTIONES.

467 5030 537 5066 ²¹²
567 5029 726 5087 addit
776 5031 855 5086 1δ.
924 5029 1044 5088 rell.
1080 5035 1278 5103 praeter
1305 5031 1365 5086 A.
1387 5028 1513 5087 C2‘.
1540 5031 1626 5086 4⁸.

1962 5158 2173 5218 NOTAE.

468 5266 622 5337 (215)
653 5265 957 5339 Episcopus
988 5264 1092 5339 fuit
1120 5266 1341 5322 demum
1359 5281 1409 5321 a.
1439 5265 1601 5339 1012.

470 5335 616 5410 (216)
648 5335 967 5393 Baldericus
1004 5338 1121 5393 haec
1172 5338 1440 5410 suadente
1488 5335 1728 5410 Gerardo
1778 5352 1870 5408 ep.
1913 5335 2013 5391 Ca-

400 5407 730 5472 meracensi,
776 5409 963 5480 itaque
986 5416 1178 5480 posta.
1203 5408 1373 5480 1012,
1403 5413 1523 5463 acta
1542 5407 1727 5480 tradit.

469 5482 610 5608 (ἔῃ)
641 5481 718 5536 Cf.
743 5476 909 5554 Sigeb
953 5476 1026 5535 D'e
1048 5480 1148 5535 vir.
1178 5479 1256 5534 ill.
1287 5495 1335 5535 c.
1369 5478 1791 5535 145.Mabillon.
1817 5476 2011 5531 Annal.

398 5569 454 5625 ν’
472 5569 626 5696 (iii;
650 5622 779 5696 Post
804 5620 1050 5696 a.101_2;
1080 5620 1137 5675 cf
1184 5619 1333 5675 Bald.
1368 5620 1460 5688 ιιι,
1486 5618 1832 5696 2.1111180].

470 5689 623 5766 (219)
657 5694 765 5751 lloc
811 5692 866 5748 ni
907 5692 1122 5756 falsum,
1174 5707 1338 5764 quam
1403 5692 1637 5747 maxime
1676 5699 1857 5746 tamen
1899 5689 2012 5744 du-

2113 5262 2268 5318 bium
2296 5255 2403 5326 ;cf.
2443 5258 2575 5314 Acta
2613 5254 2711 5313 SS.
2757 5253 3175 5328 Septembrhi,
3230 5252 3355 5328 190.
3407 5255 3588 5326 Nupta
3629 5250 3725 5309 fuit

2115 5332 2259 5388 Gisla
2277 5324 2558 5402 Stephano
2594 5331 2706 5402 jam
2765 5324 2895 5402 ante
2931 5344 2983 5382 a.
3019 5324 3173 5382 1003.
3228 5324 3725 5402 Caeterum—eccm-

2115 5397 2515 5460 memoratione
2560 5397 2975 5465 miraculorum,
3008 5413 3157 5469 (qua:
3194 5404 3317 5468 post
3364 5397 3723 5453 elevationem

2116 5475 2266 5550 regis
2306 5491 2357 5550 a.
2402 5473 2541 5550 1083
2596 5472 2941 5550 celebratam
2990 5468 3455 5550 ﬁeri‘ceperunt,
3503 5475 3728 5550 apparet,

2115 5538 2260 5602 ha'nc
2279 5544 2557 5600 chronica:
2588 5551 2796 5614 partem
2828 5558 2859 5596 a
2889 5540 3179 5614 Sigeberto
3222 5538 3331 5595 non
3361 5548 3492 5596 ante
3523 5538 3731 5594 11.1085

2116 5616 2482 5687 conscriptam
2515 5631 2658 5669 esse.
