3876 6208
377 349 484 406 203
1586 338 1928 394 SlGEBEltTl
1977 337 2498 396 GEMBLACENSIS.
3605 355 3710 410 20/.

376 481 478 534 dus
508 479 567 533 fit
597 477 897 548 episcOpus
927 471 1374 537 Lcodicensium;
1421 472 1569 544 quod
1617 471 1774 544 quasi
1804 471 1987 526 fabula
2013 477 2062 542 Α
2092 472 2282 526 orandi
2315 489 2518 546 genere
2564 473 2847 540 laboravit,
2881 476 3058 530 donec
3083 478 3188 532 sibi
3246 481 3616 548 revelaretur,
3662 502 3717 538 se

378 568 434 622 in
459 567 672 622 theatro
705 563 896 620 mundi
923 563 1045 630 fuit,
1081 562 1230 634 quod
1251 579 1332 617 Vll‘
1357 560 1748 616 exhumillimo
1776 569 1990 631 etpau-
2093 583 2188 638 pro
2242 567 2336 622 illo
2388 569 2704 624 examinum
2760 585 2902 624 esse,
2973 573 3063 637 (Α,
3129 575 3315 644 ωορκ.)
3375 576 3718 649 “aginardus

381 661 620 732 perrimo
663 657 880 713 servilis
931 656 1270 714 conditionis
1318 670 1522 728 genere
1579 652 1818 710 dominis
1875 651 1990 707 suis
2094 659 2511 714 Laodicensium
2565 662 2857 716 ordinatur
2904 664 3218 735 episcopus,
3271 667 3364 738 qui
3416 667 3609 724 [ροάῆ
3667 671 3717 724 in

384 751 701 808 carnalibus
729 750 1117 806 dominabatur
1146 749 1310 818 (228).
2094 755 2278 802 monte
2314 749 2529 818 publico
2579 751 2872 805 ccnobium
2905 753 3082 807 sancti
3136 753 3413 811 Laurentii
3450 757 3714 827 instituit,

458 847 613 903 1022.
693 845 757 900 Β.
801 844 889 899 20.
969 844 1024 898 F.
1066 845 1153 898 26.
2101 837 2260 908 eique
2292 838 2628 908 Stephanum
2679 839 2854 894 virum
2899 848 3102 897 sanctae
3141 847 3425 902 memoria:
3453 848 3714 903 abbatem

453 941 640 1010 (BALD.
699 954 780 1004 ιιι,
837 936 952 1003 36.)
1009 933 1334 1008 Aquisgrani
1393 936 1664 989 conventu
1714 931 1883 1006 regali
1943 937 1998 985 et
2101 929 2338 1000 primum
2369 929 2618 1000 prefecit.

384 1029 634 1102 synodali
671 1045 768 1100 per
796 1027 1005 1099 aliquot
1035 1026 1155 1080 dies
1185 1025 1483 1089 celebrato,
1513 1031 1660 1079 tanta
1689 1023 1905 1078 siccitas
1945 1029 1998 1077 et
2174 1020 2326 1075 1026.
2549 1023 2602 1076 2.
2825 1025 2911 1081 30,

385 1120 740 1192 intemperies
791 1119 934 1173 aeris
973 1117 1288 1180 excanduit,
1349 1124 1406 1172 ut
1451 1117 1605 1170 multi
1659 1132 1770 1187 prie
1824 1115 1996 1168 nimio
2173 1109 2464 1164 liotbcrtus
2511 1128 2600 1165 rex
2647 1112 2972 1168 Francorum
3005 1117 3075 1170 ad
3109 1118 3476 1174 invadendam
3522 1121 3724 1176 Lotha-

385 1211 580 1264 ardore
611 1207 936 1272 deficerent,
985 1207 1156 1262 multa
1197 1205 1360 1260 etiam
1389 1205 1647 1260 animalia
1676 1204 1860 1259 subito
1891 1204 1994 1257 de-
2102 1202 2331 1272 ringiam
2389 1203 2631 1258 animum
2666 1206 2919 1272 intendit,
2975 1209 3076 1263 sed
3106 1211 3214 1266 cito
3252 1211 3322 1266 ab
3359 1213 3467 1268 hoc
3514 1227 3722 1270 conatu

386 1308 632 1371 ficerent,
675 1303 991 1374 pavimento
1053 1309 1106 1356 et
1159 1300 1484 1356 marmoreis
1523 1298 1798 1355 columnis
1847 1306 1998 1354 tanto
2099 1291 2309 1345 destitit
2362 1293 2526 1362 (232).
2562 1295 2863 1350 Gothelone
2904 1298 3068 1368 duce,
3126 1301 3219 1372 qui
3251 1310 3478 1374 propter
3533 1321 3727 1374 priva-

385 1398 608 1452 madore
635 1395 984 1459 sudantibus,
1014 1401 1074 1448 ut
1094 1409 1234 1466 aqua
1255 1409 1378 1447 esse
1409 1408 1660 1464 respersa
1681 1391 1999 1447 crederetur
2099 1394 2211 1440 tum
2240 1387 2428 1441 odium
2459 1389 2604 1457 (233)
2651 1393 2910 1463 gravabat
2941 1408 3168 1464 regnum
3212 1395 3471 1464 Conradi,
3506 1406 3563 1453 et
3597 1399 3726 1453 aliis

384 1503 414 1540 τι
447 1483 847 1564 nescientibus.
2101 1473 2446 1544 principibus
2482 1477 2550 1529 ad
2599 1478 2752 1546 pacis
2784 1479 3052 1535 unitatem
3093 1483 3345 1538 adductis
3402 1483 3570 1554 (234),
3604 1487 3722 1560 regi

463 1577 618 1635 ((23,
799 1576 890 1630 21,
1074 1574 1166 1630 27,
2100 1565 2436 1634 prosperitas
2456 1574 2511 1620 et
2535 1581 2704 1639 regno
2735 1569 2974 1624 accrevit
3007 1571 3399 1642 tranquillitas.

455 1670 580 1738 (Ιὸ.)
648 1667 934 1724 Heinricus
979 1665 1300 1736 imperator,
1357 1665 1650 1721 Rotbertus
1703 1680 1795 1719 rex
1836 1664 1997 1719 Fran-

2185 1654 2330 1711 1027.
2547 1659 2601 1711 3.
2821 1661 2909 1716 31.

387 1777 574 1817 rorum
600 1775 768 1830 super
806 1757 1002 1812 Karum
1047 1756 1273 1810 fluvium
1305 1755 1449 1826 apud
1482 1755 1736 1810 Evosium
1791 1770 1996 1816 conve-
2030 1793 2075 1830 η
2171 1747 2296 1817 Ub.)
2328 1746 2650 1802 Cuonradus
2681 1765 2773 1802 rex
2797 1750 2969 1804 filium
2997 1767 3159 1806 suum
3194 1753 3512 1810 fleinricum
3537 1757 3724 1814 adhuc

389 1853 568 1917 niunt,
600 1851 668 1905 de
700 1857 844 1905 statu
875 1848 1158 1914 :ecclesiee,
1181 1847 1336 1922 regni
1367 1853 1420 1901 ct
1445 1847 1660 1918 imperii
1683 1846 1994 1912 tractaturi;
2026 1836 2078 1860 υ
2101 1851 2332 1906 puerum
2364 1836 2418 1890 in
2466 1853 2694 1908 regnum
2742 1837 3001 1894 sublimat
3032 1841 3202 1912 Aquis
3253 1843 3424 1914 (I33).
3486 1845 3616 1916 Ipse
3665 1848 3724 1902 in

388 1949 442 1995 et
472 1940 749 2004 condicto,
782 1946 840 1992 ut
869 1953 1038 2007 super
1058 1937 1146 1990 his
1174 1935 1566 1990 confirmandis
1603 1934 1766 1988 etiam
1800 1951 1995 2006 papam
2097 1925 2302 1995 pascha
2335 1925 2517 1980 Roma:
2549 1926 2603 1980 in
2635 1927 3024 1998 imperatorem
3055 1941 3432 2000 consecratus,
3457 1951 3726 2006 quorun-

394 2032 696 2085 llomanum
729 2026 890 2082 simul
921 2025 1084 2081 ambo
1109 2025 1286 2095 Papiae
1315 2031 1585 2094 oportune
1615 2023 1994 2090 convenirent,
2098 2018 2220 2071 dam
2253 2017 2509 2072 ltalornm
2539 2026 2730 2074 contra
2773 2037 2834 2075 se
2867 2021 3223 2078 sentientium
3257 2033 3436 2080 motus
3489 2043 3726 2098 compe-

392 2126 691 2194 imperator
716 2138 898 2195 regem
951 2127 1004 2175 et
1043 2135 1194 2186 suos,
1228 2119 1428 2175 multos
1467 2120 1629 2173 etiam
1659 2119 1752 2191 qui
1789 2126 1993 2174 tantum

2185 2117 2216 2161 ι.
2265 2107 2516 2162 Florebat
2547 2109 2647 2164 hoc
2691 2116 2936 2180 tempore
2967 2112 3355 2168 mcclesiastica
3387 2115 3591 2190 religio
3625 2133 3731 2188 per

391 2215 458 2269 ad
490 2214 865 2269 demirandam
905 2210 1312 2282 imperatoriam
1347 2211 1686 2278 majestatem
1719 2225 2000 2264 convenc-
2101 2197 2330 2251 ahbales
2361 2197 2750 2253 nominabilcs:
2775 2198 2830 2252 in
2855 2199 3083 2255 Francia
3111 2203 3334 2272 quidem
3367 2211 3424 2259 et
3455 2205 3720 2280 Burgun-

395 2316 533 2376 rant,
567 2315 712 2362 tanta
770 2305 1098 2360 liberalitate
1143 2305 1389 2372 donavit,
1439 2313 1498 2360 ut
1552 2305 1754 2376 Opibus
1808 2319 1997 2378 regum

2185 2306 2322 2358 iper
2366 2289 2654 2344 0diloncm
2716 2291 3130 2348 Cluniacenscm
3179 2293 3385 2364 pietate
3418 2295 3728 2371 insignem,

397 2403 680 2456 pel-sarum
739 2409 833 2454 aut
888 2399 1122 2453 Arabum
1183 2404 1367 2468 posset
1405 2396 1708 2468 comparari
1765 2397 2000 2467 impera-
2105 2395 2204 2450 per
2222 2379 2552 2434 Guilelmum
2578 2380 2965 2436 Divionensem
2982 2383 3279 2438 severitate
3310 2389 3680 2444 reverendum
3711 2409 3726 2455 ;

394 2492 526 2549 toris
579 2490 974 2546 munificentia.
1029 2491 1084 2545 In
1144 2491 1344 2560 pascha
1397 2488 1621 2559 eclipsis
1671 2487 1804 2542 solis
1861 2486 2002 2542 facta

2204 2469 2557 2543 Lotharingia
2614 2485 2712 2540 per
2765 2469 3095 2526 llicharduin
3138 2473 3566 2544 Virdunensem,
3633 2477 3732 2548 pia

395 2591 502 2640 est.
2105 2565 2372 2638 gravitate
2403 2571 2456 2618 et
2483 2564 2633 2638 gravi
2667 2565 2874 2636 pietate
2930 2565 3254 2639 discretum,
3296 2587 3400 2643 per
3442 2573 3731 2644 P0poncm

463 2673 622 2728 1024.
807 2670 895 2728 22.
1081 2669 1168 2724 28.
2109 2657 2524 2723 Stabulensem,
2579 2673 2678 2729 per
2736 2658 2941 2714 Heliam
2999 2659 3388 2719 Coloniensem
3450 2665 3522 2698 ²²τ
3555 2705 3572 2732 ,
3628 2681 3734 2736 per

463 2763 752 2818 Heinricus
781 2761 1082 2833 imperator
1109 2761 1530 2816 consulentibus
1573 2776 1632 2816 se
1665 2759 2008 2831 principibus
2108 2750 2388 2806 Olberlum
2412 2758 2466 2806 οι
2495 2751 2832 2822 Stephanum
2865 2752 3254 2825 Leodicenses,
3283 2772 3385 2826 per
3407 2757 3726 2813 Bernonem

389 2866 554 2920 super
578 2850 964 2904 substitutioue
1007 2849 1476 2923 regnidesignans
1503 2849 1642 2917 (229)
1677 2848 2008 2914 Conradum,
2111 2845 2462 2919 Augicnsem.

389 2940 565 2994 virum
598 2939 733 3013 regii
763 2938 986 3012 generis
1009 2945 1064 2992 ct
1093 2938 1330 3012 egregiae
1353 2937 1648 3001 libertatis,
1678 2937 1888 3008 quippe
1915 2937 2008 3006 qui
2183 2935 2340 2989 1028.
2559 2935 2614 2988 4.
2832 2933 2924 2991 32.

390 3039 671 3094 nunquam
715 3039 774 3078 se
801 3025 1132 3080 submiserat
1155 3025 1390 3094 alicujus
1435 3025 1702 3088 servituti,
1756 3025 2005 3080 moritur.
2181 3021 2382 3077 Claruit
2433 3022 2538 3077 hoc
2585 3029 2833 3093 tempore
2880 3023 2936 3076 in
3001 3023 3155 3079 Italia
3211 3023 3390 3080 Guido
3445 3025 3736 3093 Aretinus,

390 3117 561 3184 llujus
609 3115 775 3171 vitam
813 3116 1149 3172 Adelboldus
1213 3118 1508 3189 episcOpus
1555 3117 2005 3186 Vultrajectensis
2108 3113 2264 3168 multi
2306 3113 2450 3168 inter
2478 3113 2719 3169 musicos
2747 3114 3008 3180 nominis,
3040 3115 3096 3169 in
3127 3115 3230 3172 hoc
3254 3115 3425 3172 etiam
3472 3118 3735 3189 philoso—

389 3208 610 3279 scripsit
694 3208 841 3264 Cono
888 3210 997 3264 dux
1053 3218 1355 3280 prepotens
1401 3226 1525 3265 cum
1582 3211 1650 3266 ad
1711 3211 2001 3282 imperium
2030 3189 2077 3257 (ἶ
2104 3203 2228 3274 phis
2271 3200 2651 3272 proferendus,
2685 3203 2834 3275 quod
2885 3203 3107 3276 ignotos
3137 3211 3330 3262 cantus
3361 3206 3532 3262 etiam
3565 3211 3735 3279 pueri

391 3299 636 3368 aspirare
663 3299 850 3366 vellet,
874 3299 1195 3369 repudiatur
1221 3300 1485 3356 instinctu
1508 3301 1740 3356 Arbonis
1770 3301 2003 3375 Mogun-

397 3391 496 3445 tini
526 3389 928 3460 archiepisc0pi
961 3401 1016 3444 et
1046 3390 1352 3461 aliquorum
1391 3392 1550 3466 regni
1584 3393 1916 3463 primatum;
1951 3399 2006 3447 et

399 3481 678 3536 Conradus
727 3481 794 3535 ad
827 3481 1118 3552 imperium
1177 3481 1527 3550 sublimatus,
1586 3482 1875 3554 imperavit
1905 3498 2006 3536 an-

400 3573 486 3627 nis
522 3573 606 3628 15.

473 3661 630 3716 1025.
856 3667 902 3716 1.
1117 3661 1206 3717 29.

466 3751 756 3808 Johannes
808 3751 1124 3808 Portuensis
1162 3753 1476 3824 episcopus,
1537 3752 1704 3808 frater
1741 3751 2002 3822 Stephani

399 3859 553 3914 papa:
585 3858 762 3914 nuper
787 3842 1033 3898 defuncti
1064 3843 1230 3912 (230),
1258 3843 1502 3914 presidet
1523 3843 1780 3898 Romanae
1812 3842 2004 3897 tecclc-

395 3948 490 3986 snn
518 3932 698 3987 “5'18.
741 3933 834 4000 (V,
878 3932 1042 4000 Odit)
1085 3931 1221 3986 Huic
1277 3933 1592 4003 Stephanus
1650 3947 1790 4002 papa
1843 3930 2010 3986 frater

396 4037 529 4076 suus
573 4019 720 4092 (231)
777 4035 1072 4091 apparens,
1123 4019 1260 4075 dixit
1304 4037 1363 4075 se
1424 4019 1790 4075 infernalibus
1833 4019 2011 4090 paenis

395 4113 648 4178 cruciari,
680 4113 780 4168 sed
819 4129 1046 4183 sperare
1075 4129 1136 4168 se
1167 4115 1482 4169 interventu
1527 4113 1772 4168 0dilonis
1797 4111 2012 4166 abbatis

398 4204 614 4258 veniam
647 4219 813 4276 posse
841 4203 1128 4277 consequi.
1164 4204 1266 4260 Pro
1305 4219 1415 4276 quo
1457 4204 1612 4260 0dilo
1643 4203 1832 4258 tandiu
1861 4203 2011 4260 omni

2107 3293 2322 3350 facilius
2351 3294 2572 3350 discunt
2601 3311 2701 3367 per
2728 3296 2850 3364 ejus
2888 3297 3158 3372 regulam,
3188 3315 3352 3370 quam
3387 3314 3490 3370 per
3525 3314 3735 3356 vocem

2106 3383 2353 3456 magistri
2385 3389 2478 3438 aut
2527 3399 2628 3456 per
2661 3400 2823 3439 usum
2871 3385 3107 3454 alicujus
3157 3386 3542 3455 instrumenti;
3600 3389 3740 3444 dum

2107 3489 2201 3526 sex
2234 3471 2426 3527 litteris
2478 3473 2564 3528 vel
2603 3472 2817 3528 sillabis
2863 3473 3188 3528 modulatim
3231 3475 3508 3546 appositis
3533 3476 3606 3530 ad
3639 3492 3739 3530 sex

2107 3577 2288 3616 voces.
2323 3577 2462 3633 quas
2486 3561 2633 3616 solas
2655 3561 2980 3634 regulariter
3012 3563 3223 3616 musica
3271 3563 3492 3634 recipit,
3526 3564 3738 3637 hisque

2109 3653 2334 3708 vocibus
2365 3670 2462 3725 per
2486 3653 2723 3710 ﬂexuras
2771 3653 3066 3728 digitorum
3113 3654 3248 3710 levae
3279 3671 3481 3711 manus
3524 3656 3743 3712 distin—

2108 3743 2231 3810 ctis,
2263 3759 2360 3814 per
2388 3743 2660 3818 integrum
2693 3743 2959 3815 diapason
2989 3759 3048 3800 se
3073 3744 3250 3799 oculis
3296 3751 3353 3799 et
3384 3746 3620 3800 auribus
3660 3749 3744 3802 in-

2107 3844 2306 3910 gerunt
2361 3837 2584 3891 intentaa
2633 3843 2687 3891 et
2741 3837 2982 3892 remissae
3013 3837 3350 3892 elevationes
3389 3838 3478 3894 vel
3507 3839 3740 3911 deposi-

2111 3930 2290 3986 tiones
2317 3929 2615 3985 earundem
2645 3946 2740 3985 sex
2765 3945 2984 3986 vocum.

2181 4023 2340 4078 1020.
2561 4021 2613 4078 5.
2831 4023 2920 4077 33.

2185 4115 2309 4184 (Ιὸ.)
2350 4112 2668 4168 Cuonradus
2711 4113 3012 4185 imperator
3057 4115 3462 4172 rebellantibus
3508 4117 3748 4186 Sclavis,

2112 4203 2182 4258 ad
2221 4218 2318 4258 eos
2341 4201 2708 4258 debellandos
2735 4201 3101 4274 proﬁciscitur
3134 4204 3303 4277 (236.)

1746 4325 1966 4380 νΛΗΙιίΕ
1996 4324 2381 4380 LECTIONES.

471 4401 536 4434 εῖτ
631 4399 790 4471 pia—
817 4398 930 4456 Col.
959 4399 1154 4455 desunt
1184 4399 1246 4466 l.,

1961 4497 2168 4552 NOTAE.

469 4610 614 4685 (228)
655 4610 776 4685 Haec
804 4611 1042 4685 sumpsit
1077 4611 1499 4685 Sigebertusex
1529 4624 1690 4685 versu
1721 4607 2010 4685 epitaphii,
2035 4611 2092 4680 [)
2112 4623 2212 4677 per
2238 4608 2460 4685 speciem
2491 4609 2766 4685 nocturna
2784 4606 3009 4685 uisionis
3035 4608 3299 4685 apparuit
3328 4590 3418 4685 etc
3489 4614 3547 4685 et
3572 4609 3744 4680 paulo

400 4677 510 4752 quo
537 4677 858 4752 Stephanus
889 4677 1061 4737 abbas
1087 4677 1445 4738 S."Laurentii
1469 4681 1736 4736 tumulum
1760 4677 2012 4734 ’Durandi
2043 4677 2068 4680 τ
2118 4686 2267 4748 post:
2301 4680 2554 4752 Protinus
2609 4677 2751 4752 idem
2778 4677 3012 4752 Joannes
3050 4680 3364 4752 Portuensis
3419 4677 3738 4750 episcopus,

400 4758 782 4807 (laceraverat:

399 4825 660 4891 Pauperis
690 4826 748 4877 in
775 4824 903 4878 nido
927 4825 1230 4893 patrimoni
1261 4827 1422 4878 natus
1450 4827 1501 4878 et
1525 4823 1691 4890 altus,

469 4896 690 4960 Ingenio
701 4909 933 4949 summos
964 4897 1137 4950 evolat
1166 4895 1240 4948 ad
1258 4909 1522 4964 proceres.

399 4965 538 5032 Quos
563 4967 764 5019 tulerat
791 4966 1056 5030 dominos,
1087 4966 1294 5020 hisdem
1322 4965 1720 5034 famulantibus
1746 4979 1896 5034 usus,

469 5041 532 5090 In
563 5036 771 5090 theatro
783 5037 976 5090 mundi
1002 5037 1198 5104 fabula
1217 5033 1421 5106 quanta
1445 5035 1594 5104 fuit!
1743 5033 2004 5106 lllRSCH.

398 5177 437 5231 Κ
470 5107 616 5187 (229)
649 5106 760 5232 11οὲ
787 5106 947 5162 valde
985 5105 1239 5163 dubium;
1271 5108 1348 5164 Cf.
1397 5107 1616 5163 Stenzel
1675 5105 2006 5162 Frankische

442 5193 604 5232 atser.
636 5195 674 5232 ι.
759 5222 769 5232 .

442 5193 604 5240 ειεθτ,
636 5195 674 5240 1,
715 5193 769 5232 3.

467 5249 606 5320 (230)
656 5248 892 5331 falsum.
923 5247 1138 5331 _Neque
1189 5248 1518 5331 Portuensis.
1551 5247 2005 5331 episcopusnfuit

395 5318 638 5392 Joannes
669 5319 754 5392 lx,
788 5334 891 5392 nec
920 5318 1083 5392 frater
1104 5321 1392 5392 Stephani,
1423 5318 1830 5392 sedbenedicti
1849 5318 2001 5392 Δ11111.

399 5391 589 5446 Petrus
617 5391 764 5445 enim
800 5390 1092 5446 Damianus
1130 5389 1346 5446 in'Vita
1377 5392 1432 5446 S.
1466 5389 1714 5446 0dilonis
1742 5407 1793 5446 c.
1841 5389 1896 5457 2,
1926 5389 2006 5444 di-

397 5462 504 5517 cit:
534 5465 671 5518 Iluic
709 5462 1028 5532 (Benedicto
1057 5463 1194 5531 Vlll)
1227 5463 1396 5533 plane
1417 5478 1544 5518 mea:
1595 5467 1656 5516 ut
1685 5463 1838 5527 obiit,
1881 5477 2006 5530 ger-

395 5549 588 5591 manus
612 5535 728 5604 ejus
756 5536 988 5589 Joannes
1017 5539 1078 5588 in
1112 5534 1409 5604 apostolica
1437 5533 1476 5587 d
1500 5536 1706 5600 gm’tate
1723 5535 2002 5588 successit.

394 5607 516 5659 Jum
545 5603 666 5660 vero
685 5609 986 5676 postquam,
1005 5603 1264 5676 humu-nis
1283 5603 1440 5658 rebus
1469 5609 1746 5673 exemptus
1782 5609 1860 5659 est
1881 5604 2003 5673 jam

395 5677 572 5732 dictus
606 5675 757 5748 pupa
785 5675 1181 5747 (Benedictum,
1211 5676 1412 5729 Joanni
1437 5677 1717 5748 Parmensi
1761 5677 2004 5744 episcopo

394 5751 588 5804 etaliis
606 5745 856 5816 duobus,
889 5761 1120 5818 quorum
1147 5748 1374 5799 nomina
1398 5745 1547 5798 nobis
1576 5750 1700 5799 nota
1721 5761 1824 5800 non
1854 5749 2000 5810 sunt,

2113 4751 2456 4804 auctoritatis
2475 4749 2782 4818 apostolica:
2807 4750 2982 4815 fultus
3019 4750 3280 4818 epistolis,
3313 4753 3528 4804 concito
3552 4749 3740 4818 gradu

2112 4823 2343 4890 Papiam
2371 4817 2540 4890 usque
2559 4821 2832 4890 pervenit:
2871 4819 3021 4874 unde
3053 4817 3382 4945 Sigebertus
3415 4817 3608 4876 videre
3639 4837 3746 4892 po-

2114 4899 2272 4945 terat.
2319 4891 2587 4945 Joannem
2621 4891 2687 4944 ΙΧ
2719 4898 2773 4944 et
2797 4889 3064 4944 Joannem
3148 4897 3475 4945 ortuensem
3508 4892 3742 4945 episeo-

2114 4889 2272 4959 terat,
2319 4889 2587 4963 Joannem
2621 4891 2773 4963 1X_et
2797 4889 3064 4963 Joannem
3106 4889 3475 4963 Portuensem
3508 4889 3742 4963 episco-

2112 4979 2240 5034 pum
2279 4963 2420 5019 duos
2449 4961 2638 5034 fuisse.
2683 4961 2947 5034 (laterum
2973 4961 3214 5016 Joannes
3237 4962 3352 5030 jam
3387 4961 3584 5018 mense
3624 4965 3736 5020 Au-

2151 5041 2274 5090 usto
2313 5051 2362 5089 a.
2398 5034 2537 5089 1021
2566 5033 2775 5088 electus
2801 5030 2920 5100 fuit,
2954 5047 3066 5087 non
3103 5048 3155 5088 a.
3209 5034 3368 5098 1025,
3425 5042 3487 5089 ιιι
3541 5043 3741 5091 noster

2341 5174 2700 5266 benedigtum
2730 5173 2848 5230 νιιι
2873 5173 3042 5230 habet
3070 5173 3191 5230 Vita
3223 5173 3500 5232 0dilonis.

2177 5247 2318 5318 (232)
2353 5249 2414 5302 Λ.
2447 5246 2608 5302 1023.

2177 5319 2323 5387 (233)
2359 5317 2644 5374 Conradus
2674 5333 2797 5374 cum
2827 5315 2994 5374 fratre
3025 5317 3145 5387 ejus
3175 5315 3479 5375 Godefrido
3523 5317 3734 5375 bellum

2108 5391 3072 5586 hag‘iiigakguisg‘rani,teste.Bald.,
3121 5475 3202 5526 ιιι,
3245 5461 3338 5541 ζιο.
3387 5458 3470 5517 lbi
3521 5461 3734 5518 Conra-

2108 5534 2228 5586 dus.
2253 5548 2284 5586 a
2343 5535 2402 5586 t0
2442 5534 2494 5586 ἵ).
2571 5533 2714 5586 atate
2742 5531 2956 5586 Domini
2989 5531 3312 5586 celebrant.

2107 5534 2228 5598 dus,
2253 5530 2309 5586 a'
2343 5530 2494 5594 t025.
2525 5530 2714 5586 Natale
2742 5531 2956 5586 Domini
2989 5530 3312 5588 celebravit.

2175 5603 2322 5670 (235)
2346 5603 2455 5659 Hoc
2492 5602 2762 5676 sequenti
2797 5603 3038 5676 demum
3063 5615 3212 5676 anno
3244 5600 3406 5676 1028,
3439 5603 3630 5676 April,
3663 5606 3732 5662 ﬂ

2104 5674 2504 5746 factum,quem
2523 5673 2728 5746 annum
2750 5673 3132 5731 habentetiam
3159 5673 3297 5728 Ann.
3330 5673 3730 5736 Leodi'ccnses.

2177 5745 2320 5816 (236)
2355 5743 2538 5801 Mense
2569 5743 2753 5801 Junio.
