3876 6208
376 380 480 435 267
1594 342 1933 409 SlGEBERTl
1973 345 2483 402 GEMBMCENSIS.
3610 348 3724 404 208

375 507 530 563 ducit
561 504 728 560 filiam
757 498 905 574 regis
933 493 1229 568 Anglorum
1268 488 1428 559 (241).
1455 486 1569 541 Odo
1601 491 1788 540 contra
1812 482 1987 551 impe-
2016 484 2062 550 Α
2090 477 2216 530 dum
2250 475 2561 530 Odelricum
2596 473 2995 529 Boemanorum
3030 472 3253 540 ducem;
3280 474 3382 529 sed
3419 475 3721 530 Doemanis

380 607 617 654 ratorem
669 569 906 653 bellans,
962 578 1369 652 Lotharingiam
1435 576 1697 639 incursat,
1765 569 1991 627 castella

385 696 693 766 Oppugnat,
747 683 941 740 urbem
995 679 1319 766 Leucorum,
1367 686 1489 766 qua:
1543 664 1992 766 Tullo-smdicitur,

378 756 620 843 obsidet,
652 775 704 831 ei
736 774 792 829 in
822 768 976 826 nullo
1004 769 1272 835 temperat
1292 759 1459 815 furori
1500 771 1600 812 suo
1623 756 1792 826 (242).

451 872 607 929 1037-
828 864 894 919 11.
934 861 1023 917 13.
1055 857 1191 929 (14)
1363 850 1516 904 μδ.
1550 848 1629 918 7.)

450 965 570 1035 (1b.)
596 960 963 1016 Herimannus
1010 947 1250 1006 Coloniae
1306 941 1591 1000 ordinalur
1612 935 1988 1035 archiepisco-

380 1027 484 1131 pus
508 1027 597 1112 πί.
620 1054 733 1109 Odo
764 1052 957 1105 Barum
978 1052 1211 1099 castrum
1242 1037 1464 1131 obsidet
1489 1041 1542 1089 et
1573 1031 1736 1102 capit.
1759 1027 1986 1131 Goth'elo

380 1116 487 1204 dux
511 1160 653 1216 aegre
692 1142 875 1196 ferens
916 1131 1265 1190 insolentiam
1318 1126 1669 1187 Francorum,
1728 1134 1851 1172 cum
1885 1116 1989 1216 Ι.οῖ

381 1206 652 1309 tliaringis
681 1227 920 1287 occurrit
968 1221 1141 1278 Odoni
1176 1236 1190 1285 ;
1223 1225 1277 1272 et
1319 1220 1574 1271 conserto
1636 1210 1809 1282 prelio
1840 1206 1985 1309 apud

377 1302 770 1396 Barumv(243),
796 1322 909 1378 Odo
962 1316 1271 1392 perimitur,
1331 1319 1386 1367 et
1416 1311 1744 1365 Francorum
1784 1302 1988 1359 exerci-

379 1439 467 1484 tus
496 1422 647 1500 gravi
678 1418 813 1475 cede
862 1413 1099 1477 attritus,
1132 1426 1163 1463 a
1201 1403 1552 1477 Lotharingia
1602 1400 1794 1472 fugere
1826 1410 1984 1451 com-

378 1516 623 1589 pellitur.

481 1602 607 1659 038.

449 1609 607 1662 1038.
860 1609 1115 1662 14.(1ξ).)
1379 1609 1395 1641 ι
1456 1609 1555 1654 (ο.)

450 1693 771 1755 Nortmanni
818 1691 874 1745 in
915 1685 1110 1759 Apulia
1161 1682 1337 1753 cepiis
1381 1680 1495 1734 suis
1560 1694 1591 1732 a
1628 1672 1985 1731 Nortmannia

860 1596 950 1650 14.
985 1592 1115 1662 (15.)
1369 1587 1399 1641 7
1456 1583 1555 1654 (8.)

378 1791 640 1867 paulatim
672 1781 942 1876 adauctis,
971 1772 1437 1876 ad-in-vadendam
1492 1769 1739 1876 Apuliam
1770 1765 1989 1876 fortitu-
2013 1808 2063 1876 Β

375 1854 505 1939 dine
531 1897 629 1936 sua
655 1885 707 1933 et
740 1874 994 1929 Italorum
1042 1865 1400 1921 imbecilitate
1448 1860 1695 1924 animati,
1749 1854 1991 1911 castellis

379 1985 435 2031 et
463 1970 699 2029 urbibus
728 1961 966 2021 autdolo
994 1966 1085 2014 aut
1110 1958 1312 2012 virtute
1344 1954 1540 2023 captis,
1576 1952 1629 2004 in
1664 1948 1855 2019 Apulia
1890 1961 1991 2016 po-

378 2071 560 2121 tenter
589 2065 779 2132 agunt,
825 2050 1135 2120 vicinisque
1189 2044 1449 2119 gentibus
1469 2050 1733 2095 terrorem
1770 2037 1853 2091 sui
1888 2050 1990 2089 no-

380 2156 548 2214 minis
574 2127 862 2208 incutiunt.
904 2141 1209 2216 [Heinricus
1261 2133 1615 2191 Lovaniensis
1640 2146 1826 2186 comes
1843 2127 1991 2183 domi

377 2262 490 2303 suae
523 2239 815 2316 perimitur
853 2251 883 2289 a
912 2230 1130 2303 captivo
1162 2228 1501 2292 Harmanno,
1533 2221 1698 2291 eique
1746 2217 1993 2272 succedit

377 2314 683 2391 lilius‘suus
703 2327 839 2384 Otto.
874 2320 1274 2377 Cuiimmatura
1304 2320 1481 2368 morte
1536 2314 1824 2381 prevento,
1865 2320 1995 2360 suc—

375 2422 543 2480 cessit
566 2424 792 2490 patruus
822 2412 944 2480 ejus
973 2405 1278 2471 Daldricus,
1314 2400 1407 2473 qui
1447 2406 1502 2454 et
1535 2396 1856 2451 Lambertus
1880 2392 1990 2462 ²³².]

452 2489 611 2570 1030.
638 2506 846 2580 (1010.)
989 2500 1071 2554 15.
1100 2496 1230 2567 (16)
1414 2491 1467 2546 8.
1501 2489 1601 2557 (9.)

438 2575 709 2660 841.0.1'11.
744 2596 858 2665 55.)
928 2594 986 2646 ln
1032 2602 1224 2643 mense
1285 2580 1476 2654 Aprili,
1507 2580 1539 2635 8
1573 2578 1722 2643 ldus,
1761 2575 1880 2676 visa
1910 2580 1995 2628 est

366 2884 480 2954 jam
510 2878 580 2932 ad
608 2887 862 2931 occasum
891 2873 1235 2938 vergentem,
1285 2859 1403 2915 visa
1434 2863 1517 2911 est
1575 2854 1631 2907 in
1679 2860 1880 2907 terram
1901 2866 1987 2904 ca-

367 2945 729 3041 dere;cujus
775 2962 1004 3035 vestigia
1069 2958 1163 3012 diu
1222 2952 1399 3010 videri
1460 2953 1810 3041 potuerunt.“
1852 2945 1985 3015 (Ib)

372 3037 693 3123 Cuonradus
736 3057 1040 3127 imperator
1070 3047 1280 3104 ltaliam
1331 3043 1465 3110 adit,
1522 3048 1581 3095 ut
1622 3037 1982 3094 rebellionem

369 3158 704 3217 meditantes
733 3147 1040 3206 debellaret
1083 3142 1244 3214 (241.)
1294 3138 1355 3193 Et
1384 3136 1516 3209 quia
1546 3149 1739 3190 omnes
1768 3132 1985 3203 Lango-

371 3250 532 3307 bardi
560 3245 1005 3315 conjuraverant,
1051 3241 1110 3289 ut
1148 3248 1261 3288 non
1299 3233 1622 3301 paterentur
1678 3221 1985 3297 quemlibet

377 3342 687 3405 dominum,
740 3332 835 3406 qui
882 3327 1032 3386 aliud
1075 3340 1236 3397 quam
1305 3320 1407 3392 ipsi
1435 3318 1658 3382 vellent,
1691 3321 1879 3372 contra
1924 3329 1983 3369 se

375 3443 587 3514 ageret,
614 3428 884 3504 quosdam
927 3421 1219 3494 episcOpos
1272 3416 1329 3470 in
1378 3412 1598 3469 vincula
1636 3408 1898 3508 conjecit,
1931 3416 1986 3463 et

380 3497 513 3600 quia
543 3497 840 3595 episcopus
869 3506 1300 3569 Mediolanensis
1345 3502 1475 3577 fuga
1530 3501 1718 3571 lapsus
1748 3506 1850 3564 est,
1878 3497 1988 3551 im-

380 3591 601 3692 perator
649 3606 918 3667 suburbia
974 3598 1271 3692 Mediolani
1311 3593 1578 3650 incendit.
1639 3591 1990 3692 D‘ie.pente-

380 3676 561 3763 eostes
578 3699 747 3770 (245),
777 3711 902 3753 eum
934 3694 1231 3762 imperator
1258 3685 1314 3739 in
1346 3697 1513 3755 parva
1553 3676 1804 3735 azcclesia
1831 3691 1990 3730 secus

378 3802 572 3859 urbem
600 3796 667 3853 ad
694 3795 915 3850 missam
970 3791 1349 3848 coronaretur,
1402 3787 1511 3834 tam
1551 3774 1737 3851 gravia
1763 3772 1989 3828 fuerunt

374 3894 617 3952 tonitrua
643 3896 699 3944 et
754 3885 992 3961 fulgura,
1047 3888 1108 3934 ut
1163 3875 1335 3947 aliqui
1393 3880 1576 3927 mente
1629 3869 1982 3961 excederent,

375 3981 547 4054 aliqui
572 3955 870 4034 exalarent'.
920 3971 1104 4025 Bruno
1135 3980 1265 4020 vero
1297 3962 1592 4033 episcOpus
1622 3956 1715 4027 qui
1765 3955 1986 4054 missam

376 4044 627 4136 canebat,
683 4072 738 4120 et
804 4058 1132 4118 secretarius
1206 4048 1554 4123 imperatoris
1643 4062 1766 4099 cum
1868 4044 1991 4097 aliis

378 4165 553 4221 tribus
578 4160 854 4220 dixerunt,
883 4169 942 4208 se
972 4153 1118 4206 inter
1145 4146 1433 4200 missarum
1466 4137 1758 4195 sollemnia
1787 4136 1989 4190 vidisse

378 4260 631 4310 sanctum
661 4242 1034 4306 Ambrosium,
1081 4231 1400 4306 imperatori
1459 4225 1802 4302 indignando
1829 4240 1988 4279 com-

376 4344 702 4399 minantem.
769 4336 1072 4403 lmperator
1120 4323 1272 4380 ltalia
1326 4317 1569 4375 decessit
1604 4315 1767 4386 (247).
1804 4313 1986 4368 Pridie

378 4436 507 4491 ldus
534 4423 907 4496 Maiieclipsis
938 4420 1072 4476 solis
1125 4415 1249 4473 fuit,
1299 4421 1354 4467 et
1396 4408 1575 4480 pridie
1620 4405 1803 4496 Nonas
1838 4404 1985 4496 Junii

374 4525 673 4597 imperator
698 4491 852 4574 obiit.
883 4512 1011 4567 Post
1059 4520 1224 4578 quem
1277 4498 1580 4563 Heinricus,
1643 4493 1789 4547 ﬁlius
1844 4491 1983 4561 ejus,

376 4613 669 4687 imperavit
698 4607 862 4666 annis
894 4606 979 4659 17.

453 4680 609 4762 1040.
857 4698 912 4751 1.
1273 4685 1332 4741 9.
1364 4680 1489 4754 (10.)

451 4796 532 4866 (Α.
566 4790 749 4859 Leod.)
786 4784 1071 4843 Heinricus
1103 4781 1401 4850 imperator
1429 4771 1579 4829 vadit
1607 4768 1675 4824 ad
1707 4766 1993 4823 debellan-

2097 571 2326 626 viriliter
2356 567 2759 635 resistentibus,
2792 566 3044 623 inefficax
3086 567 3248 623 redit.

2170 661 2327 716 1041.
2637 658 2691 712 2.
3202 657 3288 712 10.
3325 657 3462 729 (11.1

2168 756 2293 823 (10.)
2335 752 2620 808 Heinrieus
2666 752 2966 823 imperator
3032 766 3134 822 per
3181 751 3464 806 orationes
3490 760 3722 809 sancto-

2089 866 2207 903 rum
2228 849 2470 903 virorum
2502 846 2707 902 auxilio
2736 846 2829 901 Dei
2898 844 3004 899 sibi
3059 851 3372 915 procurate,
3398 847 3716 917 superioris

2088 942 2218 995 anni
2252 939 2613 996 infortunium
2666 938 2838 1006 ultus,
2872 936 3184 992 Odelricum
3225 938 3423 993 ducem
3460 938 3713 994 Boemiae

2088 1031 2366 1102 subjugat.

2163 1126 2320 1180 1042.
2718 1123 2770 1179 3.
3273 1121 3364 1175 11.
3400 1121 3533 1191 (12.)

2162 1212 2568 1285 lnterUngaros
2594 1212 2738 1266 bello
2767 1210 3032 1266 intestino
3056 1216 3228 1271 moto.
3284 1210 3477 1265 Petrus
3509 1227 3611 1265 rex
3642 1210 3713 1265 ab

2087 1309 2170 1364 eis
2197 1308 2464 1379 depulsus
2485 1323 2654 1380 regno
2683 1307 2850 1377 (247),
2891 1306 3155 1361 auxilium
3190 1304 3430 1359 Heinrici
3461 1305 3714 1376 impera-

2088 1398 2223 1454 toris
2256 1396 2570 1468 interpellat
2615 1414 2629 1461 ;
2670 1395 2764 1467 qui
2796 1400 3054 1466 potenter
3085 1394 3136 1448 ei
3162 1394 3541 1463 patrocinans,
3593 1393 3708 1449 Un-

2088 1493 2294 1565 gariam
2326 1491 2592 1547 devastat.
2646 1489 2924 1560 (Ausum)
2973 1488 3185 1543 Gnatho
3243 1503 3311 1541 ex
3339 1487 3492 1542 clero
3520 1487 3705 1543 sancti

2089 1581 2387 1647 Lantberti,
2427 1579 2508 1635 vir
2536 1579 2731 1649 spiritu
2773 1577 3061 1648 sapientiae
3117 1584 3172 1631 et
3202 1576 3449 1631 scientiis
3503 1585 3560 1631 et
3592 1576 3711 1631 fer-

2088 1692 2217 1732 vore
2244 1674 2529 1748 religionis
2572 1672 2890 1746 insignitus;
2946 1670 3233 1726 ordinatur
3284 1670 3715 1726 Laodicensium

2089 1765 2405 1836 episcopus.

2163 1853 2322 1908 1043.
2615 1852 2668 1905 4.
2985 1848 3051 1904 12
3109 1850 3240 1919 (13).

2164 1945 2319 2014 Apud
2375 1938 2906 2010 Constantinopolim
2967 1938 3357 1994 Constantinus
3422 1939 3713 1995 Monoma-

2094 2038 2232 2091 chus
2272 2036 2525 2106 imperat.
2556 2036 2649 2097 (Α.
2684 2032 3488 2101 Leod.)Heinricusimperator
3512 2033 3713 2087 iterum

2097 2123 2383 2197 Ungariam
2429 2122 2729 2193 ingressus,
2787 2135 2908 2174 cum
2965 2120 3155 2190 paucis
3185 2119 3474 2174 Obbonem
3524 2137 3714 2193 regem

2094 2215 2164 2269 de
2186 2214 2333 2268 bello
2354 2212 2582 2288 fugavit,
2609 2219 2664 2267 et
2690 2212 2959 2277 lanceam,
2995 2210 3213 2283 insigne
3245 2210 3413 2284 regis,
3447 2211 3667 2281 recepit
3698 2230 3714 2275 ;

2096 2303 2313 2358 Petrum
2361 2316 2514 2367 vero,
2562 2316 2727 2372 quem
2771 2299 2924 2354 Obbo
3007 2298 3314 2368 expulerat.
3364 2298 3711 2367 Ungarorum

2096 2410 2266 2468 regno
2298 2393 2559 2461 restituit,
2591 2400 2647 2447 et
2672 2392 2962 2464 Ungariam
3022 2389 3130 2444 sibi
3185 2390 3532 2446 tributariam
3564 2389 3717 2447 fecit.

2168 2483 2326 2538 1044.
2644 2479 2696 2535 5.
3027 2480 3109 2534 13.
3142 2480 3281 2549 (14.)

2167 2575 2288 2645 (Ιὸ.)
2315 2573 2508 2628 Fames
2530 2572 2707 2629 valida
2750 2570 2977 2626 Galliam
3015 2578 3070 2625 et
3106 2569 3457 2625 Germaniam
3511 2570 3715 2641 proﬂi-

2094 2675 2185 2740 gat
2234 2666 2461 2721 Gotbelo
2493 2665 2600 2720 dux
2627 2663 2788 2731 obiit,
2813 2663 2969 2731 cujus
3007 2661 3155 2717 ﬁlius
3185 2660 3539 2729 Godefridus,
3582 2663 3717 2718 dum

2094 2759 2143 2814 ei
2193 2757 2427 2813 ducatus
2481 2756 2908 2811 Mosellanorum
2954 2754 3262 2828 denegatur
3324 2753 3491 2823 (248),
3542 2754 3716 2811 altem

2095 2852 2295 2907 ducatu
2317 2850 2627 2921 repudiato,
2659 2848 3249 2919 contraimperatorem
3273 2845 3529 2903 rebellat.

2160 2943 2317 3000 1045.
2607 2941 2661 2996 6.
3025 2941 3110 2995 14.
3141 2940 3278 3010 (15.)

2159 3034 2280 3102 (Ιὸ.)
2349 3030 2678 3087 Godefridus
2733 3030 2951 3085 hortatu
3016 3026 3367 3099 quorundam
3418 3027 3520 3084 Dei
3569 3028 3717 3085 ﬁde-

2084 3121 2221 3177 lium
2247 3122 2316 3176 ad
2365 3120 2801 3192 recuperandam
2841 3117 3193 3189 imperatoris
3240 3118 3475 3193 gratiam
3514 3118 3718 3174 addu-

2084 3222 2225 3282 ctus,
2258 3214 2329 3268 ab
2369 3214 2702 3285 imperatore
2751 3212 2968 3283 capitur
3017 3218 3073 3266 et
3102 3210 3370 3266 custodiae
3423 3210 3721 3282 mancipa-

2084 3312 2173 3361 tur
2203 3304 2345 3375 (249)
2380 3321 2395 3370 ;
2425 3304 2523 3359 sed
2555 3301 2732 3357 ﬁlium
2764 3317 2925 3356 suum
2983 3300 3237 3356 obsidem
3296 3300 3457 3366 dans,
3483 3299 3718 3369 frelaxa-

2086 3407 2193 3454 tur.
2221 3397 2387 3468 (250).
2422 3397 2541 3463 Quo
2573 3395 2835 3451 defuncto
2889 3393 2947 3448 in
3009 3392 3287 3460 obsidatu,
3316 3392 3386 3447 ad
3419 3391 3713 3448 rebellan-

2086 3491 2216 3546 dum
2257 3495 2553 3564 grassatur.
2607 3486 2937 3542 Benedictus
2990 3484 3302 3540 Simoniace
3355 3491 3564 3555 papatu
3601 3485 3717 3540 Ro-

2090 3601 2254 3641 mano
2284 3585 2475 3639 invaso
2506 3584 2676 3655 (251),
2708 3597 2830 3636 cum
2863 3588 3008 3636 esset
3060 3579 3215 3634 rudis
3264 3578 3603 3647 litterarum,
3633 3579 3715 3633 al-

2092 3687 2270 3732 terum
2324 3674 2393 3730 ad
2449 3674 2599 3729 vices
2666 3670 3039 3727 aecclesiastici
3115 3666 3290 3723 ofﬁcii
3351 3670 3717 3740 exequendas

2089 3783 2274 3822 secum
2327 3781 2523 3836 papam
2576 3761 2885 3819 consecrari
2942 3760 3092 3815 fecit.
3141 3759 3297 3824 Quod
3348 3774 3482 3814 eum
3527 3760 3719 3815 multis

2090 3871 2201 3910 non
2233 3855 2497 3926 placeret,
2531 3852 2726 3907 tertius
2774 3849 3183 3921 superducitur,
3227 3847 3323 3918 qui
3377 3848 3536 3903 solus
3564 3849 3720 3905 vices

2090 3947 2323 4002 duorum
2358 3944 2637 4015 impleret.

2161 4034 2318 4089 1046.
2644 4032 2698 4086 7.
3011 4030 3093 4084 15.
3145 4028 3274 4099 (16)

2162 4123 2425 4178 Ecclesia
2469 4126 2671 4175 sanet-ce
2725 4117 3029 4174 Gerdrudis
3093 4116 3485 4189 Nivigellensis
3541 4117 3719 4187 (252),

2091 4228 2213 4284 quas
2237 4218 2364 4265 ante
2397 4209 2609 4280 aliquot
2634 4223 2809 4263 annos
2868 4215 2995 4277 post
3034 4205 3432 4280 negligentiam
3473 4208 3721 4263 etincu-

2091 4305 2227 4359 riam
2273 4302 2429 4358 effusi
2490 4301 2777 4376 sanguinis
2825 4298 3043 4355 Domini
3100 4305 3458 4354 concremata
3516 4298 3722 4366 fuerat,

2090 4394 2146 4448 in
2165 4409 2359 4449 novam
2392 4391 2745 4457 reredilicata,
2770 4389 3119 4445 benedicitur
3152 4395 3412 4459 prasente
3448 4390 3721 4448 Heinrico

2091 4484 2442 4556 imperatore,
2469 4484 2653 4538 Romae
2682 4496 2795 4537 uno
2849 4487 3042 4535 contra
3070 4479 3209 4534 duos
3231 4486 3287 4535 et
3334 4480 3560 4536 duobus
3587 4497 3725 4537 con-

2090 4588 2358 4635 traunum
2394 4576 2463 4631 de
2521 4580 2725 4646 papatu
2789 4571 3210 4639 altercantibus,
3257 4587 3354 4626 rex
3414 4572 3715 4629 Heinricus

2092 4678 2281 4729 contra
2307 4685 2403 4726 eos
2442 4669 2667 4725 Romam
2718 4666 2868 4723 vadit
2910 4665 3053 4737 (254)
3088 4672 3181 4720 :et
3220 4664 3304 4720 eis
3350 4665 3629 4720 canonica
3668 4678 3726 4723 et

2093 4766 2367 4838 imperiali
2409 4779 2642 4820 censura
2677 4760 2965 4833 depositis,
3013 4758 3342 4831 Suidigerus
3382 4760 3727 4816 Bubenber-

1736 4868 1956 4922 VARle
1974 4867 2349 4923 LECTIONES.

448 4988 515 5024 ²³¹
546 4986 610 5042 1).
631 4985 692 5038 H.
722 4998 776 5040 ο.
798 4999 851 5040 a.
891 4981 1084 5036 desunt
1111 4976 1173 5033 D.
1216 4974 1271 5031 Ε.
1306 4972 1375 5006 ²³²
1402 4969 1531 5024 add.
1555 4965 1849 5022 Anselmus
1883 4980 1897 5029 ;
1926 4962 2045 5017 rell.
2072 4964 2275 5032 praeter
2296 4962 2356 5015 A.

1933 5061 2142 5120 ΝΟΤᾹΞ.

449 5159 595 5230 (241)
622 5157 685 5230 D.
726 5152 953 5230 20_.l_un.
986 5150 1142 5208 1036,

451 5224 594 5301 (ω)
630 5228 694 5301 ,4.
726 5224 887 5301 493.7-

450 5291 595 5372 (243')
623 5299 690 5372 p.
720 5295 790 5353 15
817 5295 952 5372 Nov.
989 5291 1140 5372 1037.

451 5361 590 5439 (244i
622 5370 866 5439 Exeunte
884 5366 997 5439 j_a_m_
1020 5361 1272 5439 a_,_1036.

470 5434 598 5513 245')
628 5441 691 5497 D.
721 5439 793 5495 29
821 5436 943 5492 Maii
978 5434 1136 5513 1037.

471 5495 594 5577 240i
626 5495 869 5566 Exeunte
891 5520 1082 5562 mense
1112 5506 1353 5577 Augusto
1374 5515 1425 5555 a.
1454 5495 1614 5555 1038.

951 5652 1179 5726 patean
1218 5645 1366 5726 jure,
1407 5643 1555 5726 .Ann.
1614 5635 1770 5726 Leod
1784 5634 1991 5726 εμί’)ειςξιί

375 5705 817 5805 δίὲὲὗὲνέύὲῖῇἐὲ
833 5705 895 5805 .81
921 5705 1008 5805 εἴ-
1040 5705 1854 5805 ¹9⁴βτ’θὲ9ἑ9¹1²ἕ¹ἔ9ῗυῖῗξ.ἶ¹ὶί.¹ἷ¹
1881 5705 1987 5805 ΕΒ·

373 5777 922 5858 Eéﬁiﬁi'caaér'ridhs
974 5791 1236 5847 Barbatus
1274 5788 1393 5856 jam
1408 5791 1579 5863 “patre
1613 5780 1851 5863 vivente
1881 5777 1980 5863 hau

376 5852 567 5946 411E:
591 5852 849 5939 {avtnunc
887 5865 1051 5921 etiam
1100 5852 1357 5917 ducatum
1393 5852 1565 5923 fratri
1591 5852 1826 5907 debitum
1866 5864 1900 5901 1.
1925 5862 1975 5911 e,

2088 5129 2455 5215 Lotharingiae
2493 5126 2813 5215 ‘inferiq'ris).
2838 5130 3027 5215 contra
3062 5126 3153 5215 res
3216 5140 3251 5205 ᾳ
3279 5141 3407 5208 rege
3431 5127 3546 5215 sibi;
3559 5127 3719 5215 ρρςίο

2087 5220 2211 5260 nere
2234 5195 2422 5267 voluit,
2449 5210 2511 5257 ut
2550 5200 2627 5255 ait
2692 5195 3058 5255 lierimannus
3098 5195 3396 5266 Augiensis
3424 5214 3478 5255 a.
3528 5197 3669 5255 1044
3701 5218 3717 5267 ;

2089 5275 2161 5331 cf.
2204 5273 2445 5339 Stenzel,
2477 5290 2537 5340 11,
2569 5271 2689 5327 117.

2164 5345 2299 5414 (249)
2320 5344 2507 5399 Mense
2531 5342 2699 5410 Julio,
2732 5358 2763 5396 a
2798 5339 2951 5398 1045.

2162 5389 2699 5541 (ﬁ’)}§'ﬁi§ér§iiif
2733 5389 2951 5468 Win-ense.
2981 5409 3120 5467 Maio
3166 5410 3329 5478 1046,
3377 5416 3523 5469 teste
3554 5411 3717 5469 Heri-

2162 5504 2296 5541 anno
2363 5503 2456 5541 uc.

2092 5503 2397 5684 ωῗέἓῆᾹί
2399 5504 2615 5614 1ζ’1033.
2673 5554 2971 5627 Sequentia
3005 5568 3119 5609 non
3170 5558 3323 5609 recte
3367 5561 3562 5610 noster
3588 5571 3719 5611 nar-

2092 5639 2174 5684 rat
2206 5649 2220 5684 :
2248 5647 2279 5684 c
2309 5673 2319 5684 .
2363 5628 2581 5684 Stenzel
2622 5627 2829 5683 Franck
2887 5626 3074 5681 Kaiser
3111 5642 3150 5684 1,
3185 5623 3288 5679 104
3320 5640 3447 5684 sua.
3481 5624 3561 5681 Ad
3587 5642 3719 5684 ver-

2092 5623 2220 5696 rat;
2248 5623 2319 5686 cf.
2363 5628 2581 5686 Stenzel
2622 5623 2829 5683 Franci:
2887 5626 3074 5681 Kaiser
3111 5642 3150 5692 1,
3185 5623 3288 5679 104
3320 5640 3447 5698 sqq.
3481 5624 3561 5681 Ad
3587 5642 3726 5685 ver-

2091 5704 2222 5759 bum
2257 5701 2450 5756 eadem
2482 5697 2770 5769 exscripsit
2802 5698 3148 5752 Waltramus.

2159 5774 2305 5845 (252)
2336 5773 2576 5845 Nivelles
2594 5769 2666 5845 in
2689 5769 2996 5845 Harmonia.

2152 5836 2299 5915 (253)
2334 5842 2565 5899 Advenit
2594 5841 2670 5895 ibi
2702 5840 2757 5894 d.
2779 5840 2849 5895 23
2877 5837 3195 5895 Decembris
3220 5836 3380 5892 1046.
