3876 6208
143 306 232 361 209

1633 291 1981 349 CHRONICA.

3356 304 3463 362 210

141 429 309 501 gensis
334 428 659 500 episcopus,
684 426 776 499 qui
807 434 863 482 et
910 426 1185 495 Clemens,
1238 425 1496 482 Romanae
1554 421 1743 478 mccle-
1768 428 1817 495 Α
1843 425 2145 480 exercitum
2176 425 2477 484 duxit.Sed
2522 430 2743 484 tandem
2778 430 3076 488 Balduinus
3098 432 3290 502 ﬂexus,
3324 450 3463 490 con-

143 518 397 574 εἰω146ιι³
427 516 703 588 presidet,
735 522 791 571 et
811 514 880 570 ab
896 529 962 569 eo
980 513 1738 585 Reinricusinimperatorem

1842 516 1989 573 dicto
2038 518 2127 574 die
2185 519 2356 591 Aquis
2404 520 2720 591 imperatori
2770 523 3032 579 satisfecit
3090 525 3253 597 (265).
3319 525 3459 595 (Vita

145 608 474 666 benedicitur
501 607 670 679 (254),
707 605 1023 678 jurantibus
1071 606 1352 670 Romanis,
1379 620 1436 661 se
1467 605 1587 659 sine
1619 602 1740 671 ejus
1840 614 2018 681 Leon.)
2042 611 2150 667 Leo
2182 628 2325 683 papa
2354 611 2407 666 in
2465 612 2636 667 Callia
2683 621 2738 668 et
2785 614 3075 670 Germania
3104 618 3330 687 synodis
3359 618 3458 674 ba-

143 716 392 758 consensn
460 715 747 771 nunquam
808 714 1006 771 papam
1076 699 1369 753 electuros.
1429 700 1511 765 (.4.
1564 692 1738 763 Leod.)

143 792 386 847 instinctu
478 791 763 847 Godefridi
845 806 1034 847 comes
1106 788 1522 845 Flandrensium
1611 786 1738 841 Bal-

141 884 324 940 duinus
350 883 523 955 (255),
580 893 770 939 contra
820 883 1211 954 imperatorem
1238 881 1485 937 rebellat.
1523 879 1737 935 Deode-

142 975 236 1028 rico
273 971 622 1028 Mettensium
675 972 940 1043 episcopo
987 969 1270 1038 defuncto,
1294 969 1541 1025 succedit
1571 968 1737 1023 Adel-

141 1066 257 1120 bero
302 1065 370 1099 ³³³
420 1064 708 1121 fratruelis
760 1064 900 1134 ejus,
951 1064 1035 1120 vir
1081 1079 1293 1136 magna:
1325 1061 1633 1134 prudentiae
1681 1068 1736 1116 et

138 1157 419 1212 sanctitatis

198 1244 350 1301 1017.
611 1245 672 1301 Β.
704 1245 759 1300 8.
1191 1243 1351 1299 v.10.
1389 1243 1518 1314 (17.)

194 1338 375 1408 (Mam)
416 1339 628 1410 POppo,
658 1339 755 1411 qui
803 1345 858 1393 et
894 1340 1182 1403 Damasus,
1241 1336 1499 1391 Romanae
1529 1334 1732 1390 accele-

132 1428 211 1482 size
238 1429 391 1484 14708
420 1429 672 1500 presidet
702 1429 872 1499 (256).
907 1433 985 1496 (Α.
1046 1427 1215 1498 Leod.)
1274 1425 1601 1482 Godefridus
1624 1441 1730 1496 pa-

137 1520 304 1575 latium
328 1520 596 1596 Neomagi
618 1520 868 1576 incendit
897 1529 952 1575 et
998 1518 1443 1591 inreparabililer
1474 1516 1728 1572 destruit.

139 1608 311 1663 Urbem
343 1624 572 1681 quoque
628 1608 938 1676 Claborum,
995 1624 1119 1680 quae
1176 1607 1453 1662 V'irdunus
1504 1606 1727 1674 dicitur,

135 1719 241 1758 cum
285 1704 474 1773 majori
507 1710 716 1759 sanctae
769 1703 949 1759 Mariae
1005 1701 1726 1771 mcclesiaincendit(257.)

1839 696 1987 767 bitis,
2009 706 2208 757 statum
2237 700 2505 758 aacclesiae
2541 702 2864 759 meliorabat
2894 703 2983 759 ’35.

1909 791 2067 847 1050.
2501 796 2589 850 11.
2900 796 2985 851 19.
3030 796 3165 866 (20).

1909 884 1969 946 (V
2021 885 2203 949 Tictb.)
2234 885 2464 940 Sanctus
2494 885 2816 941 Tietbaldus
2855 886 2998 941 inter
3027 886 3245 942 nobiles
3290 888 3454 943 Fran-

1837 987 2025 1026 corum
2051 989 2160 1028 non
2187 974 2407 1029 iniimus
2443 976 2546 1031 hoc
2574 983 2823 1047 tempore
2839 975 3104 1042 clarebat;
3128 976 3220 1048 qui
3242 978 3451 1033 mundo

1836 1069 1889 1117 et
1927 1065 2224 1135 semetipso
2282 1066 2558 1140 abnegato
2605 1072 2828 1121 secutus
2869 1066 3161 1134 Christum,
3216 1068 3269 1122 in
3311 1068 3449 1122 Vin-

1835 1156 2016 1210 centia
2046 1157 2284 1212 Venetiae
2342 1159 2478 1213 urbe
2538 1159 2804 1224 reclusus,
2835 1159 2914 1214 ibi
2958 1160 3027 1214 12
3071 1160 3451 1217 conversionis

1834 1264 1946 1302 sum
1977 1264 2121 1305 anno
2152 1249 2314 1305 beato
2346 1249 2456 1305 fine
2484 1250 2714 1322 quievit.
2749 1251 2848 1315 Qui
2878 1268 3041 1323 quam
3073 1259 3298 1323 accepto
3338 1268 3452 1308 ser-

1832 1341 2139 1409 vieritDeo,
2176 1351 2295 1413 post
2326 1351 2561 1400 mortem
2595 1345 2715 1416 ejus
2768 1345 3157 1401 miraculorum
3198 1346 3446 1418 prodidit

1833 1432 2171 1504 magnitudo.
2214 1432 2342 1486 Ossa
2398 1433 2517 1502 ejus
2575 1433 2629 1487 in
2680 1434 2851 1488 Gallia
2889 1435 3169 1501 translata,
3212 1435 3438 1490 multam

1832 1526 2015 1579 multis
2042 1527 2098 1581 in
2128 1527 2263 1583 locis
2296 1530 2707 1584 venerationem
2767 1536 3091 1584 meruerunt
3145 1531 3256 1585 Deo
3298 1546 3444 1601 papa

1831 1618 1959 1672 dum
1993 1620 2361 1675 Nortmannos
2388 1637 2418 1675 a
2458 1621 2827 1677 Romanorum
2876 1621 3125 1677 terminis
3147 1621 3442 1677 deturbare

1829 1709 2050 1783 satagit,
2108 1711 2333 1766 multam
2401 1712 2765 1767 calamitatem
2820 1712 3074 1779 incurrit,
3133 1713 3263 1784 quia
3311 1729 3438 1768 cum

365 1760 385 1773 ,
1558 1760 1569 1769 .
1710 1760 1721 1771 ,
1832 1760 2049 1783 --η-οη,
2406 1760 2765 1767 "unum--."
2821 1760 3074 1779 ων--ηη
3136 1760 3263 1784 -ι--η
3314 1760 3438 1768 "u-

136 1800 389 1869 i’ANssul.)
473 1798 687 1855 Franco
766 1798 1088 1856 scolasticus
1170 1796 1588 1853 Leodicensium
1673 1760 1798 1850 etB
1831 1797 2015 1852 multis
2046 1799 2208 1853 etiam
2236 1800 2355 1871 ipse
2380 1802 2595 1872 capitur
2639 1801 2825 1871 (266);
2855 1801 2951 1856 sed
2982 1810 3167 1856 tamen
3207 1801 3439 1856 relaxari

134 1892 340 1949 scientia
370 1893 685 1949 litterarum
725 1901 782 1949 et
833 1909 1047 1949 morum
1088 1893 1357 1964 probitate
1397 1890 1725 1963 claret;qui

129 1982 189 2036 ad
218 1982 606 2039 Herimannum
636 1984 1115 2055 archiepiscopum
1176 1983 1397 2055 scripsit
1433 1982 1634 2037 librum
1658 1982 1725 2037 de

129 2074 430 2147 quadratura
469 2076 690 2141 circuli,
725 2077 794 2131 de
839 2093 948 2148 qua
1005 2092 1063 2131 re
1102 2076 1425 2132 Aristoteles
1454 2076 1531 2130 ait
1562 2092 1575 2129 :
1608 2080 1724 2131 Cir-

132 2165 230 2218 cuii
252 2166 612 2233 quadratura,
651 2168 701 2220 .ςὶ
727 2171 805 2220 est
830 2165 1031 2231 scibile,
1060 2169 1287 2222 scientia
1334 2166 1548 2234 quidem
1574 2180 1720 2221 non-

132 2256 244 2310 dum
268 2263 359 2323 est,
388 2259 525 2312 illud
577 2273 700 2313 vero
749 2258 931 2313 scibiie
983 2264 1061 2313 est
1110 2256 1294 2329 (ΜΑιι.)
1346 2256 1446 2312 Nix
1487 2263 1638 2312 tanta
1664 2256 1721 2312 in

132 2348 394 2404 occidente
411 2350 637 2417 cecidit,
664 2357 723 2405 ut
754 2349 921 2406 silvas
942 2349 1239 2426 frangeret.

185 2439 329 2498 1018.
695 2443 748 2497 9.
1172 2443 1260 2498 17.
1295 2442 1432 2512 (18.)

191 2528 285 2583 Viri
311 2529 552 2606 religiosi
588 2538 642 2587 et
669 2530 912 2587 illustres
936 2531 1228 2587 sanctitate
1260 2531 1317 2586 in
1346 2530 1557 2587 Christo
1588 2530 1720 2587 dor-

132 2620 298 2689 miunt,
329 2623 482 2679 Odilo
506 2623 687 2678 abbas
723 2622 1103 2679 Cluniacensis
1154 2623 1320 2693 (258),
1367 2623 1561 2695 Poppo
1600 2623 1721 2679 Sta-

131 2712 349 2771 bulensis
394 2717 571 2785 (259).
631 2716 713 2783 (Α.
769 2716 941 2787 Leod.)
997 2716 1208 2772 Guatho
1259 2715 1560 2787 episcOpus
1614 2715 1721 2770 Le-

135 2805 313 2877 giensis
341 2808 507 2878 (360),
539 2807 797 2863 Olbertus
821 2816 1025 2863 sanctae
1053 2806 1334 2863 memoriae
1364 2807 1534 2861 abbas
1565 2807 1721 2862 Gem-

134 2900 424 2960 melacensis
462 2904 617 2976 (261)
670 2903 1274 2960 GuathoniDeoduinus
1313 2903 1368 2956 in
1394 2901 1717 2973 episcOpatu

129 2993 358 3050 succedit.
389 2996 674 3060 Albertus,
702 2995 796 3066 qui
840 2995 1097 3051 ducatum
1146 2993 1576 3050 Mosellanorum
1607 2993 1712 3051 Go-

126 3080 310 3139 defrido
329 3093 592 3156 negatum
637 3083 786 3153 (262)
839 3090 1183 3155 susceperat,
1215 3100 1247 3138 a
1286 3082 1581 3139 Godefrido
1613 3100 1711 3155 pe-

123 3136 304 3231 rimitur
329 3136 721 3249 (e'é’sTaial-T)
734 3136 1031 3233 suam
1055 3136 1196 3246 1.7...
1220 3136 1497 3234 Cerardus
1519 3136 1588 3233 de
1613 3136 1710 3234 λί-
1732 3136 1783 3205 C

125 3268 258 3333 satia,
283 3268 507 3325 alterum
553 3284 689 3325 vero
741 3268 998 3325 ducatum
1042 3270 1351 3327 Fridericus
1388 3271 1704 3342 cptinetm.

124 3360 346 3424 (Wib.V.
408 3362 613 3433 Leon)
668 3363 853 3419 Bruno
896 3363 1197 3420 Leucorum
1253 3366 1549 3436 episcopus
1603 3366 1711 3421 Ro-

129 3464 276 3506 manae
322 3452 593 3508 zecclesiae
641 3452 746 3507 148
822 3452 1066 3524 presidet
1109 3454 1272 3525 (261),
1340 3454 1434 3526 qui
1483 3462 1709 3512 vocatus

131 3538 218 3594 Leo
231 3555 395 3597 nonus
424 3544 598 3613 hujus
622 3542 868 3598 nominis
911 3560 1073 3615 papa.
1132 3544 1227 3601 llic
1255 3561 1380 3600 cum
1420 3546 1487 3601 ad
1515 3563 1711 3619 capes-

125 3628 319 3685 sendam
346 3631 536 3687 sedem
566 3630 931 3701 apostolicam
957 3632 1187 3688 Romam
1222 3634 1500 3702 tenderet,
1550 3636 1709 3691 audi-

132 3717 195 3773 vit
218 3736 368 3780 voces
390 3722 721 3795 angelorum
788 3722 1137 3779 canentium:
1167 3727 1316 3780 Dixit
1343 3729 1599 3782 Dominus
1623 3743 1714 3797 ego

131 3813 270 3876 00ng
295 3815 639 3881 wgitationes
688 3814 838 3881 pacis
888 3819 941 3867 et
992 3828 1101 3869 non
1147 3816 1482 3881 afflictiom's.
1518 3816 1614 3872 Hic
1643 3818 1713 3874 de

131 3898 285 3953 multis
309 3902 510 3957 sanctis
553 3907 753 3955 cantus
802 3903 1132 3973 composuit,
1191 3912 1246 3959 et
1277 3904 1449 3960 multa
1499 3905 1629 3977 fecit
1660 3914 1715 3964 et

128 3988 315 4058 scripsit
335 3992 602 4048 azcclesiaa
616 3992 793 4047 utilia.
824 3993 922 4049 llic
946 4010 1072 4049 cum
1099 3994 1154 4049 in
1169 4002 1373 4068 papatu
1407 4014 1710 4070 pauperem

128 4077 369 4150 leprosum
406 4094 537 4141 ante
578 4084 729 4140 fores
766 4083 1109 4154 offendisset,
1166 4104 1291 4143 eum
1340 4089 1512 4146 fotum
1585 4093 1712 4148 dili-

132 4176 356 4243 genterin
413 4178 560 4233 lecto
616 4193 718 4232 suo
767 4178 1053 4235 collocavit
1087 4195 1288 4252 ;quem
1322 4198 1447 4238 cum
1470 4192 1712 4242 reserato

136 4262 253 4317 ostio
282 4280 381 4320 non
402 4266 730 4333 invenisset,
764 4266 818 4321 in
849 4283 1087 4339 paupere
1132 4285 1192 4325 se
1223 4269 1492 4327 Christum
1525 4289 1715 4331 susce-

134 4352 256 4419 pisse
279 4356 580 4429 obstupuit.

198 4444 330 4502 1049.
371 4449 585 4520 (1050.)
835 4451 918 4506 10.
1178 4454 1263 4510 13.
1299 4456 1428 4527 (19.)

190 4531 283 4589 l.eo
311 4553 445 4608 papa
496 4538 552 4592 in
598 4538 802 4592 Gallias
854 4538 1105 4606 veniens,
1149 4550 1210 4596 ut
1239 4551 1421 4599 motus
1447 4545 1713 4616 imperiia

133 4619 366 4683 Balduino
392 4637 447 4684 et
484 4628 782 4684 Godefrido
838 4630 1143 4688 concitatos
1179 4635 1421 4704 sedaret,
1459 4638 1711 4695 Godefri-

129 4709 233 4801 dum
269 4715 489 4786 quidem
554 4718 872 4790 imperatori
906 4722 1285 4779 reconciliavit
1342 4742 1357 4792 ;
1402 4728 1481 4794 (Α.
1539 4732 1708 4801 Leod.)

134 4797 363 4861 Balduino
388 4806 736 4878 pertinacius
763 4815 979 4881 agente,
1023 4819 1214 4867 contra
1264 4829 1389 4869 eum
1415 4797 1715 4888 imperator

1830 1887 2025 1955 noluit,
2067 1890 2171 1945 nisi
2196 1892 2359 1946 etiam
2410 1892 2526 1947 suis
2583 1892 2854 1948 relaxatis.
2902 1892 3087 1962 (ΜΑιι.)
3120 1892 3294 1947 Bardo
3321 1892 3436 1947 Mo-

1827 1978 2032 2048 guntiae
2084 1981 2381 2053 episcOpus
2423 1982 2544 2037 obit
2592 1982 2755 2053 (267),
2812 1981 2971 2050 cujus
3018 1980 3279 2036 sanctitas
3342 1996 3441 2052 per

1824 2071 2049 2126 multam
2078 2071 2467 2130 miraculorum
2499 2074 2731 2149 gratiam
2772 2074 2967 2145 patuit.

2112 2167 2266 2221 1051.
2704 2168 2769 2221 12
2983 2166 3054 2222 20
3087 2166 3220 2237 (21.)

1893 2252 1976 2321 (A.
2010 2254 2181 2323 Leod.)
2225 2254 2524 2310 Balduinus
2582 2254 2935 2310 Flandrensis
2984 2255 3174 2311 invaso
3231 2253 3432 2327 Hagio-

1822 2339 2076 2395 nensium
2134 2342 2396 2398 comitatu
2460 2350 2650 2399 contra
2718 2344 3106 2415 imperatorem
3174 2342 3429 2400 rebellat.

1819 2433 2043 2490 Francia
2101 2436 2349 2492 turbatur
2404 2453 2502 2509 per
2580 2437 2974 2513 Berengarium
3027 2435 3431 2504 Turonensem,

1820 2526 2213 2597 quiasserebat
2266 2528 2685 2593 Eucharistiam,
2721 2545 2886 2602 quam
2926 2527 3197 2584 sumimus
3253 2528 3310 2583 in
3353 2528 3436 2583 al-

1822 2620 1946 2688 tari,
1978 2636 2088 2677 non
2112 2638 2233 2678 esse
2267 2639 2454 2678 revera
2501 2638 2702 2696 corpus
2742 2632 2799 2679 et
2848 2622 3175 2700 sanguinem
3205 2621 3426 2686 Christi,

1821 2714 1917 2767 sed
1947 2713 2173 2786 ﬁguram
2250 2715 2496 2787 corporis
2550 2723 2606 2771 et
2669 2715 2957 2790 sanguinis
2994 2713 3212 2771 Christi.
3276 2715 3431 2771 Unde

1820 2817 2012 2865 contra
2033 2827 2157 2867 eum
2184 2819 2241 2867 et
2270 2827 2367 2883 pro
2422 2827 2489 2867 eo
2532 2812 2763 2867 multum
2808 2828 2840 2866 a
2877 2810 3065 2868 multis
3090 2818 3147 2866 et
3166 2809 3351 2866 verbis
3378 2817 3434 2866 et

1819 2902 2041 2973 scriptis
2067 2902 2405 2975 disputatum
2434 2910 2538 2960 est.

1889 2992 2048 3048 1052.
2514 2993 2602 3048 13.
2892 2994 2985 3061 21,
3012 2992 3145 3066 (22.)

1884 3083 1960 3154 (V.
1992 3085 2173 3155 Leon.)
2231 3084 2343 3141 Rex
2396 3084 2735 3161 Ungarorum
2776 3084 2845 3141 ab
2900 3086 3230 3158 imperatore
3271 3084 3431 3139 Hein-

1814 3176 1924 3232 rico
1950 3176 2206 3233 dissentit
2232 3194 2248 3242 ;
2283 3193 2381 3249 pro
2437 3193 2547 3250 quo
2578 3177 2992 3234 reconciliando
3047 3177 3155 3233 Leo
3186 3194 3328 3249 papa
3357 3177 3427 3231 ad

1814 3264 2197 3335 imperatorem
2226 3266 2376 3322 venit
2403 3284 2418 3334 ;
2451 3267 2548 3322 sed
2578 3266 2772 3323 amicis
2818 3266 3112 3323 discordiae
3167 3266 3431 3320 intertur-

1813 3354 2096 3421 bantibus,
2119 3356 2173 3410 id
2200 3355 2401 3412 frustra
2440 3356 2564 3413 fuit.
2590 3356 2698 3412 Leo
2747 3373 2888 3427 papa
2917 3355 3241 3417 Gerardum,
3278 3354 3425 3410 Leu-

1812 3459 2001 3500 corum
2028 3461 2265 3516 suprase
2294 3446 2556 3518 quintum
2590 3445 2946 3518 espiscopum
2971 3444 3261 3501 sanctitate
3299 3443 3428 3498 vitae

1811 3534 2144 3603 mirabilem,
2173 3533 2385 3605 synodo
2414 3534 2599 3589 habita
2654 3550 2752 3606 per
2798 3535 3175 3591 auctoritatem
3201 3538 3427 3603 aposto-

1811 3626 1969 3681 licam
2003 3626 2246 3681 decrevit
2288 3626 2344 3680 in
2375 3642 2664 3682 numerum
2696 3634 3013 3683 sanctorum
3044 3626 3428 3683 confessorum

1818 3719 1874 3774 in
1905 3719 2159 3774 aecclesia
2195 3719 2518 3775 solemniter
2534 3720 2870 3774 habendum.

1884 3812 2043 3866 1053.
2584 3811 2672 3866 14.
2951 3811 3039 3864 22.
3077 3811 3213 3881 (23.)

1887 3904 1965 3972 (A.
2021 3902 2193 3971 Leod.)
2230 3902 2527 3957 Balduinus
2578 3916 2765 3958 comes
2818 3900 3083 3955 terminos
3133 3899 3424 3954 Lotharin-

1814 3992 1919 4066 gite
1954 3974 2259 4058 incursans,
2284 3990 2478 4047 Hoium
2532 3989 2759 4061 0pidum
2802 3987 3067 4044 incendit.
3098 3986 3429 4043 Godefridus

1814 4084 2008 4139 iterum
2042 4083 2294 4150 rebellat,
2334 4082 2466 4154 quia
2504 4082 2670 4137 ducta
2712 4096 2881 4137 uxore
2936 4077 3213 4135 Bonefacii
3275 4094 3425 4132 mar-

1813 4174 2051 4242 chionis,
2077 4174 2234 4245 jussu
2256 4173 2607 4245 imperatoris
2633 4189 2663 4228 a
2687 4171 3061 4247 Langobardia
3089 4169 3428 4225 excluditur.

1817 4266 2040 4337 (110510.)
2072 4265 2257 4322 Grecis
2299 4265 2356 4320 in
2384 4265 2624 4320 heresim
2674 4263 3067 4320 multiformem
3099 4260 3430 4317 declinanti-

1818 4360 1941 4425 bus,
1973 4364 2194 4414 auctore
2246 4357 2509 4413 Michaelc
2567 4357 2877 4428 patriarcha
2926 4353 3431 4423 Consmntin0(ioli-

1821 4459 1948 4507 tano
1978 4456 2031 4505 et
2084 4450 2265 4505 Leone
2322 4450 2594 4506 Acridano
2650 4450 2940 4524 Bulgarum
2985 4446 3425 4517 archiepiscopo,

1821 4542 1925 4598 Leo
1957 4559 2099 4614 papa
2125 4557 2339 4597 errores
2368 4557 2556 4596 eorum
2604 4541 2958 4613 redarguens.
2992 4538 3185 4594 scribit
3233 4545 3427 4593 contra

1813 4639 2129 4695 eoslibrum
2162 4637 2335 4693 ﬁrmis
2384 4636 2779 4708 scripturarum
2830 4634 3167 4692 testimoniis
3197 4634 3428 4691 robora-

1815 4736 1934 4785 tum
1986 4727 2386 4783 Nicetasetiam
2413 4727 2719 4781 monachus
2767 4723 3425 4797 ConstantinOpolitanus,

1815 4819 1909 4892 qui
1939 4816 2401 4892 agnominabatur
2436 4815 2770 4885 Pectoratus,
2832 4814 3055 4888 scripsit
3098 4822 3288 4871 contra
3316 4815 3425 4873 Ro-

1454 4922 1675 4981 VARUE
1711 4924 2071 4982 LECTIONES

192 5004 252 5039 ⁸³³
277 5008 565 5066 Adcbbero
599 5011 650 5066 1.
681 5010 774 5068 F3.
808 5012 876 5047 ³⁸⁸
901 5013 1009 5069 Viri
1045 5044 1097 5056 -
1131 5016 1347 5088 optinet
1364 5021 1559 5078 desunt
1588 5024 1650 5081 D.
1684 5026 1753 5061 ²³δ
1779 5032 1951 5081 totum
1978 5039 2193 5080 annum
2215 5023 2537 5094 pracedenti
2556 5025 2760 5093 jungit.
2797 5020 2924 5079 B3'.

1661 5126 1870 5183 NOTAE.

191 5204 316 5273 (254)
340 5209 396 5264 D.
427 5211 519 5267 25.
549 5212 679 5267 Dec.

191 5276 315 5355 (655)
345 5281 649 5355 _Balduinus
675 5283 735 5355 V,
765 5286 1074 5343 Insulanus.

188 5346 316 5425 (256)
345 5346 733 5425 Donsecratus'
765 5357 821 5412 d.
882 5361 947 5414 17
975 5360 1082 5416 Jul.

132 5414 311 5474 obierat
335 5423 387 5477 (1.
418 5426 453 5478 9
482 5425 600 5481 Oct.
627 5426 778 5482 1017.

188 5488 315 5559 (257)
344 5494 401 5549 1).
427 5496 496 5551 21
527 5496 801 5552 Octobris.

189 5558 318 5633 (258)
346 5563 455 5622 Kal.
488 5568 613 5623 Jan.
645 5568 802 5624 1019.

191 5630 319 5700 (259)
350 5636 428 5691 1)..
459 5639 527 5695 t6
554 5639 663 5694 Jun
735 5639 891 5697 1048.

192 5700 320 5769 (Ἆῖθ)
342 5706 400 5760 Ι).
425 5712 457 5765 8
483 5710 593 5764 Jul.
657 5710 798 5767 1048

195 5771 323 5845 (261)
356 5777 415 5838 υ.
442 5781 642 5838 “Jul.
683 5782 834 5838 1048.

1132 5360 1291 5416 1048.
1354 5361 1607 5423 Clemens
1659 5368 1709 5423 ΙΙ

2090 5228 2182 5283 Vel
2207 5227 2390 5291 potius
2418 5225 2685 5291 ablatum,
2735 5231 2875 5281 teste
2935 5224 3269 5280 Herimanno
3322 5226 3428 5277 Au-

1885 5228 2033 5299 (262)

2973 5303 3094 5353 ator
3147 5296 3431 5352 Adalberto

1811 5299 1993 5371 giensi
2018 5316 2060 5366 r,
2086 5299 2247 5365 1047,
2274 5302 2453 5371 cujus,
2486 5299 2750 5371 ducatum

1810 5368 2029 5426 cuidam
2060 5372 2225 5426 tradit
2265 5388 2279 5434 ;
2311 5370 2382 5425 cf.
2426 5368 2645 5425 Stenzel
2677 5387 2733 5435 ιι,
2762 5369 2885 5425 118.

1881 5442 2024 5513 (263)
2052 5442 2238 5513 Mense
2276 5440 2516 5513 Octobri.

1884 5509 2030 5581 (264)
2056 5512 2417 5568 Consecratus
2445 5512 2500 5566 d.
2538 5512 2602 5567 12
2625 5511 2781 5568 Febr.
2805 5509 2967 5568 1049.

1888 5583 2030 5651 (265)
2073 5584 2262 5639 Mense
2281 5582 2446 5638 Julio.

1886 5654 2031 5719 (266)
2061 5654 2117 5707 1).
2155 5655 2222 5707 18
2251 5653 2380 5708 Jun.
2422 5654 2581 5709 1052.

1818 5780 1821 5787 .
1896 5725 2033 5793 (267)-
2064 5725 2157 5780 Die
2186 5727 2239 5783 11
2266 5724 2395 5781 Jun.
2420 5725 2578 5779 1051.
