3876 6208
347 277 452 333 219

419 400 572 458 1076.
723 402 784 456 R.
826 402 914 455 20.
1100 401 1155 456 F.
1199 402 1286 455 16.
1467 400 1623 455 A10.

415 495 709 569 Gregorius
747 511 891 566 papa
931 502 1076 550 totus
1107 494 1161 548 in
1197 494 1512 549 Heinricum
1566 493 1952 564 imperatorem

347 584 643 650 invehitur,
696 591 750 638 et
806 598 1167 654 quoscunque
1217 589 1401 653 potest
1452 581 1521 636 ab
1571 594 1638 637 eo
1682 581 1867 637 verbis
1903 591 1957 638 et

345 673 563 743 scriptis
593 672 824 734 avertit;
869 672 1111 725 animum
1157 672 1320 727 etiam
1363 671 1585 743 Agnetis
1638 672 1827 725 matris
1872 671 1957 742 ip-

348 766 462 819 sius
504 764 573 819 ab
606 780 671 819 co
707 763 933 819 alienat.
983 766 1066 832 (Α.
1104 764 1275 833 Lcod.)
1325 764 1567 818 Sicarius
1617 764 1672 817 in
1703 764 1954 819 l’resonia

350 854 709 908 Godet‘ridum
741 854 935 908 ducem
969 854 1189 924 perimit
1216 855 1282 887 ’59
1312 852 1475 920 (292).
1522 854 1631 908 Hoc
1661 870 1826 917 anno,
1859 854 1952 924 qui

349 953 434 999 est
466 946 533 999 13
591 961 769 1000 annus
823 946 983 1015 primi
1014 945 1522 1000 decennovennalis
1551 945 1672 1000 cicli
1709 947 1760 999 in
1794 961 1956 1016 repe-

346 1038 443 1091 tito
474 1053 673 1108 magno
700 1052 845 1092 anno
884 1036 1134 1102 Dionisii,
1174 1036 1392 1091 duobus
1445 1036 1659 1108 magnis
1714 1038 1873 1090 annis
1925 1054 1955 1091 a

347 1131 603 1199 passione
644 1130 858 1185 Domini
893 1129 1175 1194 revolutis,
1212 1129 1398 1183 omnia
1454 1145 1577 1199 qua:
1611 1131 1676 1182 ad
1735 1145 1953 1183 cursum

343 1220 476 1275 solis
505 1229 560 1274 et
608 1220 749 1274 lunze
815 1226 1085 1289 spectant,
1136 1234 1281 1273 anno
1339 1218 1633 1274 dominica:
1685 1219 1956 1289 passionis

348 1310 704 1363 concordant.
737 1308 889 1362 Unde
921 1314 1171 1378 apparet,
1195 1308 1342 1378 quod
1366 1306 1639 1361 Dionisius
1667 1323 1776 1362 non
1809 1315 1953 1362 recte

346 1414 521 1452 annos
573 1397 788 1452 Domini
843 1397 980 1452 ciclo
1025 1413 1124 1451 suo
1164 1397 1448 1451 annexuit.
1488 1397 1624 1462 Quia
1681 1396 1828 1451 enim
1886 1397 1954 1450 ab

353 1501 500 1542 anno
536 1486 748 1542 Domini
798 1487 903 1539 53:).
928 1485 1126 1540 ciclum
1176 1503 1332 1540 suum
1366 1486 1579 1541 orditus
1624 1496 1726 1551 est,
1781 1486 1950 1539 nimi-

347 1596 464 1633 rum
498 1578 757 1641 intendit,
795 1577 1065 1631 Christum
1096 1577 1264 1632 fuisse
1297 1586 1482 1632 natum
1525 1593 1671 1632 anno
1710 1578 1953 1631 secundo

344 1674 546 1743 prioris
574 1673 758 1746 magni
790 1674 952 1737 anni;
984 1688 1047 1726 ac
1080 1688 1177 1742 per
1208 1674 1310 1728 hoc
1350 1674 1438 1727 hic
1467 1690 1645 1728 annus
1684 1688 1828 1727 anno
1854 1673 1953 1728 do-

345 1764 565 1818 minicae
600 1764 872 1835 passionis
917 1764 1283 1831 concordans,
1317 1765 1598 1818 debuisset
1625 1780 1743 1818 esse
1770 1763 1954 1836 magni

348 1856 470 1909 cicli
502 1872 679 1910 annus
711 1872 821 1910 non
880 1857 968 1917 13,
1003 1855 1099 1909 sed
1128 1855 1216 1923 33,
1246 1856 1375 1928 quia
1404 1857 1448 1910 is
1478 1856 1579 1911 fuit
1622 1872 1799 1911 annus
1831 1872 1962 1928 pas-

346 1946 526 2001 sionis
556 1947 792 2001 Domini.
830 1947 886 2001 Et
921 1963 1019 2018 per
1073 1949 1215 2001 hanc
1264 1949 1716 2020 consequentiam
1767 1948 1961 2003 solaris

352 2042 405 2090 et
433 2035 639 2090 lunaris
659 2052 871 2101 cursus,
903 2036 1328 2090 concordantcm
1359 2036 1690 2108 evangelicze
1722 2036 1959 2101 veritati,

358 2127 637 2182 Dionisius
667 2128 853 2198 posuit.
878 2128 1212 2183 nativitatem
1246 2128 1438 2182 Christi
1483 2129 1695 2201 viginti,
1720 2144 1830 2182 uno
1854 2145 1959 2181 ann

359 2218 444 2271 nis
476 2218 686 2272 tardius
718 2236 879 2289 quam
920 2218 1128 2273 debuit.
1166 2220 1286 2290 (11).)
1317 2220 1447 2274 Gelu
1482 2237 1735 2294 magnum
1778 2237 1808 2274 a
1861 2220 1963 2274 Ka-

360 2313 540 2367 lendis
599 2313 924 2369 Novembris
1010 2329 1184 2385 usque
1249 2314 1318 2369 ad
1392 2314 1782 2386 aequinoctium
1840 2329 1965 2368 ver-

353 2405 480 2459 nale
512 2404 598 2459 '5'.

419 2493 580 2547 1077.
836 2494 924 2549 21.
1183 2493 1269 2548 17.
1525 2495 1611 2549 11.

418 2585 611 2655 (Msa)
687 2586 970 2641 lleinricus
1019 2585 1317 2656 imperator
1390 2592 1579 2642 coacto
1636 2586 1959 2641 Wormaciaa

350 2675 585 2730 concilio
640 2676 710 2729 21
758 2676 1142 2746 episcOporum
1209 2682 1263 2729 et
1315 2676 1608 2730 multorum
1671 2677 1961 2747 primatum

354 2770 508 2841 regni
549 2768 769 2823 decerni
812 2769 971 2837 jubet
1010 2768 1178 2838 (293),
1231 2768 1417 2823 omnia
1463 2769 1684 2824 decreta
1717 2775 1771 2823 et
1827 2768 1966 2822 facta

359 2862 696 2916 llildibrandi
738 2865 808 2897 ²⁵²
848 2881 1003 2933 papze
1034 2864 1182 2918 irrita
1209 2880 1331 2918 esse
1363 2864 1596 2929 debere;
1630 2863 1816 2934 ibique
1843 2878 1965 2918 om—

354 2967 454 3004 nes
482 2958 665 3020 preter
696 2967 899 3021 paucos
948 2952 1364 3007 llildibraudum
1405 2953 1678 3023 abiurant,
1726 2967 1964 3023 eumque

355 3049 556 3113 papatu
587 3043 953 3097 abdicandum
997 3060 1117 3098 esse
1152 3045 1421 3113 judicant.
1474 3047 1592 3115 (1b.)
1650 3044 1962 3099 Hildibran-

352 3136 456 3189 dus
485 3144 708 3190 econtra
741 3136 1126 3206 imperatorem
1169 3136 1478 3191 Heinricum
1524 3137 1707 3192 Romae
1737 3153 1961 3192 excom-

354 3231 793 3301 municat.(99i),
848 3233 950 3286 sub
994 3234 1098 3287 hoc
1128 3239 1377 3303 aptentu,
1421 3240 1479 3287 ut
1512 3233 1771 3303 primates
1810 3232 1965 3307 regni

353 3322 672 3392 quasijusta
716 3339 781 3375 ex
835 3339 999 3376 causa
1046 3322 1520 3378 excommunicato
1572 3322 1687 3396 regi
1745 3329 1965 3377 contra-

354 3410 560 3464 dieant.
597 3411 878 3465 Dominica
911 3411 1213 3481 palmarum
1246 3411 1391 3466 circa
1422 3412 1608 3465 horam
1640 3420 1844 3466 sextam
1878 3427 1966 3465 se-

355 3513 490 3553 reno
512 3499 633 3551 celo
664 3499 822 3552 stella
853 3498 1125 3569 apparuit.
1169 3499 1517 3570 Principibus
1545 3501 1839 3565 Saxonum,
1871 3499 1965 3570 qui

359 3590 413 3643 in
472 3590 758 3645 deditione
802 3590 1149 3662 imperatoris
1188 3598 1361 3654 erant,
1404 3592 1658 3647 relaxatis
1711 3608 1808 3663 per
1871 3607 1968 3647 eos

358 3686 560 3758 quibus
589 3688 865 3742 commissi
896 3697 1073 3753 erant,
1114 3689 1357 3744 Saxones
1408 3689 1675 3744 rebellant
1705 3689 1966 3743 instinctu

361 3775 703 3831 llildibrandi
746 3793 921 3848 papae.
964 3778 1084 3847 Ipse
1127 3794 1267 3849 papa
1304 3794 1603 3834 occurrens
1652 3777 1967 3849 imperatori

358 3869 414 3924 in
451 3869 849 3945 Langobardia,
880 3869 984 3925 sub
1013 3870 1147 3926 falsa
1188 3888 1314 3926 eum
1355 3887 1490 3943 pace
1527 3872 1759 3927 absolvit
1800 3872 1962 3941 (295).

360 3962 559 4018 Omnes
587 3962 734 4018 enim
766 3964 860 4035 qui
891 3964 1044 4035 prius
1098 3964 1513 4019 Hildibrandum
1561 3965 1965 4033 abjuraverant,

357 4055 600 4126 pcrjurio
637 4057 939 4127 perjurium
989 4057 1356 4123 cumulantes,
1389 4058 1776 4129 imperatorem
1805 4058 1968 4127 abju-

357 4156 497 4214 rant,
530 4157 584 4204 et
616 4149 908 4204 Rodulfum
958 4150 1150 4205 ducem
1193 4152 1648 4226 Burgundionum
1706 4168 1876 4224 super
1910 4168 1969 4207 se

356 4253 542 4310 regem
565 4246 811 4293 statuunt
856 4238 1263 4309 (296);corona
1314 4240 1365 4294 ei
1413 4257 1444 4295 a
1476 4256 1617 4311 papa
1647 4241 1833 4306 missa,
1882 4240 1969 4295 cui

357 4334 474 4382 erat
502 4328 851 4400 inscriptum:
894 4335 1050 4384 Petra
1078 4330 1220 4385 dedit
1270 4336 1442 4398 Petro,
1490 4336 1676 4387 Petrus
1724 4332 1971 4386 diadema

358 4419 596 4486 RoduI/‘o.
654 4419 841 4490 (lii/in.)
914 4420 1067 4475 Hunc
1157 4420 1448 4495 Sigifridus
1520 4421 1972 4492 archiepiscopus

1573 271 1911 328 SIGEBERTI
1954 266 2466 325 GEMBLACENSIS.

3580 268 3691 325 220

1976 402 2029 471 Α
2056 395 2348 470 Moguntiae
2382 394 2436 448 in
2468 409 2656 468 regem
2681 392 2998 460 benedixit;
3045 393 3256 450 etfacta
3293 410 3326 450 a
3346 395 3698 470 Moguntints

2058 488 2334 543 seditione
2365 495 2555 543 contra
2589 502 2705 552 eos,
2758 486 3029 542 Rodulfus
3084 503 3209 543 cum
3262 488 3694 561 archiepiscopo

2059 590 2221 639 noctu
2253 582 2484 658 aufugit.
2536 582 2928 637 Hildibrandus
2960 598 3101 653 papa
3129 598 3328 639 omnes
3376 583 3691 638 adversan-

2061 682 2141 728 tes
2202 672 2520 743 imperatori
2550 671 2788 728 absolvit
2819 670 2889 726 ab
2940 669 3268 728 infidelitate
3298 679 3356 727 et
3410 673 3683 744 perjurio.

2062 765 2386 833 Imperator,
2416 761 2632 831 Alpium
2665 760 2907 815 aditibus
2940 767 3127 815 contra
3158 776 3218 815 se
3251 760 3461 833 ubique
3491 763 3686 815 muni-

2059 852 2146 917 tis,
2204 866 2401 906 omnes
2450 864 2640 905 eorum
2686 848 2916 903 insidias
2966 848 3282 915 frustratus,
3341 850 3530 904 statim
3590 866 3691 920 per

2057 942 2361 1014 Aquileiam
2428 941 2581 995 venit
2631 940 3003 1011 Radisponam
3057 940 3221 1010 (297),
3261 948 3317 996 et
3387 940 3688 996 Rodulfum

2057 1035 2301 1099 adortus,
2338 1049 2463 1088 eum
2519 1032 2709 1104 fugere
2758 1033 3049 1103 compulit,
3097 1039 3151 1087 et
3203 1034 3395 1088 iterata
3453 1033 3693 1103 expedi-

2056 1129 2207 1185 tione
2236 1129 2488 1184 Sueviam
2521 1128 2912 1199 depopulatur.

2127 1222 2289 1276 1078.
2543 1221 2633 1275 22.
2890 1218 2978 1274 18.
3237 1220 3324 1274 12.

2126 1311 2312 1381 (Mm)
2346 1309 2634 1365 lleinricus
2682 1310 2981 1380 imperator
3010 1309 3264 1365 Sueviam
3316 1317 3686 1383 pervagatus,

2054 1403 2276 1458 castella
2304 1401 2525 1473 frangit,
2548 1410 2603 1456 et
2632 1402 2820 1456 omnia
2848 1401 3261 1471 depopulanda,
3289 1402 3536 1457 inimicis
3559 1403 3687 1457 suis

2055 1492 2430 1558 formidinem,
2466 1491 2657 1545 amicis
2706 1490 2859 1545 addit
2908 1491 3313 1557 fortitudinem,
3345 1500 3400 1545 et
3455 1491 3692 1555 multos,

2056 1585 2150 1656 qui
2197 1601 2261 1639 ex
2316 1584 2712 1655 desperatione
2760 1600 2940 1637 rerum
2978 1601 3009 1638 a
3049 1600 3108 1638 sc
3148 1583 3486 1649 defecerant,
3514 1584 3587 1638 ad
3627 1601 3695 1639 se.

2058 1674 2298 1728 retrahit.
2347 1672 2711 1728 Herimannus
2764 1672 3084 1743 episcOpus,
3136 1672 3494 1729 Hildibrando
3529 1689 3694 1744 papa:

2061 1766 2127 1819 ad
2160 1764 2399 1819 animam
2446 1763 2836 1820 confederatus
2864 1779 2928 1819 ac
2967 1780 3066 1835 per
3110 1766 3215 1821 hoc
3246 1764 3575 1835 imperatori
3608 1780 3699 1819 re-

2062 1856 2248 1921 bellis,
2278 1856 2528 1909 Mettensi
2564 1854 2702 1910 urbe
2734 1854 2980 1926 pellitur.

2136 1949 2290 2003 1079.
2335 1947 2545 2015 (1080.)
2585 1948 2676 2003 ‘23.
2932 1948 3019 2002 19.
3276 1949 3365 2005 13.

2134 2037 2317 2107 (Mam)
2382 2036 2492 2091 Hoc
2523 2043 2771 2106 tempore
2814 2036 2869 2090 in
2902 2036 3135 2092 'oriente
3169 2036 3327 2091 Turci
3359 2052 3531 2109 super
3560 2039 3696 2093 Ara-

2062 2130 2162 2183 bes
2187 2135 2242 2183 et
2287 2130 2587 2183 Saracenos
2618 2128 2986 2194 invalnerant,
3018 2135 3072 2183 et
3121 2128 3434 2183 Armeniam
3494 2137 3552 2184 et
3602 2129 3696 2183 Si-

2065 2219 2198 2273 riam
2227 2218 2593 2287 incursantes,
2627 2221 2828 2275 multas
2856 2221 3023 2275 urbes
3054 2228 3109 2275 et
3131 2220 3308 2291 ipsam
3339 2220 3691 2275 Antiochiam

2063 2307 2305 2377 capiunt.
2327 2309 2450 2378 (1b.)
2486 2309 3089 2379 Heinricusimperator
3111 2308 3167 2363 in
3188 2315 3510 2380 pentecostc
3536 2310 3693 2379 (298)

2062 2405 2336 2453 conventu
2375 2398 2562 2459 habito
2601 2398 2922 2473 Moguntina,
2964 2398 3216 2454 decernit
3258 2397 3684 2452 llildibrandum

2063 2509 2093 2547 a
2121 2501 2322 2565 papatu
2348 2508 2471 2549 esse
2513 2494 2943 2565 deponendum;
2986 2503 3039 2548 ct
3098 2482 3532 2565 Langobardiam
3587 2510 3696 2564 pe-

2064 2592 2187 2639 tens
2241 2584 2403 2654 (299),
2461 2584 2821 2639 Guicbertum
2874 2585 3148 2640 Ravennae
3204 2586 3693 2657 archiepiscopum

2067 2691 2165 2746 pro
2196 2676 2552 2731 Hildibrando
2582 2691 2778 2747 papam
2812 2676 3085 2747 designat.

2138 2767 2295 2822 1080.
2553 2768 2642 2823 21.
2900 2768 2990 2821 20.
3250 2769 3333 2821 14.

2142 2855 2534 2911 Hildibrandus
2573 2872 2714 2926 papa
2745 2854 2902 2927 quasi
2943 2853 3209 2909 divinitus
3244 2853 3547 2909 revelatum
3581 2855 3696 2909 sibi

2068 2945 2324 3015 prodixit,
2384 2946 2489 3000 hoc
2541 2960 2689 3000 anno
2750 2944 2947 2999 falsum
3014 2957 3205 3015 regem
3276 2957 3399 2997 esse
3458 2943 3699 2997 moritu-

2066 3050 2186 3088 rum
2216 3035 2377 3103 (300).
2424 3033 2487 3087 Et
2527 3049 2716 3088 verum
2757 3033 2982 3105 quidem
3032 3030 3292 3102 predixit,
3350 3030 3451 3085 sed
3497 3030 3701 3086 fefellit

2065 3140 2190 3179 eum
2222 3124 2294 3178 de
2325 3123 2461 3179 falso
2489 3140 2617 3197 rege
2657 3125 2973 3193 conjectura
3002 3122 3311 3178 secundum
3340 3138 3504 3177 suum
3547 3123 3701 3178 velle

2064 3232 2233 3287 super
2258 3216 2509 3272 Heinrico
2541 3233 2672 3288 rege.
2712 3217 3069 3287 interpretata
3107 3215 3195 3270 ’53.
3234 3219 3291 3285 (Α
3346 3216 3523 3284 Leod.)
3563 3215 3685 3269 Rex

2066 3304 2217 3360 enim
2259 3305 2542 3361 lleinricus
2573 3305 2883 3361 Saxonibus
2902 3304 3053 3379 gravi
3086 3304 3267 3375 prelio
3297 3303 3686 3377 congreditur,

2066 3407 2121 3455 et
2172 3400 2228 3454 in
2273 3416 2572 3475 congressu
2623 3400 2795 3455 falsus
2850 3416 2942 3455 rex
2993 3397 3263 3454 Rodulfus
3316 3414 3445 3453 cum
3503 3399 3699 3453 multis

2066 3491 2317 3547 Saxoniae
2347 3492 2689 3563 principibus
2730 3491 3072 3564 extinguitur
3128 3489 3298 3559 (301).
3352 3489 3539 3561 (Mam)
3582 3490 3704 3545 M0-

2066 3584 2269 3659 guncia
2330 3600 2589 3659 magnum
2663 3589 3035 3640 terrasmotum
3100 3582 3381 3653 persensit
3434 3582 3705 3637 Kalendis

2069 3681 2410 3737 Decembris.

2140 3776 2303 3831 1081.
2558 3774 2650 3829 25.
2902 3774 2994 3827 21.
3250 3774 3339 3827 15.

2141 3863 2219 3934 (Ib
2248 3863 2264 3934 )
2296 3862 2582 3937 Moguncia
2629 3877 2693 3916 ex
2733 3860 2967 3915 maxima
2995 3866 3148 3931 parte
3188 3858 3451 3915 incendio
3492 3860 3707 3915 conﬂa-

2067 3956 2262 4029 gravit.
2298 3954 2523 4026 Magnus
2548 3959 2891 4008 terrmmotus
2929 3968 3055 4007 cum
3085 3950 3236 4025 gravi
3282 3958 3446 4006 terrae
3483 3953 3701 4023 mugitu

2068 4050 2244 4104 factus
2297 4054 2381 4102 est
2429 4047 2465 4102 6
2521 4046 2634 4101 Kal.
2687 4045 2895 4116 Aprilis
2949 4045 3041 4114 (Α.
3103 4043 3277 4115 Leod.)
3326 4043 3508 4116 prima
3560 4045 3702 4099 hora

2070 4141 2266 4209 noctis,
2297 4139 2636 4213 portendens
2675 4139 2816 4195 forte
2858 4137 3154 4193 imminens
3184 4136 3415 4207 malum,
3462 4138 3613 4209 quod
3649 4138 3702 4192 in

2072 4240 2186 4289 toto
2213 4233 2348 4288 orbe
2392 4231 2660 4297 insonuit,
2701 4239 2756 4286 et
2808 4229 2956 4285 unde
2996 4237 3140 4285 terra
3180 4227 3359 4284 doluit
3400 4236 3459 4283 et
3516 4229 3694 4283 dolet.

2072 4330 2190 4398 (1b.)
2226 4328 2514 4383 lleinricus
2539 4327 2685 4380 enim
2720 4326 3017 4397 imperator
3046 4325 3112 4379 ad
3146 4323 3548 4379 debellandum
3601 4340 3703 4395 pa-

2075 4436 2198 4491 pam
2233 4417 2653 4473 Hildibrandum
2682 4416 2892 4471 Italiam
2935 4415 3096 4487 petit;
3130 4420 3323 4471 contra
3349 4430 3522 4486 quem
3555 4429 3702 4486 papa

2902 3773 2994 3827 21.
3250 3770 3339 3827 15.

1710 4525 1929 4580 VARle
1960 4523 2335 4579 LECTIONES.

432 4625 503 4660 ’δο
524 4629 584 4680 in
607 4643 805 4682 rasura
851 4630 1016 4681 unius
1040 4628 1196 4681 linea:
1227 4626 1301 4679 Ιδ.
1345 4633 1403 4681 ut
1454 4627 1696 4693 videtur;
1728 4626 1842 4679 rell.

1893 4630 2090 4694 praeter
2142 4626 2201 4675 Α.

2290 4622 2352 4655 ²⁵¹
2386 4620 2442 4674 in
2485 4618 2667 4674 medio
2696 4617 2895 4689 Aprilis
2946 4618 3153 4672 mensis
3180 4620 3563 4686 superscripsit
3589 4618 3700 4671 alia

360 4713 560 4752 manus
600 4700 839 4767 aqualis.
874 4704 957 4752 Ita
990 4700 1176 4765 legunt
1204 4697 1327 4754 83".
1381 4697 1470 4752 Ci.
1504 4697 1590 4751 2*.
1636 4691 1686 4751 3.
1722 4697 1807 4750 1⁸⁵.
1844 4691 2075 4767 ΡόδιΙιηιο
2112 4695 2289 4767 delata
2318 4692 2738 4767 szint_qua'drim
2787 4705 2906 4767 qum
2962 4692 3104 4767 inter
3133 4691 3283 4767 hunc
3308 4695 3359 4742 et
3383 4696 3701 4767 sequentem

363 4784 581 4823 annum
611 4759 921 4838 interposita
948 4759 1190 4836 fuerant.
1225 4770 1283 4823 A.
1326 4784 1390 4823 ea.
1420 4773 1498 4823 ita
1548 4769 1793 4823 exhibet:
1837 4766 2163 4838 Godefridus
2218 4764 2325 4838 dux
2366 4763 2422 4817 in
2456 4759 2711 4838 Frcsonia
2763 4778 2794 4814 a
2819 4760 3016 4838 sicario
3072 4759 3379 4838 [primunt
3465 4760 3540 4794 ²³²
3570 4760 3706 4815 Grc-

366 4840 580 4913 gorium
609 4841 676 4893 ab
708 4842 802 4895 hoc
830 4843 956 4896 inde
980 4857 1127 4896 anno
1151 4848 1462 4896 constanter
1485 4847 1636 4895 vocat
1663 4838 1788 4895 B3“.

1879 4839 1949 4872 ἐδδ
1980 4835 2373 4891 Hildibrandus
2404 4866 2473 4875 —
2497 4834 2856 4904 interpretata
2875 4834 3067 4887 desunt
3094 4830 3197 4884 01*
3224 4830 3345 4884 4η.

1913 4936 2120 4992 NOTAE.

439 5034 577 5109 (292)
612 5034 1001 5109 Antlroverpiae
1034 5035 1086 5089 id
1110 5043 1483 5109 perpetratum
1516 5033 1738 5091 tradunt
1758 5033 1867 5088 alii.

439 5106 584 5177 (293)
616 5107 673 5161 D.
709 5105 778 5159 21
807 5105 1026 5177 Januar.
1062 5108 1218 5161 1076.

440 5178 583 5244 (294)
616 5177 799 5231 Mense
831 5176 987 5233 Febr.
1033 5177 1191 5233 1076.

442 5247 585 5318 (295)
620 5248 767 5303 υ.28
785 5247 906 5301 Jan.
939 5248 1097 5304 1077.

443 5320 580 5389 (296)
614 5320 674 5374 Ι).
702 5320 767 5374 15
796 5318 948 5373 Mart.
968 5319 1123 5375 1077.

439 5392 587 5462 (297)
620 5391 803 5446 Mense
833 5390 994 5462 Maio.

440 5461 579 5533 (298)
602 5462 662 5518 0.
708 5462 775 5519 12
802 5461 947 5516 Maii.

440 5531 578 5605 (299)
594 5533 688 5589 Vel
718 5534 904 5605 potius
932 5533 1251 5598 Brixiniam,
1271 5533 1323 5587 d.
1356 5531 1428 5605 25
1450 5532 1577 5605 .lun.
1607 5531 1761 5605 1080.

434 5604 581 5679 (300)
626 5602 924 5679 Gregorius
973 5605 1247 5679 Vll,_ipse
1280 5604 1521 5679 scripsit
1547 5603 1819 5679 episcopo
1862 5602 1979 5657 Tri-

364 5674 596 5734 dentino
638 5674 879 5747 (Eccard.
930 5694 989 5743 ιι,
1051 5674 1200 5744 176);
1234 5680 1446 5729 Festum
1504 5676 1647 5729 beati
1677 5677 1820 5729 Petri
1869 5690 1979 5728 non

1996 5036 2053 5105 Ι)
2067 5035 2222 5102 prius
2252 5030 2667 5105 transeundum,
2694 5043 2861 5105 quam
2889 5030 2949 5105 in
2974 5032 3299 5105 cunctorum
3345 5026 3547 5079 notitia
3578 5038 3701 5105 eer-

2080 5098 2279 5158 tissime
2308 5103 2531 5167 clareat,
2574 5098 2730 5155 illuni
2767 5101 3069 5169 justissime
3095 5112 3218 5169 esse
3253 5098 3706 5151 excommunica-

2080 5184 2217 5230 tum.
2248 5172 2449 5227 Bonizo
2496 5178 2644 5226 totus
2673 5167 2934 5244 Gregorio
2965 5169 3054 5223 VII
3094 5167 3348 5222 deditus:
3406 5170 3475 5220 In
3500 5181 3705 5221 secun-

2078 5248 2149 5300 da
2196 5248 2337 5313 feria
2372 5249 2490 5313 post
2540 5259 2706 5312 pusca
2753 5242 2897 5312 apud
2939 5243 2992 5295 S.
3049 5245 3301 5313 Petrum,
3346 5252 3478 5292 cum
3524 5252 3706 5313 regem

2079 5310 2612 5382 excommunicasset,
2642 5310 2871 5385 adjecit:
2904 5312 3158 5365 Omnibus
3185 5310 3328 5385 vobis
3358 5315 3557 5385 notum
3608 5312 3703 5375 sit,

2079 5388 2217 5458 quod
2242 5390 2291 5441 si
2316 5401 2479 5455 usque
2523 5386 2593 5440 ad
2628 5382 2976 5455 festivitatem
3010 5386 3064 5458 S.
3106 5383 3251 5458 Petri
3281 5382 3554 5458 Henricus
3593 5396 3705 5458 non

2077 5452 2405 5528 resipueritf
2438 5452 2686 5513 mortuus
2737 5459 2839 5512 erit
2868 5460 2967 5528 aut
3003 5455 3286 5523 depositus.
3319 5452 3469 5515 Quod
3500 5453 3707 5528 eiJaoc

2078 5520 2196 5585 non
2238 5532 2426 5596 fuerit,
2452 5531 2590 5582 mihi
2639 5529 2783 5585 credi
2806 5526 3040 5595 amplius
3064 5520 3195 5580 'mm
3233 5528 3457 5593 oportet.
3491 5520 3707 5590 ((Efele

2079 5601 2175 5668 SS,
2208 5600 2354 5655 Boic.
2387 5601 2428 5666 l,
2461 5599 2567 5656 819
2596 5599 2611 5668 )

2152 5667 2291 5742 (301)
2319 5672 2382 5726 ι).
2412 5671 2479 5726 ιδ
2509 5669 2623 5725 0ct.
2660 5667 2818 5725 1080.
