3876 6208
367 268 472 323 223

1541 261 1887 318 SIGEBERTI
1927 258 2449 317 GEMBLACENSIS.

3597 259 3709 315 224

364 394 623 459 gentiam,
652 394 782 459 quia
804 392 972 456 ﬁnem
1015 392 1142 444 υἱιίε
1163 406 1276 445 sua:
1303 389 1611 458 aspiciebat.
1638 393 1704 441 Et
1735 394 1849 441 tam
1870 390 1975 443 cito
1996 391 2050 460 Α
2074 400 2242 460 gnum
2273 391 2327 441 et
2358 383 2727 440 sacerdotium
2781 382 3059 450 dissentit,
3114 382 3245 437 dum
3295 381 3435 436 alter
3464 380 3707 437 alterum

363 481 619 534 induebat
640 496 696 535 se
742 482 1043 548 angelicam
1098 487 1313 546 vestem,
1345 486 1397 534 et
1426 481 1628 533 dimisit
1653 495 1718 532 ae
1741 478 1973 533 dissolvit

362 570 581 624 vincula
629 572 873 623 omnium
922 570 1230 623 bannorum
1274 584 1499 624 suorum
1555 569 1868 636 imperatori
1927 572 1976 619 et

365 664 515 715 omni
565 663 757 731 populo
806 663 1119 727 christiano,
1148 664 1281 714 vivis
1324 668 1374 714 et
1428 662 1716 726 defunctis,
1773 660 1975 712 clericis

367 758 416 804 et
442 752 593 804 (uicis
626 768 644 817 ;
690 757 739 804 et
757 754 923 819 jussit
962 766 1082 805 suos
1135 751 1283 804 abire
1308 750 1371 803 de
1420 751 1570 804 domo
1612 749 1895 802 Deoderici.
1924 754 1974 800 et

365 846 562 896 amicos
593 845 926 911 imperatoris
953 844 1248 896 ascendere.

440 931 597 986 1080.
822 931 882 984 li.
916 932 1005 985 30.
1191 931 1247 984 F.
1269 929 1358 984 “26.

436 1026 679 1079 Saxones
706 1027 896 1079 urbem
932 1026 1273 1079 Wirziburch
1305 1024 1643 1088 obsidentes,
1672 1029 1729 1075 ut
1761 1020 1971 1091 episco-

366 1132 493 1185 pum
524 1115 696 1185 ipsius
754 1115 1079 1170 Albcronem
1136 1132 1167 1168 a
1219 1114 1432 1169 civibus
1468 1111 1757 1182 expulsum
1812 1109 1970 1163 resti-

368 1214 522 1261 tuant
562 1207 677 1261 sedi
732 1224 869 1272 suae,
923 1207 1206 1261 lleinricus
1282 1206 1583 1276 imperator
1633 1201 1968 1276 aggreditur.

364 1299 472 1352 Sed
533 1298 806 1353 exercitus
853 1300 973 1367 ejus
1027 1299 1289 1353 divinitus
1329 1298 1620 1353 exterritus
1679 1294 1864 1359 cessit,
1918 1300 1972 1347 et

359 1387 680 1443 ceciderunt
709 1404 772 1442 ex
801 1388 881 1443 eis
912 1390 1036 1459 plus
1073 1406 1237 1459 quam
1270 1389 1303 1443 6
1353 1387 1522 1453 milia,
1557 1403 1587 1440 a
1611 1391 1765 1457 parte
1797 1384 1970 1437 Saxo-

360 1497 492 1534 num
521 1482 589 1536 14
617 1487 826 1535 tantum
858 1481 1055 1536 occisis
1076 1482 1240 1551 (312).
1287 1480 1482 1534 Niimia
1500 1493 1763 1550 aquarum
1806 1475 1974 1528 inun-

362 1569 512 1624 datio
552 1570 737 1625 multis
768 1571 822 1625 in
852 1570 991 1624 locis
1024 1570 1223 1624 damno
1253 1576 1307 1623 et
1330 1568 1571 1639 periculo
1602 1565 1786 1619 fuitJn
1824 1561 1973 1616 Italia

360 1670 512 1718 tanta
555 1665 789 1720 diluvies
817 1664 937 1729 fuit,
970 1671 1027 1718 ut
1049 1681 1215 1735 rupes
1244 1663 1459 1734 liquore
1492 1674 1755 1731 aquarum
1789 1657 1971 1710 disso-

360 1757 513 1822 lutae,
543 1758 724 1827 plures
767 1758 923 1812 villas
962 1758 1118 1811 ruina
1143 1773 1241 1811 sua
1308 1755 1744 1810 exterminarent
1822 1748 1974 1804 Casi-

362 1849 615 1903 nensium
671 1850 841 1903 abbas
896 1849 1229 1915 Desiderius,
1285 1849 1379 1918 qui
1414 1854 1467 1901 et
1525 1846 1728 1911 Victor,
1783 1850 1974 1899 contra

367 1937 700 1992 Clementem
771 1938 831 1992 fit
900 1955 1058 2008 papa,
1106 1939 1202 1992 sed
1264 1935 1596 1991 dissenteria
1644 1933 1974 1998 dissolutus,

367 2046 476 2085 non
509 2029 680 2086 multo
714 2038 836 2100 post
888 2031 1116 2085 moritur
1170 2031 1335 2099 (3l3).
1394 2030 1681 2084 Anselmus
1720 2027 1978 2082 Lucensis

366 2120 682 2190 episcOpus,
718 2120 1061 2174 llildibrandi
1110 2138 1264 2191 papa:
1291 2126 1617 2191 coeperator
1643 2118 1972 2183 indefessus,

366 2210 513 2280 apud
544 2210 815 2264 Mantuam
846 2210 1072 2264 exulans
1102 2210 1329 2264 moritur
1362 2211 1506 2279 (3l3)
1540 2227 1553 2275 ;
1579 2210 1675 2281 qui
1700 2210 1754 2263 in
1791 2208 1979 2261 Hiere-

1544 928 1602 981 Α.
1632 926 1720 983 20.

2075 478 2533 548 excommunicat,
2588 478 2729 534 alter
2771 477 2998 533 alterius
3055 476 3705 533 cxcommunicationem

2075 577 2169 623 aut
2190 584 2257 622 ex
2286 584 2465 623 causae
2491 574 2584 622 aut
2610 583 2673 623 ex
2699 582 2948 638 personae
2990 566 3300 638 prejudicio
3330 565 3609 637 despicit;
3644 572 3706 621 et

2076 663 2204 717 dum
2233 662 2369 717 alter
2414 662 2469 715 in
2516 662 2748 716 alterum
2797 659 3320 717 excommunicandi
3364 659 3702 715 auctoritate

2076 750 2250 821 magis
2279 767 2343 804 ex
2369 766 2467 804 suo
2491 748 2671 814 libitu,
2705 765 2867 820 quam
2909 765 2972 803 ex
3000 748 3229 817 justitize
3262 756 3525 819 respectu
3556 748 3702 800 abu-

2074 840 2226 906 titur,
2255 840 2552 895 auctoritas
2605 839 2771 893 illius.
2815 838 2907 910 qui
2937 838 3093 892 dedit
3121 845 3449 909 potestatem
3485 836 3705 911 ligandi

2075 945 2137 983 ac
2166 928 2436 996 solvendi,
2465 928 2692 983 omnino
2736 926 3035 999 despicitur
3067 926 3161 998 (cf.
3203 932 3298 997 Ep.
3331 927 3489 998 Sig.).
3523 924 3706 980 Nimi-

2073 1037 2214 1086 rum,
2248 1027 2304 1075 ut
2335 1036 2469 1091 pace
2501 1020 2747 1075 omnium
2793 1020 3063 1075 bonorum
3124 1019 3380 1084 dixerim,
3424 1019 3546 1073 haec
3577 1016 3700 1072 sola

2073 1112 2302 1178 novitas,
2337 1128 2407 1165 ne
2438 1111 2616 1166 dicam
2647 1110 2880 1176 heresis,
2906 1111 3146 1165 necdum
3181 1110 3236 1164 in
3266 1110 3477 1165 mundo
3499 1124 3698 1164 emer-

2072 1210 2238 1267 serat,
2268 1209 2325 1255 ut
2354 1201 2668 1256 sacerdotes
2706 1200 2875 1267 illius,
2926 1201 3018 1272 qui
3073 1200 3208 1254 dicit
3257 1200 3373 1275 regi
3410 1207 3694 1271 apostata,

2071 1304 2125 1351 et
2151 1297 2245 1367 qui
2274 1312 2505 1369 regnare
2536 1295 2663 1350 facit
2712 1295 3012 1365 ypocritam
3064 1302 3290 1366 propter
3317 1301 3543 1366 peccata
3587 1310 3693 1366 po-

2074 1388 2210 1458 puli,
2242 1387 2474 1442 doceant
2525 1388 2809 1457 pepulum,
2851 1388 3000 1458 quod
3035 1386 3194 1441 malis
3219 1387 3447 1461 regibus
3482 1386 3695 1440 nullam

2073 1479 2754 1546 debeantsubjcctionem,
2786 1484 2838 1532 et
2868 1478 3095 1533 liceteis
3125 1487 3533 1532 sacramentum
3553 1476 3700 1532 ﬁde-

2075 1573 2241 1628 litatis
2269 1573 2519 1637 fecerint,
2555 1573 2761 1628 nullam
2807 1583 2992 1629 tamen
3059 1572 3383 1628 ﬁdelitatem
3421 1571 3695 1637 debeant,

2074 1680 2176 1718 nec
2205 1663 2412 1734 perjuri
2449 1663 2723 1731 dicantur,
2752 1663 2846 1734 qui
2901 1670 3091 1718 contra
3142 1678 3332 1734 regem
3360 1660 3646 1716 senserint
3679 1678 3696 1727 ;

2075 1755 2184 1811 imo
2213 1756 2307 1827 qui
2338 1756 2454 1831 regi
2486 1756 2732 1828 paruerit
2759 1772 2855 1827 pro
2886 1755 3361 1812 excommunicato
3395 1754 3693 1817 habeatur,

2075 1845 2167 1916 qui
2198 1852 2387 1900 contra
2412 1863 2597 1919 regem
2626 1846 2837 1911 fecerit,
2860 1861 2891 1899 a
2919 1859 3064 1900 noxa
3103 1842 3385 1914 injustitiae
3416 1850 3473 1897 et
3502 1841 3696 1913 perju-

2078 1935 2143 1989 rii
2166 1934 2497 1990 absolvatur.

2155 2025 2309 2082 1089.
2329 2027 2532 2098 (1090.)
2575 2027 2641 2082 33
2857 2025 2944 2079 29.
3201 2022 3292 2081 23.

2150 2116 2434 2187 (A.Leod.)
2490 2114 2730 2171 Coloniae
2786 2121 2910 2185 post
2962 2111 3254 2188 Signinum
3316 2110 3693 2166 llcrimannus

2081 2203 2365 2259 ordinatur
2418 2202 2870 2275 archiepisc0pus
2943 2201 3109 2273 (3|7).
3174 2198 3475 2256 Godefrido
3520 2199 3698 2271 (318),

368 2302 531 2356 miam
568 2308 621 2356 et
652 2302 705 2355 in
749 2302 996 2379 Psalmos
1041 2310 1304 2358 tractatus
1357 2303 1550 2367 edidit,
1596 2308 1650 2355 et
1677 2300 1979 2357 doctrinam
2083 2299 2363 2356 Godefridi
2406 2299 2653 2355 Gimbosi
2710 2315 2777 2353 ex
2807 2313 2997 2354 sorore
3024 2296 3234 2369 nepoti,
3278 2295 3502 2351 tandem
3535 2296 3702 2351 datur

368 2391 707 2445 Hildibrandi
743 2391 883 2446 libro
911 2391 1191 2448 luculento
1245 2392 1589 2447 confirmavit
1625 2410 1638 2458 ;
1672 2392 1829 2460 cujus
1849 2407 1979 2445 san-
2079 2398 2312 2452 ducatus
2338 2392 2703 2467 Lotharingiae
2745 2394 2867 2464 (ιθ.)
2897 2394 3085 2447 Annus
3133 2389 3426 2463 pestilens,
3458 2389 3700 2445 maxime

365 2482 521 2537 ctitas
568 2482 844 2536 miraculis
874 2482 1147 2536 declarata
1197 2489 1293 2536 est.
1348 2482 1672 2537 Domesticze
1702 2498 1851 2543 aves,
1880 2498 1978 2551 pa-
2081 2487 2136 2541 in
2168 2484 2491 2541 occidentali
2542 2490 2693 2555 parte
2723 2481 3091 2555 Lotharingiae
3125 2498 3139 2547 ;
3169 2479 3265 2536 ubi
3304 2479 3490 2547 multi,
3541 2494 3701 2536 sacro

369 2589 559 2639 vones,
581 2574 796 2644 gallinae
824 2582 878 2629 et
907 2590 1078 2642 aucar,
1112 2591 1142 2628 a
1163 2574 1421 2630 domibus
1461 2591 1519 2628 se
1566 2580 1975 2642 extraneantes,

367 2663 506 2719 ﬁunt
542 2665 821 2720 silvaticae.

417 2759 597 2820 _1087.
889 2762 977 2815 31.
1264 2762 1353 2815 27.
1600 2763 1633 2815 2
1650 2774 1658 2794 '
1678 2805 1689 2817 .

442 2846 589 2900 Inter
613 2846 997 2917 imperatorem
1049 2856 1103 2903 et
1156 2850 1400 2903 Saxones
1427 2850 1576 2904 vario
1627 2856 1825 2904 eventu
1859 2850 1980 2919 plus

369 2939 492 2992 vice
529 2939 769 3010 simplici
814 2950 1106 3014 pugnatur.
1165 2944 1392 3011 (Transi.
1444 2948 1496 2995 S.
1548 2946 1691 3012 Nic)
1726 2944 1782 2996 ln
1828 2942 1982 2997 Italia

371 3028 688 3082 Venetianis
714 3028 1110 3084 meditantibus
1139 3031 1355 3085 auferre
1405 3048 1606 3102 corpus
1671 3032 1845 3087 sancti
1885 3032 1981 3086 Ni-

2082 2584 2194 2656 igni
2222 2581 2484 2637 interiora
2537 2585 2898 2636 consumente
2942 2582 3479 2648 computrescentes,
3508 2576 3698 2631 exesis

2081 2675 2326 2731 menbris
2355 2674 2526 2729 instar
2543 2673 2844 2729 carbonum
2872 2669 3335 2742 nigrescentibus,
3369 2674 3465 2723 aut
3517 2670 3696 2724 mise-

2082 2772 2329 2826 rabiliter
2357 2770 2686 2836 moriuntur,
2730 2775 2825 2823 aut
2854 2768 3108 2822 manibus
3153 2775 3207 2821 et
3237 2765 3480 2837 pedibus
3512 2772 3698 2837 putre-

2083 2863 2240 2918 factis
2314 2861 2570 2928 truncati,
2656 2858 3048 2915 miserabiliori
3112 2858 3238 2913 vitae
3317 2863 3698 2923 reservantur,

2083 2953 2236 3008 multi
2268 2967 2396 3008 vero
2437 2965 2730 3006 nervorum
2778 2948 3155 3005 contractione
3205 2945 3425 3003 distorti
3458 2954 3703 3002 tormen-

2081 3051 2285 3099 tantur.

371 3116 549 3171 cholai
589 3117 812 3188 aMyrea
859 3118 1031 3187 Lycize
1064 3135 1095 3172 a
1142 3119 1328 3174 Turcis
1357 3120 1627 3188 desolata,
1671 3137 1974 3192 preocupa-

2151 3090 2310 3193 i030.
2529 3136 2618 3191 34.
2864 3133 2954 3193 30.
3172 3132 3261 3189 24.

372 3215 564 3260 verunt
595 3222 692 3261 eos
719 3207 988 3261 Varenses
1021 3207 1166 3261 cives
1198 3223 1427 3262 numero
1480 3209 1569 3273 45,
1597 3219 1650 3263 et
1678 3210 1746 3262 ab
1776 3210 1973 3266 Antio-

370 3297 750 3369 chiaMyream
803 3299 1111 3363 venientes,
1154 3316 1183 3354 a
1213 3301 1244 3355 4
1290 3301 1578 3356 monachis
1632 3308 1837 3357 tantum
1900 3304 1974 3358 ibi

370 3390 609 3444 inventis
655 3397 1004 3445 extorserunt
1048 3391 1157 3446 sibi
1215 3393 1432 3447 ostendi
1487 3393 1728 3449 tumbam
1760 3397 1973 3461 sancti;

369 3498 478 3552 qua
502 3480 743 3549 effracta,
803 3497 927 3537 ossa
975 3484 1149 3539 sancti
1203 3484 1261 3538 in
1310 3485 1417 3540 olei
1465 3485 1679 3556 liquore
1732 3487 1977 3543 natantia

372 3575 588 3646 integro
626 3590 855 3631 numero
911 3583 1276 3645 extraxerunt,
1332 3586 1385 3633 et
1423 3579 1602 3634 Varim
1648 3596 1771 3635 cum
1802 3582 1978 3654 gloria

370 3663 691 3720 attulerunt.
725 3665 882 3720 Facta
920 3673 1002 3721 est
1033 3668 1151 3723 haec
1202 3668 1488 3725 translatio
1515 3685 1662 3725 anno
1688 3672 1790 3726 745
1820 3688 1851 3725 a
1878 3672 1979 3726 de-

373 3753 646 3823 positione
673 3754 846 3810 sancti
893 3755 1134 3812 Nicholai
1168 3758 1333 3829 (315).
1368 3758 1552 3815 Pisces
1582 3760 1637 3815 in
1669 3761 1827 3834 aquis
1856 3777 1979 3818 mo-

372 3841 585 3897 riuntur
611 3844 696 3899 ’56.

445 3930 601 3987 1088.
714 4014 719 4017 ν
854 3933 942 3990 32.
1197 3934 1286 3991 28.
1562 3938 1654 3993 22.

443 4021 500 4074 ln
535 4021 807 4094 Hyspania
858 4039 953 4077 rex
1007 4022 1245 4079 Galliciaa
1277 4023 1452 4078 Amful
1486 4026 1790 4083 Saracenos
1821 4028 1976 4086 forti-

369 4123 449 4170 ter
486 4117 743 4184 debellat,
775 4125 829 4172 et
863 4119 1134 4185 Toletum,
1189 4119 1488 4174 maximam
1536 4137 1725 4177 eorum
1756 4124 1972 4194 urbem,

370 4228 469 4282 per
489 4211 696 4284 aliquot
746 4228 923 4268 annos
979 4213 1258 4268 obsessam
1318 4214 1537 4269 tandem
1596 4224 1895 4292 expugnat,
1925 4227 1978 4275 et

365 4303 570 4359 cultum
603 4305 1016 4362 christianitatis
1049 4307 1104 4360 in
1144 4323 1208 4362 ea
1238 4307 1442 4362 dilatat.
1470 4309 1583 4365 Odo
1614 4326 1679 4363 ex
1707 4313 1977 4369 monacho

2151 3230 2438 3285 Heinricus
2470 3229 2771 3300 imperator
2824 3228 2893 3283 ad
2923 3227 3287 3283 debellandos
3335 3228 3703 3283 adversantes

2076 3319 2181 3374 sibi
2215 3319 2422 3373 Italiam
2452 3319 2654 3389 repetit
2737 3318 2897 3387 (3l9).
2958 3316 3325 3371 Herimannus
3380 3324 3701 3386 tyrannusa

2076 3410 2309 3464 Saxonia
2363 3408 2771 3481 Lotharingiam
2826 3414 3085 3477 repetens
3126 3450 3142 3474 ,
3199 3406 3270 3461 ad
3331 3406 3702 3463 concitandos

2076 3497 2231 3567 regni
2259 3496 2687 3552 motuslaborat.
2728 3495 2829 3561 Qui
2866 3495 2997 3549 dum
3028 3509 3183 3549 muro
3238 3493 3454 3549 castelli
3507 3494 3699 3563 cujus-

2079 3590 2203 3645 dam
2237 3590 2456 3645 incaute
2480 3588 2845 3660 approximat.
2889 3588 3037 3657 jacto
3069 3588 3138 3643 de
3177 3587 3311 3642 turri
3353 3602 3492 3644 saxo
3524 3587 3578 3642 in
3612 3603 3702 3643 ca-

2080 3684 2197 3755 pite
2226 3683 2547 3754 percutitur,
2577 3687 2631 3736 et
2657 3682 2889 3737 moritur
2914 3680 3079 3751 (320).
3117 3679 3295 3736 Mettis
3333 3695 3545 3751 corpus
3575 3696 3701 3736 san-

2081 3773 2153 3828 cti
2179 3772 2493 3838 Clementis,
2526 3771 2689 3841 primi
2735 3770 2982 3842 episc0pi
3007 3770 3075 3824 ab
3106 3768 3372 3841 apostolis
3401 3769 3517 3825 illic
3546 3768 3699 3824 ordi-

2081 3866 2215 3932 nati,
2244 3865 2526 3920 inventum
2553 3865 2778 3919 levatur.
2847 3862 3208 3917 Herimannus
3239 3861 3544 3933 episcopus
3571 3878 3697 3933 per-

2083 3956 2251 4011 missu
2278 3953 2628 4026 imperatoris
2655 3951 3055 4008 aMettensibus
3074 3951 3214 4006 urbe
3245 3959 3535 4022 receptus,
3568 3951 3697 4006 dum

2078 4054 2203 4118 post
2228 4045 2521 4118 prandium
2552 4044 2854 4100 liberaliter
2879 4043 3213 4099 celebratum
3246 4042 3304 4095 in
3334 4042 3482 4098 lecto
3509 4059 3571 4098 se
3600 4058 3692 4098 re-

2077 4139 2335 4205 clinasse,
2389 4144 2637 4193 mortuus
2664 4136 2942 4192 invenitur
2992 4135 3061 4169 ’⁵⁸
3092 4134 3260 4206 (321).
3332 4134 3392 4188 In
3453 4134 3692 4190 Saxonia

2079 4231 2349 4305 Egbertus
2376 4245 2581 4297 comes,
2614 4228 2741 4284 dum
2777 4226 3328 4298 ﬁdelesimperatoris
3356 4226 3510 4283 bello
3543 4227 3696 4282 inse-

2078 4322 2283 4392 quitur,
2313 4328 2368 4375 et
2421 4319 2539 4389 ipse
2588 4317 2898 4389 perimitur.
2949 4315 3220 4371 Sterilitas
3271 4314 3494 4389 frugum
3538 4323 3692 4372 terra

365 4392 707 4450 Cluniacensi
739 4394 1037 4466 episcopus
1065 4394 1559 4465 Ostiensis,contra
1586 4399 1973 4471 imperatorem
1997 4452 2053 4484 η
2079 4410 2341 4484 augescit,
2374 4418 2429 4463 et
2461 4407 2633 4462 fames
2663 4405 2923 4477 paulatim
2958 4404 3165 4476 irrepit.

365 4496 420 4543 et
447 4489 798 4546 Guicbertum
842 4488 903 4545 fit
958 4507 1120 4562 papa,
1171 4498 1225 4546 et
1279 4491 1530 4548 Urbanus
1570 4495 1884 4552 nominatur
1910 4498 1973 4533 ³⁵⁷

369 4580 539 4649 (316).
570 4581 704 4636 Hinc
733 4581 786 4635 in
816 4581 1068 4637 zecclesia
1096 4582 1355 4638 scandala
1393 4590 1449 4638 et
1498 4584 1554 4638 in
1584 4601 1755 4657 regno
1798 4602 1975 4662 auge-

369 4681 529 4729 scunt
556 4674 809 4739 discidia,
843 4677 973 4732 dum
999 4676 1232 4733 alterab
1258 4678 1428 4734 altero
1456 4679 1707 4749 dissidet,
1735 4681 1863 4736 dum
1891 4698 1980 4738 re-

2152 4501 2308 4556 1091.
2524 4498 2611 4553 35.
2822 4497 2912 4551 31.
3133 4495 3225 4553 25.

2152 4592 2268 4663 (1b.)
2302 4588 2587 4645 lleinricus
2613 4588 2913 4659 imperator
2946 4588 3001 4642 in
3041 4588 3197 4643 italia
3224 4590 3455 4649 castella
3489 4601 3545 4646 et
3574 4607 3695 4645 mu-

2078 4679 2321 4735 nitiones
2358 4676 2769 4732 adversantium
2800 4676 3219 4752 sibiexpugnat,
3250 4677 3528 4735 Mantuam
3556 4695 3695 4752 quo-

1719 4782 1938 4838 VARl/E
1969 4779 2347 4839 LECTIONES.

373 4877 443 4911 ⁸⁵⁸
466 4879 699 4954 Posthac
728 4882 786 4954 in
815 4878 866 4933 1.
907 4883 1053 4954 inter
1078 4882 1225 4954 hunc
1252 4888 1307 4954 et
1331 4890 1638 4951 sequentem
1682 4899 1897 4939 annum
1942 4886 2189 4954 quendam
2242 4884 2505 4951 inscripta
2558 4888 2737 4947 erant,
2761 4883 2885 4950 jam
2909 4895 3082 4936 erasa.
3118 4879 3184 4914 ²⁵⁷
3215 4883 3510 4950 δθᾳαεηιὶα
3536 4885 3692 4953 hujus

371 4952 511 5004 anni
538 4953 723 5005 omnia
751 4952 943 5006 desunt
961 4952 1086 5008 83*.
1115 4951 1237 5007 (14*.
1270 4953 1724 5009 Herimannus—
1750 4951 2029 5012 invenit—ur
2055 4958 2247 5012 desunt
2275 4954 2334 5008 D.

1948 5056 2160 5113 NOTAE.

370 5163 475 5228 nus
501 5147 829 5228 Spirensis,_
854 5149 1065 5228 We_c_ilo_
1092 5151 1445 5228 Moguntinus
1480 5155 1717 5228 invasor.
1750 5155 1979 5228 Sigefri-

370 5219 474 5294 dus
504 5220 883 5294 Augustensis,
942 5219 1243 5279 Norbertiis
1278 5226 1580 5293 (luriensis,
1622 5242 1745 5282 cum
1778 5219 1983 5283 arden-

370 5291 516 5345 tibus
544 5290 793 5347 candelis
816 5293 1258 5350 anathematizati
1293 5314 1306 5359 ;
1342 5304 1482 5352 teste
1507 5290 1783 5354 Bertoldo.
1830 5298 1983 5354 Hisat

369 5370 537 5443 erant
555 5362 742 5431 astuti,
788 5364 854 5418 ad
888 5365 1223 5443 palinodiam
1270 5367 1530 5443 Gregorio
1586 5369 1673 5443 Vgll
1706 5369 1982 5443 affingen-

371 5434 494 5489 dam
526 5434 583 5489 in
639 5437 1332 5509 sequentenconciliabulo
1376 5434 1729 5509 'Moguntino.
1775 5434 1981 5498 Hian-

371 5522 499 5562 usm
525 5510 683 5563 Cone.
716 5507 891 5563 Germ.
926 5507 1019 5573 lll,
1048 5508 1172 5561 234.

445 5577 589 5646 (312)
617 5578 680 5634 Ι).
710 5580 773 5633 11
806 5581 939 5646 Aug.
976 5579 1114 5634 1086

444 5648 591 5718 (313)
651 5650 713 5706 D.
744 5651 816 5707 24
867 5648 990 5707 Maii
1042 5649 1181 5705 1086
1235 5648 1463 5717 electus,
1524 5654 1758 5710 moritur
1805 5656 1859 5711 d.
1915 5655 1984 5712 46

372 5730 515 5794 sept.
551 5720 706 5781 1087.

2151 5157 2277 5227 (314
2307 5158 2368 5211 D.
2414 5155 2479 5212 19
2508 5154 2643 5209 Mart

2152 5223 2299 5297 (3L5)
2330 5229 2479 5282 Auct.
2509 5227 2721 5282 Joanne
2767 5223 3154 5297 archidiacono
3204 5226 3469 5294 Barense,
3504 5227 3556 5281 in
3582 5225 3690 5281 Mo-

2081 5299 2267 5370 sanpri
2289 5298 2632 5370 appendtad
2663 5298 2882 5353 Surium
2903 5314 2955 5367 p.
2992 5296 3117 5352 399.

2155 5317 2267 5370 [ιρι-ι
2289 5317 2318 5352 a
2362 5317 2530 5370 penu.
2563 5317 2632 5352 au
2663 5317 2692 5352 δ

2155 5370 2291 5440 (316
2424 5368 2692 5424 12.Μ81·ῐ.

2153 5442 2303 5511 (317)
2326 5442 2386 5495 0.
2427 5440 2625 5496 251m.

2154 5507 2285 5577 (318
2308 5513 2382 5567 De
2415 5511 2684 5579 Bnllonio,
2719 5508 2832 5566 filio
2864 5509 2972 5566 idae
2997 5507 3314 5578 comitissae.

2155 5584 2301 5655 (3t9)
2330 5584 2395 5655 μ.
2425 5582 2558 5655 Mart

2156 5651 2305 5724 (320)
2331 5653 2400 5709 Μ.
2432 5654 2585 5724 Sept.
2631 5654 2787 5723 1088,
2809 5661 2944 5710 teste
2974 5651 3245 5709 Bernoldo

2154 5726 2300 5798 (321)
2333 5726 2394 5781 D.
2429 5724 2464 5780 4
2488 5724 2632 5781 Maii.
