3876 6208
150 353 243 409 225

1625 340 1969 396 CHRONICA.

3344 342 3450 398 226

154 493 246 549 que
275 473 493 530 obsidet
516 480 574 527 et
598 472 750 543 capit
780 470 944 542 (322).
972 470 1134 525 Bonae
1160 468 1440 524 memorize
1469 466 1753 521 lleinricus
1776 471 1828 539 Α
1851 481 1945 520 sus
1982 466 2012 518 7
2060 464 2187 519 ldus
2218 464 2441 538 Augusti
2477 464 2699 534 eclipsis
2728 464 2870 519 luna.-
2902 464 3040 520 facta
3076 473 3181 521 est.
3216 468 3329 538 (Ιὺ.)
3360 469 3463 522 0c-

155 566 558 623 l.eodicensium
587 564 917 635 episc0pus,
948 568 1158 616 amator
1186 560 1336 632 pacis
1374 566 1429 613 et
1468 558 1753 631 religionis

153 657 253 711 obit
300 654 458 724 (323),
490 653 664 726 eique
694 652 953 708 Otbertus
992 667 1056 705 ex
1095 650 1243 706 clero
1273 648 1522 720 ejusdem
1559 646 1751 701 aaccle-

153 746 236 800 sia!
263 743 524 799 succedit.

214 832 361 887 1092.
510 832 574 886 Β.
619 829 709 887 36.
861 830 918 885 F.
959 829 1044 887 39.
1191 831 1252 884 Α.
1293 830 1383 886 26.

214 924 506 979 Guilelmus
547 939 646 978 rex
685 923 1007 996 Anglorum,
1049 921 1132 976 vir
1176 922 1476 997 singularis
1503 940 1751 980 censura:

153 1023 198 1070 et
218 1013 542 1080 severitatis,
601 1011 722 1068 obit
766 1013 927 1081 {324).
962 1011 1262 1065 Guilelmus
1286 1010 1435 1067 filius
1462 1013 1582 1083 ejus
1628 1030 1753 1069 suc-

1853 553 2156 608 cidentales
2189 553 2399 624 populi,
2423 554 2675 608 dolentes
2707 553 2825 608 loca
2852 563 3041 609 sancta
3075 554 3464 627 Hierosolymis

1854 665 1885 703 a
1936 649 2198 721 gentibus
2248 648 2548 718 profanari,
2602 655 2658 703 et
2712 650 2918 704 Turcos
2976 650 3137 704 etiam
3200 653 3464 708 terminos

1853 740 2276 795 christianorum
2330 741 2440 809 jam
2483 740 2652 794 multa
2682 756 2747 795 ex
2778 748 2933 811 parte
2988 741 3276 807 invasisse,
3306 745 3467 798 innu-

1853 831 2151 886 merabiles
2202 847 2311 885 una
2368 832 2702 901 aspiratione
2749 833 2905 900 moti,
2958 840 3013 888 et
3055 834 3240 888 multis
3291 836 3464 909 signis

1854 920 1961 974 sibi
1993 921 2250 988 ostensis,
2303 921 2394 975 alii
2440 922 2509 976 ab
2539 922 2661 976 aliis
2699 922 2949 992 animati,
2988 923 3178 991 (luces,
3210 926 3462 993 comites,

1854 1023 2127 1086 potentes,
2163 1016 2377 1071 nobiles
2409 1031 2472 1070 ac
2503 1016 2801 1089 ignobiles,
2851 1016 3050 1071 divites
3092 1025 3145 1073 et
3171 1034 3462 1090 pauperes,

152 1105 292 1161 cedit.
322 1105 707 1159 lncentoribus
734 1103 987 1159 Saxonici
1019 1103 1149 1158 belli
1180 1104 1439 1159 omnibus
1461 1122 1604 1176 pene
1623 1123 1745 1177 per-
1855 1104 2012 1158 liberi
2049 1113 2103 1160 et
2149 1106 2314 1173 servi,
2346 1105 2614 1176 epis00pi,
2648 1106 2856 1169 clerici,
2895 1107 3170 1174 monachi,
3220 1123 3383 1162 senes
3412 1115 3465 1165 et

153 1197 350 1268 emptis,
380 1197 631 1252 Saxones
681 1196 887 1268 pertesi
938 1197 1229 1261 malorum,
1260 1199 1564 1268 composita
1610 1199 1753 1254 inter
1848 1196 2081 1266 juvenes
2107 1198 2270 1252 etiam
2304 1198 2462 1267 pueri
2495 1206 2548 1251 et
2595 1198 2812 1267 puellae,
2862 1213 3057 1252 omnes
3101 1214 3212 1254 uno
3253 1200 3460 1270 animo,

155 1306 351 1362 sepace
377 1290 767 1362 quiescuntab
796 1291 945 1346 omni
979 1295 1130 1345 motu
1161 1289 1452 1347 bellorum.
1504 1292 1747 1347 Westfali
1852 1286 2061 1340 nullum
2120 1286 2232 1340 ιιΙΙο
2286 1285 2626 1359 angarianle.
2669 1286 2916 1356 undique
2969 1296 3328 1356 εοηουτΓυηῑ,
3389 1291 3457 1344 ab

154 1379 442 1434 Fresoniam
482 1378 759 1454 aggressi,
784 1393 979 1433 omnes
1005 1393 1148 1449 pene
1188 1395 1219 1432 a
1245 1378 1577 1435 Fresonibus
1609 1382 1751 1451 peri-
1852 1374 2128 1445 Hispania,
2170 1391 2201 1429 a
2243 1375 2539 1439 ΡΓονὶηῑίδ,
2580 1374 2649 1429 ab
2681 1375 2992 1445 Aquitania.
3034 1392 3064 1430 εἰ
3098 1377 3397 1446 Britannia,
3429 1397 3461 1435 ἃ

154 1482 357 1529 muntur
384 1475 452 1508 πθ
482 1474 659 1546 (325),
1852 1464 2078 1529 Scottia,
2112 1465 2181 1519 ab
2228 1464 2442 1538 Anglia,
2476 1482 2505 1519 a
2532 1465 2885 1532 Normannia,
2933 1482 2963 1519 a
3005 1467 3251 1533 Francia,
3301 1486 3333 1524 a
3363 1471 3459 1526 Lo-

213 1566 359 1622 1093.
694 1566 784 1621 37.
1002 1565 1092 1623 33,
1348 1568 1399 1621 ι,
1849 1554 2145 1629 tharingia,
2170 1571 2202 1608 a
2221 1554 2558 1624 Burgundia,
2588 1570 2619 1609 a
2643 1554 2954 1621 Germania,
2986 1572 3017 1609 a
3053 1556 3456 1632 Langobardia,

214 1656 482 1712 Conrat'us
521 1656 677 1713 ﬁlius
706 1657 1057 1728 imperatoris
1098 1657 1338 1713 Heinrici
1387 1659 1441 1713 in
1492 1658 1644 1714 Italia
1689 1677 1748 1715 se
1849 1648 1918 1703 ab
1950 1649 2142 1719 AP“lia
2185 1656 2242 1703 ει
2270 1649 2339 1703 ab
2390 1649 2514 1703 aliis
2569 1649 2782 1721 regnis;
2849 1657 2904 1704 εἰ
2942 1650 3144 1707 νίτιιιίθ
3201 1661 3255 1709 el
3300 1656 3459 1729 signo

158 1747 213 1800 ad
241 1747 403 1817 patris
453 1747 541 1801 sui
596 1746 944 1802 adversarios
982 1747 1239 1813 contulit;
1303 1755 1359 1802 et
1397 1749 1581 1803 multis
1607 1765 1665 1803 se
1721 1766 1751 1803 a
1780 1793 1823 1819 η
1852 1751 2054 1798 sanctae
2086 1743 2260 1799 crucis
2312 1743 2511 1814 signati
2564 1750 2617 1798 et
2669 1745 2883 1812 armati,
2935 1746 3109 1801 ultum
3156 1748 3236 1802 ire
3268 1761 3463 1819 parant

159 1793 213 1800 _-
243 1793 402 1817 rm..-
453 1793 541 1801 η-
597 1793 944 1802 πων-.-νυ
985 1793 1239 1813 --.η-..η
1306 1793 1358 1802 ν.
1399 1793 1581 1803 .-._...-
1607 1793 1664 1803 νυ
1721 1793 1751 1803 ..
1853 1793 2051 1798 -.-η---ν
2091 1793 2258 1799 --η-τ
2316 1793 2510 1814 --.γνη-
2570 1793 2614 1798 --
2941 1793 3109 1801 ---_...
3157 1793 3235 1802 ..ν
3268 1793 3461 1819 ,.........

157 1841 288 1905 patre
313 1834 379 1889 ad
408 1834 583 1889 ﬁlium
630 1836 995 1902 vertentibus,
1029 1835 1150 1891 haec
1195 1851 1282 1891 res
1324 1837 1537 1907 priores
1577 1838 1747 1907 patris
1778 1793 1826 1861 Β
1851 1835 2081 1906 injurias
2113 1836 2209 1890 Dei
2243 1835 2297 1889 in
2332 1836 2517 1890 hostes
2545 1836 2829 1891 christiani
2852 1839 3112 1894 nominis.
3158 1841 3219 1895 Et
3257 1851 3461 1913 quanto

155 1923 389 1977 victorias
425 1922 665 1977 multum
720 1921 972 1985 oﬂ'uscat,
1023 1931 1079 1977 et
1113 1924 1258 1978 vires
1305 1924 1426 1993 ejus
1482 1932 1743 1980 attenuat.
1847 1927 2079 1999 quisque
2142 1928 2403 1982 hactenus
2453 1928 2521 1982 ad
2551 1928 2911 1984 exercendam
2968 1932 3159 1986 mundi
3211 1935 3459 1992 militiam

155 2009 378 2064 Jaculum
418 2012 657 2085 ignitum
698 2027 729 2065 a
784 2011 1016 2066 meridie
1046 2012 1115 2066 ad
1154 2013 1469 2084 aquilonem
1517 2031 1617 2085 per
1642 2030 1749 2070 caz-
1852 2026 1968 2072 erat
1996 2018 2237 2088 pronior,
2266 2026 2416 2074 tanto
2463 2035 2611 2076 nunc
2663 2020 2732 2073 ad
2764 2022 3123 2077 exercendam
3187 2026 3330 2082 ultro
3363 2030 3460 2085 Dei

157 2098 254 2153 lum
298 2099 422 2155 ferri
450 2101 635 2155 visum
669 2108 753 2157 est
806 2100 1065 2156 Kalendis
1099 2101 1351 2176 Augusti,
1400 2102 1575 2175 prima
1619 2103 1751 2158 hora
1850 2109 2104 2164 militiam
2153 2108 2211 2164 ﬁt
2265 2110 2588 2181 promptior.
2648 2111 2983 2168 Firmissima
3047 2131 3179 2185 pace
3233 2118 3453 2176 interim

159 2186 333 2243 noctis.
1850 2198 2056 2269 ubique
2087 2200 2411 2270 composita,
2452 2208 2506 2254 et
2558 2199 2734 2269 primo
2762 2201 2970 2258 Judeos
3022 2204 3076 2258 in
3118 2205 3369 2276 urbibus,
3405 2211 3456 2265 in

220 2282 361 2339 1094.
689 2283 776 2339 38.
996 2285 1066 2339 34
1166 2347 1179 2354 η
1339 2285 1391 2340 2.
1851 2288 2054 2358 quibus
2083 2297 2257 2353 erant,
2290 2289 2558 2362 aggressi,
2599 2304 2695 2343 eos
2734 2290 2801 2344 ad
2854 2293 3192 2349 credendum
3247 2296 3461 2354 Christo

217 2374 292 2443 (Α.
324 2376 448 2429 Lood
474 2375 486 2445 )
521 2374 582 2428 In
625 2373 802 2429 Gallia
828 2382 883 2430 et
915 2374 1206 2430 Germania
1251 2376 1432 2450 gravis
1464 2376 1749 2432 hominum

160 2461 431 2516 mortalitas
456 2460 598 2517 facta
629 2469 733 2517 est.
756 2462 817 2516 ln
851 2463 1003 2517 Italia
1032 2463 1232 2534 illi,qui
1262 2480 1322 2519 se
1352 2464 1420 2518 ad
1445 2464 1747 2534 imperato-

161 2567 255 2604 rem
281 2552 343 2608 ab
382 2553 640 2609 hostibus
673 2554 794 2623 ejus
852 2554 1266 2622 transtulerant,
1311 2569 1378 2610 eo
1426 2555 1495 2610 ad
1523 2556 1748 2610 Galliam

163 2643 279 2715 {326)
328 2660 568 2713 reverso,
619 2661 819 2701 omnes
848 2662 992 2717 pene
1040 2648 1108 2701 ad
1142 2648 1327 2703 hostes
1364 2647 1485 2716 ejus
1534 2663 1749 2703 rursum

1852 2470 2004 2532 dant,
2038 2476 2130 2525 aut
2159 2470 2389 2524 urbibus
2418 2470 2724 2525 eliminaut.
2758 2471 2937 2541 Aliqui
2978 2483 3100 2543 post
3136 2476 3204 2529 ad
3232 2477 3458 2532 Judais-

1851 2576 1998 2614 mum
2053 2560 2425 2615 revolvuntur.
2472 2559 2796 2613 Eminebant
2852 2560 2906 2614 in
2946 2562 3052 2617 hoc
3102 2564 3194 2618 Dei
3249 2568 3459 2625 hostico

1852 2651 1958 2706 dux
1993 2652 2352 2723 Lotharingia:
2391 2650 2723 2705 Godefridus
2777 2659 2831 2706 et
2871 2652 3062 2708 fratres
3092 2656 3212 2723 ejus
3258 2658 3456 2715 Eusta-

163 2737 428 2802 transeunt,
481 2742 537 2789 et
580 2734 923 2789 munitiones
964 2735 1035 2789 ab
1070 2751 1137 2792 eo
1177 2745 1519 2810 expugnatas
1561 2744 1752 2793 contra
1854 2741 1963 2795 tius
1991 2748 2046 2795 et
2077 2742 2392 2807 Balduinus,
2453 2741 2751 2796 Balduinus
2778 2759 2966 2798 comes
2995 2744 3317 2815 Montensis,
3350 2751 3457 2806 Ro-

164 2835 268 2875 eum
296 2824 572 2881 muniunt.

220 2913 363 2971 1095.
696 2916 783 2971 39.
1004 2918 1092 2972 3ὕ.
1345 2919 1399 2976 3.

222 3004 329 3075 (ιθ.)
381 3004 581 3060 Fames
637 3004 734 3060 diu
795 3015 1065 3076 concepta
1115 3005 1454 3063 validissime
1507 3008 1757 3083 ingrava-

168 3101 259 3162 tur,
308 3106 359 3152 et
410 3098 470 3153 lit
506 3114 696 3154 annus
743 3098 1117 3168 calamitosus,
1158 3101 1346 3157 multis
1402 3102 1544 3157 fame
1602 3104 1751 3159 labo-

165 3152 385 3244 rantibus
407 3197 462 3246 et
490 3190 841 3263 pauperibus
871 3208 971 3262 per
989 3152 1132 3247 furta
1159 3200 1216 3247 et
1246 3194 1506 3250 incendia
1525 3195 1755 3251 ditiores
1784 3152 1832 3221 Ο

166 3280 373 3350 graviter
399 3281 755 3337 vexantibus.
791 3282 919 3337 Cum
970 3283 1151 3339 valido
1199 3292 1489 3341 ventorum
1536 3287 1754 3342 turbine

165 3366 303 3420 etiam
342 3377 695 3426 terrzemotus
735 3370 912 3425 factus
949 3379 1035 3427 est
1075 3372 1259 3428 media
1300 3382 1483 3441 nocte,
1535 3376 1569 3428 4
1627 3375 1755 3429 ldus

166 3461 484 3529 septembris.
514 3463 636 3517 Rex
662 3463 959 3536 Anglorum
990 3480 1022 3518 a
1052 3464 1309 3520 fratribus
1330 3465 1445 3521 suis
1468 3465 1615 3522 bello
1652 3467 1758 3521 sol-

169 3552 382 3611 licitatur
406 3559 461 3612 in
492 3559 838 3613 Normannia
874 3566 930 3614 et
954 3559 1167 3633 Anglia.
1202 3561 1261 3615 In
1291 3560 1462 3617 multa
1492 3568 1756 3617 terrarum

168 3655 299 3714 parte
337 3650 512 3721 pridie
549 3651 738 3706 Nonas
789 3651 992 3722 Aprilis
1038 3653 1183 3708 circa
1230 3653 1533 3709 diluculum
1582 3654 1757 3709 stellae

173 3742 427 3811 perplures
473 3744 643 3799 simul
671 3744 742 3798 de
791 3745 931 3800 caelo
962 3745 1015 3799 in
1060 3753 1256 3801 terram
1307 3747 1578 3802 cecidisse
1626 3746 1758 3801 visae

170 3841 303 3899 sunt;
335 3835 469 3891 inter
497 3852 642 3909 quas
681 3852 844 3891 uuam
880 3838 1167 3892 maximam
1210 3838 1318 3893 labi
1354 3839 1410 3893 in
1454 3847 1595 3895 terra
1635 3855 1759 3894 cum

174 3923 367 3992 quidam
409 3926 463 3981 in
493 3926 724 3983 Francia
752 3935 1018 3999 stuperet,
1052 3936 1106 3983 et
1159 3936 1344 3985 notato
1374 3930 1497 3986 loco
1526 3930 1621 3985 ubi
1650 3930 1759 3985 labi

169 4014 265 4069 visa
305 4023 400 4086 est,
426 4034 555 4074 cum
585 4035 785 4091 aquam
835 4018 912 4073 ibi
947 4020 1197 4087 fudisset,
1232 4020 1439 4076 fumum
1468 4037 1593 4077 cum
1648 4021 1759 4077 fer-

170 4107 292 4161 voris
318 4125 447 4165 sono
496 4110 633 4166 inde
686 4111 837 4166 exire
876 4112 1050 4186 magis
1079 4113 1309 4183 stupuit.
1345 4113 1629 4169 Heinricus
1666 4130 1757 4169 co-

172 4212 268 4252 mes
292 4199 640 4257 Lovanicusis
672 4202 979 4272 perimitur.
1026 4204 1084 4257 In
1122 4205 1385 4259 comitatu
1426 4204 1756 4260 Namueensi

1858 2832 2046 2887 bertus
2082 2848 2269 2889 comes
2311 2833 2681 2900 Flandrensis,
2736 2836 3048 2906 Stephanus
3102 2855 3289 2897 comes
3338 2844 3461 2901 Ble-

1857 2926 2054 2989 sensis,
2087 2927 2240 3001 Hugo
2270 2925 2439 2982 frater
2467 2928 2614 3001 regis
2643 2928 2995 2995 Francorum,
3046 2931 3339 2990 Rotbertus
3365 2953 3463 2991 co-

1856 3035 1980 3073 mes
2006 3020 2376 3087 Normannize,
2410 3020 2752 3076 Beimundus
2794 3037 2979 3078 comes
3018 3024 3087 3080 de
3130 3027 3311 3085 Sancti
3344 3029 3469 3105 Egi-

1857 3109 1956 3175 dii,
1990 3110 2366 3177 Bojamundus
2404 3110 2511 3165 dux
2530 3110 2761 3181 Apulia}.

1926 3196 2084 3253 1097.
2335 3200 2397 3254 41
2678 3200 2767 3254 37.
3021 3203 3076 3256 5.

1928 3291 2003 3361 (Ib
2032 3295 2048 3356 )
2076 3290 2328 3347 Cometes
2358 3291 2413 3345 in
2440 3292 2727 3347 occidente
2746 3294 3001 3365 apparuit
3029 3302 3140 3349 tota
3163 3297 3337 3366 prima
3368 3299 3465 3355 eh-

1856 3381 2091 3437 domada
2122 3381 2389 3438 Octobris.
2444 3384 2623 3437 Nimia
2665 3400 2930 3456 aquarum
2964 3386 3328 3445 inundatione
3377 3407 3468 3446 au-

1858 3476 2103 3529 tunnalis
2128 3476 2267 3531 satio
2298 3475 2614 3546 impeditur,
2647 3485 2702 3532 et
2757 3479 3016 3535 sterilitas
3048 3479 3265 3554 frugum
3309 3492 3468 3539 terrae

1857 3564 2127 3635 sequitur.
2163 3565 2446 3621 Exercitus
2476 3568 2570 3621 Dei
2597 3583 2890 3642 aggressus
2932 3572 3199 3627 terminos
3228 3570 3472 3648 pagano-

1859 3671 1999 3719 rum,
2051 3656 2280 3711 viriliter
2306 3658 2443 3729 agit;
2476 3659 2828 3730 primumque
2879 3662 2962 3715 eis
3010 3662 3112 3718 fuit
3141 3664 3346 3721 bellum
3402 3667 3470 3721 ad

1860 3751 2083 3815 pontem
2140 3745 2419 3816 Pharplmr
2474 3747 2759 3811 ﬂuminis,
2809 3750 2843 3802 9
2897 3750 3010 3805 Kal.
3077 3752 3290 3819 Martii,
3372 3756 3468 3810 ubi

1860 3837 2019 3892 multi
2046 3837 2346 3893 Turcorum
2378 3837 2545 3893 occisi
2578 3845 2707 3893 sunt
2730 3839 2893 3906 (327).
2920 3841 3232 3897 Secundum
3266 3846 3349 3899 eis
3367 3846 3469 3901 fuit

1862 3929 2064 3985 bellum
2092 3929 2238 4001 apud
2272 3928 2513 3993 Niceam,
2546 3929 2579 3984 3
2607 3929 2787 3985 Nonas
2839 3930 3013 3986 Martii
3042 3934 3209 4001 (328),
3260 3935 3315 3990 in
3356 3954 3466 4007 quo

1861 4019 2024 4073 etiam
2056 4018 2253 4093 pagani
2292 4017 2418 4072 victi
2467 4025 2612 4073 sunt.
2643 4022 2757 4088 (Ep.
2812 4023 3003 4088 crucif.
3064 4022 3250 4095 [320].)
3304 4024 3468 4096 Capta

1861 4130 1994 4187 ergo
2025 4113 2212 4180 Nicea,
2239 4121 2395 4185 capta
2424 4114 2589 4169 etiam
2633 4114 2907 4180 Laodicia,
2956 4132 3078 4171 cum
3111 4127 3293 4175 essent
3340 4121 3466 4191 plus

1860 4220 2024 4275 quam
2058 4209 2301 4258 trecenta
2330 4203 2479 4257 milia
2501 4210 2829 4259 armatorum
2864 4204 2916 4258 in
2943 4207 3189 4261 exercitu
3220 4209 3472 4265 christia-

172 4302 343 4356 pauem
389 4291 821 4347 subcinericium
853 4293 1009 4363 quasi
1050 4294 1323 4364 sanguine
1364 4293 1626 4349 infectum
1685 4295 1761 4349 vi-
1861 4307 2078 4357 norum,
2108 4298 2258 4345 tanta
2294 4290 2375 4346 eis
2410 4290 2658 4346 omnium
2698 4309 2878 4348 rerum
2917 4295 3246 4365 suppetebat
3296 4300 3476 4369 c0pia,

175 4373 347 4432 dimus.
401 4380 510 4435 Rex
562 4381 901 4453 Ungarorum
941 4383 1175 4438 moritur
1202 4384 1290 4436 ’6".
1354 4385 1472 4453 (ιὰ.)
1510 4383 1759 4439 Urbanus
1788 4448 1829 4453 _
1862 4389 1923 4436 ut
1961 4380 2103 4435 aries
2130 4395 2241 4436 uno
2273 4397 2518 4448 nummo,
2550 4381 2652 4438 bos
2670 4383 2755 4438 vix
2791 4384 2857 4437 12
2878 4386 3119 4440 nummis
3146 4386 3477 4441 venderetur

176 4477 258 4530 per
280 4448 730 4540 Burgundiam‘ei
761 4470 1041 4526 Franciam
1088 4471 1291 4526 habitis
1321 4448 1592 4539 conciliis,
1641 4473 1756 4526 llil-
1786 4448 1844 4517 D
1939 4471 2095 4527 loss.
2350 4472 2439 4525 42.
2693 4472 2782 4529 38.
3034 4477 3088 4531 6.

175 4552 400 4613 dibrandi
450 4561 676 4616 decreta
708 4570 932 4617 renovat
980 4572 1036 4617 et
1072 4562 1393 4630 conﬁrmat;
1446 4564 1758 4635 Philippum
1931 4566 2053 4633 (1b.)
2095 4564 2329 4620 Obsessa
2370 4564 2657 4620 Antiochia
2700 4564 2756 4617 in
2788 4572 2995 4619 tantum
3052 4566 3316 4621 attenuati
3346 4571 3475 4621 sunt

176 4660 337 4720 regem
377 4651 730 4719 Francorum,
786 4653 881 4724 qui
927 4655 1141 4709 vivente
1208 4671 1376 4712 uxore
1420 4672 1518 4711 sua
1563 4672 1759 4727 super-
1861 4654 2144 4710 christiani
2172 4663 2394 4725 pr0pter
2421 4653 2667 4709 omnium
2720 4670 2902 4708 rerum
2972 4654 3283 4725 penuriam,
3316 4663 3375 4711 ut
3417 4654 3472 4709 in

174 4733 376 4795 duxerat
404 4742 631 4798 alterius
661 4743 899 4800 viventis
928 4762 1176 4812 uxorem,
1205 4747 1666 4803 excommunicat.
1862 4754 1974 4802 toto
2005 4744 2247 4800 exercitu
2278 4744 2367 4800 vix
2387 4754 2606 4799 centum
2648 4744 2778 4799 boni
2808 4745 2937 4816 equi
2982 4732 3383 4802 invenirentur.
3414 4746 3475 4800 Et

233 4830 375 4887 1096.
628 4836 720 4889 40.
975 4838 1062 4894 36.
1320 4841 1373 4893 4.

1862 4848 2043 4895 tamen
2075 4837 2325 4909 quamvis
2350 4853 2413 4891 ex
2444 4837 2830 4907 desperatione
2862 4854 3041 4892 rerum
3068 4839 3223 4893 multi
3254 4855 3313 4894 se
3344 4838 3473 4893 sub-

234 4920 446 4994 Eclipsis
492 4927 637 4982 lunae
680 4926 819 4982 facta
873 4935 954 4983 est
984 4928 1018 4985 3
1069 4929 1196 4984 ldus
1251 4929 1551 4985 Februarii.
1620 4930 1757 4983 Rur-
1860 4927 2141 4993 traxerint,
2177 4924 2331 4980 multi
2365 4924 2529 4979 etiam
2565 4924 3001 4995 repatriaveriut,
3048 4942 3195 4983 nono
3227 4927 3474 4983 obsidio-

1493 5055 1712 5109 VARMB
1743 5053 2123 5111 LECTIONES.

232 5153 294 5193 ¹⁵⁹
320 5156 561 5218 Westl‘ali
594 5193 660 5203 —
699 5162 1062 5234 perimuntur.
1084 5167 1277 5221 desunt
1302 5166 1359 5220 D.
1396 5171 1549 5220 Totus
1579 5182 1760 5221 annus
1777 5167 1916 5221 deest
1943 5166 2000 5219 A.
2080 5164 2150 5198 ²⁶⁰
2175 5164 2235 5220 R.
2266 5162 2328 5218 U.
2359 5179 2432 5216 m.
2462 5163 2655 5216 desunt
2684 5163 2810 5217 B3*.
2846 5162 2971 5219 (34".

1710 5295 1921 5351 NOTAE.

234 5382 364 5460 (3??)
402 5384 463 5460 D.
497 5385 561 5460 to
580 5385 751 5460 April.

235 5455 374 5527 (323)
404 5459 463 5513 υ.
499 5459 559 5513 31
584 5455 733 5515 Maii.

233 5525 363 5591 1321)
390 5531 448 5585 Α.
473 5530 630 5585 1087.

235 5595 368 5667 (325)
401 5601 551 5656 0.21
585 5601 695 5656 Jul.

233 5668 367 5740 ([326)
398 5671 437 5725 ι.
471 5687 517 5725 e.
554 5671 901 5729 Germaniam
924 5682 986 5730 ut
1010 5672 1173 5740 1020,
1206 5673 1366 5730 1056.

238 5737 369 5809 (337t
406 5741 511 5797 Hoc
540 5742 771 5811 falsum;
804 5746 873 5801 cf.
911 5746 1099 5801 Hirsch
1131 5737 1254 5802 1’30.

2161 5389 2314 5444 Errat
2368 5387 2729 5460 Sigebertus;
2796 5387 3001 5445 factum
3059 5401 3252 5444 mense
3307 5386 3466 5444 Maio.

1859 5461 2172 5601 Ηιῗὲἓῖιιλά
2205 5530 2432 5587 verbum
2473 5532 2763 5603 desumpta
2800 5549 2866 5588 ex
2892 5530 3127 5603 epistola
3168 5528 3469 5603 crucifero-

1862 5598 1979 5657 rum
2012 5604 2078 5657 ad
2111 5602 2422 5674 Paschalem
2446 5619 2642 5674 papam
2673 5598 2727 5660 a.
2754 5603 2891 5657 1100
2928 5598 3075 5674 data,
3108 5600 3253 5671 apud
3287 5598 3467 5653 Dode-

1860 5674 2081 5729 chinum
2107 5673 2337 5740 a.1100;
2368 5673 2458 5729 cf.
2478 5673 2721 5728 Ekkehar
2749 5690 2800 5730 a.
2833 5673 2991 5727 1098.

1851 2379 2213 2449 compellunt,
2246 2380 2476 2432 credere
2523 2378 2776 2433 nolentes
2813 2379 2976 2435 bonis
3025 2383 3261 2451 privant,
3303 2389 3462 2442 truci-
3566 2405 3576 2413 '
