3876 6208
427 345 531 399 227

1641 334 1989 390 SIGEBERTI
2032 333 2542 392 GEMBLACENSIS.

3657 339 3765 396 228

425 479 512 531 nis
532 491 720 531 mense
748 479 906 545 capta
927 471 1235 537 Antiochia,
1262 467 1547 525 christiani
1571 482 1603 521 a
1632 465 1863 538 paganis
1884 480 2038 519 versa
2062 489 2111 556 Α
2142 468 2314 522 servis
2343 467 2458 522 suis
2484 466 2549 521 ad
2572 483 2630 521 se
2660 466 3028 522 clamantibus
3059 472 3361 541 pugnante,
3394 473 3450 521 et
3484 466 3634 521 nube
3665 483 3763 522 eos

420 566 539 620 Vicc
571 563 806 627 ObSCSSi.
849 568 999 616 tanta
1040 560 1179 615 fame
1212 558 1402 613 amicti
1454 564 1601 622 sum.
1643 562 1701 609 υἱ
1729 555 1816 609 Vix
1864 553 2032 624 aliqui
2063 553 2108 556 w
2136 561 2204 617 ab
2226 569 2345 616 estu
2372 560 2505 615 solis
2520 560 2881 627 defendente,
2911 559 3169 614 Saraceni
3190 558 3307 614 solo
3329 558 3759 614 Christianorum

423 660 492 714 ab
526 656 785 712 humanis
816 652 1077 709 carnibus
1107 668 1165 706 se
1194 651 1556 705 abstinerent.
1601 646 1708 701 Sed
1742 644 2034 701 confortati

423 766 455 804 a
485 749 598 803 Deo
630 762 729 817 per
758 745 1034 799 inventam
1068 742 1241 813 ipsius
1263 742 1530 805 lanceam,
1564 754 1593 792 a
1616 746 1869 806 tempore
1899 748 2034 803 apo-

421 841 687 897 stolorum
743 852 855 893 non
891 835 1083 898 visam,
1137 834 1255 903 ipsa
1298 833 1487 886 lancea
1526 845 1621 885 eos
1680 826 2033 898 precedente,

422 930 638 987 obsessi
686 924 1068 983 obsessoribus
1115 927 1514 979 concurrerunt
1544 921 1577 973 4
1626 916 1739 972 Kal.
1794 915 1945 982 Julii,
1988 929 2042 986 et

419 1029 524 1083 hoc
590 1024 750 1081 tertio
833 1020 977 1074 bello
1037 1017 1262 1072 victoria
1332 1013 1518 1084 adepti
1568 1017 1715 1065 sunt.
1782 1009 2038 1073 Quartum

421 1119 630 1173 bellum
674 1115 774 1169 fuit
827 1112 986 1166 eisin
1040 1108 1304 1163 llomania
1360 1105 1620 1159 Kalendis
1665 1100 1793 1156 Julii
1859 1107 1915 1151 et
1963 1096 2036 1151 ibi

413 1210 569 1265 Turci
592 1208 713 1263 victi
737 1212 863 1259 sunt
894 1203 1059 1273 (330}.
1086 1201 1385 1255 Commissa
1412 1194 1699 1251 Antiochia
1725 1191 1849 1246 duci
1871 1189 2032 1257 Boja-

412 1298 639 1360 mundo,
684 1293 966 1348 christiani
1008 1297 1231 1361 prOpter
1276 1286 1558 1341 vitandum
1606 1282 1812 1337 tedium
1857 1288 1912 1332 et
1961 1277 2034 1330 la-

412 1408 556 1447 mem
595 1397 649 1443 ct
680 1386 913 1441 maxime
944 1390 1170 1455 propter
1200 1379 1507 1435 discordias
1542 1373 1875 1447 principum,
1901 1384 2031 1440 pro—

414 1484 735 1541 ficiscuntur
765 1479 819 1532 in
851 1477 1084 1547 Syriam,
1127 1481 1180 1528 et
1207 1470 1531 1545 expugnatis
1570 1468 1743 1522 Marra
1782 1471 1837 1519 et
1866 1464 2030 1517 Barra

412 1573 643 1629 urbibus
669 1570 1066 1623 Saracenorum
1113 1569 1168 1617 et
1206 1561 1394 1619 multis
1441 1558 1731 1631 regionum
1764 1550 2025 1615 castellis,

410 1672 560 1720 tanta
590 1662 665 1717 ibi
693 1674 906 1715 rursum
942 1657 1083 1711 fame
1133 1653 1321 1708 amicti
1374 1657 1521 1715 sunt,
1569 1656 1629 1703 ut
1668 1661 1898 1716 corpora
1926 1644 2028 1696 Sa-

410 1767 775 1811 racennorum
826 1750 938 1817 jam
970 1743 1197 1801 tetentia
1252 1741 1545 1797 comedere
1598 1734 1867 1808 compulsi
1892 1733 2020 1788 sint.

2136 657 2343 727 impetu
2371 656 2564 721 territi,
2592 670 2786 710 omnes
2819 654 3079 726 projectis
3107 654 3273 709 armis
3303 638 3682 727 fugeruntJEt
3706 654 3758 708 in

2136 749 2240 804 hoc
2268 754 2419 803 sexto
2449 747 2595 803 bello
2625 748 2657 802 4
2687 748 2800 802 Kal.
2834 747 3062 816 Augusti
3105 746 3248 801 facto
3279 745 3424 813 (333)
3454 761 3598 801 caesa
3630 755 3759 798 sunt

2142 851 2364 899 centum
2402 843 2555 897 milia
2597 842 3053 916 paganorum;in
3086 849 3242 913 porta
3288 857 3420 896 vero
3473 840 3755 894 Asealona-

2142 930 2393 987 suﬂ'ocati
2424 938 2554 986 sunt
2584 932 2652 987 ad
2693 931 2805 987 duo
2835 931 3026 995 milia;
3075 940 3131 985 at
3168 946 3357 985 eorum
3399 929 3495 1001 qui
3533 928 3587 982 in
3619 927 3756 982 mari

2144 1022 2448 1090 perierunt.
2471 1027 2524 1075 et
2550 1021 2643 1092 qui
2686 1020 2830 1075 inter
2869 1020 3088 1091 spineta
3119 1019 3378 1073 silvarum
3437 1018 3757 1087 consumpti

2142 1123 2290 1179 sunt,
2340 1130 2603 1168 numerus
2634 1114 2893 1169 nescitur.
2941 1114 3086 1168 Dure
3126 1112 3423 1167 Godefrido
3467 1112 3652 1166 electo
3687 1109 3753 1161 ad

2134 1203 2556 1274 principandum
2603 1203 3016 1258 remanentibus
3063 1202 3119 1256 in
3161 1201 3519 1267 Hierusalem,
3577 1199 3753 1254 ceteri

2134 1293 2412 1364 principes
2430 1294 2747 1364 repatriant.
2772 1292 2939 1363 Capta
2958 1302 3042 1349 est
3056 1298 3238 1347 autem
3269 1291 3609 1347 Hierusalem
3630 1296 3756 1360 post

2134 1400 2309 1438 annos
2338 1384 2558 1438 circiter
2587 1384 2711 1449 460,
2768 1400 2833 1437 ex
2860 1400 2971 1455 quo
3000 1383 3105 1438 sub
3146 1382 3355 1438 Eraclio
3415 1381 3752 1451 imperatore

2130 1472 2375 1527 secunda
2419 1473 2535 1527 vice
2580 1480 2761 1543 capta,
2819 1488 3073 1543 possessa
3134 1478 3218 1526 est
3261 1487 3291 1525 a
3333 1469 3627 1525 Saracenis
3656 1468 3749 1523 “3.

2131 1563 2361 1617 Sanctus
2409 1562 2735 1617 Guicbertus
2766 1563 2821 1616 in
2852 1561 3089 1618 cenobio
3123 1559 3569 1615 Gemmelacensi
3603 1574 3637 1612 a
3688 1572 3748 1611 se

2128 1654 2353 1709 fundato
2391 1655 2456 1707 ad
2515 1654 2866 1725 sepulchrum
2895 1669 3054 1709 suum
3112 1653 3328 1727 magnis
3367 1649 3627 1706 clarescit
3652 1648 3753 1702 mi-

2128 1743 2331 1799 raculis
2353 1745 2439 1798 πθ.

413 1797 1543 1916 (Ᾱῖνέιξῶῖ)01ι(;ῐ11·11‹1ιλξγυιῐτδίοθιεηεὶε
1596 1797 1892 1898 cpiscopus
1930 1822 2020 1878 fc-

2195 1797 2353 1891 iioo.
2431 1797 2531 1890 in.
2578 1837 2663 1890 ιιι,
2782 1836 2833 1890 F.
2880 1836 2965 1890 ιο.
3082 1834 3211 1888 A8.
3328 1832 3485 1888 11.1.

411 1937 494 1992 ria
522 1938 556 1990 4
582 1946 759 2005 pascas
805 1935 933 2001 post
974 1926 1198 1980 missam
1238 1939 1269 1977 a
1307 1936 1366 1977 se
1426 1920 1758 1975 celebratam
1812 1932 1843 1970 a
1882 1930 2024 1986 quo-

415 2031 539 2086 dam
568 2041 791 2082 snorum
828 2024 885 2077 in
915 2022 1079 2077 domo
1110 2035 1209 2073 sua
1253 2015 1541 2087 perimitur
1569 2014 1634 2047 ²⁶¹
1681 2011 1847 2079 (331).
1883 2009 2023 2063 Mul-

412 2126 483 2181 tis
523 2125 575 2178 in
618 2122 753 2176 locis
781 2120 815 2174 5
855 2118 947 2171 Kal
1004 2112 1253 2170 Octobris
1282 2111 1483 2166 caelum
1535 2107 1691 2180 quasi
1719 2106 1910 2160 ardere
1938 2105 2023 2159 vi-

413 2230 535 2269 sum
571 2218 652 2266 est
683 2215 952 2264 nocturno
987 2212 1253 2273 tempore,
1282 2208 1336 2254 et
1365 2204 1553 2253 secuta
1581 2204 1667 2251 est
1692 2194 1870 2267 gravis
1903 2191 2025 2245 ani-

411 2301 637 2355 malium
674 2298 1011 2370 pestilentia,
1045 2302 1097 2350 et
1128 2300 1344 2367 segetes
1380 2291 1551 2345 nimio
1570 2288 1744 2342 imbre
1784 2294 1837 2341 et
1866 2300 2027 2339 auru-

408 2393 539 2466 gine
568 2397 838 2461 corruptae
866 2394 1012 2443 sunt.

481 2481 641 2547 1099,
683 2479 889 2551 (1100.)
1000 2477 1064 2531 Β.
1106 2475 1194 2529 43.
1309 2472 1364 2526 F.
1408 2471 1495 2525 39.
1610 2469 1668 2523 Α.
1714 2467 1765 2522 7.

474 2580 558 2643 (A.
609 2572 781 2643 Leod.)
834 2569 1075 2626 Coloniae
1143 2575 1267 2639 post
1324 2563 1715 2619 Herimanuum
1782 2557 2025 2613 Frederi-

409 2684 508 2723 cus
536 2667 826 2723 ordinatur
866 2660 1319 2732 archiepiscopus
1346 2658 1417 2692 ²⁶²
1456 2654 1620 2726 (332).
1663 2656 1777 2724 (Ep.
1807 2653 1992 2718 cruci]
2011 2650 2024 2719 )

411 2758 699 2813 Exercitus
726 2756 822 2811 Dei
863 2754 1051 2810 divino
1076 2752 1288 2808 monitu
1319 2750 1376 2804 in
1403 2746 1666 2803 interiora
1696 2744 1864 2815 Syria:
1895 2756 2027 2813 pro-

405 2849 603 2915 fectus,
646 2850 797 2922 larga
839 2848 934 2901 Dei
969 2863 1135 2901 manu
1175 2843 1513 2900 refocillatus
1560 2848 1664 2902 est,
1698 2838 1830 2910 quia
1877 2851 2026 2891 cives

412 2950 467 2998 et
505 2941 787 2997 castellani
820 2940 964 2994 illius
984 2939 1226 3013 regionis
1248 2938 1456 3011 legatos
1480 2949 1605 2990 cum
1634 2931 1824 2986 multis
1852 2929 2026 2985 dona-

405 3035 507 3089 riis
558 3032 970 3106 premittebant,
1031 3031 1206 3101 parati
1240 3029 1404 3084 etiam
1433 3026 1601 3097 cpida
1645 3025 1730 3079 vel
1760 3023 1926 3078 urbes
1945 3021 2025 3075 eis

401 3124 639 3179 tradere.
675 3124 715 3176 A
743 3121 945 3193 quibus
974 3118 1259 3175 christiani
1279 3115 1569 3172 securitate
1596 3118 1820 3182 accepta
1850 3117 1904 3165 et
1934 3110 2022 3163 in-

2196 1923 2521 1980 Guiehertus
2560 1933 2614 1981 et
2663 1924 2935 1992 Urbanus,
2983 1925 3079 1995 qui
3122 1923 3191 1978 de
3245 1928 3446 1993 papatu
3490 1920 3746 1976 Romano

2125 2017 2559 2083 contendebant;
2601 2017 2895 2071 moriendo
2923 2015 3089 2070 tinem
3119 2015 3327 2071 faciunt
3352 2030 3469 2070 suae
3499 2022 3746 2070 conten-

2126 2112 2293 2168 tionis
2326 2114 2485 2181 (334).
2541 2113 2863 2186 Raginerus.
2899 2113 2992 2184 qui
3047 2122 3101 2168 et
3149 2111 3445 2176 Paschalis,
3478 2109 3745 2164 Romanm

2126 2203 2387 2258 azcclesia:
2419 2203 2578 2257 158118
2609 2202 2853 2273 presidet
2896 2202 3059 2270 (335).
3088 2201 3392 2257 Guilelmus
3421 2214 3516 2254 rex
3547 2199 3754 2271 Anglo-

2125 2309 2244 2347 rum
2278 2292 2539 2357 moritur;
2590 2292 2753 2362 eique
2801 2290 3051 2346 succedit
3109 2291 3164 2344 in
3226 2305 3396 2363 regno
3427 2289 3600 2344 frater
3626 2289 3750 2357 ejus

2127 2382 2432 2437 Heinricus.
2457 2381 2784 2437 Godefridus
2810 2382 2917 2435 dux
2942 2380 3383 2436 Lothariensium
3407 2389 3459 2435 et
3484 2380 3752 2451 princeps

2127 2474 2733 2529 Hierosolimitanorum
2787 2474 3021 2530 moritur
3060 2473 3224 2541 (336).
3286 2473 3591 2528 Balduinus
3650 2472 3753 2527 fra-

2126 2578 2208 2625 ter
2237 2571 2357 2640 ejus
2388 2570 2441 2624 in
2473 2570 2779 2642 principatu
2807 2570 2857 2624 ei
2890 2570 3140 2625 succedit
3165 2571 3253 2623 ³⁵⁵.

2197 2666 2353 2721 1101.
2573 2666 2662 2719 45.
2880 2666 2971 2721 41.
3192 2667 3243 2720 1.
3467 2663 3520 2719 1.

2198 2759 2479 2814 Conradus
2509 2758 2659 2813 ﬁlius
2695 2758 2934 2813 Heinrici
2988 2756 3340 2828 imperatoris
3390 2756 3573 2811 adhuc
3600 2756 3744 2826 patri

2125 2846 2373 2911 rebellis,
2423 2846 2477 2899 in
2536 2846 2688 2900 Italia
2739 2846 2972 2901 moritur
3029 2845 3189 2917 (337).
3234 2844 3524 2900 lleinricus
3576 2844 3750 2914 impe-

2126 2943 2269 2991 rator
2313 2935 2627 2991 lleinricum
2687 2935 3152 3011 Lamburgensem
3204 2936 3588 2991 adversantem
3643 2935 3749 2988 sibi

2125 3027 2387 3091 debellat.
2423 3038 2478 3083 et
2508 3029 2838 3103 expugnatis
2876 3028 2998 3098 ejus
3036 3027 3296 3093 castellis,
3328 3043 3458 3083 eum
3487 3027 3555 3083 ad
3584 3026 3747 3081 dedi-

2124 3120 2331 3175 tionem
2374 3119 2541 3194 cogit.
2585 3118 2690 3173 Sed
2734 3118 3035 3190 imperator
3065 3119 3117 3172 ei
3147 3117 3320 3174 multo
3359 3132 3574 3173 summa
3616 3132 3747 3191 gra-

405 3218 555 3273 diclo
584 3176 815 3271 urbibus
869 3215 1094 3277 tributo,
1130 3211 1354 3268 interim
1387 3211 1551 3265 etiam
1588 3207 1776 3262 multis
1805 3221 2017 3271 eorum,
2045 3176 2095 3247 (ἶ
2124 3211 2254 3265 tiam
2306 3176 2476 3266 sum;
2508 3176 2831 3278 redimenti:
2859 3209 3025 3265 etiam
3074 3209 3334 3263 ducatum
3389 3176 3746 3282 Lotharisgia

404 3310 499 3382 qui
531 3326 591 3365 se
612 3308 1045 3373 substraxerant,
1075 3306 1143 3360 ad
1174 3320 1272 3360 eos
1301 3304 1445 3374 apud
1461 3301 1658 3372 Tyrum
1686 3300 2021 3354 recurrenti-

404 3401 527 3461 bus.
560 3400 783 3454 tandem
807 3398 1139 3470 perveniunt
1162 3393 1516 3450 Hierusalem.
1562 3392 1744 3463 anue
1774 3390 2018 3457 obsessa,

405 3505 529 3545 cum
563 3488 879 3544 laborarent
917 3503 1013 3558 pre
1041 3486 1217 3541 victus
1247 3493 1301 3539 et
1331 3482 1565 3538 maxime
1597 3496 1692 3551 pre
1713 3495 1868 3551 aqua:
1897 3480 2021 3534 ino-

406 3580 520 3650 pia,
577 3595 775 3635 omnes
805 3596 869 3635 ex
900 3576 1178 3634 communi
1210 3577 1433 3631 decreto
1464 3572 1628 3627 nudis
1667 3571 1904 3643 pedibus
1933 3585 2020 3625 co-

401 3671 537 3725 tidie
599 3670 812 3726 orando
862 3668 1172 3734 circuibant
1218 3666 1427 3721 urbem.
1472 3663 1670 3720 Octavo
1715 3677 1847 3737 ergo
1894 3661 2017 3716 talis

402 3766 801 3822 humiliationis
821 3766 932 3832 die,
964 3764 1272 3821 obsidionis
1288 3771 1467 3817 autem
1500 3762 1589 3816 die
1621 3760 1710 3827 39,
1744 3766 1903 3831 capta
1927 3764 2011 3812 est

404 3857 762 3919 Hierusalem,
800 3856 874 3909 ld.
911 3854 1039 3910 Julii
1068 3854 1123 3908 in
1155 3854 1189 3908 6
1236 3852 1404 3918 feria;
1450 3860 1504 3907 et
1534 3852 1590 3906 in
1623 3851 1828 3921 templo
1857 3848 2012 3903 Salo-

397 3947 575 4002 monis
624 3945 768 4000 etin
825 3945 1036 4016 porticu
1082 3944 1201 4012 ejus
1257 3942 1540 3997 christiani
1601 3958 1723 3996 cum
1780 3940 2010 4013 paganis

396 4038 592 4110 quinto
624 4038 772 4093 bello
822 4043 1098 4103 conserto,
1142 4044 1292 4090 tanta
1333 4036 1388 4089 in
1423 4035 1506 4089 eis
1556 4035 1693 4089 cede
1725 4033 2009 4088 debaccati

2121 3304 2306 3358 donaL

2191 3398 2351 3452 1102.
2572 3397 2659 3451 46.
2888 3395 2974 3449 42.
3191 3393 3244 3447 2.
3466 3390 3520 3449 2.

2192 3487 2430 3542 Roberto
2461 3484 2875 3540 Flandrensium
2908 3484 3109 3539 comite
3158 3482 3504 3554 inquietante
3534 3481 3742 3536 urbem

2121 3577 2496 3645 Cameracum,
2548 3576 2836 3630 lleinricus
2865 3575 3165 3645 imperator
3209 3580 3401 3628 contra
3439 3588 3567 3627 eum
3619 3588 3738 3642 pro-

2117 3665 2410 3733 ﬁciscitur;
2442 3676 2497 3721 et
2521 3664 2800 3737 aliquibus
2828 3665 2950 3733 ejus
2977 3662 3218 3718 castellis
3247 3662 3598 3735 expugnatis,
3650 3678 3737 3717 as-

2113 3758 2347 3832 peritate
2365 3756 2622 3813 instantis
2641 3755 2842 3810 hiemis
2863 3754 3045 3809 redire
3071 3753 3440 3825 compellitur.

2184 3854 2343 3911 1103.
2558 3853 2647 3908 47.
2865 3851 2953 3908 43.
3172 3851 3226 3908 3.
3446 3850 3480 3905 3

2184 3948 2471 4003 lleinricus
2519 3946 2819 4018 imperator
2869 3944 3077 3999 sedatis
3126 3943 3404 3998 Saxonum
3462 3941 3728 4007 motibus,

2111 4055 2301 4111 pacem
2334 4039 2389 4093 in
2445 4036 2870 4110 quadriennium
2913 4035 3197 4092 constituit
3222 4036 3291 4070 ²⁶⁶
3331 4033 3495 4108 (338).
3529 4035 3731 4110 Leggia

388 4138 537 4195 sunt,
570 4131 712 4185 utin
743 4129 1016 4202 sanguine
1046 4128 1353 4182 occisorum
1386 4126 1696 4197 equitarent
1723 4140 1898 4196 usque
1938 4124 2005 4179 ad
2107 4128 2356 4203 generali
2405 4135 2680 4184 conventu
2731 4127 2940 4195 habito,
3000 4128 3275 4183 Robertus
3327 4142 3520 4183 comes
3570 4127 3727 4182 Flau-

391 4234 573 4293 genua
594 4234 884 4291 equorum.
915 4217 1044 4273 Cum
1079 4216 1387 4272 ordinatum
1419 4221 1584 4281 esset,
1618 4214 1711 4285 qui
1753 4214 2006 4269 Hierusa-
2108 4220 2324 4276 drensis
2354 4221 2407 4274 in
2440 4220 2667 4295 gratiam
2700 4220 3052 4292 imperatoris
3083 4219 3349 4292 recipitur
3376 4220 3545 4291 (339).

386 4306 496 4362 lem
526 4307 801 4362 deberent
825 4306 1087 4371 retinere,
1116 4303 1461 4375 principibus
1483 4303 1599 4372 jam
1628 4303 1697 4357 de
1718 4304 2005 4374 patriando
2179 4312 2319 4365 1104
2558 4311 2647 4364 48.
2868 4311 2956 4365 44,
3175 4312 3227 4365 4.
3453 4310 3507 4366 ι,

390 4398 705 4469 agentibus,
757 4412 886 4451 ecce
943 4411 1036 4449 rex
1090 4394 1486 4448 Saracenorum
1528 4392 1595 4447 ad
1645 4392 2008 4448 debellandos
2179 4399 2602 4456 Ηίρι-οεοιίηιίιεε
2633 4401 2875 4455 Accamn
2900 4400 3092 4455 urbem
3125 4400 3370 4470 capium_

392 4504 489 4544 eos
517 4491 671 4545 venit
695 4489 1040 4554 Ascalonam,
1070 4503 1193 4541 cum
1241 4492 1459 4543 centum
1502 4483 1727 4538 milibus
1757 4485 2002 4555 equitum
2033 4549 2069 4555 _
2177 4490 2338 4544 1105.
2558 4489 2644 4544 49.
2866 4489 2955 4544 45.
3174 4490 3228 4544 5.
3450 4488 3487 4544 5

388 4587 443 4633 et
475 4580 871 4654 quadragentis
918 4579 1143 4633 milibus
1168 4577 1440 4649 peditum.
1498 4575 1709 4641 Quibus
1756 4593 1879 4631 cum
1910 4549 2083 4632 oc-D
2180 4579 2598 4636 Hierosolimitaa
2630 4580 3096 4635 innumerabilem
3146 4594 3489 4655 paganorum
3532 4581 3723 4636 multi-

390 4674 655 4729 currissct
686 4674 957 4729 exercitus
993 4672 1236 4739 Domini,
1286 4672 1339 4726 in
1396 4687 1505 4743 quo
1548 4688 1658 4727 non
1687 4671 1810 4743 plus
1840 4688 2005 4743 quam
2106 4678 2356 4733 tudinem
2385 4676 2622 4752 gloriosa
2653 4677 2880 4732 victoria
2925 4685 3238 4732 conterunt.
3274 4677 3444 4733 Filius
3477 4678 3719 4749 impera-

385 4763 421 4820 5
452 4765 605 4819 milia
632 4766 877 4837 equitum
911 4773 966 4821 et
1000 4766 1064 4820 15
1090 4765 1242 4819 milia
1267 4764 1511 4835 peditum
1545 4773 1722 4831 erant,
1754 4764 1865 4820 Deo
1904 4780 2005 4835 pro
2110 4767 2243 4822 toris
2290 4766 2527 4821 Heiurici
2576 4782 2606 4821 a
2637 4774 2789 4837 patre
2820 4782 3045 4821 aversus
3082 4766 3249 4837 (310),
3308 4781 3587 4839 quosquos
3622 4782 3724 4838 po-

1732 4874 1952 4929 VARUE
1989 4875 2359 4932 LECTIONES.

449 4974 869 5049 ’ffcuonradus
903 4977 1293 5049 -—perimitur
1309 4977 1503 5031 desunt
1531 4975 1589 5049 D.
1663 4971 1898 5049 ἐξ-(ΞΑ).
1937 4976 1995 5049 Η.
2028 4977 2084 5033 F.
2112 4992 2163 5033 ο.
2191 4993 2240 5033 a.
2269 4979 2464 5034 desqu
2495 4977 2621 5032 ομ.
2654 4977 2713 5033 D.
2799 4978 2870 5013 ³⁸³
2900 4976 3068 5049 Capta
3096 5009 3154 5017 —
3191 4977 3485 5034 Saracenis
3514 4980 3716 5034 desunt

378 5047 541 5129 A.__’“
569 5048 803 5129 Sanctus
831 5078 898 5088 -—
921 5045 1422 5129 miraculisdesunt
1451 5049 1514 5129 A;
1557 5047 1673 5129 DL,
1794 5045 1890 5129 Ci.
2061 5049 2113 5106 3.
2147 5050 2180 5103 4
2327 5055 2393 5129 I_n
2421 5050 2674 5129 mdical.
2706 5045 3102 5129 eadem-nium:
3160 5057 3396 5105 exarata
3432 5058 3580 5129 suat,
3606 5067 3718 5120 qua

376 5120 607 5193 reliqug.
697 5120 766 5154 ²⁶⁸
797 5118 1047 5188 moritur,
1103 5128 1229 5190 post
1268 5134 1436 5190 quem
1489 5117 1657 5173 frater
1685 5117 1806 5187 ejus
1840 5118 2140 5176 Balduinus
2193 5121 2532 5193 principatur
2588 5122 2648 5176 Λ.
2713 5122 2784 5156 ³6⁸
2826 5120 3112 5176 lleinricus
3156 5151 3225 5161 -—
3266 5122 3551 5178 constituit
3617 5117 3715 5177 ile-

367 5197 503 5247 sunt
540 5191 602 5247 D.

1932 5262 1974 5317 Ν
1980 5261 2142 5319 ΟΤιΕ.

465 5360 590 5437 330)
618 5364 1136 5437 Ωιιανιιιηξ-ς-ειέῃι
1170 5361 1238 5417 de
1268 5375 1370 5417 suo
1396 5360 1609 5418 addidit
1637 5360 1983 5437 Sigebertus;

369 5432 467 5489 sed
508 5433 646 5489 falsa
664 5440 815 5488 sunt.
847 5432 1105 5488 HIRSCH.

439 5504 587 5573 (331)
619 5506 675 5561 D.
705 5503 774 5577 13
798 5504 971 5577 April.
1002 5504 1160 5562 1099.

435 5577 674 5651 (332)7D.
697 5576 776 5651 23
804 5576 943 5651 Aug.

433 5645 576 5719 (333)
597 5649 779 5721 Potius
804 5645 948 5721 prid.
984 5645 1227 5721 ld__Aug.

435 5716 579 5793 (334)
616 5716 867 5777 Urbanus
884 5720 940 5793 Δ11
970 5716 1110 5775 obiit
1148 5716 1203 5772 (Ι.
1232 5716 1303 5771 29
1343 5716 1469 5773 Julii
1497 5717 1655 5777 1099.
1686 5719 1979 5777 Guibertus

364 5790 571 5851 mense
590 5793 739 5864 Sept.
770 5790 927 5849 1100.

2159 5364 2302 5442 (333)
2336 5366 2558 5442 [Electus
2576 5367 2633 5442 d_.
2665 5367 2732 5422 13
2760 5367 2879 5442 Aug
2934 5365 3087 5423 1099.

2154 5436 2301 5507 (336)
2335 5439 2400 5493 Ι).
2434 5439 2503 5493 15
2532 5438 2642 5494 Jul.

2157 5508 2304 5577 (337)
2332 5509 2522 5564 Mense
2561 5508 2709 5565 Julio
2743 5507 2900 5565 1102.

2160 5580 2301 5657 (333)
2330 5579 2652 5657 Moguntize,
2685 5580 2740 5635 d.
2773 5581 2826 5636 6.
2856 5580 3012 5646 Jan.;
3043 5578 3117 5635 cf.
3139 5578 3289 5637 Men.
3326 5581 3487 5657 Legg.
3514 5596 3571 5647 ιι,
3605 5581 3699 5638 60.

2160 5597 2301 5650 (ωδ)
2330 5597 2417 5636 luo
2498 5597 2647 5648 mue,

2155 5651 2300 5720 (339)
2331 5651 2392 5705 D.
2419 5597 2493 5707 ἐξ
2522 5651 2647 5707 Jun.

2153 5722 2293 5793 (340)
2323 5722 2381 5777 ο.
2413 5724 2481 5777 12
2503 5723 2628 5779 Dec.
2672 5722 2856 5777 nos.
