3876 6208
357 357 469 413 231

1584 342 1924 400 SIGEBERTI
1975 343 2485 422 GEMBLACENSIS.

3612 343 3726 399 23?.

373 490 509 546 tum,
542 479 677 549 quod
715 485 777 533 ut
800 477 952 531 miles
974 476 1197 530 'domino
1213 477 1519 543 juraverat,
1552 488 1779 539 regnum
1810 486 1989 525 meum
2012 474 2061 540 Α
2088 474 2290 524 esti-mo.
2329 495 2353 516 »ι
2388 478 2453 527 At
2504 487 2594 541 ego
2630 473 2745 537 «Mi,
2781 491 2803 515 -
2854 473 3100 538 inquam,
3143 489 3157 515 ι
3194 470 3294 534 ﬁli,
3359 474 3507 525 testis
3547 478 3600 524 et
3615 476 3722 539 ju-

371 574 665 633 invaderet,
701 572 958 639 episcopos
990 575 1040 622 et
1069 568 1283 619 abbates
1312 580 1449 619 meos
1476 565 1769 633 deponeret,
1800 566 1987 616 inimi-

374 680 457 719 cos
483 666 908 731 etpersecutores
960 673 1100 711 meos
1150 656 1514 719 substitueret,
1583 653 1651 706 ad
1712 653 1983 709 ultimum.

372 756 509 825 quod
536 756 776 808 maxime
804 752 989 805 vellem
1021 751 1205 811 taceri,
1248 753 1345 800 aut
1374 749 1421 799 si
1450 748 1617 798 taceri
1669 759 1778 798 non
1799 749 1986 812 potest,

373 846 560 899 vellem
587 858 698 897 non
722 841 881 905 credi,
908 852 1119 892 omnem
1170 842 1386 890 natura
1428 836 1679 901 affectum
1710 832 1984 900 abjiciens,

380 942 440 991 in
467 938 699 991 salutem
749 939 797 987 et
843 934 1087 985 animam
1124 943 1303 982 meum
1352 926 1671 991 intenderet,
1702 939 1799 978 nec
1843 924 1993 990 pensi

377 1032 669 1097 quicquam
699 1026 934 1085 haberet,
968 1034 1297 1090 quocumque
1337 1018 1488 1070 modo
1516 1016 1596 1069 vel
1620 1017 1674 1068 vi
1696 1015 1774 1067 vel
1800 1013 1993 1079 fraude

378 1118 450 1170 ad
471 1119 611 1169 hanc
633 1115 859 1181 periculi
887 1118 937 1163 et
963 1111 1270 1177 ignominia
1293 1121 1406 1160 sua:
1452 1118 1724 1159 summam
1783 1105 1992 1168 aspira-

374 1211 473 1259 ret.
504 1210 567 1256 In
594 1206 693 1256 hac
723 1208 877 1254 tanta
903 1201 1046 1269 ,mali
1084 1201 1172 1252 sui
1226 1197 1647 1260 machinatione,
1683 1207 1806 1247 cum
1830 1205 1993 1243 essem

374 1301 433 1350 in
454 1310 586 1364 pace
609 1301 657 1347 et
688 1296 746 1346 in
776 1294 959 1359 aliqua
985 1291 1177 1344 salutis
1204 1304 1335 1342 mele
1392 1289 1700 1349 securitate,
1758 1287 1815 1337 in
1868 1285 1993 1349 ipsis

372 1386 625 1439 dominici
656 1384 918 1435 adventus
965 1381 1324 1434 sanctissimis
1377 1378 1559 1430 diebus
1606 1378 1665 1428 in
1694 1376 1868 1428 locum
1897 1374 1988 1440 qui

374 1477 713 1542 (Ion/luentia
744 1475 965 1539 dicitur,
994 1473 1063 1525 ad
1091 1472 1411 1539 colloquium
1438 1470 1671 1523 evocavit
1699 1481 1804 1532 me,
1836 1467 1989 1533 quasi

376 1569 439 1622 de
461 1568 738 1622 communi
764 1566 941 1619 salute
970 1570 1018 1617 et
1057 1566 1250 1616 honore
1299 1563 1445 1627 ﬁlius
1503 1566 1838 1614 tractaturus
1868 1571 1993 1610 cum

376 1672 552 1733 patre.
580 1667 743 1726 Quem
774 1667 838 1715 ut
865 1661 995 1725 vidi,
1028 1661 1148 1712 ilico
1216 1672 1283 1711 ea:
1331 1663 1559 1726 paterno
1596 1656 1791 1723 affectu
1818 1658 1991 1705 tactus

381 1762 706 1812 intrinsecus
733 1756 905 1809 dolore
933 1754 1100 1808 cordis
1132 1755 1235 1805 mei
1289 1752 1359 1805 ad
1403 1751 1552 1819 pedes
1602 1764 1721 1802 suos
1767 1747 1989 1816 procidi,

2087 563 2189 616 dea:
2213 579 2521 619 sermonum
2546 570 2595 618 et
2632 564 2756 627 ﬁdei
2780 562 2919 615 adsit
2946 564 3088 615 inter
3101 576 3195 616 nos
3224 562 3375 616 hodie
3430 567 3589 629 Deus,
3622 567 3723 631 qui

2088 655 2338 718 quomodo
2370 661 2419 707 te
2448 658 2506 708 in
2530 657 2711 707 virum
2718 654 3021 721 perfectum
3043 657 3092 704 et
3117 652 3360 705 heredem
3388 666 3571 705 meum
3594 667 3720 720 pro-

2088 742 2358 807 duxerim,
2407 745 2623 810 quantis
2680 742 2948 795 laboribus
2999 748 3050 795 et
3106 741 3550 795 tribulationibus
3580 744 3716 794 meis

2091 837 2280 890 honori
2308 844 2396 891 tuo
2418 840 2772 904 inservierim,
2799 844 2923 905 quot
2944 844 2993 890 et
3013 843 3247 905 quantas
3287 838 3716 905 inimicitiaspro

2093 934 2142 980 te
2170 929 2452 982 habuerim
2489 937 2537 983 et
2567 930 2813 996 habeam,
2840 930 2980 983 solus
3018 934 3093 983 est
3133 932 3395 985 conscius.
3428 950 3450 979 ι
3484 930 3579 982 Ille
3608 945 3715 983 au-

2095 1023 2196 1068 tem
2225 1019 2421 1070 iterum
2451 1022 2572 1087 jam
2631 1021 2804 1083 tertio,
2858 1019 2957 1072 sub
3010 1019 3246 1087 ejusdem
3297 1018 3422 1083 ﬁdei
3445 1023 3497 1070 et
3527 1031 3716 1071 sacra-

2096 1113 2264 1161 menti
2290 1111 2651 1177 obtestatione,
2683 1115 2731 1164 si
2758 1115 3031 1180 ingrueret
3085 1114 3290 1165 occasio
3337 1110 3589 1178 periculi,
3618 1125 3717 1162 ca-

2088 1207 2193 1267 put
2219 1218 2380 1256 suum.
2401 1217 2497 1269 pro
2539 1204 2713 1269 capite
2761 1217 2878 1255 meo
2926 1203 3040 1267 fore
3084 1203 3329 1268 promisit
3381 1200 3567 1253 michi.
3626 1201 3717 1250 Sic

2090 1301 2366 1363 postquam
2399 1294 2591 1346 clausit
2620 1305 2705 1345 me
2732 1294 2791 1344 in
2818 1292 2997 1345 eodem
3020 1293 3252 1357 castello,
3284 1292 3415 1359 quia
3438 1292 3626 1343 omnia
3652 1292 3710 1341 in

2088 1386 2239 1438 corde
2266 1390 2315 1436 et
2345 1383 2412 1415 ³⁷³
2443 1383 2595 1435 corde
2621 1388 2738 1434 erat
2765 1382 2992 1449 locutus,
3032 1382 3322 1447 manifeste
3371 1380 3602 1433 ostendit
3631 1383 3714 1432 rei

2091 1483 2326 1531 eventus.
2358 1481 2438 1529 Ea?
2462 1476 2705 1529 omnibus
2737 1477 2865 1529 meis
2890 1488 2982 1543 ego
3009 1480 3237 1543 quartus
3265 1489 3388 1528 sum
3421 1474 3668 1526 inclusus
3693 1488 3709 1533 ;

2093 1581 2190 1620 nec
2213 1567 2429 1618 admitti
2482 1566 2658 1632 potuit
2695 1563 2915 1631 quilibet
2965 1562 3124 1616 alius.
3155 1562 3400 1616 Custodes
3436 1561 3710 1628 deputati,

2091 1658 2185 1723 qui
2206 1659 2327 1708 vitvr
2356 1669 2483 1707 771003
2505 1659 2662 1706 erant
2687 1655 2971 1706 atrociores
3010 1654 3221 1705 inimici
3276 1652 3595 1706 Benedictus
3616 1665 3714 1718 per

2092 1747 2276 1799 omnia.
2304 1748 2458 1808 Deus,
2487 1742 2767 1796 exaltandi
2799 1747 2849 1794 et
2887 1741 2955 1774 ²⁷⁵
2986 1743 3314 1795 humiliandi
3335 1756 3715 1810 quemcunque

380 1852 672 1904 admonens
698 1854 749 1901 et
776 1848 1041 1902 obtestans
1063 1861 1158 1914 per
1186 1849 1369 1911 Deum,
1401 1859 1492 1912 per
1517 1844 1695 1909 ﬁdem,
1718 1856 1814 1909 per
1840 1842 1990 1894 salu-
2017 1805 2067 1872 Β
2089 1843 2313 1894 voluerit
2339 1856 2434 1893 rex
2455 1841 2877 1908 potentissimus.
2910 1842 3043 1892 Cum
3091 1840 3260 1907 igitur
3315 1841 3425 1906 ipso
3452 1840 3714 1891 sacratis-

384 1946 489 1993 tem
518 1941 736 2003 animae,
770 1942 832 1990 ut
859 1939 906 1989 si
925 1950 1023 2004 pro
1048 1936 1275 2003 peccatis
1302 1935 1433 1986 meis
1458 1930 1811 1999 ﬂagellandus
1841 1944 1990 1983 eram

380 2048 414 2086 a
440 2036 560 2097 Deo,
587 2031 650 2083 de
672 2044 757 2083 me
785 2031 893 2097 ipse
916 2028 1128 2081 nullam
1178 2026 1454 2080 maculam
1508 2025 1839 2091 conquireret
1867 2024 1990 2073 ani-

380 2136 505 2186 mm,
539 2122 727 2174 honori
753 2124 804 2172 et
833 2120 1042 2171 nomini
1062 2130 1157 2170 suo
1188 2133 1205 2183 ;
1233 2118 1361 2184 quia
1390 2116 1561 2182 culpie
1588 2115 1757 2181 patris
1804 2112 1987 2165 vindi-

383 2225 495 2264 cem
524 2210 703 2274 ﬁlium
730 2222 837 2261 esse
864 2207 1017 2260 nulla
1048 2206 1244 2258 divinas
1293 2206 1419 2271 legis
1448 2218 1693 2271 unquam
1717 2202 1993 2255 constituit

382 2301 610 2353 sanctio.
644 2300 710 2350 At
742 2297 829 2351 ille
868 2299 991 2365 jam
1042 2296 1281 2364 pulchre,
1323 2296 1485 2347 immo
1510 2294 1808 2346 miserrime
1838 2293 1992 2344 insti-

385 2394 534 2442 tutus
561 2387 631 2439 ad
676 2386 969 2450 malitiam,
1022 2386 1179 2452 quasi
1233 2382 1627 2436 abhominabile
1675 2388 1725 2434 et
1776 2395 1995 2433 execra-

382 2480 484 2534 bile
512 2479 580 2512 ’τε
609 2479 778 2533 scelus
832 2481 986 2545 coepit
1035 2478 1289 2530 detestari
1315 2493 1333 2542 ;
1383 2476 1658 2545 procidens
1713 2481 1761 2527 et
1794 2478 1899 2541 ipse
1927 2473 1995 2525 ad

376 2569 529 2635 pedes
568 2582 728 2634 meos,
785 2567 850 2620 de
899 2568 1171 2635 preteritis
1218 2567 1373 2633 ccepit
1400 2567 1613 2618 veniam
1677 2566 1908 2633 precari,
1938 2564 1996 2615 in

380 2658 653 2725 reliquum
680 2662 744 2710 ut
780 2657 933 2710 miles
990 2656 1222 2716 domino,
1280 2660 1341 2708 ut
1365 2657 1516 2724 patri
1543 2656 1709 2719 ﬁlius,
1742 2668 1868 2707 cum
1894 2652 1998 2718 ﬁde

382 2754 432 2801 et
468 2750 695 2801 veritate
736 2762 832 2816 per
856 2750 1039 2801 omnia
1062 2761 1117 2800 se
1168 2748 1331 2800 michi
1356 2746 1742 2799 obauditurum
1771 2744 1996 2797 cumla-

383 2839 566 2890 crimis
619 2840 929 2905 promittere
958 2880 975 2903 ,
1028 2838 1075 2889 si
1150 2836 1475 2889 solummodo
1528 2835 1638 2887 sedi
1704 2834 1998 2901 apostolica:

375 2924 562 2979 vellem
594 2925 954 2979 reconciliari.
986 2925 1129 2986 Quod
1157 2939 1283 2978 cum
1317 2926 1712 2992 promptissime
1764 2924 1993 2975 annuis-

377 3028 508 3079 sem,
540 3018 589 3065 et
612 3012 982 3066 deliberationi
1008 3028 1116 3067 sua:
1144 3018 1196 3066 et
1225 3013 1444 3067 consilio
1468 3014 1781 3079 principum
1811 3014 1872 3064 in
1900 3013 1995 3064 hoc

379 3106 552 3155 totum
579 3114 665 3153 me
692 3101 1120 3168 mancipandum
1129 3102 1517 3169 promisissem:
1553 3103 1611 3153 in
1637 3102 1873 3168 presenti
1893 3115 1996 3153 na-

381 3195 593 3247 tivitate
628 3207 683 3247 se
704 3193 1094 3260 perducturum
1123 3208 1210 3246 me
1234 3197 1583 3261 Moguntiam,
1632 3200 1683 3247 et
1708 3193 1783 3246 ibi
1810 3194 1873 3246 de
1900 3194 1990 3247 ho-
2015 3179 2064 3248 C

378 3299 507 3339 nore
531 3292 582 3338 et
644 3286 1074 3339 reconciliatione
1129 3300 1248 3338 mea
1308 3300 1474 3353 quam
1509 3286 1718 3349 ﬁdelius
1742 3291 1912 3353 posset
1939 3300 1995 3339 se

381 3381 657 3441 acturum,
685 3381 737 3428 et
762 3376 885 3429 inde
934 3379 995 3429 in
1040 3390 1230 3444 pacem
1265 3382 1315 3429 et
1343 3378 1689 3430 securitatem
1717 3392 1802 3429 me
1829 3378 1993 3430 redu-

380 3468 609 3522 cendum
632 3469 897 3535 promisit,
926 3470 985 3521 in
1011 3482 1074 3521 ea
1136 3470 1363 3522 veritate
1392 3475 1441 3522 et
1469 3469 1592 3533 ﬁde,
1651 3485 1755 3537 qua
1781 3476 1994 3537 patrem

379 3571 414 3608 a
442 3556 553 3619 ﬁlio
576 3557 832 3609 honorari
854 3560 905 3608 et
932 3556 1110 3619 ﬁlium
1141 3572 1173 3609 a
1208 3562 1364 3624 patre
1388 3560 1619 3626 precipit
1654 3562 1787 3611 Deus
1818 3559 1983 3625 diligi.

386 3651 496 3701 liae
517 3649 884 3715 promissione,
942 3663 1058 3716 quae
1087 3650 1251 3702 etiam
1288 3650 1476 3717 gentili
1522 3650 1849 3704 observanda
1900 3658 1995 3717 est,

382 3754 623 3806 securus,
656 3740 898 3794 illorsum
925 3740 1089 3807 ibam,
1116 3747 1168 3794 et
1196 3742 1340 3806 ﬁlius
1388 3757 1537 3796 meus
1592 3744 1999 3811 aliquantulum

381 3834 705 3897 processerat
728 3844 814 3883 me
840 3846 859 3896 ;
889 3845 1013 3883 cum
1041 3831 1263 3898 quidam
1302 3832 1478 3895 ﬁdeles
1506 3835 1614 3886 mei
1639 3840 1994 3899 occurrentes,

377 3924 648 3976 verissime
674 3922 1042 3990 aﬁirmabant,
1074 3937 1160 3977 me
1187 3924 1465 3991 deceptum
1494 3930 1545 3978 et
1598 3927 1869 3993 proditum
1894 3926 1992 3981 sub

377 4016 518 4080 falsa
535 4019 683 4083 pacis
710 4022 763 4069 et
791 4017 915 4080 ﬁdei
940 4020 1240 4085 sponsione.
1295 4022 1582 4073 Revocatus
1632 4027 1818 4074 autem
1844 4024 1990 4086 ﬁlius

381 4118 547 4169 meus,
577 4110 625 4156 et
655 4107 852 4158 iterum
903 4108 1293 4159 instantissime
1316 4122 1350 4160 a
1406 4122 1491 4161 me
1540 4109 1868 4177 admonitus,
1898 4113 1998 4165 sub

381 4192 614 4258 ejusdem
632 4192 757 4255 ﬁdei
773 4198 824 4245 et
839 4197 1171 4247 sacramenti
1195 4194 1542 4249 obtestatione
1566 4201 1813 4251 animam
1835 4215 1995 4254 suam

376 4293 474 4346 pro
500 4281 689 4332 anima
720 4294 839 4333 mea
868 4281 983 4346 fore
1002 4285 1250 4349 promisit
1291 4286 1415 4351 jam
1444 4286 1677 4339 secunda
1707 4289 1819 4341 vice
1861 4292 1994 4342 Cum

378 4384 501 4438 ergo
525 4371 594 4423 ad
622 4371 797 4425 locum
826 4375 920 4440 qui
965 4375 1138 4441 Binga
1188 4375 1388 4428 dicitur
1409 4381 1848 4446 peruenissemus,
1872 4384 1995 4449 jam

380 4465 639 4518 existente
664 4465 749 4517 die
790 4467 999 4518 Veneris
1028 4472 1157 4519 ante
1211 4469 1574 4535 nativitatem,
1606 4485 1866 4526 numerus
1891 4490 1989 4526 ar-

2088 1935 2221 1985 simo
2249 1932 2333 1983 die
2357 1932 2659 1982 nativitatis
2694 1944 2825 1995 sum,
2867 1929 3113 1983 omnibus
3172 1929 3456 1996 redemptis
3483 1931 3598 1982 suis
3628 1928 3716 1981 ille

2089 2027 2309 2075 sanctus
2323 2027 2637 2075 sanctorum
2655 2033 2793 2087 puer
2819 2020 3009 2084 fuisset
3032 2024 3218 2085 natus,
3247 2020 3417 2072 michi
3437 2019 3538 2072 soli
3560 2018 3713 2083 ﬁlius

2090 2118 2181 2170 ille
2206 2131 2311 2170 non
2335 2120 2411 2170 est
2430 2117 2609 2169 datus.
2629 2117 2765 2170 Nam
2779 2119 2840 2168 ut
2866 2118 3069 2168 taceam
3096 2115 3414 2184 opprobria,
3441 2117 3710 2185 injurias,

2091 2207 2289 2267 minas,
2330 2203 2537 2271 gladios
2576 2204 2633 2255 in
2662 2204 2915 2257 cervicem
2928 2219 3096 2257 meam
3123 2205 3351 2271 exertos,
3384 2205 3500 2257 nisi
3523 2207 3712 2257 omnia

2094 2297 2361 2364 imperata
2388 2296 2650 2361 facerem;
2681 2295 2881 2360 famem
2908 2297 3091 2359 etiam,
3133 2299 3183 2348 et
3210 2296 3359 2349 sitim
3389 2311 3555 2366 quam
3580 2298 3722 2363 fere-

2096 2385 2239 2451 bam,
2272 2389 2320 2437 et
2358 2384 2426 2437 ab
2454 2385 2569 2438 illis
2600 2400 2731 2453 quos
2787 2384 3002 2453 injuria
3027 2388 3143 2439 erat
3178 2385 3361 2439 videre
3389 2390 3439 2439 et
3469 2387 3668 2441 audire
3698 2406 3713 2450 ;

2094 2478 2155 2528 ut
2182 2476 2345 2528 etiam
2373 2478 2597 2540 taceam,
2629 2473 2774 2543 quod
2792 2478 2871 2528 est
2888 2476 3132 2541 gravius,
3156 2491 3239 2529 me
3267 2475 3398 2530 olim
3428 2478 3570 2531 satis
3592 2479 3717 2543 feli-

2096 2582 2206 2620 cem
2233 2567 2405 2633 fuisse
2437 2584 2449 2619 :
2479 2566 2619 2621 illud
2646 2582 2925 2637 nunquam
2942 2568 3253 2635 obliviscar,
3277 2584 3559 2638 nunquam
3578 2571 3718 2624 desi-

2095 2672 2223 2710 nam
2247 2658 2491 2712 omnibus
2511 2657 2824 2711 christianis
2848 2660 3122 2727 conqueri,
3155 2658 3302 2726 quod
3328 2659 3443 2713 illis
3471 2661 3715 2715 sanctis-

2096 2750 2251 2802 simis
2275 2749 2462 2802 diebus
2491 2751 2604 2802 sine
2630 2750 2777 2802 omni
2805 2751 3104 2804 christiana
3142 2753 3511 2806 communione
3540 2755 3597 2807 in
3625 2753 3718 2807 illo

2097 2857 2308 2896 carcere
2321 2842 2430 2908 fui.
2467 2847 2527 2895 In
2568 2843 2679 2896 illis
2704 2846 3037 2913 pwnitentia:
3065 2850 3114 2899 et
3153 2845 3529 2901 tribulationis
3586 2863 3715 2901 mete

2095 2934 2302 2997 diebus,
2335 2950 2369 2986 a
2396 2934 2510 3002 ﬁlio
2536 2949 2650 2988 meo
2679 2937 2875 2990 missus
2901 2939 3046 2991 venit
3074 2936 3150 2991 ad
3168 2951 3251 2990 me
3287 2931 3519 3006 quidam
3542 2941 3711 3008 prin—

2094 3025 2272 3093 cipum
2307 3023 2627 3091 Wicbertus,
2658 3024 2840 3079 dicens
2869 3026 3084 3079 nullum
3129 3028 3254 3080 vita:
3289 3041 3419 3082 meae
3443 3042 3558 3082 esse
3585 3043 3715 3083 con-

2092 3120 2297 3183 silium,
2351 3121 2459 3172 nisi
2501 3121 2617 3173 sine
2662 3121 2778 3174 ulla
2837 3122 3261 3176 contradictione
3322 3124 3493 3178 etiam
3552 3127 3713 3195 regni

2091 3208 2336 3274 insignia
2376 3207 2668 3272 redderem,
2723 3225 2791 3283 ea:
2856 3210 3128 3263 voluntate
3168 3215 3217 3265 et
3269 3212 3504 3280 imperio
3539 3214 3716 3281 prin-

2091 3300 2288 3367 cipum.
2325 3299 2398 3353 At
2425 3314 2537 3367 ego,
2562 3304 2611 3353 et
2639 3302 2689 3355 si
2711 3302 2883 3355 omnis
2930 3306 3095 3369 terra,
3124 3308 3392 3372 quantum
3429 3306 3720 3361 inhabita—

2090 3393 2198 3453 tur,
2229 3390 2385 3455 regni
2412 3391 2516 3443 mei
2541 3393 2673 3442 esset
2728 3392 3006 3455 terminus,
3037 3392 3215 3446 volens
3261 3392 3332 3426 ³⁷⁸
3361 3395 3537 3449 vitam
3556 3411 3718 3463 regno

2093 3482 2417 3533 commutare
2457 3495 2471 3543 ;
2505 3480 2637 3547 quia
2664 3480 2849 3533 vellem
2906 3481 3095 3534 nollem
3144 3484 3219 3536 sic
3257 3482 3535 3549 agendum
3563 3489 3616 3539 ct
3641 3489 3718 3541 sic

2099 3570 2378 3638 deﬁnitum
2413 3571 2797 3637 intellegebam,
2859 3587 3132 3637 coronam,
3197 3589 3430 3639 crucem,
3472 3577 3715 3632 lanceam

2099 3661 2188 3726 "7,
2219 3659 2465 3726 gladium
2506 3661 2630 3713 misi
2684 3662 3046 3727 Moguntiam.
3109 3665 3254 3719 Tunc
3318 3670 3712 3723 communicato

2098 3752 2325 3806 consilio
2353 3766 2471 3805 cum
2510 3753 2746 3806 inimicis
2796 3755 2928 3807 meis
2953 3755 3101 3822 ﬁlius
3125 3770 3271 3817 meus
3297 3758 3605 3826 egrediens,
3633 3776 3717 3815 re-

2098 3845 2240 3898 lictis
2270 3843 2469 3897 ibidem
2478 3844 2729 3912 ﬁdelibus
2753 3848 2805 3899 et
2815 3848 3004 3900 amicis
3020 3850 3237 3915 nostris,
3267 3853 3433 3918 quasi
3446 3867 3533 3906 me
3544 3868 3601 3907 eo
3622 3853 3717 3908 ad-

2091 3938 2379 4003 ducturus,
2407 3936 2505 3990 sub
2535 3938 2707 3989 multa
2759 3937 3072 4006 frequentia
3098 3944 3148 3993 et
3181 3941 3435 3997 custodia
3465 3950 3714 4000 armato-

2093 4045 2224 4084 rum
2258 4045 2340 4083 me
2369 4029 2640 4093 eductum,
2674 4029 2750 4082 ad
2784 4031 2977 4084 villam
3031 4047 3147 4101 quae
3173 4035 3449 4101 Ingclhem
3466 4043 3716 4103 vocatur,

2097 4121 2225 4186 fecit
2249 4136 2328 4174 me
2356 4120 2430 4173 ad
2440 4136 2492 4174 se
2521 4120 2741 4174 adduci.
2780 4122 2878 4175 Ubi
2891 4124 3189 4177 maximam
3204 4125 3553 4181 inimicorum
3580 4127 3722 4181 mul-

2094 4210 2381 4264 titudinem
2411 4210 2681 4264 collectam
2706 4212 2907 4277 inveni,
2938 4226 3030 4265 nec
3076 4213 3254 4281 ipsum
3302 4214 3482 4282 ﬁlium
3512 4219 3718 4271 caeteris

2094 4304 2362 4358 meliorem
2399 4304 2567 4357 michi
2593 4304 2829 4373 repperi.
2863 4306 2933 4359 Et
2961 4306 3095 4374 quia
3131 4308 3344 4374 ﬁrmius
3382 4312 3434 4362 et
3460 4309 3713 4364 stabilius

2095 4401 2170 4453 eis
2196 4398 2483 4452 videbatur
2521 4415 2653 4468 esse,
2696 4402 2746 4454 si
2782 4403 3014 4470 propria
3040 4418 3203 4458 manu
3242 4409 3491 4471 cogerent
3519 4422 3600 4461 me
3624 4424 3711 4460 re-

2092 4501 2256 4553 gnum
2292 4491 2341 4539 et
2368 4490 2550 4541 omnia
2596 4489 2806 4555 regalia
2849 4490 3185 4556 etcrestucare
3214 4509 3229 4544 :
3258 4493 3433 4546 simili
3480 4495 3639 4548 modo
3663 4499 3713 4547 et

1562 4534 1565 4535 ,
2092 4534 2255 4553 ηπ..-
2294 4534 2336 4539 --
2596 4534 2681 4555 ..ιη
2700 4534 2805 4542 η-..
2850 4534 3181 4556 "quam..-
3214 4534 3227 4544 .
3481 4534 3638 4548 "ww
3663 4534 3710 4547 υ.

378 4563 651 4651 mutorum
677 4574 903 4651 suorum
917 4563 1041 4628 jam
1064 4563 1196 4615 satis
1216 4562 1535 4630 augebatur,
1554 4566 1679 4632 jam
1694 4566 1851 4632 fraus
1878 4570 1992 4635 ipsa
2011 4534 2068 4604 Β
2092 4577 2204 4645 ipsi
2219 4593 2398 4632 omnes
2428 4579 2806 4643 minabantur,
2829 4581 2938 4633 nisi
2954 4582 3136 4634 omnia
3151 4583 3424 4651 imperata
3448 4584 3710 4651 facerem,

381 4649 555 4715 detegi
603 4650 904 4705 videbatur.
934 4655 1001 4703 Et
1027 4652 1174 4715 ﬁlius
1233 4652 1303 4705 ad
1330 4668 1417 4706 me
1470 4677 1492 4699 ιι
1528 4658 1705 4722 Pater,
1747 4680 1761 4702 ο
1802 4659 1996 4726 inquit,

383 4762 406 4780 σε
440 4740 588 4792 nobis
618 4741 909 4795 cedendum
933 4747 1010 4795 est
1039 4744 1100 4794 in
1126 4745 1369 4797 vicinum
1394 4746 1674 4800 castellum
1700 4764 1720 4814 ;
1747 4751 1875 4816 quia
1903 4765 2001 4805 nec

380 4831 649 4896 episcopus
680 4833 1021 4899 Moguntinus
1053 4834 1113 4884 in
1135 4834 1408 4886 civitatem
1430 4848 1590 4887 suam
1615 4836 1861 4891 admittet
1888 4854 1995 4905 vos,

379 4922 624 4989 quandiu
672 4925 731 4975 in
756 4923 933 4978 banno
957 4927 1128 4990 eritis,
1170 4941 1268 4980 nec
1314 4942 1402 4981 vos
1433 4929 1751 4996 inpacatum
1777 4937 1828 4985 et
1854 4936 1999 4987 inre-

379 5014 728 5069 conciliatum
752 5016 920 5069 audeo
958 5018 1198 5085 ingerere
1242 5021 1477 5073 inimicis
1505 5025 1709 5076 vestris.
1742 5024 1859 5077 Illic
1883 5040 1994 5078 na—

380 5107 646 5159 tivitatem
674 5122 800 5161 cum
827 5110 919 5162 Dei
946 5110 1142 5163 honore
1169 5118 1221 5164 et
1245 5126 1377 5181 pace
1400 5115 1567 5179 agetis
1596 5114 1664 5147 ²ῖ³
1694 5134 1710 5167 :
1738 5130 1999 5183 quoscun-

376 5208 478 5261 que
501 5194 769 5261 placuerit
796 5196 958 5264 vobis,
1016 5198 1285 5254 vobiscum
1336 5200 1596 5255 habeatis.
1628 5206 1734 5270 Ego
1780 5206 1997 5258 interim

377 5295 581 5356 quant.)
619 5293 935 5360 instantius,
966 5301 1170 5362 quanto
1215 5295 1426 5361 ﬁdelius
1476 5302 1675 5365 potero,
1727 5313 1825 5366 pro
1848 5300 1997 5353 nobis

380 5383 619 5449 utrisque
644 5382 911 5451 laborabo,
939 5386 1069 5452 quia
1121 5399 1346 5439 causam
1391 5392 1625 5442 vestram
1665 5403 1772 5442 esse
1819 5404 1995 5443 meam

2098 4674 2306 4727 nullum
2342 4675 2468 4727 vita:
2523 4688 2649 4727 mea:
2697 4675 2980 4729 consilium
3033 4678 3155 4745 ﬁeri
3197 4692 3374 4747 posse.
3431 4680 3567 4734 Tum
3624 4696 3715 4749 ego

2101 4784 2126 4806 α
2162 4761 2320 4827 Quia,
2365 4782 2392 4811 ιο
2424 4763 2665 4831 inquam,
2700 4783 2730 4814 «
2757 4763 2822 4817 de
2851 4765 2961 4818 solo
2998 4766 3114 4819 vita
3154 4768 3358 4834 agitur,
3401 4785 3515 4840 qua
3548 4773 3719 4825 nichil

2097 4855 2386 4922 pretiosius
2398 4854 2563 4909 habeo
2576 4857 2854 4911 :utsaltem
2876 4873 2905 4910 v
2915 4859 3420 4928 ivenspenitentiam
3434 4865 3718 4921 exhibeam

2097 4945 2223 5007 Deo,
2251 4944 2517 5013 quicquid
2574 4946 2880 5015 imperatis,
2932 4962 3043 5002 ecce
3094 4950 3260 5014 facio.
3296 4972 3323 4995 ι»
3358 4951 3600 5023 Cumque
3632 4958 3716 5009 in-

2098 5034 2386 5101 quirerem,
2412 5036 2460 5087 si
2486 5034 2676 5089 saltem
2715 5036 2792 5090 sic
2838 5036 2903 5090 de
2930 5038 3047 5090 vita
3076 5041 3251 5092 certus
3276 5042 3328 5093 et
3352 5054 3581 5098 securus
3610 5060 3718 5099 esse

2098 5122 2337 5176 deberem
2350 5122 2378 5176 ‘l
2394 5123 2633 5192 ejusdem
2656 5126 2957 5193 apostolica;
2972 5126 3114 5181 sedis
3125 5127 3356 5197 legatus,
3386 5134 3489 5199 qui
3513 5134 3714 5189 ibidem

2098 5210 2308 5279 aderat,
2335 5227 2439 5266 non
2469 5213 2588 5266 dico
2621 5215 2718 5282 qui
2744 5214 2853 5269 haec
2881 5218 3063 5271 omnia
3089 5218 3468 5287 ordinaverat,
3500 5240 3719 5295 respon-

2099 5297 2200 5364 dit,
2226 5314 2309 5353 me
2335 5300 2485 5354 nullo
2504 5301 2661 5355 modo
2687 5304 2830 5374 eripi
2849 5318 3026 5373 posse,
3054 5306 3165 5359 nisi
3182 5307 3399 5376 publice
3418 5310 3718 5377 conﬁterer,

2095 5404 2179 5444 me
2200 5391 2406 5460 injuste
2433 5392 2864 5450 Hildibrandum
2877 5400 3162 5464 persecuta
3173 5413 3219 5450 m
3230 5411 3363 5464 esse,
3386 5398 3723 5456 Wicbertum

1739 5513 1959 5569 VARI/E
2000 5515 2360 5572 LECTIONES

448 5634 517 5719 ²⁷ξ
547 5642 602 5687 cl
629 5651 678 5688 ρ.
723 5634 911 5719 desunt
941 5636 1052 5691 BP
1082 5638 1160 5719 ’ξδ’
1180 5654 1355 5719 agens
1379 5637 1489 5719 (Ἀπί
1508 5641 1577 5675 '7‘
1601 5658 1705 5719 ea:__
1725 5650 1943 5699 correct.
1984 5646 2242 5701 additum
2300 5650 2352 5704 1.
2403 5649 2471 5683 ³⁷⁵
2512 5649 2550 5703 D
2603 5658 2658 5706 el
2711 5667 2760 5705 e.
2810 5651 2871 5706 C'
2891 5694 2903 5706 .
2937 5652 3006 5686 ’⁷⁸
3035 5653 3229 5709 nolens
3257 5654 3350 5710 Cl.
3386 5658 3479 5715 4⁸⁵.
3504 5659 3576 5693 ²ττ
3617 5664 3732 5719 Ec-

375 5707 689 5772 card.cor.,
729 5717 1034 5778 sceptrum,
1077 5707 1444 5781 chlamydem,
1478 5712 1620 5767 lanc.
1658 5716 2019 5784 Urstis;cor.,
2055 5724 2354 5788 sceptrum,
2383 5735 2624 5791 crucem,
2654 5721 2795 5777 lane.
2828 5725 2900 5790 cf.
2923 5707 3118 5779 Hircsh
