3876 6208
138 362 230 419 233
1605 360 1957 417 CHRONICA.
3334 373 3442 429 234

143 490 322 558 injuste
342 491 393 542 et
417 488 843 557 superposuisse,
868 489 917 541 et
938 486 1203 556 injustam
1226 490 1645 557 persecutionem
1671 491 1730 543 in
1752 491 1806 561 Α
1836 489 2086 544 Leodium
2143 491 2285 555 veni,
2343 492 2400 544 in
2472 490 2667 559 quibus
2712 492 2840 547 locis
2918 497 3061 550 viros
3113 498 3294 567 fideles
3350 503 3441 555 in-

142 580 465 650 apostolicam
495 578 674 634 sedem
693 583 742 633 et
760 593 968 632 omnem
987 580 1277 633 ecclesiam
1298 580 1553 636 hactenus
1582 596 1731 635 exer-
1831 582 1960 634 veni
1984 578 2073 633 ’7'.

144 673 313 726 cuisse.
371 671 517 724 Tunc
548 686 668 725 cum
695 672 944 724 maxima
989 672 1166 724 animi
1215 673 1531 725 contritione
1583 673 1735 726 humi
1905 668 2239 738 lmperatore
2283 668 2537 724 Heinrico
2593 677 2842 725 morante
2872 671 3079 740 Leodii,
3123 674 3268 732 filius
3322 679 3443 747 ejus

142 763 446 832 prostratus,
463 762 603 829 ccepi
613 774 709 829 per
726 762 915 825 Deum,
943 775 1041 829 per
1072 762 1249 829 ipsam
1258 761 1537 829 justitiam
1553 777 1730 829 orare,
1835 758 2172 832 Aquasgrani
2205 760 2392 827 venit,
2424 768 2477 815 et
2507 760 2696 817 volens
2733 763 2924 819 venire
2954 764 3201 821 Leolium
3254 779 3445 825 contra

144 853 343 907 utiocus
365 856 415 907 et
443 856 654 921 tempus
682 852 850 906 michi
872 851 1122 917 daretur,
1139 852 1233 906 ubi
1260 854 1317 906 in
1341 857 1613 921 presentia
1630 870 1737 909 om-
1837 855 2047 917 patrem
2081 863 2239 902 suum
2271 849 2305 900 5
2336 847 2470 902 feria
2509 848 2801 905 dominicae
2832 866 3023 917 cinna},
3052 854 3447 924 premisitsuos

142 942 273 996 nium
302 942 636 1010 principum,
666 940 810 993 unde
840 941 1091 995 innocens
1122 955 1307 1008 essem,
1336 947 1387 995 et
1416 929 1629 1010 judicio
1653 959 1735 997 me
1837 956 2209 1012 preoccupare
2230 948 2449 1012 pontem
2469 944 2615 1014 apud
2634 943 3076 1017 Wisatum(3t3),
3101 964 3170 1003 ne
3196 949 3318 1020 quis
3338 951 3443 1006 sibi

140 1045 426 1097 purgarem,
466 1034 519 1083 et
568 1029 691 1082 inde
717 1029 783 1081 de
812 1030 1152 1098 principibus
1204 1032 1360 1098 regni
1394 1031 1458 1083 de
1485 1032 1733 1099 ﬁdelibus
1835 1029 2078 1083 venienti
2102 1030 2361 1084 obstaret.
2384 1031 2489 1084 Sed
2515 1030 2781 1086 militibus
2800 1034 3445 1103 patrisconcurrentibus

144 1121 273 1183 meis,
328 1132 688 1187 quoscumque
740 1116 950 1171 obsides
1011 1117 1224 1183 vellmt,
1286 1118 1493 1173 durem.
1540 1122 1618 1173 At
1648 1121 1735 1172 ille
1835 1125 1902 1178 ad
1940 1127 2390 1195 exoccupandnm
2425 1136 2671 1195 pontem,
2713 1126 2917 1181 milites
2958 1127 3054 1182 ﬁlii
3103 1146 3132 1184 a
3161 1137 3326 1201 ponte
3355 1149 3443 1186 re-

144 1213 265 1266 idem
294 1211 501 1279 legatus
531 1211 673 1266 diem
719 1215 768 1264 et
798 1211 969 1265 locum
996 1211 1163 1265 michi
1186 1211 1493 1279 abnegavit,
1531 1212 1731 1278 dicens,
1836 1216 2135 1286 pelluntur,
2188 1216 2310 1270 aliis
2362 1232 2551 1271 eorum
2585 1218 2781 1287 captis,
2837 1218 2961 1273 aliis
3002 1220 3058 1274 in
3088 1221 3289 1277 Mosam
3345 1223 3445 1279 de-

143 1304 225 1354 aut
252 1299 326 1353 ibi
350 1302 523 1353 totum
552 1298 737 1352 debere
783 1297 853 1331 ³⁷⁸
906 1298 1277 1364 determinari,
1312 1305 1407 1353 aut
1436 1300 1590 1353 nulla
1617 1315 1674 1370 sp

1914 1313 2051 1378 :rsis,
2084 1312 2207 1367 aliis
2233 1314 2460 1379 occisis;
2504 1314 2649 1369 inter
2680 1331 2821 1386 quos
2845 1316 3009 1371 etiam
3052 1317 3234 1373 Bruno
3258 1334 3445 1374 comes

141 1387 291 1441 michi
315 1401 421 1440 esse
447 1385 731 1440 evadendi.
771 1387 834 1440 In
882 1389 1047 1440 tantas
1090 1387 1465 1441 tribulationis
1505 1390 1672 1443 urtica

1914 1401 2054 1457 :isus
2083 1409 2182 1457 est.
2216 1402 2306 1457 Sic
2334 1402 2479 1458 ﬁlius
2523 1385 2712 1459 contra
2749 1413 2958 1474 patrem
2998 1406 3249 1475 veniens,
3282 1409 3445 1465 rediit

141 1493 243 1532 cum
274 1480 681 1545 interrogarem,
712 1478 764 1531 si
812 1479 1090 1545 conﬁterer
1111 1480 1294 1532 omnia
1344 1494 1463 1548 qua:
1500 1481 1672 1549 imper

1915 1492 2127 1565 glorius-
2159 1492 2581 1548 Coloniensibus
2635 1492 2801 1549 ﬁdem
2833 1495 3150 1565 imperatori
3179 1499 3446 1555 servanti-

143 1570 337 1635 bantur,
367 1585 437 1622 an
470 1570 739 1636 confessio
765 1583 905 1635 mea,
922 1573 984 1622 ut
994 1569 1209 1638 justum
1228 1574 1325 1636 est,
1348 1572 1561 1624 veniam
1589 1575 1674 1625 eta

1918 1596 1965 1647 s,
1996 1587 2050 1635 et
2079 1596 2269 1635 eorum
2303 1580 2720 1651 archiepisc0po
2741 1580 2914 1636 lilium
2942 1583 3293 1654 imperatoris
3317 1600 3447 1642 con-

142 1657 430 1712 solationem
459 1661 868 1726 consequeretur
880 1659 908 1710 ?
936 1657 1077 1711 idem
1105 1658 1310 1727 legatus
1328 1658 1673 1727 responditml

1910 1688 1919 1723 t
1957 1676 2167 1740 patrem
2200 1684 2360 1723 suum
2407 1669 2711 1737 animante,
2744 1668 2969 1726 Colonia
2996 1671 3225 1727 obsessa
3254 1689 3441 1745 oppu-

142 1761 235 1801 esse
251 1745 394 1814 juris
421 1746 512 1799 sui
536 1759 620 1799 me
646 1744 935 1798 absolvere.
975 1744 1047 1797 Et
1090 1758 1209 1798 cum
1247 1759 1341 1812 ego
1378 1745 1450 1798 ad
1501 1745 1609 1799 haec
1639 1744 1673 1798 d

1915 1766 2056 1827 atur,
2087 1776 2191 1814 nec
2221 1766 2404 1814 tamen
2461 1767 2823 1834 expugnatur.
2883 1762 3105 1816 Interim
3164 1744 3446 1820 Heinricus

141 1853 312 1891 rerern:
353 1857 375 1885 ι
417 1836 736 1906 Quicunque
762 1837 1092 1904 conﬁtentem
1120 1835 1286 1890 audet
1320 1838 1569 1905 recipere,
1609 1850 1672 1889 co:

145 1931 312 1952 Ι.-.....
346 1928 492 1952 Δ-ι-ι
522 1928 792 1952 ..ιι-Λιμη..-
830 1946 851 1952 μ
942 1931 990 1952 -.'
1025 1929 1204 1952 -...ll.....
1266 1929 1451 1952 .’._.....'4
1507 1927 1668 1952 ..ιη-..1.

1915 1857 2135 1919 perator
2156 1847 2344 1903 Leodii
2371 1847 2601 1903 moritur
2639 1848 2693 1916 (7
2734 1848 2932 1918 Aug.),
2980 1849 3146 1921 eique
3195 1851 3445 1907 succedit

138 1931 317 1995 fessum
340 1928 492 1983 debet
516 1928 792 1982 absolvere
829 1946 855 1978 υ
883 1967 899 1993 ,
938 1931 990 1983 si
1024 1929 1231 1995 vellem,
1265 1929 1470 1998 inquit,
1502 1927 1669 1982 absoli

1917 1957 1980 1995 us
2007 1939 2325 2011 aequivocus
2354 1939 2476 2008 ejus
2502 1938 2591 1992 πθ.
2625 1938 2743 1993 Dux
2771 1938 3078 2005 Heinricus,
3108 1940 3204 2012 qui
3232 1941 3301 1995 ab
3330 1942 3442 1996 im-

137 2022 334 2076 Romam
360 2022 495 2075 irem
532 2020 849 2086 satisfacere
877 2021 1180 2089 apostolico:
1223 2020 1355 2074 sedi.
1408 2020 1498 2076 Sic
1525 2020 1668 2089 spoli

1911 2039 2082 2087 ratore
2111 2031 2177 2085 ad
2211 2031 2379 2085 ﬁlium
2413 2030 2534 2100 ejus
2572 2029 2758 2085 animo
2789 2030 3087 2099 transiens,
3143 2048 3269 2088 cum
3314 2048 3442 2089 con-

136 2114 232 2163 tum
254 2114 299 2163 et
319 2108 617 2163 desolatum
646 2136 713 2147 —
742 2122 870 2162 nam
900 2112 950 2161 et
998 2109 1218 2163 castella
1244 2112 1296 2162 et
1318 2109 1658 2177 patrimonia

1938 2132 2149 2194 patrem
2178 2138 2336 2178 suum
2368 2121 2600 2177 consilio
2629 2138 2731 2177 suo
2771 2122 3019 2189 armavit,
3078 2130 3132 2178 et
3159 2139 3190 2178 a
3230 2123 3341 2180 ﬁlio
3370 2125 3440 2180 ad

134 2202 367 2271 quicquid
391 2203 452 2256 in
478 2214 649 2268 regno
670 2201 1084 2269 conquisieram,
1114 2199 1299 2255 eadem
1318 2202 1376 2254 vi
1404 2204 1455 2253 et
1481 2204 1598 2253 arte
1625 2215 1665 2255 ει

1905 2218 2037 2266 trem
2070 2212 2313 2277 rediens,
2355 2219 2538 2282 partes
2578 2209 2675 2264 lilii
2712 2210 3035 2272 debellavit.
3086 2221 3307 2268 mortuo
3337 2213 3436 2268 im-

135 2299 440 2350 εδπεονεεναηε
467 2310 503 2348 α
525 2309 614 2349 me
634 2323 704 2333 -
722 2295 781 2347 in
805 2294 988 2348 eadem
1007 2294 1142 2349 υἱιια
1168 2294 1501 2364 reliquerunt
1530 2310 1629 2349 me.
1664 2297 1728 2351 ιη
1829 2309 2083 2372 peralore
2108 2318 2166 2357 se
2197 2310 2257 2358 ut
2295 2320 2449 2358 reum
2470 2301 2770 2371 majestatis
2800 2300 2915 2357 ﬁlio
2938 2301 3085 2373 regis
3108 2303 3175 2337 ²⁸¹
3200 2303 3437 2371 dedidit,

135 2405 350 2458 quacum
386 2391 578 2459 aliquo
603 2393 1094 2458 temporemoratus
1123 2394 1374 2455 essem,et
1399 2389 1547 2458 filius
1576 2405 1725 2444 meus
1827 2403 1881 2450 et
1919 2396 1987 2450 ab
2020 2411 2087 2451 eo
2120 2405 2314 2467 captus
2343 2396 2607 2451 custodiae
2639 2395 2907 2461 traditur;
2949 2394 3017 2449 de
3058 2410 3166 2465 qua
3195 2396 3313 2466 ipse
3341 2413 3442 2468 per

135 2494 191 2534 ea:
213 2480 373 2535 eodem
400 2478 629 2545 fraudis
660 2492 769 2532 sua
796 2478 1019 2532 consilio
1055 2478 1455 2545 demandasset,
1504 2484 1564 2534 ut
1605 2494 1724 2534 eum
1827 2483 2151 2539 industriam
2191 2499 2343 2538 suam
2384 2483 2575 2538 evasit.
2610 2483 2847 2538 Ducatus
2882 2482 3001 2552 ejus
3057 2482 3219 2537 datur
3259 2484 3438 2541 Gode-

137 2575 467 2638 aspectarem:
506 2571 886 2638 superveniens
915 2569 1256 2639 quorundam
1303 2570 1546 2639 ﬁdelium
1578 2587 1722 2626 mco-
1826 2576 1969 2632 frido
1996 2575 2182 2631 comiti
2214 2575 2563 2631 Lovaniensi.

135 2664 437 2731 rumlegatio
454 2665 789 2734 premonuit,
823 2666 886 2717 ut
911 2664 1179 2732 siquidem
1204 2664 1279 2718 ad
1306 2668 1623 2719 momentum
1646 2666 1728 2719 ibi
1898 2670 2055 2726 1107.
2205 2671 2265 2724 Β,
2308 2670 2361 2724 1.
2510 2668 2567 2725 F.
2609 2669 2696 2721 47.
2847 2669 2908 2723 Α.
2958 2668 3012 2723 7.
3209 2669 3269 2722 tl.
3312 2669 3396 2724 7.~

134 2773 444 2824 remanerem,
474 2760 579 2811 aut
603 2756 737 2810 inde
766 2758 824 2810 in
841 2761 1157 2825 perpetuam
1181 2759 1552 2826 captivitatem
1574 2773 1725 2827 rape-
1897 2758 2185 2813 Heinricus
2222 2757 2400 2811 exdux
2431 2754 2693 2812 affectans
2730 2763 2979 2826 repetere
3012 2755 3302 2824 ducatum,
3331 2773 3435 2813 oc-

133 2865 221 2917 rer,
247 2857 336 2906 aut
378 2854 437 2906 in
465 2851 651 2906 eodem
699 2851 810 2905 loco
844 2851 1158 2905 decollarer.
1214 2851 1541 2916 Quonuntio
1591 2855 1726 2907 satis
1827 2861 1993 2925 cupat
2027 2853 2294 2925 oppidum
2332 2852 2670 2925 Aquasgrani
2719 2860 2907 2907 contra
2936 2850 3296 2907 Godefridum
3340 2862 3441 2909 du-

134 2948 269 3000 etiam
288 2952 408 3001 tunc
422 2948 550 3001 vita
581 2944 992 3013 diffisus,illico
1006 2946 1314 3013 aufugiens,
1333 2947 1593 3013 mgiendo
1607 2950 1729 3001 veni
1780 3012 1783 3013 ν
1828 2958 1974 2998 cem.
2005 2942 2113 2997 Sed
2139 2942 2245 2997 hoc
2283 2956 2396 2996 non
2426 2939 2611 2995 ferens
2657 2938 2763 2995 dux
2795 2939 3142 3005 Godefridus,
3165 2940 3439 3011 oppidum

135 3036 395 3105 Coloniam,
426 3042 476 3092 et
508 3012 665 3091 inibi
689 3036 895 3105 aliguot
938 3036 1124 3090 diebus
1150 3012 1526 3103 commoratus,
1548 3042 1729 3105 postea
1751 3012 1800 3080 Ο
1827 3035 2083 3107 Aquense
2112 3033 2385 3090 violenter
2412 3032 2642 3103 inrupit,
2672 3030 2982 3103 oppidanos
3009 3047 3040 3087 a
3066 3031 3251 3088 levore
3274 3031 3440 3088 llein-

1460 3138 1677 3192 VARl/E
1726 3135 2100 3191 LECTIONES.

199 3238 260 3273 ’τ’
287 3239 424 3294 deest
453 3239 546 3294 Cl.
633 3237 703 3271 '7’
732 3237 792 3290 A.
825 3236 1009 3291 addit:
1067 3235 1267 3291 Horum
1299 3244 1736 3307 caeterorumque
1760 3234 2015 3307 ﬁdelium
2074 3232 2229 3305 regni
2265 3232 2502 3289 consilio
2524 3250 2676 3300 usus,
2707 3233 2863 3289 vobis
2909 3230 3220 3307 fiducialius
3248 3239 3303 3307 et
3340 3234 3438 3291 ho-

134 3311 314 3365 nestius
348 3310 526 3365 habeo
570 3308 865 3379 deplorare
898 3308 995 3379 has
1023 3322 1219 3379 omnes
1251 3307 1500 3361 miserias
1538 3304 1705 3361 meas.
1741 3305 2053 3379 fiducialius
2100 3313 2281 3379 tamen
2313 3312 2551 3379 propter
2584 3304 3434 3379 mutua;_consanguinitatis_vel

133 3381 339 3452 antiquae
366 3374 928 3452 amiciciaa'debitum,
970 3378 1255 3452 honestius
1296 3386 1515 3452 autem,
1543 3384 1767 3452 propter
1804 3377 1938 3452 tanti
1974 3376 2134 3452 regni
2184 3374 2386 3452 nomen
2415 3376 2735 3452 gloriosum.
2777 3376 2883 3452 Vos
2914 3374 3097 3452 autem
3137 3390 3238 3452 per
3265 3374 3434 3452 fidem

135 3468 217 3525 per
238 3445 532 3525 amiciciam
565 3458 813 3525 rogatus.
865 3449 921 3503 in
952 3449 1117 3504 tantis
1154 3445 1608 3503 tribulationibus
1652 3445 1799 3503 ‘meis
1826 3449 1942 3502 acsi
1971 3445 2273 3525 in‘vestris,
2329 3445 2645 3519 propinquo
2676 3446 2997 3525 consuletis.
3049 3445 3179 3525 Quin
3208 3445 3337 3503 fidei
3378 3455 3435 3504 et

133 3517 363 3578 amicicize
391 3522 616 3579 vincula
631 3517 752 3576 “etsi
786 3520 928 3575 inter
956 3536 1059 3575 nos
1083 3536 1193 3575 non
1216 3526 1422 3574 essent.
1456 3526 1696 3573 vestrum
1729 3528 1910 3589 tamen
1942 3527 1996 3589 et
2016 3517 2259 3589 omnium
2294 3517 2485 3589 regum
2508 3517 2679 3589 terrae
2702 3517 3074 3589 estinjuriam
3091 3524 3144 3571 et
3170 3524 3429 3574 contem-

135 3600 261 3661 ptum
295 3603 534 3649 nostrum
563 3592 848 3648 vindicare
878 3598 932 3646 et
973 3597 1080 3645 tam
1114 3590 1337 3645 nefariae
1380 3590 1711 3660 proditionis
1739 3597 1791 3644 et
1843 3588 2123 3661 violentiae
2150 3587 2461 3661 exemplum
2489 3588 2558 3642 de
2610 3587 2903 3661 superficie
2946 3594 3104 3643 terra:
3135 3589 3431 3660 extirpare,

135 3657 432 3734 coeperante
463 3663 697 3720 domino
722 3672 912 3718 nostro
941 3662 1110 3717 Jhesu
1140 3657 1490 3734 Christoifcui
1523 3669 1609 3734 est
1639 3662 1817 3734 honor
1854 3665 1917 3734 et,
1957 3658 2232 3734 glpria___in
2262 3657 2445 3734 secula
2493 3657 2801 3734 seculorum
2834 3674 3017 3712 amen.
3049 3674 3165 3734 qua
3197 3657 3433 3734 eaceptis

133 3730 428 3801 cooperante
446 3766 519 3776 —
544 3750 709 3789 amen
739 3735 994 3801 leguntur
1022 3736 1184 3787 etiam
1207 3735 1269 3787 in
1298 3733 1625 3788 editionibus
1641 3732 1808 3801 hujus
1830 3731 2084 3799 epistolae.
2115 3730 2341 3784 Videtur
2362 3731 2548 3801 itaque
2576 3730 2880 3801 Sigebertus
2897 3745 2961 3783 ea
2986 3732 3430 3801 prirnoedidisse,

280 3809 333 3859 Λ.
362 3823 423 3861 ea
448 3807 635 3872 habet,
674 3805 769 3859 sed
791 3799 919 3873 post
937 3804 1213 3870 delenisse,
1242 3804 1386 3857 unde
1422 3804 1649 3872 reliquis
1669 3799 1881 3857 desunt.
1912 3803 1975 3855 In
1999 3802 2047 3854 1.
2072 3815 2279 3873 rasura:
2304 3800 2592 3873 vestigium
2619 3800 2853 3853 nullum.
2876 3828 2945 3838 —
2973 3799 3178 3873 Eadem
3203 3803 3431 3869 epistola

136 3876 305 3943 legitur
329 3880 487 3932 etiam
524 3880 592 3931 in
621 3869 816 3930 codice
854 3876 911 3931 S.
944 3877 1135 3929 Mariae
1173 3878 1231 3928 in
1266 3876 1483 3940 Villari,
1505 3869 1626 3944 jam
1653 3871 2306 3944 civitatisBruxellengsis,
2335 3885 2381 3944 s.
2415 3869 2655 3944 Xll,__e.e.
2678 3873 2803 3939 post
2823 3873 3087 3944 tractatus
3118 3872 3173 3924 S.
3200 3873 3431 3944 Bernur-

138 3939 203 4019 di,
229 3949 489 4019 descripta
518 3964 548 4001 e
574 3947 870 4019 Sigeberto.
904 3950 963 4000 ut
989 3946 1217 4019 rubrum
1249 3946 1396 4000 docet
1416 3939 1838 4019 ibi'praeﬁtcum;
1874 3942 2138 4019 Henricus
2165 3940 2321 4019 ﬁlius
2365 3941 2501 4019 imp:
2535 3939 2573 3993 Η
2629 3947 2843 4019 contra
2863 3939 2956 4007 jus
2988 3946 3196 4019 natura:
3237 3947 3304 4019 et.
3350 3942 3433 4019 fas

140 4008 291 4090 legum
321 4020 371 4073 in
388 4008 957 4091 ‘patrem'insurgens
1025 4017 1213 4073 Scriba
1243 4008 1543 4140 sequentem
1572 4008 1839 4083 Sigeberti
1879 4016 2250 4069 narrationem
2278 4014 2361 4066 ita
2377 4008 2624 4081 iri/inem
2652 4012 2885 4081 epistola
2913 4012 3201 4065 convertit:
3232 4008 3431 4067 ﬁdeles

142 4088 319 4140 inveni.
349 4090 431 4140 Me
462 4104 595 4140 vero
625 4093 1000 4140 commorante
1032 4085 1295 4140 Leodii.ti
1326 4087 1410 4140 ius
1439 4103 1597 4140 meus
1623 4091 1683 4140 A.
1717 4104 1767 4140 v.
1803 4103 1852 4140 e.
1882 4102 1933 4140 v.
1963 4101 2015 4140 v.
2045 4084 2099 4138 L.
2137 4099 2184 4138 c.
2217 4099 2301 4138 me
2334 4099 2388 4140 ι).
2414 4098 2458 4137 s.
2492 4083 2545 4136 5.
2581 4083 2619 4137 f.
2649 4083 2706 4136 d.
2735 4098 2764 4136 c
2816 4098 2866 4140 ι).
2906 4096 2955 4137 s.
2994 4097 3047 4140 ι)-
3082 4098 3137 4140 ι).
3173 4099 3222 4135 a.
3256 4081 3341 4135 W.
3373 4099 3431 4139 n.

142 4081 319 4145 ini'eni.
348 4081 432 4145 Mé
462 4104 595 4144 vero
625 4081 1000 4143 commo'rante
1032 4081 1410 4151 Leodii,tilius
1439 4103 1597 4143 meus
1623 4081 1683 4141 Ᾱ.
1717 4104 1767 4141 v.
1803 4103 1852 4141 e.
1882 4102 1933 4140 v.
1963 4101 2015 4141 v.
2045 4084 2099 4138 L.
2137 4099 2184 4138 c.
2217 4099 2301 4138 me
2334 4099 2388 4153 p.
2414 4098 2458 4137 s.
2492 4083 2545 4136 5.
2581 4083 2619 4137 f.
2649 4083 2706 4136 d.
2735 4098 2771 4153 c7
2816 4098 2866 4152 p.
2906 4096 2955 4153 s.
2994 4097 3047 4151 p.
3082 4098 3222 4153 p.7a.
3256 4081 3341 4135 W.
3373 4099 3431 4139 n.

140 4174 187 4229 q.
210 4176 250 4214 s.
286 4178 335 4216 ν.
373 4177 422 4217 o.
459 4161 516 4215 S.
553 4176 629 4214 m.
661 4159 800 4213 meis
828 4174 874 4213 c.
900 4174 950 4212 a.
983 4173 1031 4212 e.
1066 4175 1122 4228 p.
1147 4174 1219 4212 m.
1254 4158 1405 4212 illius
1431 4174 1480 4213 τι.
1516 4175 1569 4228 ρ.
1605 4175 1650 4213 r.
1677 4162 1775 4212 etc.
1823 4171 1993 4229 usque
2019 4155 2096 4210 ad
2116 4154 2281 4229 rediit
2306 4151 2595 4226 inglorius.
2616 4153 2732 4229 __“°
2758 4151 2983 4229 Interim
3011 4181 3084 4229 -_—-_
3111 4152 3233 4229 ejus
3260 4152 3319 4205 A.
3352 4156 3435 4229 ita

139 4222 350 4304 eahibet:
403 4233 713 4304 Imperator
740 4229 1028 4304 Heinricus
1070 4222 1485 4304 exhereditatus
1518 4222 1801 4304 "imperim.
1835 4222 2397 4304 et'inreconciliatus'
2418 4224 2738 4304 apostolicae
2764 4223 2905 4304 sedi.
2942 4222 3011 4304 ’1.-
3030 4222 3157 4277 ldus
3191 4224 3425 4304 Augusti

142 4299 320 4371 Leodiii
344 4294 594 4358 moritur.
632 4301 728 4356 Hic
768 4300 825 4354 in
856 4300 979 4370 ipso
1012 4301 1205 4356 mortis
1230 4300 1463 4355 articulo
1514 4294 2012 4371 mandaveratregi
2048 4296 2162 4371 ﬁlio
2211 4312 2312 4351 suo
2343 4294 2533 4371 contra
2562 4312 2622 4351 se
2651 4294 2929 4371 Coloniam
2962 4294 3434 4371 gbpugnundi._ut

143 4370 286 4440 Spirae
312 4374 659 4445 sepeliretur.
692 4371 779 4426 cui
808 4378 861 4426 et
880 4364 1124 4445 ianulum
1150 4387 1310 4445 suum
1344 4388 1441 4442 per
1467 4371 1832 4445 Borchardum
1872 4364 2381 4445 Munastcrieusem
2408 4367 2733 4445 episc_o_puru
2765 4365 2933 4420 misit.
2965 4364 3073 4420 Sed
3104 4364 3181 4445 εἷο,
3201 4365 3425 4421 interim

140 4435 326 4511 sepulto
350 4435 404 4498 in
431 4444 688 4499 aecclesia
725 4442 897 4497 sancti
932 4442 1223 4496 Lamberti.
1258 4457 1324 4496 ex
1344 4435 1675 4496 auctoritate
1715 4440 2022 4511 apostolica
2056 4454 2160 4511 per
2199 4435 2515 4511 lleinricum
2558 4435 3053 4511 Magaburgensem
3095 4435 3428 4511 episcopum

140 4505 423 4587 apostolica:
463 4514 618 4587 sedis
660 4512 1032 4587 lega_tum_ipsi
1061 4511 1325 4587 ecclesia:
1356 4512 1603 4587 divinum
1635 4505 1986 4567 interdicitur
2010 4505 2678 4587 ot'licium,_quoadusgné
2709 4505 2911 4587 curp'us
2939 4505 3009 4587 ab
3034 4505 3432 4587 aec‘clcsi‘a‘ipsa

143 4576 404 4647 eiiceretur
451 4576 744 4641 etfossum‘.’
771 4583 927 4649 Quod
951 4576 1014 4637 in
1046 4583 1297 4638 aecclesia
1325 4584 1571 4639 nondum
1603 4588 1923 4638 consecrata
1948 4588 2003 4635 et
2042 4587 2192 4634 extra
2225 4576 2419 4635 urbem
2465 4580 2521 4633 in
2560 4576 2821 4633 Cornelio
2844 4584 3032 4632 monte
3059 4576 3163 4631 sita
3195 4578 3281 4632 18.
3316 4576 3431 4649 Kal.

143 4653 270 4724 Sept.
308 4657 628 4712 translatum
665 4662 720 4710 et
760 4648 1104 4710 reconditum
1132 4662 1236 4725 est,
1277 4654 1640 4725 quoadusque
1670 4652 2023 4725 absolutione
2045 4648 2348 4725 apostolica
2377 4649 2580 4723 regiam
2601 4649 2937 4725 sepulturam
2966 4655 3290 4725 mereretur.
3316 4648 3435 4705 Jam

147 4718 271 4798 nono
299 4727 499 4783 abhinc
532 4726 928 4798 transactogdie
955 4718 1316 4798 venientibus
1340 4718 1662 4798 legatis-qui
1687 4741 1811 4780 eum
1842 4718 2125 4798 deferrent
2145 4721 2213 4774 ad
2246 4718 3049 4798 ﬁliumfrursus'eli‘oditur._et
3072 4718 3434 4798 immoderato

145 4795 301 4870 lavere
337 4798 716 4870 concurrenth
748 4795 893 4870 vulgi
922 4803 976 4870 et
1006 4796 1275 4870 obsequio
1306 4796 1362 4850 in
1396 4788 1852 4870 iirbenfrelatus,
1875 4792 2121 4870 ecclesia:
2147 4805 2389 4870 quoque
2408 4791 2582 4870 sancti
2603 4790 2898 4870 Lamberti,
2933 4788 3234 4870 obsistente
3253 4792 3431 4870 _cl_ero.

146 4864 313 4922 iterum
348 4869 607 4942 infertur.
623 4868 704 4942 lbi
734 4859 872 4942 sunt
889 4866 986 4942 eia
1016 4859 1343 4942 quibusbam
1369 4868 1707 4942 pauperibus
1723 4866 1941 4942 clericis
1969 4859 2231 4942 mercede
2251 4859 2539 4942 conductis
2565 4859 3157 4942 noctisnuniusvigilitn
3187 4860 3439 4942 celebra:-

146 4942 221 4989 ιω.
256 4948 471 4996 vacante
497 4958 530 4995 a
556 4939 744 4994 divino
773 4936 957 4993 officio
987 4931 1256 4993 aecclesia.
1288 4943 1343 4992 et
1370 4931 1655 4994 canonicis
1683 4954 1713 4992 a
1745 4937 1882 4993 facie
1913 4933 2148 4991 furentis
2179 4932 2370 5004 populi
2388 4932 2706 4988 latentibus.
2738 4932 2961 4988 Postera
2986 4931 3227 5004 d‘ieicum
3259 4931 3433 5004 priori

144 5009 405 5085 sepulchro
421 5016 818 5085 perstrepente
847 5024 975 5064 eum
1004 5007 1212 5063 debere
1238 5008 1476 5085 restitui,
1509 5016 1564 5085 et
1593 5010 1697 5085 hoc
1726 5008 1831 5079 ipsi
1853 5007 2033 5063 facere
2064 5001 2519 5085 aggrederentur.
2546 5004 2642 5076 qui
2664 5019 2917 5085 unaocum
2937 5001 3207 5085 predictis
3224 5001 3440 5085 paupe-

150 5022 405 5085 seputcnro
432 5022 818 5081 perstrepente
847 5024 975 5064 eum
1004 5022 1212 5063 uenere
1238 5022 1476 5074 restitui,
1509 5022 1564 5064 et
1594 5022 1697 5064 noc
1726 5025 1831 5079 ψει
1853 5022 2033 5063 tacere
2064 5022 2519 5131 aggrederentur.
2546 5022 2642 5076 qui
2664 5022 2917 5084 unaocum
2937 5022 3207 5084 preuicus
3224 5022 3438 5075 paupe-

150 5077 285 5157 ribus
306 5082 520 5157 clericis
550 5081 695 5136 circa
725 5095 926 5150 corpus
955 5086 1231 5157 extractus
1268 5079 1467 5157 gladiis
1496 5079 1875 5157 vigilaveram,
1904 5092 2137 5151 quorum
2161 5092 2269 5157 qam
2309 5075 2606 5157 seniorum.
2641 5074 2874 5157 coustliu
2899 5091 2987 5129 Vix
3016 5081 3326 5157 Apgtuerunt
3352 5089 3438 5129 re-

151 5147 307 5215 primi.
340 5151 469 5206 Nam
503 5160 713 5207 tantum
747 5142 1062 5205 exarserant
1088 5150 1145 5204 in
1172 5142 1301 5217 ejus
1332 5142 1754 5207 immoderatum
1796 5142 2059 5214 favorem,
2086 5217 2089 5218 ν
2115 5155 2176 5202 ιιι
2212 5152 2486 5218 quotquot
2532 5145 2680 5200 illius
2723 5142 3043 5218 tetigissent
3065 5142 3350 5218 feretrum,
3379 5160 3442 5200 se

149 5222 486 5279 sanctiﬁcatos
525 5221 595 5276 ab
627 5237 694 5277 eo
723 5221 1033 5277 crederent.
1066 5215 1359 5292 Nonnullis
1389 5222 1553 5276 etiam
1587 5229 1785 5277 terram
1815 5217 2097 5292 sepulchri
2135 5215 2256 5287 ejus
2294 5215 2513 5292 ungulis
2563 5215 2806 5292 propriis
2825 5215 3226 5292 scalpentibus,
3256 5223 3313 5292 et
3340 5231 3442 5286 per

153 5303 290 5374 agros
312 5309 436 5349 suos
451 5294 758 5374 domusque
774 5293 929 5374 quasi
955 5306 1060 5374 pro
1091 5291 1479 5348 benedictione
1510 5286 1915 5374 spargentjbus.
1931 5290 2023 5374 alii
2048 5286 2325 5374 frumeuta
2350 5286 2535 5374 vetera
2564 5286 2767 5342 feretro
2794 5286 2970 5374 ipsius
2994 5286 3438 5374 superjlacebant.

153 5356 318 5434 uluna
342 5379 463 5419 cum
492 5363 650 5420 novis
668 5356 923 5418 immixta
954 5356 1048 5434 illa
1068 5371 1338 5434 sererent,
1368 5356 1671 5434 sperabant
1694 5363 1840 5419 enim
1876 5362 2057 5434 taliter
2111 5359 2347 5434 tertilem
2378 5359 2487 5414 sibi
2519 5374 2756 5434 messem
2789 5356 3146 5434 profuturam.
3180 5357 3274 5434 Vix
3310 5365 3438 5434 tan-

153 5429 257 5507 dem
285 5435 527 5507 redditus
559 5433 754 5507 legatis
786 5449 894 5507 non
927 5433 1048 5507 sine
1075 5433 1266 5507 dolore
1298 5427 1356 5488 et
1378 5427 1823 5507 contradictione
1853 5433 2067 5507 populi,
2097 5430 2410 5507 clamabant
2451 5430 2598 5507 enim
2632 5429 2752 5507 ejus
2783 5427 3439 5507 absentiampericulum

155 5507 200 5576 et
221 5499 754 5561 desolationemwl‘ore
783 5504 1136 5576 civitatis,_ad
1167 5502 1339 5558 lilium
1361 5504 1628 5560 defertur.
1662 5499 2189 5576 Spirae'ut'petierat
2215 5500 2591 5576 sepeliendus.
2642 5500 2759 5576 Dux
2808 5504 2906 5553 etc.
2954 5499 3232 5576 Nescimus
3260 5500 3444 5576 utrum

156 5570 250 5698 “hac
274 5591 306 5628 a
332 5577 602 5645 Sigeberto
612 5578 858 5698 gigum
888 5578 969 5630 ita
991 5568 1139 5631 edita
1174 5576 1392 5642 fuerent
1418 5581 1470 5631 et
1489 5568 1829 5646 postmodum
1854 5568 2164 5645 suppressa,
2185 5587 2258 5626 an
2278 5568 2382 5642 pro
2409 5572 2781 5627 additamento
2804 5570 3054 5625 monachi
3087 5568 3445 5625 Virdunensis

270 5646 532 5698 habenda.
757 5663 793 5698 a
829 5661 1026 5698 omnes.

270 5646 532 5704 habenda.
612 5648 679 5682 ²⁸¹
710 5649 793 5703 ita
829 5661 1026 5704 omnes.

220 5784 350 5861 (343)
368 5787 517 5845 Visst
542 5788 687 5845 inter
714 5787 981 5846 Leodium
1000 5795 1056 5846 et
1076 5785 1403 5856 Traiectum.

458 5886 732 5951 Peraea.
782 5884 978 5952 CLX.
3074 5877 3115 5938 8

1702 5716 1911 5773 NOTAE.
