3876 6208
141 385 226 443 237

1606 375 1953 461 canorum.

3327 437 3435 496 238

136 504 320 560 auferre
338 512 391 561 et
420 522 597 579 regno
620 509 879 578 reddere,
934 512 988 567 id
1045 522 1128 569 est
1157 514 1431 585 civitates,
1463 518 1715 589 ducatus,
1745 526 1798 592 Α
1826 538 1945 576 rum
1977 523 2197 580 invadat
2221 526 2288 581 ad
2321 543 2552 602 regnum
2575 534 2925 603 pertinentia.
2962 543 3247 605 lnterdixit
3266 555 3432 610 etiam

136 593 396 659 marcbias,
428 596 746 663 comitatus,
801 608 1075 668 monetas,
1148 603 1427 671 thelonea,
1471 607 1716 663 advoca-

138 688 220 747 tas,
246 682 421 737 omnia
445 684 576 752 jura
617 688 1002 743 centurionum
1059 691 1141 745 vel
1194 692 1504 762 vilicorum,
1538 705 1722 753 curtes

138 780 182 825 et
199 771 361 839 vilias,
390 789 514 828 cum
538 776 801 832 omnibus
834 779 1186 848 pertinentiis
1216 784 1331 838 suis
1407 802 1530 857 qua:
1561 790 1717 863 regni

135 866 286 925 erant,
339 860 591 917 militiam
641 872 696 919 et
736 873 932 922 castra.
997 869 1146 924 lianc
1202 860 1717 932 conventionemfin

135 950 266 1005 karta
293 951 624 1023 descriptam
656 957 770 1029 regi
801 956 975 1025 dedit,
1024 960 1128 1016 hoc
1152 962 1387 1030 addens,
1421 967 1569 1036 quod
1601 967 1720 1038 ipse

135 1056 294 1113 regem
315 1050 368 1097 et
393 1057 623 1114 regnum
656 1046 887 1103 ulterius
916 1065 1028 1105 non
1077 1051 1431 1124 inquietaret,
1466 1064 1522 1110 et
1552 1058 1723 1127 privi—

135 1129 254 1203 legio
310 1130 413 1184 sub
446 1134 800 1190 anathemate
847 1138 1218 1205 confirmaret,
1252 1159 1321 1197 ne
1382 1146 1585 1213 posteri
1637 1148 1718 1201 sui

128 1236 233 1272 eum
268 1220 576 1293 inquietare
596 1237 959 1295 prensumant;
995 1246 1178 1304 regem
1200 1232 1440 1307 benigne
1459 1244 1511 1291 et
1540 1238 1713 1293 hono-

131 1306 256 1364 riﬁce
282 1312 608 1382 susciperet,
666 1331 903 1388 eumque
954 1319 1006 1373 in
1064 1306 1449 1391 imperatorem
1472 1343 1711 1383 corona-

132 1407 218 1463 ret,
238 1409 288 1453 et
306 1401 371 1454 ad
392 1404 697 1459 tenendum
753 1406 1046 1478 imperium
1086 1413 1289 1469 auxilio
1319 1414 1491 1471 ofﬁcii
1512 1420 1597 1473 sui
1623 1420 1721 1474 ad-

125 1488 329 1556 juvaret.
350 1492 454 1549 Pro
479 1494 567 1550 bis
593 1498 854 1554 omnibus
879 1500 1179 1572 implendis
1194 1521 1335 1576 papa
1364 1508 1478 1582 regi
1491 1509 1718 1566 obsides

127 1579 272 1635 dedit.
306 1584 636 1641 lnternuntii
681 1590 849 1663 regis,
873 1595 1124 1663 quamvis
1173 1597 1379 1653 scirent
1429 1579 1539 1655 hoc
1563 1603 1716 1659 nullo

128 1673 267 1727 modo
297 1690 454 1744 posse
475 1676 623 1746 fieri,
656 1679 1086 1753 affirmaverunt,
1134 1687 1178 1741 si
1222 1705 1364 1759 papa
1408 1691 1527 1748 haec
1555 1709 1714 1748 com-

128 1763 293 1833 pleret,
322 1782 505 1840 regem
527 1786 754 1842 quoque
802 1773 1150 1833 investituras
1201 1780 1598 1848 mcclesiarum,
1632 1785 1711 1841 uti

126 1855 399 1922 querebat,
430 1856 817 1916 refutaturum.

182 1946 292 2016 (1b.)
343 1947 449 2004 Hac
487 1965 594 2021 spe
646 1953 1075 2022 promissionum
1131 1959 1249 2031 regi
1296 1960 1521 2017 Romam
1590 1972 1712 2020 ten-

122 2034 282 2103 dendi,
313 2036 552 2096 Pascalis
581 2058 724 2113 papa
773 2044 956 2114 primo
1004 2064 1104 2118 per
1153 2065 1304 2116 suos,
1364 2060 1553 2122 postea
1590 2054 1709 2125 ipse

119 2144 222 2184 cum
245 2132 581 2201 primoribus
636 2135 1004 2194 Romanorum
1049 2148 1198 2198 extra
1227 2144 1418 2203 urbem
1448 2148 1704 2213 occurrit,

120 2217 405 2291 nullamque
434 2237 662 2277 causam
696 2225 986 2282 resistendi
1027 2232 1412 2289 ostenderunt.
1448 2234 1543 2289 Vix
1572 2236 1710 2291 civi-

121 2310 223 2365 tatis
247 2318 425 2382 portas
455 2314 747 2389 ingressus
773 2328 914 2387 erat,
953 2336 1077 2376 eum
1126 2323 1397 2381 militibus
1427 2327 1548 2395 ejus
1567 2327 1709 2383 intra

118 2397 318 2454 civitatis
361 2403 571 2457 moenia
617 2419 811 2460 secure
856 2411 1204 2480 vagantibus,
1265 2414 1358 2468 alii
1411 2415 1705 2482 vulnerati,

118 2488 383 2560 aliioecisi,
410 2508 611 2549 omnes
641 2512 772 2553 vero
802 2514 944 2569 pene
966 2502 1110 2572 capti
1160 2511 1253 2559 aut
1302 2505 1523 2575 spoliati
1545 2515 1694 2562 sunt.

120 2579 207 2636 Rex
229 2591 421 2651 tamen,
447 2588 613 2657 quasi
666 2590 909 2659 pro'levi
976 2609 1140 2650 causa
1170 2612 1280 2651 non
1312 2604 1514 2665 motus,
1547 2606 1701 2654 tran-

117 2669 257 2741 quilla
280 2684 456 2730 mente
482 2691 669 2747 usque
698 2678 766 2732 ad
821 2680 1021 2749 januas
1051 2682 1315 2739 zecclesiae
1361 2684 1512 2740 beati
1556 2687 1700 2741 Petri

115 2766 313 2832 apostoli
349 2783 471 2822 cum
498 2769 860 2839 proccssione
873 2775 1143 2843 pervenit.
1171 2776 1273 2830 Ubi
1294 2778 1486 2833 volens
1508 2785 1697 2833 osten-

113 2852 217 2910 dere
254 2858 447 2913 nullam
505 2860 889 2919 {ecclesiarum
939 2865 1033 2920 Dei
1083 2866 1543 2925 disturbationem
1627 2886 1693 2925 ex

110 2956 189 2997 suo
210 2945 338 3000 velle
381 2948 692 3017 procedere
749 2950 804 3004 in
861 2953 1038 3007 oculis
1085 2962 1139 3008 et
1187 2956 1418 3012 auribus
1444 2960 1692 3015 omnium

110 3040 367 3095 astantium
390 3042 492 3097 hoc
522 3042 811 3099 decretum
844 3048 1248 3121 promulgavit:
1278 3053 1392 3119 Ego
1423 3055 1687 3109 Henricus

1822 610 1925 665 sub
1957 613 2329 683 anathemate,
2355 633 2423 671 ne
2456 618 2555 687 illi,
2589 623 2681 693 qui
2711 636 2835 694 post
2878 644 3002 686 eum
3036 634 3090 689 in
3131 643 3432 709 apostolica

1822 702 1955 755 sede
1986 704 2187 758 sessuri
2215 715 2364 773 sunt,
2394 710 2632 766 audeant
2671 730 2856 789 regem
2907 729 3000 776 aut
3044 702 3271 799 regnum
3314 732 3434 801 ejus

1822 794 2127 866 inquietare
2149 815 2314 869 super
2355 802 2457 857 hoc
2489 807 2728 876 negotio.

1897 892 1955 945 ln
1986 894 2430 953 reconciliatione
2468 909 2670 968 autem,
2706 921 2830 976 qum
2860 908 2997 965 facta
3046 920 3127 969 est
3159 915 3305 971 inter
3336 936 3435 990 pa-

1824 1000 1946 1053 pam
1976 994 2030 1041 et
2061 987 2468 1059 imperatorem,
2502 996 2593 1066 qui
2628 997 2803 1068 ipsum
2837 1020 3032 1075 papam
3066 1023 3189 1064 cum
3224 987 3434 1083 episco-

1825 1079 1909 1146 pis
1931 1090 1983 1134 et
2008 1083 2379 1141 cardinalibus
2432 1099 2694 1159 coeperat,
2754 1095 2856 1150 hoc
2916 1098 3014 1155 fuit
3056 1103 3429 1170 juramentum

1822 1168 1967 1239 regis
1995 1187 2005 1219 :
2041 1175 2140 1238 Ego
2172 1177 2449 1229 Ileinrieas
2496 1194 2594 1232 rer
2630 1181 2682 1233 4.
2713 1184 2792 1235 vel
2838 1184 2890 1237 fi.
2923 1189 3063 1252 feria
3085 1196 3333 1259 proximi
3363 1198 3431 1246 li-

1815 1258 1958 1311 beros
1988 1260 2260 1314 dimittam
2299 1265 2579 1319 dominum
2604 1285 2804 1338 papam
2854 1281 2903 1326 et
2932 1258 3192 1347 episcopos
3218 1289 3270 1334 et
3307 1299 3429 1337 car-

1812 1347 2018 1402 dinales
2041 1356 2092 1403 et
2120 1367 2302 1407 omnes
2357 1360 2589 1424 captivos
2635 1366 2683 1413 et
2711 1362 2909 1426 obsides
2934 1374 3020 1431 ;et
3043 1386 3197 1438 papa:
3222 1380 3274 1426 et
3298 1376 3428 1439 ﬁde-

1820 1438 1958 1493 libus
1980 1444 2095 1509 ejus
2123 1450 2176 1496 et
2200 1448 2449 1501 Romanis
2497 1466 2685 1518 pacem
2736 1460 2786 1507 et
2809 1461 3153 1515 securitatem
3188 1467 3424 1531 servabo,

1822 1537 1935 1585 tam
1957 1550 2054 1602 per
2074 1551 2161 1589 me
2182 1553 2347 1605 quam
2369 1554 2468 1607 per
2481 1551 2705 1609 meos,et
2734 1548 2793 1600 in
2811 1555 3051 1617 personis
3080 1562 3130 1608 et
3159 1559 3219 1610 in
3248 1559 3423 1626 rebus,

1817 1621 1968 1689 eique
1983 1623 2241 1678 obrediam
2267 1628 2413 1682 salvo
2441 1631 2637 1686 honore
2699 1640 2853 1703 regni
2906 1641 2985 1692 vel.
3027 1644 3258 1711 imperii.
3318 1647 3427 1703 Hoc

1812 1710 2182 1777 juramentum
2248 1715 2573 1784 juraverunt
2647 1723 2812 1778 etiam
2882 1710 3130 1801 episcopi
3160 1741 3215 1788 et
3273 1736 3427 1806 prin-

1736 1821 1790 1890 B
1816 1803 1969 1874 cipes
1988 1804 2207 1860 circiter
2239 1808 2322 1863 16.
2364 1809 2745 1868 Juramentum
2795 1833 2860 1871 ex
2920 1827 3074 1889 parte
3126 1803 3284 1895 papte
3323 1829 3426 1884 hoc

1812 1894 1915 1950 fuit
1946 1914 1959 1950 :
1988 1902 2243 1955 Dominus
2266 1917 2409 1971 papa
2465 1908 2699 1961 Pascalis
2749 1925 2860 1964 non
2916 1894 3235 1982 inquietabit
3254 1920 3427 1975 domi-

1810 2002 1946 2041 num
1974 2002 2151 2056 regem
2178 2005 2278 2044 nec
2308 2007 2537 2059 regnum
2580 1999 2695 2064 ejus
2718 1999 2783 2052 de
2806 2002 3127 2060 investitura
3151 2012 3422 2080 episcopa-

1811 2082 1970 2130 tuum
1992 2078 2073 2131 vel
2126 2079 2492 2144 abbatiarum,
2546 2100 2718 2154 neque
2752 2088 2816 2142 de
2862 2093 3069 2161 injuria
3106 2100 3209 2152 sibi
3234 2108 3286 2153 et
3311 2078 3425 2157 suis

1809 2164 1964 2218 illata
1994 2167 2055 2218 in
2099 2171 2361 2236 personis,
2412 2173 2472 2224 in
2526 2172 2716 2242 bonis;
2744 2192 2914 2247 neque
2964 2184 3177 2251 aliquod
3212 2190 3423 2244 malum

1808 2255 1987 2310 reddet
2010 2257 2113 2312 sibi
2135 2261 2215 2313 vel
2240 2261 2409 2315 alicui
2421 2278 2662 2330 persona:
2676 2282 2774 2335 pro
2825 2271 2927 2324 hac
2953 2288 3117 2328 causa
3144 2294 3162 2341 ;
3201 2285 3253 2332 et
3275 2286 3421 2349 peni-

1811 2353 1896 2402 tus
1924 2351 1983 2401 in
2004 2365 2287 2417 personam
2338 2358 2477 2421 regis
2529 2361 2746 2412 Ilenrici
2793 2377 3079 2431 nunquam
3126 2370 3419 2429 anathema

1806 2442 1983 2494 mittet
2011 2458 2026 2506 ;
2056 2457 2154 2496 nec
2179 2445 2477 2500 remanebit
2506 2450 2566 2501 in
2614 2450 2827 2506 domino
2849 2469 2887 2521 p
2906 2471 2993 2523 ipa
3039 2462 3174 2526 quin
3207 2474 3418 2519 coronet

1803 2541 1927 2581 eum
1958 2572 1972 2593 ,
2003 2536 2053 2583 et
2081 2545 2310 2599 regnum
2336 2539 2388 2586 et
2444 2537 2731 2605 imperium
2766 2543 2972 2598 auxilio
2999 2547 3159 2612 ofﬁcii
3177 2554 3268 2605 sui
3292 2568 3415 2607 eum

1805 2623 1983 2671 tenere
2009 2619 2390 2689 adjuvabitpro
2408 2639 2557 2691 posse
2579 2641 2692 2683 suo.
2724 2632 2789 2682 Et
2811 2631 2909 2685 hoc
2936 2633 3245 2705 adimplebit
3270 2657 3416 2711 papa

1799 2710 1915 2763 sine
1937 2709 2134 2774 fraude
2156 2716 2207 2764 et
2234 2714 2379 2768 malo
2416 2716 2647 2782 ingenio.
2694 2717 2804 2774 Hoc
2841 2720 3215 2789 juramentum
3256 2709 3413 2803 papae

1796 2794 2526 2868 conﬁrmaveruntjurando
2569 2806 2819 2878 episcopi
2882 2817 2939 2865 et
2968 2794 3278 2872 cardinales
3309 2794 3412 2874 nu-

1797 2903 1948 2942 mero
2001 2889 2064 2944 15
2120 2890 2351 2947 Henrico
2398 2894 2513 2968 regi
2558 2895 2612 2950 in
2670 2898 3058 2969 imperatorem
3121 2918 3407 2967 coronato.

1796 2975 1921 3032 Post
1950 2977 2151 3034 lectum
2180 2982 2525 3052 evangelium
2567 2987 2792 3042 tradidit
2817 2990 2865 3044 ei
2897 3007 3038 3063 papa
3066 3001 3193 3051 ante
3239 2999 3408 3056 altare

1791 3071 2164 3141 apostolorum
2206 3073 2347 3129 Petri
2378 3084 2433 3130 et
2464 3076 2611 3131 Pauli
2647 3079 2701 3133 in
2756 3082 2933 3139 oculis
2962 3088 3211 3144 omnium
3244 3092 3401 3162 prin-

108 3128 366 3197 imperator
399 3138 672 3201 augustas
719 3138 939 3202 afﬁrmo
992 3140 1092 3194 Deo
1131 3146 1180 3195 et
1227 3149 1414 3199 sancto
1451 3147 1607 3200 Petro
1638 3153 1687 3200 et

108 3220 311 3260 nmm'lmc
337 3224 606 3260 micnmic
645 3229 691 3260 al
723 3226 1013 3260 ηΙιΑηΗληο
1041 3234 1089 3260 οι
1116 3233 1361 3260 “mn-1...-
1392 3236 1641 3260 ωηηιηηρι,
1671 3255 1682 3260 -

1835 3128 1840 3141 ι
2260 3128 2265 3129 ν
2392 3128 2429 3130 ,,
2760 3128 2933 3139 --.μη
3244 3128 3401 3162 ,ηιμ-

1842 3176 1970 3230 pum
2001 3160 2106 3216 hoc
2136 3162 2485 3237 privilegium
2511 3166 2579 3222 de
2607 3168 2929 3228 investitura
2985 3177 3402 3251 episcopatuum

105 3220 311 3275 omnibus
337 3224 606 3293 episcopis
644 3229 692 3277 et
722 3226 1013 3282 abbatibus
1040 3234 1089 3284 et
1115 3233 1361 3286 omnibus
1389 3236 1641 3291 (ecclesiis
1667 3255 1682 3290 :

104 3314 251 3365 omnia
285 3329 400 3382 quae
440 3318 803 3371 antecessores
854 3321 960 3372 mei
1012 3337 1163 3389 reges
1199 3326 1281 3378 vel
1336 3328 1684 3404 imperatores

103 3407 444 3468 concesserunt,
474 3405 562 3457 vel
614 3420 823 3475 quoque
861 3409 1016 3463 modo
1053 3413 1401 3469 tradiderunt
1433 3420 1560 3485 Deo,
1594 3435 1685 3488 ego

102 3492 223 3545 nullo
262 3495 411 3550 modo
463 3497 785 3552 subtrahere
853 3501 990 3558 volo.
1027 3503 1138 3558 Hoc
1166 3505 1390 3563 decreto
1432 3510 1575 3566 lecto
1629 3521 1683 3568 et

103 3578 391 3653 subscripta,
426 3584 596 3661 petiit
622 3601 653 3639 a
707 3602 847 3657 papa
888 3599 946 3644 ut
979 3590 1308 3664 adimpleret
1353 3596 1400 3651 ei
1442 3599 1593 3671 quod
1625 3600 1682 3655 in

105 3670 229 3726 karta
255 3676 586 3733 conditionis
602 3678 862 3749 scriptum
892 3689 1026 3738 erat.
1073 3686 1192 3755 [pse
1214 3687 1379 3743 etiam
1433 3670 1524 3745 rex
1556 3707 1685 3747 con-

102 3765 377 3822 ventionem
408 3786 572 3825 suam
598 3769 666 3824 ad
690 3788 884 3842 papam
931 3773 1187 3845 firmavit,
1214 3779 1682 3856 jurantibusqua-

99 3861 521 3929 tuorcomitibus,
587 3864 736 3934 quod
810 3867 1055 3935 proxima
1114 3878 1306 3943 quarta
1350 3876 1436 3930 vel
1491 3877 1683 3949 quinta

101 3940 209 3998 feria
232 3963 317 4001 rex
346 3949 637 4021 principes
659 3967 789 4007 suos
815 3955 1117 4011 amicitiam
1133 3940 1335 4028 vjurare
1361 3963 1586 4032 faceret,
1627 3974 1682 4022 et

104 4030 292 4089 obsides
310 4036 487 4107 daret,
518 4053 589 4094 eo
628 4046 841 4108 tenore,
873 4044 917 4098 si
936 4061 1093 4121 .papa
1122 4050 1372 4119 proximo
1402 4053 1680 4111 dominico

103 4119 174 4174 die
197 4124 509 4196 adimpleret
562 4128 680 4204 regi
714 4147 812 4201 per
840 4119 1045 4201 omnia,
1099 4139 1248 4208 quod
1281 4140 1335 4194 in
1362 4141 1516 4199 karta
1545 4160 1682 4202 con-

102 4215 342 4275 ventionis
366 4222 484 4291 ejus
510 4223 777 4294 scriptum
806 4235 942 4283 erat.
1005 4229 1133 4285 Cum
1164 4248 1295 4306 ergo
1342 4252 1433 4291 rex
1460 4237 1673 4295 insiste-

104 4314 187 4373 ret,
221 4316 272 4364 ut
289 4329 423 4384 papa
452 4332 581 4371 eum
608 4316 824 4384 justitia
876 4325 931 4375 et
985 4324 1310 4381 auctoritate
1353 4330 1676 4398 promissam

101 4395 188 4451 sibi
214 4406 633 4460 conventionem
662 4407 730 4461 de
762 4410 1063 4466 reddendis
1090 4413 1195 4468 sibi
1227 4417 1502 4489 regalibus
1546 4437 1679 4476 con-

101 4484 343 4557 ﬁrmaret;
377 4495 655 4551 universis
686 4504 791 4552 tam
827 4501 942 4555 suis
981 4519 1145 4574 quam
1176 4508 1400 4574 nostris,

98 4578 351 4654 episcopis,
386 4586 709 4657 abbatibus,
767 4598 820 4645 et
847 4594 1119 4651 universis
1161 4599 1426 4656 recclesiaa
1452 4602 1580 4658 tiliis
1621 4605 1677 4661 in

99 4664 261 4724 faciem
292 4675 341 4728 ei
370 4677 778 4745 resistentibus,
806 4692 860 4737 et
889 4683 1113 4740 decreto
1142 4702 1242 4742 suo
1274 4688 1494 4759 plenam
1520 4694 1680 4751 here-

98 4755 178 4809 sim
201 4759 634 4836 inclamantibus,
663 4771 837 4826 voluit
887 4789 1047 4844 papa,
1082 4776 1128 4830 si
1150 4778 1298 4833 salva
1330 4798 1464 4851 pace
1483 4786 1680 4842 aaccle-

97 4844 174 4901 size
197 4853 472 4925 potuisset,
504 4858 611 4913 hoc
663 4860 1013 4935 privilegium
1047 4866 1325 4936 proferrre
1360 4872 1474 4928 :Ne
1501 4890 1679 4930 sacer-

97 4934 245 5005 dotes,
265 4942 489 5001 abbates
547 4956 643 5002 aut
686 4934 1274 5012 clericiszecularibus
1312 4974 1675 5034 occupentur,

98 5040 210 5084 neve
260 5034 324 5088 ad
367 5038 688 5094 comitatum
747 5043 1033 5112 accedant,
1086 5048 1191 5103 nisi
1256 5066 1355 5121 pro
1403 5053 1693 5112 damnatis.

98 5121 344 5191 emendis,
395 5143 536 5183 neve
592 5129 845 5187 militiam
912 5146 1229 5207 exerceant,
1286 5157 1410 5212 qua:
1471 5144 1558 5200 vix
1584 5155 1679 5204 aut

96 5208 218 5263 nullo
243 5216 397 5273 modo
451 5219 574 5274 sine
622 5223 847 5293 rapinis,
907 5227 1239 5302 sacrilegiis,
1298 5232 1574 5292 incendiis
1622 5246 1677 5294 et

98 5298 374 5362 homicidiis
464 5311 809 5377 exhibentur,
923 5333 1060 5374 neve
1145 5322 1378 5378 ministri
1490 5327 1677 5384 altaris

98 5386 206 5447 ﬁant
245 5398 474 5455 ministri
505 5404 695 5472 curiae,
757 5422 894 5462 neve
939 5409 1209 5481 accipiant
1262 5431 1292 5469 a
1352 5417 1578 5490 regibus
1606 5421 1674 5475 ad

100 5498 293 5558 regnum
355 5498 706 5565 pertinentia.
769 5503 901 5578 llegi
956 5514 1140 5562 autem
1187 5509 1302 5565 sive
1354 5511 1675 5584 imperatori

100 5578 284 5634 censuit
311 5597 431 5639 esse
445 5586 775 5644 dimittenda
793 5593 978 5648 omnia
995 5595 1064 5648 ad
1096 5612 1326 5672 regnum
1339 5602 1675 5671 pertinentia

100 5670 354 5740 atemporc
384 5675 560 5733 Karoli
590 5679 770 5755 Magni
802 5690 854 5737 et
884 5670 1190 5743 ceterorum
1226 5691 1619 5762 imperatorum
1657 5715 1671 5760 ;

100 5751 399 5820 interdicens
417 5769 520 5823 sub
550 5751 924 5844 anathemate,
958 5792 1028 5831 ne
1058 5781 1348 5851 quisquam
1380 5784 1674 5857 cpisc0po-

1787 3252 1872 3306 vel
1902 3252 2267 3319 abbatiarum,
2302 3264 2410 3311 tam
2445 3275 2543 3329 per
2579 3262 2804 3319 anulum
2826 3282 2990 3337 quam
3033 3286 3132 3341 per
3157 3273 3399 3350 virgam:

1785 3343 2024 3397 Pascalis
2051 3347 2326 3414 episcopus
2365 3363 2550 3405 servus
2592 3366 2870 3409 servorum
2898 3361 2991 3413 Dei
3024 3343 3307 3423 [carissimo
3337 3370 3397 3423 in

1784 3438 1987 3492 Christo
2033 3441 2145 3504 ﬁlio
2195 3445 2414 3499 Henrico
2474 3450 2879 3506 Teutonicorum
2901 3457 3033 3523 regi,
3079 3463 3132 3512 et
3153 3475 3253 3528 per
3302 3467 3396 3519 Dei

1785 3527 2159 3594 omnipotentis
2214 3534 2454 3597 gratiam
2503 3538 2865 3592 Romanorum
2920 3527 3235 3613 imperatori
3297 3566 3403 3607 au-

1783 3623 1955 3684 gusto,
1985 3620 2217 3674 salutem
2242 3628 2293 3676 et
2322 3626 2664 3691 apostolicam
2693 3629 3108 3692 benedictionem
3160 3644 3402 3711 Regnum

1781 3714 2020 3763 vestrum
2053 3717 2257 3765 sanctae
2282 3716 2535 3768 Romanae
2570 3719 2818 3774 (ecclesiae
2838 3725 3192 3792 singulariter
3231 3736 3403 3790 coha-

1782 3816 1899 3856 rere
1921 3802 2187 3871 dispositio
2228 3804 2413 3858 divina
2477 3810 2775 3863 constituit.
2802 3815 3207 3876 Prwdecessores
3227 3823 3403 3893 (vestri

1779 3890 2061 3958 probitatis
2112 3899 2164 3947 et
2204 3894 2509 3961 prudentia:
2587 3899 2862 3966 amplioris
2917 3908 3098 3970 gratia
3148 3890 3401 3968 Romana:

1783 3979 1930 4034 urbis
1956 3994 2209 4034 coronam
2231 3988 2282 4035 et
2324 3984 2613 4052 imperium
2659 3992 2929 4043 consecuti
2948 3999 3097 4047 sunt.
3126 3996 3217 4050 Ad
3242 4005 3399 4069 cujus

1781 4069 2021 4124 videlicet
2066 4085 2274 4126 corona:
2296 4078 2347 4126 et
2376 4074 2591 4142 imperii
2615 4075 2935 4144 dignitatem
2992 4087 3147 4137 tuam
3195 4102 3400 4158 quoque

1777 4180 2086 4233 personam,
2113 4168 2197 4232 ﬁli
2218 4169 2498 4225 karissime
2545 4175 2789 4241 Henrice,
2833 4191 2931 4244 per
2958 4182 3130 4234 nostri
3156 4185 3400 4239 ministe-

1780 4260 1928 4312 rium
1954 4261 2238 4315 sacerdotii
2284 4265 2538 4331 majestas
2592 4264 2779 4320 divina
2819 4273 3081 4336 provexit.
3116 4274 3274 4328 Illam
3301 4279 3399 4344 igi-

1780 4350 1872 4400 tur
1924 4348 2214 4415 dignitatis
2264 4355 2709 4422 prwrogativam,
2771 4373 2934 4426 quam
2979 4363 3397 4430 prcedecessores

1779 4438 1953 4489 nostri
1969 4439 2161 4492 vestris
2171 4439 2648 4507 prwdecessoribus
2678 4444 2956 4502 catholicis
2978 4450 3396 4518 imperatoribus

1458 4511 1677 4569 εείίὶοθι
1706 4514 1761 4582 D
1787 4533 2153 4583 concesserunt
2171 4535 2220 4582 et
2242 4532 2650 4599 privilegiorum
2674 4539 2898 4605 paginis
2923 4543 3394 4613 confirmaverunt,

1782 4633 1877 4672 nos
1915 4633 2123 4687 quoque
2149 4620 2424 4675 dilectioni
2472 4628 2582 4678 tua:
2610 4628 2966 4697 concedimus,
3022 4636 3071 4686 et
3115 4641 3397 4703 praesentis

1778 4706 2053 4774 privilegii
2080 4710 2286 4775 pagina
2321 4699 2724 4791 conﬁrmamus,
2748 4720 2808 4770 ut
2828 4720 2987 4785 regni
3022 4699 3395 4796 tui—episcopis

1778 4797 1861 4852 vel
1890 4797 2178 4853 abbatibus
2209 4800 2373 4855 libere
2421 4808 2618 4871 praeter
2646 4807 2961 4864 violentiam
3016 4817 3067 4866 et
3092 4820 3395 4882 symoniam

1778 4888 1955 4943 electis
1976 4891 2352 4946 investituram
2380 4895 2553 4962 virgae
2582 4900 2631 4949 et
2661 4900 2815 4952 anuli
2849 4902 3115 4969 conferas.
3157 4908 3281 4963 Post
3304 4911 3395 4965 in-

1776 4980 2115 5036 vestitioncm
2143 4997 2271 5036 vera
2301 4983 2557 5040 kanonice
2583 4993 3028 5048 consecrationem
3065 4998 3303 5068 accipiat
3329 5001 3396 5056 ab

1778 5069 2022 5138 episcopo
2043 5070 2118 5125 ad
2146 5086 2301 5140 quem
2335 5076 2661 5142 pertinuerit
2739 5078 2802 5134 Si
2829 5083 2953 5149 quis
2992 5088 3169 5141 autem
3197 5103 3232 5141 α
3258 5089 3396 5144 clero

1778 5163 1831 5215 et
1860 5162 2065 5232 populo
2091 5169 2290 5233 praeter
2320 5170 2472 5221 tuum
2535 5184 2811 5227 assensum
2841 5174 3033 5231 electus
3061 5179 3256 5247 fuerit,
3285 5183 3399 5237 nisi

1778 5265 1812 5305 a
1836 5254 1886 5304 te
1913 5254 2254 5321 investiatur,
2285 5271 2321 5309 a
2348 5259 2557 5312 nemine
2609 5266 2955 5319 consecretur.
2998 5264 3142 5321 Sane
3164 5271 3397 5341 episcopi

1776 5344 1827 5393 et
1862 5342 2252 5414 archiepiscopi
2296 5345 2595 5401 libertatem
2642 5348 2897 5419 habeant,
2947 5368 2984 5408 α
3010 5359 3060 5408 te
3116 5358 3394 5414 investitos

1776 5430 2048 5499 episcopos
2073 5432 2157 5486 vel
2193 5433 2411 5489 abbates
2464 5435 2723 5492 kanonice
2777 5444 3142 5500 consecrandi.
3175 5445 3392 5502 Prtede-

1777 5533 2001 5575 cessores
2030 5525 2172 5577 enim
2197 5527 2364 5579 vestri
2391 5527 2656 5583 (ecclesias
2712 5534 2867 5600 regni
2916 5536 3007 5588 sui
3036 5538 3205 5591 tantis
3233 5552 3391 5607 rega-

1777 5607 1911 5662 lium
1963 5624 2181 5665 suorum
2240 5612 2504 5682 beneﬁciis
2573 5620 2996 5688 ampliaverunt,
3055 5629 3115 5678 ut
3170 5640 3392 5694 regnum

1774 5701 1955 5768 ipsum
1984 5703 2349 5771 episcoporum
2387 5708 2469 5759 vel
2506 5707 2765 5764 abbatum
2822 5714 3063 5766 maxime
3106 5716 3389 5781 prasidiis

1774 5796 2014 5859 oporteat
2043 5797 2384 5861 communiri,
2440 5804 2489 5852 et
2532 5801 2822 5869 populares
2863 5802 3235 5868 dissensiones,
3268 5816 3389 5873 quae
