3876 6208
418 362 519 415 239

1631 355 1971 410 811ὶΕΒΕΡιΤΙ
2012 356 2522 417 υΕΜΒιΛαΕΝΜδ.

3651 373 3754 428 240

413 490 470 540 in
502 487 841 542 electionibus
879 500 1015 553 serpe
1043 485 1383 550 contingunt,
1434 484 1607 549 regali
1634 487 1873 552 oporteat
1912 500 2027 537 ma-
2054 488 2107 557 Α
2130 484 2320 539 dicina
2349 487 2633 541 custodiat.
2653 494 2701 540 et
2728 502 3010 556 personam
3022 489 3455 564 fpotestatemque
3472 500 3648 563 tuam,
3681 501 3751 551 ad

406 579 604 647 jestate
632 577 908 646 compesci.
958 574 1306 641 Quamobrem
1355 574 1657 643 prudentiae
1684 579 1733 627 et
1777 576 2031 643 potestati

419 676 524 726 tute
553 686 685 724 cura
712 669 863 723 debet
919 667 1203 722 sollicitius
1240 668 1517 719 imminere
1543 670 1604 719 ut
1657 667 1910 720 Romanae
1934 681 2032 719 xc-

414 761 586 829 clesicp
621 756 934 824 magnitudo
960 759 1008 809 et
1070 759 1378 808 caterarum
1408 754 1554 807 salus
1599 758 1889 822 prastante
1918 756 2028 808 Do-

418 853 565 905 mino
591 850 856 918 beneﬁciis
905 849 1013 901 tuis
1052 852 1101 900 et
1156 848 1393 900 servitiis
1432 850 1789 900 conservetur.
1840 846 1900 901 Si
1924 860 2033 915 qua

416 941 593 1009 igitur
623 938 1003 993 ecclesiastica
1032 935 1351 989 secularisce
1374 948 1631 1002 persona.
1664 934 1800 988 hanc
1838 938 2034 987 nostra:

419 1035 773 1089 concessionis
817 1033 1081 1099 paginam
1135 1030 1327 1091 sciens,
1371 1034 1557 1082 contra
1586 1045 1703 1082 eam
1746 1030 2030 1082 temerario

418 1141 558 1178 ausu
601 1126 781 1177 venire
827 1123 1186 1190 temptaverit,
1236 1121 1600 1173 anathematis
1653 1122 1883 1188 vinculo,
1921 1121 2033 1173 nisi

417 1216 721 1285 resipuerit,
760 1214 1069 1277 innodetur,
1112 1213 1433 1281 honorisque
1483 1226 1547 1265 ac
1597 1211 1884 1278 dignitatis
1923 1226 2032 1264 sum

416 1303 713 1372 periculum
743 1303 1008 1371 patiatur.
1059 1301 1409 1356 Observantes
1447 1305 1623 1354 autem
1660 1299 2032 1355 misericordia

414 1500 783 1511 ——-—.—-—-.

2132 576 2378 630 honorem
2401 593 2556 632 suum
2586 583 2636 633 et
2663 564 2929 646 gloriam,
2972 582 3205 648 feliciter
3256 586 3531 655 imperare
3567 604 3751 645 conce-

2132 664 2241 717 dat.
2274 664 2624 721 Conlirmatio
2655 666 2807 736 pacis
2835 668 2978 723 inter
3015 671 3376 740 apostolicum
3420 682 3479 729 et
3511 675 3750 747 impera-

2134 763 2325 824 torem,
2357 758 2484 813 dum
2512 759 2565 813 in
2597 760 2972 817 celebratione
2997 764 3179 820 missa:
3200 766 3441 824 traderet
3471 769 3527 824 ei
3550 785 3751 842 corpus

2133 858 2185 905 et
2224 851 2553 926 sanguinem
2596 853 2805 908 domini
2860 856 3031 911 nostri
3083 857 3212 913 Jesu
3243 857 3442 915 Christi
3480 878 3495 915 :
3530 865 3749 919 Domine

2130 943 2446 1010 imperator,
2479 942 2573 996 hoc
2609 958 2801 1013 corpus
2828 947 3064 1012 Domini,
3097 952 3287 1003 natum
3320 965 3389 1005 ea:
3420 953 3606 1007 Maria
3632 956 3745 1007 vir-

2131 1031 2510 1099 gine.passum
2524 1033 2584 1084 in
2622 1047 2775 1085 cruce
2803 1049 2907 1101 pro
2936 1035 3109 1099 nobis,
3163 1038 3305 1091 sicut
3354 1044 3551 1094 sancta
3573 1045 3626 1093 et
3661 1058 3752 1093 ea-

2132 1118 2329 1171 tholica
2386 1122 2519 1173 tenet
2571 1121 2829 1185 aecclesia,
2884 1122 3077 1175 damus
3106 1125 3208 1178 tibi
3245 1127 3303 1179 in
3343 1130 3751 1195 conﬁrmatione

2131 1221 2265 1261 verae
2288 1208 2444 1276 pacis
2473 1211 2523 1261 et
2550 1210 2843 1264 concordiae
2869 1212 3011 1265 inter
3037 1227 3120 1266 me
3142 1218 3193 1267 et
3222 1219 3287 1268 te.
3322 1218 3524 1271 Datum
3549 1222 3626 1273 est
3664 1220 3745 1273 Id.

2132 1298 2369 1367 Aprilis,
2382 1299 2675 1353 indictione
2703 1300 2737 1352 4
2765 1299 2851 1355 ²⁸⁷.

1006 1662 1753 1803 ANSELMI
1868 1662 3147 1809 GEMBLACENSIS

1650 1924 2510 2022 CONTINUATIO.

759 2182 817 2237 l1.
876 2186 928 2233 ti.
992 2182 1090 2243 t7).
1198 2180 1247 2234 F.
1301 2180 1354 2234 3.
1389 2181 1487 2247 i4.)
1564 2181 1621 2233 Α.
1682 2178 1767 2234 12.
1820 2179 1949 2245 (13).

492 2184 650 2237 1112.
759 2182 817 2237 Β.
876 2186 928 2233 σε.
992 2182 1090 2243 t7).

1023 2271 1083 2324 ll.
1116 2269 1427 2339 12.(13)²⁸⁶.

488 2365 599 2420 Deo
630 2364 869 2435 peccatis
904 2363 1186 2417 hominum
1246 2359 1479 2425 offenso,
1527 2360 1699 2413 multo
1761 2358 2024 2413 eveniunt

415 2459 517 2512 hoc
543 2472 712 2512 anno.
743 2457 804 2512 1n
823 2462 1009 2510 monte
1028 2453 1320 2509 Castriloco
1345 2452 1595 2507 secclesia
1618 2458 1824 2505 sanctae
1865 2449 2024 2504 Gual-

413 2547 678 2602 dedrudis
707 2561 829 2602 cum
866 2544 991 2599 aliis
1040 2543 1257 2598 duabus
1300 2541 1573 2597 a3cclesiis
1610 2539 1923 2595 minoribus
1970 2545 2026 2594 et

410 2654 533 2693 cum
565 2644 679 2692 toto
721 2651 878 2708 paene
900 2634 1108 2705 Oppido
1135 2634 1308 2688 arsuit
1334 2633 1422 2687 "9.
1443 2631 1705 2687 [Ecclesia
1736 2629 1912 2685 sancti
1926 2627 2025 2683 Mi-

410 2726 622 2781 chaelis
676 2725 744 2778 de
798 2722 1041 2794 periculo
1087 2722 1254 2775 maris
1284 2720 1557 2793 fulgurata
1604 2718 1870 2774 divinitus
1895 2717 2030 2771 arsit

410 2818 481 2851 ²⁹⁰
512 2833 636 2870 cum
679 2814 931 2870 aedificiis
986 2813 1093 2868 sibi
1156 2812 1626 2883 appendentibus.
1697 2810 2021 2864 Gualdricus

409 2908 708 2978 episcopus
738 2906 1140 2970 Laudunensis,
1172 2904 1323 2958 cives
1374 2903 1547 2972 ipsius
1580 2902 1733 2957 urbis
1773 2918 1804 2955 a
1829 2917 2019 2956 sacra-

410 3003 600 3050 mento
631 3009 919 3065 perperam
944 2994 1141 3061 juratee
1172 2992 1581 3048 communitatis
1625 3006 1879 3045 revocare
1935 2991 2022 3044 ni-

417 3103 531 3155 sus,
552 3104 583 3141 a
602 3085 880 3141 seditiosis
897 3084 963 3139 ad
994 3101 1144 3139 arma
1174 3084 1654 3147 concurrentibus,
1688 3085 1835 3155 quod
1869 3084 2023 3139 dictu

417 3178 572 3232 nefas
601 3183 706 3242 est,
737 3174 921 3249 gladio
973 3174 1262 3228 confossus
1317 3172 1543 3237 interiit,
1587 3171 1720 3227 feria
1754 3172 1808 3238 5,
1841 3172 2023 3228 ebdo-

416 3265 594 3321 madae
626 3263 921 3335 paschalis,
954 3265 1007 3319 7.
1039 3262 1149 3316 Kal.
1185 3262 1327 3327 Maii,
1364 3260 1419 3315 in
1447 3261 1667 3315 laetania
1699 3261 1890 3329 majori
1923 3262 2025 3316 Tu-

416 3357 721 3411 multuante
752 3354 917 3409 etiam
951 3354 1159 3422 impetu
1214 3351 1459 3406 confusa:
1501 3350 1890 3416 multitudinis,
1924 3352 2021 3407 do-

416 3464 538 3503 mus
568 3446 811 3518 episcopi
870 3444 1248 3499 succenditur.
1298 3442 1451 3497 Unde
1506 3442 1671 3497 etiam
1702 3441 1818 3513 ipsa
1852 3450 2025 3497 mater
2047 3416 2096 3483 (ἶ

415 3543 667 3597 tecclesia
688 3547 889 3597 sancta:
947 3540 1146 3604 Mariae,
1192 3547 1246 3593 et
1276 3538 1524 3594 aecclesia
1552 3539 1726 3594 sancti
1759 3538 2023 3594 Johannis

416 3637 669 3708 baptista:
698 3636 754 3691 in
784 3635 1003 3690 abbatia
1053 3633 1399 3702 monialium,
1455 3650 1579 3688 cum
1602 3633 1725 3687 aliis
1755 3634 2024 3688 mcclesiis

414 3729 674 3785 omnibus
702 3745 733 3784 e
758 3728 938 3783 vicino
969 3726 1416 3798 appendentibus
1468 3738 1909 3781 concremantur.
1963 3727 2022 3780 1n

412 3829 671 3879 auctores
698 3820 990 3877 seditionis
1020 3836 1051 3874 a
1108 3836 1232 3894 rege
1281 3820 1605 3875 Francorum
1663 3827 1770 3874 tam
1829 3834 2023 3874 severe

412 3921 495 3971 est
524 3914 860 3970 vindicatum
916 3920 976 3969 ut
1006 3919 1110 3968 tam
1136 3919 1421 3983 presentes
1447 3928 1609 3983 quam
1643 3911 1856 3967 futuros
1891 3928 1921 3965 a
1944 3911 2021 3964 si-

412 4003 531 4058 mili
564 4004 776 4059 scelere
803 4004 1083 4057 deterrere
1133 4001 1306 4072 possit
1350 4001 1665 4071 exemplum
1712 4001 1797 4052 ’9'.
1832 4000 2018 4054 Mense

410 4097 547 4153 Maio
572 4097 823 4169 sigilines
838 4102 892 4150 et
920 4095 1146 4150 arbores
1170 4110 1327 4149 sacro
1360 4095 1487 4168 igne
1540 4094 1769 4158 adustzn,
1805 4092 2018 4148 fructus

405 4186 491 4242 sui
530 4201 684 4257 spem
715 4192 843 4240 sunt
867 4184 1113 4239 mentita:
1148 4200 1160 4237 :
1194 4189 1249 4236 et
1296 4182 1554 4255 quaedam
1612 4181 1761 4236 silvae
1789 4182 2015 4253 insuper

405 4274 673 4329 arefactae.
695 4273 1001 4329 Subsecula
1031 4280 1115 4325 est
1144 4272 1431 4327 hominum
1460 4272 1717 4327 valetudo
1749 4273 1929 4345 gravis
1960 4279 2014 4326 et

403 4363 684 4429 diuturna,
708 4378 830 4417 cum
844 4361 1116 4433 profluvio
1130 4361 1339 4415 ventris
1351 4369 1404 4415 et
1418 4361 1746 4416 mortalitate
1764 4361 2013 4427 '9’,Dom-

405 4469 506 4506 nus
546 4449 1236 4524 Sigeberlus,venerabilis
1272 4450 1573 4505 monachus
1606 4450 2015 4505 Gcmblaeensis

2048 2177 2385 2250 Bcamobii,
2418 2178 2500 2232 vir
2526 2178 2580 2231 in
2608 2180 2759 2235 omni
2814 2181 3043 2235 scientia
3098 2182 3406 2240 litterarum
3462 2188 3751 2260 incompa-

2128 2268 2316 2322 rabilis
2349 2270 2575 2343 ingenii.
2603 2271 2909 2341 descriptor
2960 2274 3382 2343 precedentium
3444 2278 3502 2332 in
3540 2280 3643 2336 hoc
3684 2282 3746 2334 li-

2126 2360 2225 2416 bro
2256 2370 2587 2432 temporum,
2614 2362 2671 2416 3.
2702 2363 2841 2418 Non.
2861 2363 3115 2419 Octobris
3144 2365 3310 2421 obiit.
3344 2378 3400 2423 et
3423 2370 3592 2425 nobis
3626 2389 3747 2443 per-

2133 2459 2355 2522 petuum
2385 2468 2653 2507 merorem
2674 2453 2939 2509 absentiae
2968 2471 3081 2510 suae
3113 2457 3339 2529 reliquit
3378 2460 3470 2514 ³9³.

2203 2546 2368 2601 ma.
2450 2547 2502 2600 7.
2559 2546 2660 2617 (8.)
2734 2548 2786 2601 4.
2848 2548 2943 2619 (δ)
3022 2548 3106 2605 13.
3167 2550 3303 2621 (14.)
3380 2551 3471 2605 13.
3502 2553 3644 2623 at.)

2204 2636 2445 2692 Domnus
2471 2636 2644 2691 abbas
2673 2636 2959 2693 Lietardus
2986 2643 3039 2695 1.
3093 2640 3232 2696 Non.
3266 2639 3553 2697 Februarii
3583 2644 3702 2700 obit
3729 2665 3745 2707 ;

2132 2723 2219 2778 cui
2250 2724 2539 2778 Anselmus
2562 2732 2751 2781 octavo
2791 2726 2913 2781 loco
2966 2727 3021 2781 in
3067 2728 3455 2786 Gemblacensi
3488 2733 3746 2789 ccenobio

2131 2816 2465 2870 succedit“.
2508 2816 2659 2871 Feria
2690 2818 2741 2871 3.
2786 2818 3149 2875 hebdomadas
3198 2823 3502 2891 paschalis,
3535 2824 3590 2878 6.
3623 2825 3747 2880 ldus

2123 2908 2339 2978 Aprilis.
2372 2908 2769 2963 monasterium
2796 2909 3029 2965 Prumia:
3086 2920 3363 2968 crematur
3401 2931 3529 2970 cum
3559 2916 3746 2971 offici-

2123 2996 2211 3049 nis
2236 2996 2370 3061 suis,
2408 2996 2662 3051 thesauro
2703 3004 2757 3051 et
2808 2997 3153 3055 bibliotheca
3211 3000 3481 3057 ecclesia!
3522 3019 3626 3074 per
3656 3005 3745 3059 Dei

2127 3091 2530 3161 providentiam
2564 3091 2892 3147 durantibus
2920 3092 3092 3149 illesis
3117 3095 3205 3150 ’95.
3233 3096 3293 3149 In
3321 3112 3465 3168 pago
3502 3098 3743 3155 Bracba-

2128 3182 2337 3236 tensi9.
2370 3181 2483 3234 Kal.
2518 3180 2639 3235 Maii
2686 3181 2832 3237 circa
2876 3182 3180 3238 Tornacum
3211 3185 3307 3239 nix
3360 3193 3514 3242 tanta
3547 3189 3747 3244 cecidit

2128 3272 2378 3326 utetiam
2408 3271 2575 3326 silvas
2624 3270 2875 3345 fregerit.
2925 3270 3111 3326 Mense
3165 3274 3412 3347 Augusto
3441 3276 3746 3333 Balduinus

2126 3376 2221 3413 rex
2246 3359 2583 3413 Jherusalem
2617 3374 2740 3413 cum
2796 3358 3011 3431 Rogero
3050 3359 3352 3416 Antiochiae
3383 3364 3593 3420 comite
3621 3380 3746 3421 con-

2127 3458 2207 3506 tra
2237 3451 2440 3505 Turcos
2492 3450 2659 3507 vadit.
2718 3450 2826 3505 Sed
2881 3465 3005 3505 cum
3064 3450 3313 3525 Bogerus
3340 3469 3468 3508 cum
3503 3458 3742 3512 exercitu

2124 3557 2222 3597 suo
2243 3541 2397 3610 juxta
2426 3542 2701 3613 quendam
2727 3540 2955 3595 ﬂuvium
2984 3543 3303 3605 resedisset,
3354 3561 3449 3600 rex
3474 3562 3602 3601 cum
3636 3548 3745 3603 suis

2126 3636 2425 3707 processit,
2519 3644 2577 3690 ut
2642 3636 2935 3691 adventum
3030 3636 3331 3693 Turcorum
3409 3641 3738 3711 exploraret.

2124 3730 2289 3784 Turci‘
2336 3745 2466 3784 vero
2514 3740 2755 3783 montem
2838 3728 3115 3799 quendam
3182 3743 3618 3801 occupaverant,
3685 3736 3735 3789 in

2124 3837 2235 3893 quo
2290 3820 2521 3875 insidias
2569 3835 2667 3890 per
2707 3828 2944 3891 quatuor
3002 3819 3125 3875 loca
3169 3821 3609 3891 collocaveram,
3680 3825 3730 3879 in

2122 3910 2357 3983 singulis
2388 3907 2605 3962 insidiis
2636 3915 2892 3979 quattuor
2939 3907 3091 3962 milia
3148 3908 3401 3980 equitum
3436 3912 3739 3983 deputave-

2121 4010 2243 4057 rant
2275 4020 2289 4067 ;
2318 4018 2348 4056 a
2385 4001 2588 4072 quibus
2617 4016 2682 4054 ex
2730 3999 3009 4069 insperato
3042 4015 3136 4055 rex
3191 3999 3448 4071 undique
3506 4002 3742 4059 interce-

2119 4098 2243 4163 ptus
2259 4090 2411 4144 mille
2442 4088 2764 4163 quingentis
2789 4104 3011 4142 suorum
3068 4088 3399 4157 interfectis,
3429 4091 3735 4147 miserabili

2118 4183 2244 4256 fuga
2274 4188 2356 4236 est
2392 4180 2679 4234 liberatus.
2729 4180 3052 4234 Ascalonita;
3106 4190 3519 4254 cognoscentes
3542 4183 3735 4239 abesse

2116 4290 2303 4347 regem
2327 4271 2815 4336 Balduinum,cum
2831 4271 2980 4344 gravi
3006 4271 3377 4327 multitudine.
3397 4272 3737 4330 Jherusalem

2114 4361 2409 4427 assiliunt;
2450 4359 2546 4414 sed
2578 4375 2686 4413 non
2746 4359 3094 4428 prcvalentes
3124 4367 3315 4414 contra
3346 4377 3496 4427 eam,
3531 4371 3735 4433 partem

2116 4449 2383 4507 aecclesiaa
2408 4447 2580 4503 sancti
2614 4448 2899 4517 Stephani,
2940 4457 3093 4502 extra
3128 4448 3407 4503 civitatem
3473 4450 3570 4506 ubi
3600 4452 3735 4523 lapio

1756 4577 1974 4632 VARLE
2005 4575 2382 4632 LECTIONES.

475 4693 541 4726 ’37
571 4694 665 4746 Hic
685 4692 884 4747 desinit
900 4693 955 4745 in
986 4692 1035 4744 1.
1066 4692 1128 4744 in
1158 4689 1337 4743 media
1365 4691 1569 4759 pagina
1598 4704 1808 4751 manus,
1828 4704 1947 4757 qua:
1976 4687 2618 4759 promimeantecedentia
2641 4686 2815 4740 indea
2843 4685 2982 4759 Quid
3013 4685 3097 4739 vel
3127 4686 3410 4757 quomodo
3441 4664 3735 4757 scripserat

402 4763 781 4819 omnia.Nullo
802 4764 978 4831 spatio
992 4764 1298 4815 intermisso
1327 4757 1411 4814 his
1453 4763 1636 4813 statim
1667 4760 1927 4828 adjungit
1957 4763 2263 4831 sequentem
2308 4758 2647 4831 annumADeo
2704 4757 2969 4831 peccatis,
3006 4764 3116 4831 etc_.
3174 4772 3373 4831 manus
3399 4759 3571 4827 paulo
3597 4761 3729 4819 alia.

402 4850 522 4903 qua:
558 4837 634 4903 est
662 4828 912 4887 .vlnselr'ni.
955 4834 1174 4901 Reliqui
1202 4847 1415 4902 quoque
1438 4832 1642 4885 codices
1682 4847 1857 4885 omnes
1889 4832 2007 4903 Itch
2022 4836 2100 4884 ita
2113 4829 2367 4903 exhibent
2398 4828 2682 4903 conjuncta
2725 4833 2803 4894 ;et
2830 4830 2926 4897 qui
2938 4829 3182 4903 Anselmi
3218 4831 3622 4903 continuatione
3645 4846 3733 4886 ca-

402 4901 541 4970 rent,
570 4902 631 4957 Ct
650 4944 662 4956 .
689 4904 779 4956 2".
813 4905 867 4957 3.
908 4903 994 4957 4*.
1026 4905 1077 4956 5.
1108 4905 1166 4956 υ.
1200 4901 1455 4957 desinunt
1487 4906 1666 4956 tamen
1686 4905 1742 4955 in
1771 4906 1941 4955 morte
1971 4902 2187 4956 domum
2217 4901 2500 4967 Sigeberti.
2536 4901 2617 4967 Cf.
2645 4915 2765 4969 qua:
2786 4914 2957 4968 supra
2985 4901 3288 4953 monuimus
3314 4901 3372 4952 in
3382 4904 3711 4969 prwfationc

400 4975 470 5009 ³⁸⁸
507 4989 755 5028 numeros
784 4976 995 5027 uncinis
1060 4975 1292 5030 inclusos
1342 4976 1519 5043 primo
1566 4973 1759 5027 habuit
1803 4973 2111 5027 Anselmus.
2164 4971 2271 5027 Sed
2310 4973 2394 5034 1η.
2428 4986 2511 5025 eos
2543 4973 2795 5036 correxit,
2826 4975 2889 5024 ut
2940 4985 3036 5024 nos
3057 4970 3341 5043 dedimus:
3373 4972 3521 5026 idem
3540 4974 3733 5027 habent

401 5046 599 5115 reliqui
623 5050 818 5112 prteter
847 5045 1102 5099 Alnensis
1125 5050 1172 5099 et
1208 5046 1312 5098 83'
1333 5042 1432 5114 qui
1459 5059 1628 5114 usque
1653 5046 1727 5098 ad
1739 5059 1943 5097 annum
1966 5044 2115 5098 1129.
2142 5058 2268 5097 cum
2302 5044 2552 5097 Anselmo
2575 5043 2734 5108 facit,
2760 5046 2922 5111 atque
2936 5044 2992 5095 in
3005 5043 3175 5115 annis
3193 5042 3406 5097 Christi
3413 5058 3729 5115 unosemper

400 5132 495 5171 nos
509 5112 828 5178 antecedit;
861 5116 955 5168 sed
990 5115 1115 5169 inde
1141 5117 1210 5169 ab
1231 5132 1285 5169 a.
1340 5112 1509 5170 ⁷1129.
1532 5112 1827 5169 nobiseum
1889 5115 2047 5181 facit.
2084 5115 2152 5147 “9
2207 5121 2483 5167 crematur
2536 5115 2582 5166 1.
2615 5129 2642 5165 e
2691 5117 3015 5168 correctura.
3073 5112 3238 5166 Multa
3265 5142 3338 5152 —
3373 5114 3510 5167 arsit
3538 5112 3729 5169 desunt

403 5186 461 5239 D.
494 5185 564 5220 ²⁹⁰
592 5184 937 5239 comburitur
958 5187 1007 5239 1.
1033 5200 1061 5240 e
1086 5201 1224 5239 corr.
1268 5186 1331 5221 ²⁹¹
1386 5188 1484 5240 Hic
1526 5202 1720 5240 novum
1744 5201 1950 5240 annnm
1982 5185 2090 5238 νη.
2129 5185 2209 5238 ΙΧ.
2258 5184 2398 5238 ΧΙΙΙ.
2443 5183 2578 5237 ΧΙΙΙ.
2621 5186 2941 5254 inscriptum
3006 5185 3277 5252 incipiunt
3332 5184 3427 5238 Bl.
3460 5184 3517 5241 2.
3547 5186 3597 5240 5.
3635 5186 3723 5239 Ct.

398 5257 486 5310 2*.
515 5256 567 5309 3.
601 5256 687 5309 4".
713 5256 772 5310 Ι).
814 5254 870 5308 Ε..
902 5257 965 5309 In
991 5255 1043 5308 1.
1076 5271 1214 5310 nova
1245 5260 1453 5311 tantum
1484 5258 1627 5311 linea
1658 5258 1871 5325 incipit,
1904 5261 1953 5309 et
1972 5271 2316 5325 nequaquam
2338 5270 2503 5309 novus
2533 5270 2709 5308 annus
2740 5272 2753 5318 ;
2784 5271 2877 5308 nee
2906 5257 2964 5308 in
2995 5258 3054 5309 Α.
3091 5254 3220 5309 Β3*.
3258 5254 3343 5309 4*.
3368 5255 3492 5309 μ’.
3529 5257 3595 5290 ²⁹²
3626 5257 3724 5311 ﬂu-

399 5341 608 5398 cusque
637 5325 959 5399 Sigebertus
984 5326 1260 5399 cronicam
1282 5342 1435 5399 suam
1464 5327 1971 5399 perduxitAddunt
1994 5326 2093 5399 B3.
2117 5327 2373 5399 Alnensis
2398 5326 2469 5360 ²⁹³
2504 5329 2587 5380 ita
2627 5330 2686 5379 Λ.
2730 5325 2841 5399 ain.
2875 5326 3083 5399 etsuis
3105 5342 3159 5399 ι).
3188 5341 3261 5399 ῐηᾼ.
3288 5341 3348 5399 θ.
3375 5342 3422 5399 s.
3461 5343 3504 5381 r.
3541 5327 3720 5399 34".,

400 5396 856 5470 ets'perpewtuam
889 5396 1209 5451 memoriam
1238 5397 1322 5451 sui
1353 5396 1577 5470 reliquit
1609 5398 1759 5464 Bl“.,
1793 5403 1916 5451 ets.
1948 5396 2330 5470 gravissimum
2398 5413 2472 5450 rn.
2509 5413 2559 5451 a.
2618 5412 2662 5451 s.
2697 5414 2740 5451 r.
2776 5396 2870 5450 B1.
2930 5396 3103 5470 5._CI.
3134 5396 3190 5450 2.
3231 5396 3283 5449 3.
3317 5397 3373 5451 5.
3408 5397 3492 5453 0..
3534 5398 3723 5452 desunt

398 5465 619 5524 C4*.’In
637 5465 700 5521 ‘1.
736 5483 909 5521 annus
939 5470 1149 5534 integer
1187 5483 1295 5521 una
1318 5465 1493 5524 manu'
1518 5485 1728 5538 unoque
1751 5465 2654 5539 calamo’exaratus.rdesiitiprimo
2683 5470 2739 5521 in
2763 5483 2886 5539 voce
2910 5465 3071 5539 obiit,
3102 5482 3275 5537 neque
3304 5470 3722 5539 quicquampost

395 5540 537 5594 hanc
560 5554 783 5609 erasum
820 5544 896 5591 est
927 5543 1029 5609 :dat
1061 5540 1176 5590 alia
1211 5554 1404 5593 manus
1426 5537 1767 5609 postmodum
1807 5540 2003 5607 adjecit
2038 5556 2050 5592 :
2084 5538 2183 5601 Qui
2215 5538 2378 5592 etiam
2412 5538 2611 5592 librum
2646 5538 2937 5609 illustrium
2971 5537 3212 5593 virorum
3278 5546 3335 5593 et
3368 5537 3541 5593 multa
3566 5537 3719 5593 utilia

394 5608 660 5665 doctrinae
686 5623 799 5662 sua:
830 5615 884 5662 et
923 5607 1181 5680 librorum
1222 5607 1559 5665 monimenta
1592 5611 1750 5665 nobis
1768 5610 2011 5680 reliquit.
2043 5609 2189 5663 Idem
2220 5609 2417 5663 habent
2473 5609 2600 5663 83*.
2654 5614 2703 5663 et
2735 5611 2870 5664 Aln.
2903 5608 2992 5663 ΡΙ.
3024 5609 3079 5661 2.
3112 5609 3156 5680 3W
3193 5610 3435 5680 Posthac
3463 5614 3520 5664 in
3545 5611 3720 5664 codice

394 5683 446 5735 1.
471 5680 620 5735 nullo
648 5681 825 5749 spatio
851 5678 1227 5750 interjecto,in
1256 5680 1441 5734 eadem
1463 5684 1676 5750 pagina
1700 5678 2409 5750 statim‘pergitAnselmus
2439 5698 2453 5743 ;
2480 5681 2575 5734 sed
2599 5697 2661 5734 ea
2687 5680 2881 5735 desunt
2918 5682 3100 5734 omnia
3130 5679 3218 5733 Ct.
3249 5680 3339 5733 2*.
3371 5678 3406 5734 3
3457 5680 3539 5735 4*.
3658 5682 3713 5734 D.

390 5752 462 5835 3"
483 5751 727 5811 Domnus
753 5780 821 5790 —
842 5748 1094 5805 succedit
1122 5749 1314 5804 desunt
1353 5748 1483 5805 03*:
1512 5756 1561 5807 et
1592 5752 1701 5807 Aln
1730 5752 1797 5785 ’95
1825 5748 1977 5806 Feria
2002 5781 2058 5791 -ο
2096 5749 2265 5807 illesis
2302 5752 2493 5807 desunt
2526 5751 2617 5804 Βὸ.
