3876 6208
151 308 232 364 111
1010 307 1357 364 ΕΗΒΟΝΙΟΑ.
1400 337 1469 348 -
1508 305 1790 361 ANCL‘LMI
1831 304 2162 362 GEMBLAG.
2206 308 2664 369 CONTlNUATlO.

3393 324 3503 381 242

155 436 295 491 datus
312 442 399 490 est
421 434 570 502 sitae,
629 437 883 502 diruunt,
935 443 1156 512 segetes
1208 434 1532 501 incendunt,
1586 440 1640 489 et
1697 433 1772 488 ita
1798 435 1850 505 Α
1873 432 1971 496 dit,
2000 432 2136 487 alias
2160 432 2505 503 clementior,
2538 436 2674 492 alias
2703 438 2969 508 validior;
2999 442 3139 516 adeo
3171 453 3229 501 ut
3250 463 3492 519 quarun-

156 523 462 579 inelticaces
493 525 767 581 redeunt.
827 524 985 580 'l‘urci
1029 523 1346 579 coenobium
1373 522 1770 577 monachorum

154 613 200 667 in
226 622 416 668 monte
444 613 668 668 Thabor
718 613 886 668 situm
941 611 1192 667 funditus
1243 616 1515 675 evertunt,
1544 616 1619 675 et,
1651 624 1774 664 mo-

153 706 337 760 nachis
360 721 490 761 cum
532 706 768 777 reliquis
789 704 1052 760 omnibus
1077 703 1402 769 interfectis,
1447 701 1631 757 omnia
1666 701 1771 756 sibi

150 793 443 865 arripiunt.
484 794 599 849 Rex
627 794 972 849 Jherusalem
1032 792 1336 847 Balduinus
1364 806 1592 847 uxorem
1623 790 1774 844 ducit

152 885 395 940 relictam
415 885 617 957 Rogeri
632 886 794 940 ducis
806 884 1005 940 Siciliae
1033 883 1201 954 (548).
1219 881 1376 953 Apud
1394 882 1706 936 Ravennam
1718 889 1773 935 ct

148 978 396 1033 Parmam
424 978 677 1034 civitates
724 977 892 1033 Italiae
948 977 1004 1031 in
1063 977 1210 1051 agris
1250 982 1304 1031 et
1364 974 1507 1029 infra
1565 974 1771 1029 moenia

146 1066 379 1141 sanguis
407 1066 570 1136 pluit,
601 1065 768 1121 Junio
793 1080 986 1120 mense
1012 1065 1101 1118 ηδ.
1302 1062 1303 1067 “

282 1157 449 1212 11-14.
527 1157 589 1212 n.
621 1158 674 1212 8.
728 1158 827 1227 (9.)
906 1156 1047 1210 es.
1084 1156 1184 1225 (6.)
1261 1156 1322 1208 A.
1355 1154 1444 1208 11.
1479 1153 1617 1223 (15.)

782 1248 843 1304 11.
876 1249 964 1302 11.
999 1247 1133 1319 (15.)

209 1343 508 1398 Heinricus
533 1342 835 1412 imperator
875 1356 999 1395 cum
1028 1353 1230 1412 magna
1277 1338 1605 1409 Optimatum
1638 1353 1769 1392 suo-

141 1451 260 1489 rum
279 1441 337 1489 et
363 1434 534 1489 totius
554 1432 707 1504 regni
735 1431 912 1507 gloria
939 1431 1122 1486 natale
1152 1430 1371 1486 Domini
1417 1429 1563 1500 (349)
1618 1430 1769 1483 cele-

143 1526 263 1580 brat
289 1524 612 1599 Mogunti-(e,
640 1522 833 1594 ibique
891 1537 1119 1578 uxorem
1149 1520 1301 1575 ducit
1330 1520 1497 1575 filiam
1548 1520 1765 1576 Henrici

146 1615 292 1688 regis
330 1614 635 1685 Anglorum
659 1611 727 1644 ²⁹⁷
760 1610 930 1681 (350.)

212 1701 377 1756 1115.
483 1702 535 1753 9.
589 1698 720 1769 (1ο).
824 1700 877 1751 6.
938 1697 1009 1768 (71
1112 1698 1197 1751 15.
1260 1696 1395 1765 (l6)
1484 1696 1572 1749 15.
1633 1696 1765 1765 (16.)

1874 525 1998 578 dam
2040 525 2259 580 urbium
2282 532 2465 598 partes
2491 544 2615 583 cum
2645 530 2913 587 aecclesiis
2942 534 3228 593 subruisse
3253 539 3490 596 dicatur.

1875 610 2021 666 Mosa
2058 614 2222 668 etiam
2290 614 2487 671 fluvius
2557 617 2712 685 juxta
2766 618 3045 675 abbatiam
3107 641 3228 695 quae
3295 628 3497 684 dicitur

1873 704 2112 771 Sustula,
2138 706 2292 776 quasi
2340 704 2592 777 pendens
2644 710 2700 766 in
2731 726 2876 778 aere,
2942 711 3172 768 fundum
3221 734 3382 772 suum
3414 721 3499 775 vi-

1874 813 1968 853 sus
1996 807 2079 854 est
2103 799 2415 855 deseruisse
2436 801 2522 856 ’99.
2554 802 2666 857 Hoc
2698 818 2921 876 quoque
2952 820 3099 862 anno
3121 808 3386 865 Leodium
3417 813 3500 867 ci-

1871 890 2009 946 vitas
2051 890 2239 945 multis
2268 891 2444 965 plagis
2498 894 2685 948 attrita
2731 902 2836 951 est.
2886 896 3073 953 Mense
3121 901 3270 955 enim
3335 902 3493 970 Maio,

1873 984 2042 1033 nocte
2073 979 2409 1034 inventionis
2468 988 2671 1036 sanctae
2716 983 2917 1051 crucis,
2948 1001 3072 1057 quin
3111 993 3241 1043 tunc
3262 994 3379 1044 erat
3417 989 3501 1044 vi-

1870 1064 2003 1139 gilia
2028 1067 2395 1134 ascensionis,
2426 1068 2556 1123 dum
2588 1069 2641 1123 in
2703 1071 2895 1139 majori
2954 1074 3201 1128 aacclesia
3233 1091 3496 1146 vesperos

1870 1154 2174 1221 celebrant,
2213 1163 2268 1211 et
2323 1157 2475 1211 illum
2542 1159 2738 1228 psalmi
2787 1161 3120 1217 versiculum
3169 1168 3291 1228 Quis
3348 1170 3491 1221 sicut

1867 1246 2115 1303 dominus
2139 1253 2275 1303 Deus
2330 1256 2509 1304 noster
2552 1258 2794 1317 cantant,
2844 1252 3027 1308 subito
3062 1254 3338 1310 tonithrus
3365 1272 3491 1312 cum

1871 1340 2162 1391 terremotu
2196 1351 2389 1391 omnes
2414 1338 2482 1392 ad
2514 1346 2711 1392 terram
2744 1341 2954 1406 stravit,
2985 1350 3039 1395 et
3066 1342 3275 1398 fulmen
3308 1361 3339 1399 a
3368 1346 3489 1401 leva

1868 1427 2059 1496 templi
2114 1428 2422 1500 ingressum
2474 1444 2583 1485 non
2638 1430 2884 1487 modicas
2928 1440 3139 1488 crustas
3196 1436 3265 1489 de
3326 1452 3492 1492 muro

1858 1518 1972 1587 illac
1998 1518 2122 1574 illac
2147 1519 2367 1587 disjecit
2396 1540 2412 1585 ς
2445 1521 2650 1576 deinde
2683 1523 2872 1577 turrim
2907 1524 3247 1599 ingrediens,
3289 1528 3490 1584 multas

1869 1606 2102 1662 trabium
2136 1616 2317 1679 partes
2343 1608 2563 1665 diffidit.
2594 1610 2936 1667 Subsecutus
2992 1621 3074 1668 est
3128 1612 3294 1670 factor
3343 1616 3490 1673 into-

1868 1695 2130 1763 lerabilis,
2160 1697 2298 1752 adeo
2328 1704 2385 1752 ut
2414 1699 2587 1753 multo
2617 1709 2924 1755 aromatum
2955 1702 3127 1757 odore
3158 1703 3243 1757 vix
3285 1711 3488 1774 potue-

209 1793 410 1849 ldibus
462 1790 792 1847 Novembris
842 1791 896 1844 in
960 1788 1231 1843 suburbio
1277 1787 1580 1842 Antiochiae
1622 1796 1767 1842 terra
1793 1777 1844 1844 Β
1867 1785 2171 1855 ritexpelli.
2198 1787 2328 1840 Item
2359 1786 2524 1842 Junio
2557 1803 2774 1855 mense,
2798 1790 2849 1842 7.
2888 1789 3015 1843 ldus
3048 1790 3225 1860 ipsius
3256 1795 3493 1859 mensis,

146 1895 313 1943 noctu
352 1885 680 1949 dehiscens,
732 1890 908 1938 turres
956 1881 1156 1936 multas
1214 1887 1271 1935 et
1326 1880 1647 1948 adjacentes
1672 1879 1774 1934 do-

143 1994 262 2034 mos
292 1994 424 2034 cum
453 1975 860 2031 habitatoribus
910 1972 1216 2031 absorbuit.
1277 1971 1506 2037 Quidam
1562 1978 1768 2026 autem.

141 2074 200 2121 ut
228 2073 315 2121 est
342 2065 482 2121 illud
518 2064 803 2119 hominum
836 2079 1032 2137 genus,
1088 2077 1212 2117 cum
1253 2075 1425 2116 uxore
1468 2065 1521 2114 et
1549 2058 1679 2114 ﬁliis
1703 2059 1772 2113 de

143 2157 279 2214 locis
318 2157 433 2211 illis
486 2154 863 2229 migraverat;
921 2153 1019 2207 sed
1070 2154 1125 2208 in
1183 2152 1470 2208 redeundo
1527 2152 1767 2223 positum

145 2251 294 2305 idem
359 2256 717 2303 terrzemotus
804 2245 1091 2301 absorbuit
1155 2245 1211 2298 in
1292 2245 1414 2300 loco
1476 2259 1586 2315 quo
1654 2251 1771 2298 erat

142 2344 264 2409 (An.
300 2341 491 2411 1112).
547 2339 812 2394 Henricus
870 2338 1192 2409 imperator,
1236 2336 1367 2392 dum
1415 2335 1682 2407 quicquid
1710 2334 1771 2389 li-

142 2433 231 2488 bet
259 2433 436 2487 licere
487 2430 718 2502 putavit,
767 2444 993 2503 magnas
1025 2428 1179 2501 regni
1214 2443 1356 2499 pene
1384 2426 1552 2482 totius
1574 2425 1766 2480 inimi-

137 2522 298 2577 citias
327 2518 692 2591 comparavit.
742 2518 954 2573 Etenim
1011 2516 1143 2587 quia
1195 2514 1580 2586 superioribus
1609 2514 1771 2568 annis

136 2614 425 2669 Albertum
453 2610 844 2667 cancellarium
873 2616 928 2664 et
957 2609 1094 2664 alios
1122 2607 1390 2679 quosdam
1424 2606 1578 2681 regni
1622 2607 1771 2678 prin-

135 2704 293 2774 cipes
312 2700 593 2756 insidiose
622 2706 867 2769 ceperat,
918 2705 972 2753 et
1025 2697 1146 2752 sine
1176 2697 1460 2751 audientia
1490 2702 1544 2751 et
1556 2697 1767 2765 judicio

135 2793 412 2850 custodite
465 2791 899 2862 mancipaverat,
962 2789 1088 2844 aliis
1151 2788 1356 2844 similia
1438 2788 1766 2843 timentibus

135 2888 439 2954 suspectus
465 2888 603 2937 erat.
640 2879 796 2935 Unde
850 2878 1016 2934 etiam
1060 2877 1373 2931 Fridericus
1420 2875 1767 2931 Coloniensis

135 2973 607 3046 archiepiscOpus
651 2972 721 3026 ab
777 2986 845 3026 eo
901 2984 1125 3026 aversus
1180 2968 1321 3038 (3511
1356 2986 1370 3034 ;
1406 2968 1535 3023 totis
1556 2968 1766 3023 viribus

136 3064 466 3134 insequitur
504 3077 629 3116 eum
659 3068 714 3115 et
740 3060 983 3114 fautores
1009 3058 1128 3126 ejus
1160 3075 1174 3123 ;
1205 3056 1411 3128 Oppida
1464 3065 1519 3112 et
1542 3058 1766 3112 castella

1873 1880 2017 1936 circa
2040 1881 2229 1937 horam
2271 1896 2494 1946 nonam,
2545 1883 2723 1937 nubes
2773 1884 2973 1954 pluviae
3029 1885 3211 1941 subito
3251 1898 3430 1959 rapta,
3464 1906 3491 1943 a

1873 1978 2060 2029 monte
2085 1974 2179 2045 qui
2211 1973 2416 2027 dicitur
2464 1974 2712 2042 Roberti,
2769 1975 3076 2044 subiectam
3131 1978 3236 2033 sibi
3274 1988 3484 2050 partem

1873 2060 2107 2115 civitatis
2136 2062 2359 2131 penitus
2394 2077 2713 2132 oppressam
2782 2065 3162 2135 pessumdedit
3208 2090 3225 2132 ;
3260 2070 3399 2125 adeo
3435 2080 3497 2126 ut

1870 2154 2070 2208 multas
2089 2154 2283 2210 domos
2309 2155 2574 2221 dirueret,
2598 2164 2653 2211 et
2681 2156 3004 2214 immensam
3047 2176 3323 2217 annonam
3362 2179 3492 2234 per-

1868 2248 2043 2315 deret,
2076 2256 2131 2305 et
2161 2258 2387 2306 matrem
2419 2251 2560 2306 duos
2618 2251 2859 2307 infantes
2904 2255 3232 2311 altrinsecus
3263 2257 3320 2311 in
3353 2259 3483 2314 bra-

1867 2342 2009 2396 chiis
2029 2343 2334 2412 amplexam
2385 2352 2631 2410 necaret,
2672 2353 2727 2399 ct
2765 2347 2904 2401 alios
2947 2356 3072 2403 octo
3103 2349 3358 2404 homines
3385 2350 3482 2404 di-

1866 2432 2038 2486 versis
2090 2430 2145 2485 in
2207 2431 2341 2486 locis
2389 2432 2745 2502 opprimeret.
2808 2434 3160 2490 Pulsantibus
3240 2439 3488 2509 vesperis

1870 2522 2121 2588 sabbato,
2153 2522 2403 2593 quadam
2461 2521 2665 2577 femina
2711 2531 2878 2593 caput
2934 2524 3064 2578 dum
3118 2526 3259 2580 lavat
3286 2544 3489 2597 puero,

1870 2628 2064 2667 manus
2095 2611 2295 2667 rubent
2322 2612 2594 2685 sanguine
2624 2611 2795 2667 ﬂuido
2816 2613 2903 2666 30°.
2934 2613 3193 2668 Kalendis
3209 2615 3371 2669 etiam
3395 2617 3494 2672 Ju-

1871 2701 1927 2755 lii
1954 2701 2100 2755 circa
2132 2701 2320 2755 horam
2347 2700 2400 2754 6.
2428 2700 2589 2755 turbo
2620 2700 2787 2755 nimis
2840 2701 3142 2756 vehemens
3175 2711 3231 2758 ct
3280 2704 3486 2759 obscu-

1866 2812 1961 2851 rus
1989 2793 2265 2848 civitatem
2296 2790 2537 2862 operuit,
2597 2799 2652 2846 et
2683 2792 2861 2846 nubes
2923 2807 2987 2847 ex
3019 2792 3257 2864 abrupto
3316 2796 3491 2850 scissa

1865 2888 1941 2943 ita
1977 2900 2143 2941 omne
2171 2889 2374 2937 tectum
2407 2882 2632 2951 majoris
2655 2883 2929 2938 aecclesiae
2959 2884 3180 2951 devicit,
3217 2892 3275 2940 ut
3305 2894 3359 2942 ct
3389 2888 3494 2941 im-

1865 2975 2059 3029 bribus
2105 2978 2337 3043 pateret,
2368 2978 2422 3026 et
2474 2978 2650 3026 totum
2684 2972 3057 3043 pavimentum
3112 2973 3488 3044 perfunderet.

1874 3066 2004 3122 Ilico
2036 3064 2245 3119 fulmen
2271 3079 2302 3118 a
2334 3069 2487 3135 parte
2517 3062 2818 3135 aquilonali
2849 3062 3194 3137 ingrediens,
3212 3067 3489 3137 quendam

136 3115 452 3134 --ηπ---η
515 3115 524 3116 η
1037 3115 1055 3126 .
1164 3115 1173 3123 ,
1244 3115 1257 3128 .
1283 3115 1297 3128 ,
1874 3115 1999 3122 ---η
2275 3115 2300 3118 π
2852 3115 3485 3137 ---,,--_-----,1_---_w.-.

134 3165 338 3212 contra
358 3171 424 3210 se
451 3154 632 3225 posita
662 3152 974 3226 impugnat,
1034 3160 1089 3207 et
1117 3150 1304 3205 omnia
1340 3150 1411 3205 ad
1440 3165 1567 3204 eum
1600 3150 1773 3220 Perli-
1796 3115 1845 3183 Ο
1872 3158 2132 3233 clericum
2164 3163 2308 3211 retro
2333 3156 2502 3211 altare
2533 3165 2847 3211 sanctorum
2895 3155 3104 3219 Cosmae
3146 3165 3201 3212 et
3238 3158 3485 3215 Damiani

133 3248 336 3305 nentia
367 3246 517 3302 ferro
539 3253 594 3301 et
620 3244 733 3319 igni
780 3250 975 3299 vastat.
1020 3242 1286 3298 Henricus
1315 3241 1614 3311 imperator
1644 3257 1773 3311 pro-
1872 3252 1927 3306 in
1983 3251 2195 3323 ριιιρίιο
2238 3251 2538 3323 legentem.
2585 3257 2640 3304 e1
2695 3249 2929 3304 alterum
2987 3257 3115 3303 ante
3162 3249 3482 3307 cruciﬁxum

132 3338 370 3393 miserat
402 3334 573 3406 Aquis
592 3350 653 3390 se
684 3333 886 3405 pascha
934 3331 1378 3397 celebraturum;
1414 3331 1655 3402 ideoque
1684 3330 1772 3384 in-
1871 3344 2143 3406 orantem,
2193 3339 2416 3393 tertium
2469 3338 2538 3392 de
2592 3337 2885 3409 scriptorio
2939 3338 3209 3394 ecclesiae
3240 3341 3490 3411 proximo

131 3434 218 3482 ter
242 3426 394 3481 alios
423 3424 601 3498 regni,
618 3421 900 3493 principes
923 3420 1164 3475 domnus
1196 3419 1454 3475 Otbertus
1472 3418 1771 3474 Leodicen-

130 3514 214 3568 sis
279 3511 585 3583 episcopus
657 3509 733 3563 ibi
795 3507 1202 3579 prestolabatur
1247 3507 1370 3577 ejus
1451 3507 1773 3591 adventum.

132 3605 489 3679 Unusigitur
516 3620 731 3671 eorum,
782 3601 1040 3657 Arnulfus
1094 3602 1163 3657 de
1217 3602 1418 3665 Arslot,
1487 3601 1615 3655 dum
1666 3618 1777 3657 ma-

132 3712 244 3749 nus
305 3710 440 3749 suas
481 3692 834 3756 confricaret,
903 3706 1106 3765 magno
1165 3690 1415 3746 omnium
1483 3689 1771 3751 miraculo.

125 3786 255 3840 sine
286 3784 482 3856 aliqua
507 3782 758 3839 vulneris
800 3789 894 3837 aut
919 3783 1121 3839 ulceris
1151 3782 1398 3847 lzesione,
1432 3782 1661 3854 sanguis
1686 3781 1756 3835 ab

124 3879 257 3949 ejus
287 3879 482 3951 digitis
508 3877 681 3934 fluere
711 3878 973 3935 visusest.
1005 3880 1134 3945 Qum
1161 3893 1385 3949 res,pro
1399 3894 1599 3952 magno
1629 3893 1758 3948 por—

127 3979 293 4027 tento
325 3971 535 4038 habita,
564 3969 916 4045 significabat
940 3971 1167 4025 humani
1212 3970 1500 4044 sanguinis
1529 3968 1758 4025 effusio-

130 4077 271 4115 nem
299 4075 404 4131 pro
431 4059 663 4134 indigna
684 4059 839 4133 regni
860 4067 917 4114 et
938 4060 1252 4131 principum
1275 4059 1554 4115 discordia
1582 4059 1671 4118 ’9‘.

248 4148 415 4204 1116.
499 4148 579 4202 10.
613 4146 753 4218 (11.)
831 4148 994 4219 718.)
1069 4148 1139 4202 16
1179 4148 1317 4220 (17.)
1395 4148 1482 4203 16.
1518 4148 1654 4219 (17.)

1872 3429 2273 3504 egredientem,
2317 3430 2372 3483 in
2424 3430 2545 3500 ipso
2608 3429 2874 3499 aecclesiae
2931 3430 3186 3504 ingressu
3241 3431 3489 3488 extinxit.

1879 3520 2015 3574 Ante
2046 3518 2191 3573 fores
2228 3533 2451 3589 quoque
2489 3517 2778 3585 tecclcsize,
2819 3519 3044 3575 domum
3086 3520 3334 3593 episcopi
3375 3537 3492 3577 ver-

1880 3626 1995 3675 sus,
2013 3609 2291 3681 quendam
2333 3609 2532 3664 laicum
2561 3608 2810 3664 extinxit.
2842 3612 2892 3665 7.
2948 3610 3077 3666 ldus
3099 3611 3226 3666 Julii
3259 3612 3328 3667 ab
3357 3613 3491 3668 hora

1876 3702 1930 3761 3.
1970 3717 2145 3773 usque
2194 3702 2261 3754 ad
2315 3715 2515 3756 nonam
2559 3708 2819 3772 quattuor
2853 3703 3104 3758 turbines
3146 3721 3179 3760 a
3230 3711 3491 3775 quattuor

1859 3795 2038 3867 plagis
2075 3793 2199 3850 οωιὶ
2226 3793 2422 3847 urbem
2452 3793 2855 3849 circulaverunt
2887 3812 2902 3859 ;
2934 3802 3131 3849 ventus
3153 3797 3316 3851 etiam
3354 3813 3483 3855 cum

1859 3900 2059 3959 magna
2081 3882 2133 3939 vi
2186 3882 2450 3948 insonuit,
2505 3889 2560 3937 et
2600 3881 2793 3936 urbem
2856 3883 3028 3937 multo
3079 3884 3257 3939 imbre
3307 3884 3484 3941 alluit.

1859 3974 1914 4031 3.
1954 3974 2094 4028 Non.
2126 3972 2372 4048 Augusti,
2428 3972 2606 4043 primo
2661 3973 2839 4028 noctis
2892 3972 3217 4039 conticinio,
3251 3979 3485 4047 'quaqua

1864 4071 2133 4119 terrarum
2155 4079 2279 4118 cum
2337 4063 2612 4118 thonitrus
2674 4062 2979 4130 audiretur,
3012 4070 3069 4119 et
3126 4062 3342 4138 fulgure
3387 4079 3481 4118 se-

1864 4156 1991 4227 pius
2021 4155 2307 4223 micarent,
2339 4162 2394 4210 et
2445 4155 2642 4211 iterum
2697 4164 2860 4227 atque
2902 4156 3067 4211 tertio
3106 4155 3162 4210 id
3193 4155 3352 4211 fieret
3378 4173 3479 4211 us-

209 4236 511 4291 Heinricus
550 4236 853 4305 imperator
908 4235 965 4289 in
1024 4235 1235 4291 Italiam
1300 4235 1513 4291 secedit
1538 4242 1766 4307 propter
1864 4261 1975 4317 que
2003 4261 2187 4311 mane,
2221 4245 2277 4300 in
2303 4244 2493 4300 urbem
2538 4245 2802 4302 Leodium
2856 4244 3097 4317 amplius
3136 4244 3253 4316 ipse
3316 4244 3479 4301 turbo

135 4338 375 4393 asperos
427 4331 611 4378 motus
656 4322 837 4395 regni,
866 4330 921 4377 et
957 4322 1194 4378 maxime
1225 4330 1448 4394 propter
1475 4324 1762 4380 marchisaa

1865 4335 2110 4401 desaevit,
2134 4335 2209 4389 ita
2239 4343 2299 4389 ut
2328 4335 2581 4390 homines
2606 4352 2638 4388 a
2693 4334 2880 4390 stratis
2927 4334 3221 4390 exilientes
3278 4334 3484 4404 templa

132 4411 447 4520 inﬁniti-ldis
475 4420 878 4520 cognataefuf.
928 4430 1051 4486 quae
1107 4429 1302 4470 recens
1340 4414 1556 4471 Obierat
1594 4415 1758 4487 (352)-
1788 4451 1845 4520 D
1867 4437 1922 4481 et
1945 4426 2604 4499 aecclesiolasjtristiccetu
2663 4427 3030 4498 complerent,
3071 4433 3126 4482 et
3179 4432 3292 4481 tota
3320 4433 3482 4482 nocte

135 4508 538 4576 hereditatem,
559 4525 685 4580 quae
705 4508 813 4563 sibi
838 4509 961 4578 jure
992 4510 1348 4581 competebat
1376 4512 1757 4581 eptinendam.

1393 4606 1481 4660 17.
1513 4606 1651 4677 (18.)

215 4604 377 4659 1117.
460 4608 511 4658 11
563 4604 698 4674 (12.)
772 4604 827 4659 8.
886 4605 984 4676 (9.)
1065 4605 1151 4658 17.
1182 4605 1317 4675 (18.)

208 4694 402 4750 Mense
419 4695 682 4751 Januario
713 4695 748 4751 3
791 4690 930 4751 Non.
963 4696 1163 4768 ipsius,
1194 4698 1246 4751 4.
1278 4697 1435 4766 feria,
1476 4697 1535 4751 in
1565 4698 1763 4770 aliqui.

1865 4514 2371 4585 supplicationibus
2417 4516 2785 4571 intenderent.
2837 4516 3062 4572 Summo
3116 4530 3246 4570 vero
3269 4531 3481 4572 aurora:

1862 4607 2125 4671 diluculo,
2148 4624 2181 4661 a
2209 4616 2363 4678 parte
2415 4609 2645 4663 orientis
2679 4608 2822 4683 ignis
2851 4625 2974 4663 cum
3009 4606 3220 4680 ingenti
3249 4607 3472 4663 flamma

1863 4698 2137 4755 civitatem
2160 4699 2446 4756 circulavit
2497 4707 2701 4768 tantus,
2747 4707 2807 4756 ut
2834 4716 3029 4756 omnes
3053 4699 3323 4756 divinitus
3352 4716 3477 4757 cre-

137 4786 245 4839 bus
274 4783 431 4851 locis,
471 4783 570 4838 sed
625 4798 739 4838 non
794 4799 1214 4856 usquequaque,
1255 4792 1589 4841 terremotus
1617 4786 1764 4842 acci-
1863 4787 1999 4841 mari
2019 4788 2392 4844 extimuerint.
2453 4788 2579 4844 Post
2630 4788 2749 4842 lnec
2783 4803 3018 4861 magnus
3049 4787 3231 4856 turbo,
3283 4804 3478 4844 erum-

1499 4917 1719 4972 VARMS
1748 4918 2127 4976 LECTIONES.

208 5019 282 5053 ²⁹⁶
307 5018 743 5095 Apud—mense
789 5018 1007 5095 addidit
1053 5019 1342 5075 Anselmus
1400 5025 1584 5092 postea
1640 5024 1823 5077 eodem
1883 5041 1988 5095 quo
2047 5041 2251 5080 annum
2314 5026 2469 5080 1115.
2513 5030 2811 5081 atramento
2843 5029 2892 5080 et
2922 5030 3154 5095 tempore
3182 5025 3249 5060 ’97
3282 5025 3480 5080 abhinc

137 5096 501 5169 atramentum
528 5094 795 5169 mutatur.
828 5093 1060 5169 Sequens
1092 5097 1442 5169 annus_totus
1498 5096 1752 5169 continuo
1796 5093 2002 5169 calamo
2031 5100 2267 5169 scriptus
2318 5099 2446 5164 fuit.
2485 5098 2552 5131 ³9⁸
2600 5098 2796 5151 abhinc
2822 5093 3187 5169 atramentum
3206 5101 3476 5150 mutatur.

140 5162 210 5239 ξ
236 5161 609 5239 ῌθξῐιτίοᾳ8--
666 5160 1019 5239 deseruisse"
1044 5177 1151 5216 uno
1203 5165 1428 5219 calamo.
1488 5165 1781 5239 Sequentt'a
1831 5167 1942 5223 Hoc
1976 5197 2035 5206 —
2073 5160 2267 5223 terruit
2304 5160 2411 5222 alio
2469 5173 2719 5237 tempore,
2777 5168 2873 5222 sed
2927 5171 3178 5239 continuo
3244 5169 3475 5222 calamo.

138 5231 210 5266 ³⁰⁰
235 5232 667 5309 Pulsantibus—
701 5230 948 5309 ﬂuidoget
977 5232 1274 5309 Monstrum
1304 5265 1374 5274 —
1394 5230 1643 5309 corporis
1668 5237 1889 5293 addidit
1917 5243 1976 5293 ut
1996 5240 2214 5294 videtur
2241 5240 2377 5293 Ana.
2410 5242 2525 5309 ipse
2553 5230 2670 5294 eum
2700 5230 2831 5293 nota
2871 5239 2946 5292 ad
2978 5237 3114 5294 1038
3164 5242 3277 5292 tum
3315 5252 3479 5307 quum

136 5319 339 5359 annum
357 5306 380 5359 1
400 5304 501 5360 125
542 5301 920 5368 conscriberet,
953 5318 1057 5373 quo
1076 5305 1217 5361 idem
1244 5301 1544 5363 atramenti
1571 5310 1735 5377 atque
1761 5324 1953 5365 manus
1979 5310 2197 5365 habitus
2223 5315 2319 5364 est.
2354 5301 2554 5366 Desunt
2589 5312 2713 5366 solis
2739 5310 2861 5365 81⁸.
2893 5308 3013 5362 4".
3048 5309 3279 5364 Attende
3302 5301 3478 5363 lusum

1705 5456 1912 5516 ΝΟΤᾸΞ.

138 5378 197 5429 in
218 5379 420 5431 sonitu.

201 5551 343 5621 (318)
370 5548 712 5621 Adelaidem
747 5546 1248 5621 deMonteferrato.

199 5619 424 5695 1319111.
459 5621 631 5695 1113.
678 5619 967 5675 Anselmus
1013 5622 1161 5677 enim
1208 5639 1413 5679 annum
1461 5624 1653 5695 incipit
1707 5626 1759 5679 in

133 5697 285 5753 natali
320 5692 580 5754 Domini.

1846 5578 1852 5584 ·
1934 5556 2079 5623 (350)
2106 5558 2227 5613 Jan.
2259 5557 2311 5609 7.

1933 5627 2080 5694 (351)
2111 5628 2233 5682 Jan.
2270 5627 2408 5680 1111
2439 5628 2642 5683 medio.

1938 5697 2079 5765 ’35?)
2106 5699 2244 5753 1115
2272 5697 2379 5753 Jul.
2407 5699 2495 5752 2i.
