3876 6208
159 290 250 345 245

219 419 367 475 1122.
626 420 691 477 Β.
727 421 811 477 16.
842 422 977 494 (17.)
1264 423 1321 478 F.
1364 422 1451 479 13.
1482 424 1617 492 (14.)

512 515 572 569 Α.
604 516 696 570 21.
732 515 862 585 (23.)
1175 517 1231 571 ιι.
1264 518 1318 572 ιι.

218 606 513 677 Optimates
539 605 695 677 regni
711 621 834 661 cum
861 605 1140 678 episcopis
1183 609 1578 689 convenientes
1612 611 1754 665 Hen-

159 696 312 750 ricum
342 694 758 764 imperatorem,
791 695 900 751 Deo
931 696 1039 749 sibi
1072 698 1312 767 prepilio
1331 698 1383 753 id
1407 706 1639 770 egerunt
1668 716 1751 754 sa-

158 785 439 840 luberrimo
479 784 762 851 consultu,
793 791 851 839 ut
904 784 1049 839 inter
1098 785 1274 856 ipsum
1308 794 1361 842 et
1387 789 1747 858 apostolicum

153 871 504 927 controversia
530 872 599 926 de
654 872 994 928 investituris
1047 874 1418 930 azcclesiarum
1444 877 1666 932 tandem
1684 878 1749 932 ti-

156 964 363 1018 niretur.
395 963 675 1038 Legantur
698 965 828 1019 inde
863 965 1086 1021 Romam
1119 982 1183 1022 ex
1214 975 1369 1038 parte
1400 968 1750 1039 imperatoris

156 1056 317 1110 Bruno
345 1056 630 1127 Spirensis
658 1059 973 1130 episcOpus,
1028 1069 1083 1116 et
1126 1062 1383 1118 Arnulfus
1413 1064 1583 1119 abbas
1622 1064 1748 1119 Ful-

152 1148 339 1202 dcnsis.
396 1149 625 1203 Interim
668 1150 1258 1223 Henricusimperator
1296 1156 1500 1225 pascha
1529 1157 1746 1214 Domini

148 1236 452 1308 Aquisgrani
505 1238 755 1294 celebrat
805 1242 990 1308 (Mart.
1040 1242 1132 1302 26)
1223 1242 1424 1297 deinde
1482 1244 1747 1302 Leodium

149 1328 433 1384 contendit.
470 1329 571 1384 Hic
600 1333 826 1402 querela
855 1333 999 1403 apud
1030 1349 1155 1387 eum
1179 1332 1319 1390 facta
1336 1335 1405 1389 de
1437 1336 1750 1392 insolentiis

149 1417 412 1484 cujusdam
446 1418 736 1487 Gothuini,
779 1428 1017 1475 castrum
1050 1422 1190 1489 ejus,
1221 1423 1367 1493 quod
1425 1423 1749 1480 Monsfalco—

148 1504 224 1559 nis
248 1504 384 1575 (359)
416 1506 646 1574 dicitur,
685 1509 971 1565 annitente
1000 1510 1107 1565 sibi
1130 1510 1424 1567 Godefrido
1469 1513 1607 1567 duce
1646 1514 1748 1568 ob-

145 1598 291 1666 sidet,
320 1600 486 1671 capit,
520 1601 773 1658 incendit
810 1610 865 1659 et
915 1605 1166 1660 destruit.
1231 1607 1494 1663 Ecclesia
1528 1609 1745 1664 Hanno-

147 1688 333 1744 niensis
351 1706 476 1746 cum
510 1693 779 1747 omnibus
797 1694 1143 1764 appendiciis
1171 1697 1287 1751 suis
1323 1698 1600 1753 seditione
1638 1699 1743 1753 ad-

146 1781 299 1835 vocati
320 1783 404 1836 sui
429 1799 560 1838 cum
598 1791 709 1840 tota
737 1786 865 1840 villa
908 1795 1202 1856 crematur,
1230 1790 1379 1844 salvo
1410 1799 1592 1845 tamen
1624 1792 1747 1846 the-

149 1886 294 1927 sauro
319 1881 373 1927 et
395 1872 730 1932 biblioteca.
763 1876 999 1933 Turonis
1054 1880 1217 1934 etiam
1246 1881 1604 1937 contentione
1633 1892 1751 1938 orta

150 1964 277 2019 inter
301 1967 536 2023 clericos
570 1977 631 2024 et
659 1968 851 2037 laicos,
879 1972 1127 2027 aacclesia
1154 1975 1328 2029 sancti
1343 1975 1559 2030 Martini
1592 1976 1751 2047 peni-

147 2060 221 2108 tus
244 2061 324 2109 est
362 2056 662 2112 combusta
702 2059 947 2114 Domnus
994 2062 1334 2132 apostolicus
1365 2064 1481 2119 visa
1510 2072 1563 2120 et
1593 2081 1750 2121 rece-

147 2145 519 2221 ptalegatione
555 2138 925 2220 imperatoris,
954 2160 1205 2223 pertesus
1230 2162 1285 2210 et
1311 2156 1429 2226 ipse
1458 2157 1748 2214 dissonan-

148 2237 225 2293 tia:
248 2239 474 2295 nimium
506 2242 662 2297 inter
688 2259 786 2299 eos
825 2245 1073 2306 diutinae.
1112 2246 1355 2304 libenter
1379 2250 1617 2306 assensit
1644 2268 1659 2316 ;
1693 2259 1749 2307 et

147 2334 238 2382 tam
265 2330 513 2386 consultu
543 2332 719 2387 totius
773 2334 1006 2390 Romani
1057 2344 1301 2405 senatus,
1356 2355 1521 2411 quam
1577 2341 1743 2396 etiam

147 2418 366 2474 omnium
398 2422 797 2493 episcoporum
852 2427 1185 2494 ltalicorum,
1247 2430 1537 2486 mittuntur
1563 2447 1629 2487 ex
1665 2432 1749 2487 la-

148 2513 247 2561 tere
272 2511 559 2578 apostolici
587 2511 909 2569 Lambertus
921 2514 1188 2572 Ostiensis
1201 2518 1499 2591 episcopus
1526 2530 1580 2578 et
1603 2522 1743 2578 Saxo

149 2596 419 2653 cardinalis
448 2599 519 2655 de
553 2611 748 2658 monte
778 2602 948 2672 Celio,
978 2614 1034 2662 et
1064 2607 1387 2683 Gregrorius
1401 2610 1539 2666 alter
1556 2610 1747 2666 Cardi-

150 2688 289 2755 nalis,
344 2691 411 2745 ad
471 2693 846 2750 ordinandam
910 2713 1026 2752 rem
1074 2700 1210 2755 tanti
1269 2703 1502 2776 negotii,
1563 2704 1746 2760 Mense

149 2778 488 2850 Septembrio,
516 2785 583 2839 in
640 2786 922 2843 nativitate
962 2801 1164 2846 sanctae
1222 2792 1421 2861 Mariae,
1484 2796 1749 2852 Henricus

148 2866 420 2939 imperator
446 2889 584 2928 cum
615 2875 895 2947 episcOpis
920 2885 974 2933 et
1014 2881 1372 2950 optimatibus
1412 2885 1567 2960 regni
1595 2886 1749 2942 venit

147 2954 434 3015 Wormatia:
463 2979 477 3015 :
510 2963 613 3017 ubi
646 2974 1003 3023 occurrerunt
1028 2969 1078 3024 ei
1138 2970 1303 3045 legati
1342 2954 1503 3028 sedis
1522 2986 1746 3046 aposto-

146 3047 265 3105 licze.
292 3052 412 3122 Diu,
445 3061 503 3109 ut
525 3054 595 3109 fit
624 3055 681 3109 in
713 3064 863 3114 tanto
892 3069 1208 3133 magnatum
1258 3079 1540 3133 consessu,
1573 3083 1745 3122 even-

148 3140 276 3196 tilata
306 3144 539 3213 ratione,
576 3148 797 3203 tandem
831 3152 1006 3224 gratia
1031 3154 1272 3226 antiquae
1301 3157 1542 3213 caritatis
1563 3159 1749 3213 redin-
1772 3137 1821 3164 υ

148 3241 367 3307 tegratur
390 3236 537 3294 inter
568 3239 959 3311 imperatorem
990 3252 1045 3300 et
1073 3248 1435 3316 apostolicum
1470 3250 1566 3305 Dei
1598 3252 1750 3306 ordi-

148 3323 345 3380 natione
374 3328 527 3397 (Sept
579 3328 1270 3399 23).Quorumconscnsus
1303 3337 1426 3392 talis
1465 3348 1550 3394 est
1580 3340 1747 3409 (360):

145 3410 241 3481 Ego
265 3416 499 3475 Calistus
524 3423 836 3491 episcopus,
862 3439 1044 3479 servus
1081 3440 1359 3482 servorum
1391 3430 1505 3496 Dei,
1537 3430 1636 3484 tibi
1662 3432 1724 3486 di
1734 3462 1751 3472 -

150 3502 262 3559 lecto
276 3508 383 3574 ﬁlio
402 3510 647 3564 Henrico
682 3510 777 3565 Dei
803 3516 984 3581 gratia
1037 3517 1387 3573 Romanorum
1442 3522 1703 3591 imperato
1737 3517 1761 3569 ί

150 3594 368 3664 Augusto
421 3601 654 3656 concedo
708 3605 982 3662 electiones
1036 3610 1430 3679 episcoporum,
1484 3612 1752 3679 abbatum,

155 3684 401 3746 Teiuonici
418 3694 603 3761 regni,
627 3696 723 3763 qui
745 3695 820 3756 ad
841 3712 1057 3765 regnum
1085 3703 1370 3770 pertinent,
1397 3705 1456 3757 in
1482 3710 1757 3774 presentia

149 3782 227 3833 tua
250 3785 360 3850 ﬁeri
387 3786 596 3856 absque
619 3791 863 3857 symonia
886 3794 932 3845 et
960 3793 1149 3862 aliqua
1176 3796 1450 3860 violentia,
1482 3801 1540 3851 ut
1567 3800 1619 3852 si
1648 3815 1749 3868 qua

148 3870 272 3924 inter
295 3880 468 3942 partes
497 3876 787 3932 discordia
833 3884 1117 3946 emerserit,
1149 3887 1553 3955 metropolitani
1580 3892 1726 3942 etcon

146 3965 529 4027 provintialium
577 3971 800 4025 consilio
822 3973 904 4026 uel
929 3972 1140 4041 judicio
1167 3978 1376 4032 saniori
1395 3980 1546 4047 parti
1573 3994 1753 4034 assen-

148 4065 249 4107 sum
273 4061 319 4110 et
343 4060 624 4114 ain-ilium
662 4062 904 4131 prebeas.
958 4066 1171 4122 Electus
1199 4074 1373 4123 autem
1402 4086 1437 4124 a
1461 4075 1512 4125 te
1546 4073 1755 4140 regalia

150 4146 363 4216 accipiat
389 4163 492 4217 per
516 4159 795 4220 sceptrum
846 4156 1077 4224 exceptis
1125 4158 1362 4213 omnibus
1391 4175 1508 4229 qia:
1544 4160 1619 4215 ad
1646 4162 1753 4215 Ro-

149 4248 341 4292 manam
370 4242 673 4297 «ecclesiam
696 4246 967 4313 pertinere
1012 4257 1300 4304 noscuntur
1326 4268 1340 4315 ;
1364 4255 1411 4304 et
1430 4267 1548 4322 quae
1570 4268 1636 4307 ea:
1667 4254 1753 4309 his

144 4320 250 4387 jure
275 4327 372 4380 tibi
396 4330 577 4394 debet,
603 4332 784 4398 faciat
834 4333 924 4388 Ea:
950 4335 1077 4389 aliis
1107 4350 1228 4390 vero
1254 4320 1502 4407 partibus
1530 4342 1751 4412 imperii

148 4425 456 4475 consecratus
473 4423 643 4489 infra
677 4422 712 4475 6
749 4438 949 4480 menses
978 4428 1186 4491 regalia
1207 4443 1309 4497 per
1351 4435 1615 4499 sceptrum
1639 4448 1674 4486 a
1704 4436 1754 4487 te

148 4510 373 4577 recipiat.
400 4511 471 4567 De
494 4514 695 4584 quibus
715 4531 836 4571 uero
861 4517 1027 4572 michi
1078 4522 1468 4589 querimoniam
1491 4524 1680 4590 feceris
1705 4530 1753 4579 et

150 4606 396 4661 mdium
436 4610 805 4680 postulaveris
857 4616 1142 4671 secundum
1169 4618 1345 4685 officii
1380 4621 1483 4674 mei
1523 4618 1753 4674 debitum

151 4695 398 4750 auxilium
428 4700 534 4752 tibi
556 4702 846 4770 praestabo.
880 4704 956 4759 Do
985 4705 1086 4759 tibi
1124 4721 1307 4761 ueram
1324 4723 1529 4778 pacem,
1563 4713 1611 4763 et
1639 4724 1749 4764 om«

150 4784 288 4841 nibus
311 4791 404 4857 qui
425 4792 488 4844 in
517 4794 615 4845 tua
640 4797 805 4862 parte
836 4800 958 4849 sunt
989 4797 1071 4851 vel
1095 4799 1318 4864 fuerunt
1343 4802 1574 4858 tempore
1595 4800 1753 4870 hujus

150 4870 439 4934 discord-im.
486 4879 838 4952 Rescriptum
898 4884 1117 4941 Henrici
1173 4886 1520 4957 imperatoris
1571 4905 1585 4954 ;
1648 4888 1753 4958 Ego

985 291 1332 347 CHRONICA.
1376 324 1440 331 —
1480 292 1767 348 ANSELMI
1807 294 2127 352 GEMBLAC.
2170 297 2626 359 CONTINUATIO.

1772 1741 1823 1809 B

1770 4379 1827 4446 D

3369 319 3476 377 246

1778 427 1835 496 Α
1859 430 2133 495 Henricus,
2167 430 2524 488 Ramanorum
2553 436 2847 506 imperator
2867 450 3139 508 augustas.
3168 465 3269 520 pro
3292 468 3473 509 amore

1857 520 1955 573 Dei
1981 524 2029 574 et
2051 525 2247 575 sanctae
2275 523 2525 587 Romana:
2578 528 2826 583 (ecclesiis
2848 539 2893 585 et
2940 535 3120 591 damni
3161 557 3320 611 papa:
3363 542 3470 599 Ca-

1851 611 1986 677 listi,
2019 616 2065 666 et
2092 627 2191 682 pro
2218 614 2440 668 remedio
2498 618 2690 672 anima:
2717 635 2842 675 mea:
2890 628 3098 680 remitto
3135 630 3235 684 Deo
3263 637 3310 683 et
3337 647 3469 687 san-

1850 704 1951 758 ctis
1988 706 2247 774 apostolis
2278 708 2373 760 Dei
2401 707 2554 762 Petro
2584 714 2633 761 et
2665 710 2831 766 Paulo
2869 721 3165 786 sanctaque
3194 724 3469 779 catholicae

1850 793 2113 859 mcclesim,
2147 808 2344 847 omnem
2403 798 2772 853 investituram
2818 817 2918 870 per
2980 807 3199 860 anulum
3228 814 3275 863 et
3309 810 3468 866 bacu-

1850 882 1977 944 lum,
2006 882 2293 937 etconcedo
2321 885 2380 936 in
2431 886 2674 941 omnibus
2729 890 3003 958 oecclesiis,
3063 911 3179 963 qua:
3222 900 3281 952 in
3308 914 3467 969 reqno

1849 976 1898 1027 et
1922 975 2150 1043 imperio
2180 989 2289 1029 meo
2316 979 2458 1035 sunt.
2490 981 2792 1034 canocicam
2847 984 2966 1050 ﬁeri
2986 986 3285 1044 electionem
3316 996 3364 1045 et
3394 993 3466 1046 Ii-

1848 1066 2026 1121 beram
2063 1069 2183 1135 ﬁeri
2230 1073 2687 1127 consecrationem.
2741 1075 3100 1135 Possessiones
3149 1087 3197 1137 et
3260 1088 3467 1154 regalia

1847 1159 1988 1214 beati
2005 1161 2168 1227 Petri,
2201 1178 2318 1230 qua:
2343 1178 2377 1216 a
2399 1166 2672 1234 principio
2709 1167 2866 1237 hujus
2890 1171 3172 1228 discordiae
3199 1193 3364 1249 usque
3393 1182 3469 1235 ad

1850 1246 2162 1302 hodiernam
2201 1250 2361 1316 diem,
2393 1253 2507 1306 sine
2551 1257 2781 1324 tempore
2805 1261 2984 1327 patris
3029 1265 3133 1316 mei
3158 1246 3290 1318 sive
3308 1269 3468 1322 etiam

1848 1357 1980 1407 meo,
2005 1343 2187 1398 ablata
2221 1352 2359 1403 sunt.
2392 1363 2507 1416 qua;
2551 1350 2732 1408 habeo,
2788 1354 2956 1408 eidem
2981 1363 3181 1413 sancta:
3213 1361 3461 1417 Romanae

1848 1432 2095 1486 (ecclesia
2123 1437 2343 1489 restituo
2376 1452 2388 1500 ;
2421 1453 2534 1506 qua:
2579 1444 2755 1495 autem
2778 1458 2884 1495 non
2925 1445 3103 1501 habeo.
3140 1453 3197 1503 ut
3226 1451 3462 1507 reddan-

1846 1524 1953 1585 tur,
1983 1522 2212 1589 ﬁdeliter
2230 1523 2450 1593 juvabo.
2487 1525 2843 1585 Possessiones
2873 1536 3033 1589 etiam
3062 1540 3294 1593 omnium
3318 1541 3465 1595 alia-

1846 1627 1964 1667 rum
1982 1615 2336 1670 (ecclesiarum
2383 1623 2431 1671 et
2485 1622 2791 1691 principum
2825 1630 2869 1678 et
2899 1627 3127 1682 aliorum
3167 1635 3275 1685 tam
3304 1633 3435 1687 cleri
3452 1664 3464 1673 -

1847 1718 2019 1758 eorum
2048 1721 2207 1775 quam
2232 1707 2507 1775 laicorum,
2548 1714 2771 1767 consilio
2798 1718 3106 1788 principum
3144 1725 3194 1774 et
3216 1722 3461 1791 justitia,

1850 1810 1965 1863 quae
1991 1797 2172 1859 habeo,
2203 1798 2424 1854 reddam
2458 1818 2471 1865 ;
2504 1818 2620 1871 qua:
2642 1819 2749 1858 non
2786 1806 2966 1873 habeo,
2995 1814 3052 1863 ut
3076 1811 3371 1867 reddantur
3406 1817 3465 1881 ﬁ~

1849 1882 2035 1939 deliter
2055 1884 2270 1955 juvabo.
2303 1888 2372 1941 Et
2403 1888 2466 1943 do
2493 1905 2671 1944 veram
2712 1909 2900 1962 pacem
2937 1896 3126 1952 domno
3158 1915 3321 1970 papa:
3354 1900 3461 1957 Ca-

1850 1975 1973 2028 listo
1995 1980 2293 2046 sanctaque
2338 1979 2586 2034 Romana:
2637 1983 2880 2039 (ecclesiae
2904 1990 2953 2040 et
3004 1990 3243 2045 omnibue
3270 1996 3364 2061 qui
3402 1995 3463 2045 in

1847 2070 2004 2137 parte
2025 2070 2200 2138 ipsius
2219 2075 2345 2125 sunt
2368 2074 2450 2126 uel
2477 2075 2732 2141 fuerunt;
2756 2080 2803 2130 et
2830 2080 2887 2131 in
2908 2080 3096 2149 quibus
3128 2088 3315 2138 sancta
3355 2085 3464 2139 Ro-

1845 2171 2009 2212 mana
2065 2161 2302 2215 (ecclesia
2348 2164 2614 2217 auxilium
2683 2168 3059 2236 postulaverit,
3096 2172 3325 2239 ﬁdeliter
3363 2178 3465 2244 ju-

1846 2245 1979 2300 vabo
2011 2246 2100 2299 3”.

1915 2334 2076 2390 1123.
2186 2337 2267 2389 l7.
2313 2338 2443 2409 (18.)
2544 2341 2632 2394 Μ.
2681 2342 2805 2414 (ιδ)
2881 2344 2969 2400 23.
3014 2347 3151 2415 (24.)
3227 2351 3280 2404 5.

1915 2422 2161 2478 Domnus
2195 2425 2486 2492 Adelbero,
2512 2443 2577 2482 ex
2627 2428 2774 2484 clero
2822 2433 2996 2487 sancti
3031 2434 3295 2505 Stephani
3326 2441 3464 2498 Met-

1848 2514 2022 2569 tensis
2051 2515 2281 2580 electus,
2342 2518 2757 2575 Laodicensium
2807 2523 3093 2580 ordinatur
3134 2530 3451 2603 episcOpus.

1848 2607 2070 2663 Fundus
2119 2616 2317 2664 nostra?
2374 2612 2732 2681 proprietatis
2777 2622 2860 2669 est
2918 2616 2987 2651 ³¹⁰
3040 2620 3318 2691 antiquus,
3365 2629 3459 2698 qui

1850 2712 1997 2751 nunc
2028 2712 2186 2753 mons
2242 2699 2419 2753 sancti
2475 2699 2718 2756 Guiherti
2750 2703 2953 2760 dicitur
2984 2724 2999 2770 ;
3034 2707 3087 2761 in
3121 2727 3229 2781 quo
3259 2714 3467 2783 placuit

1849 2788 2031 2854 nobis,
2056 2790 2280 2860 auspice
2307 2790 2510 2846 christo
2533 2798 2587 2847 et
2616 2809 2846 2850 assensu
2873 2799 3119 2854 omnium
3134 2802 3463 2874 vicinorum,

1849 2894 2044 2934 novam
2078 2880 2382 2935 aecclesiam
2415 2882 2709 2939 aedificare.
2745 2886 2880 2940 Olim
2915 2890 3124 2961 quippe
3155 2895 3466 2954 aecclesiola

1847 2971 2032 3045 lignea
2061 2973 2116 3026 in
2157 2989 2225 3029 eo
2260 2974 2454 3041 fuerat,
2475 2975 3080 3056 habensprivilegiisui
3115 2986 3463 3059 dignitatem,

1848 3062 2058 3118 scilicet
2095 3064 2502 3135 baptisterium,
2570 3069 2906 3138 sepulturam
2938 3079 2993 3127 et
3032 3074 3323 3133 decimam.
3359 3080 3465 3136 Sed

1851 3151 1925 3206 ita
1955 3169 2054 3223 per
2081 3169 2257 3209 annos
2287 3155 2410 3225 plus
2440 3156 2694 3213 minusve
2723 3158 2792 3214 60
2819 3161 3104 3235 neglectus
3125 3172 3261 3232 erat,
3295 3179 3354 3223 ut
3377 3171 3466 3225 vix

1853 3242 1930 3298 ibi
1959 3244 2139 3317 aliqua
2181 3246 2445 3302 aecclesiaa
2497 3250 2729 3323 vestigia
2769 3264 3144 3312 remanerent.
3170 3260 3325 3315 Anno
3367 3261 3468 3316 ita-

1852 3352 1961 3407 que
1989 3337 2206 3392 Domini
2241 3339 2397 3405 1123,
2426 3339 2560 3395 feria
2591 3344 2644 3410 4,
2689 3361 2864 3414 pascas
2902 3363 3101 3418 corpus
3133 3353 3465 3408 sanctissimi

1858 3432 2073 3501 patroni
2121 3434 2291 3489 nostri
2346 3434 2574 3490 Guberti
2604 3436 2678 3491 ibi
2725 3440 3025 3499 detulimus
3054 3445 3241 3516 (April.
3271 3447 3378 3518 18),
3414 3456 3469 3504 el

1862 3521 1957 3574 Dei
1986 3520 2171 3578 favore
2222 3524 2506 3580 afﬂuentia
2555 3528 2733 3598 plebis
2798 3532 3084 3605 utriusque
3115 3552 3278 3590 sexus
3303 3538 3367 3591 ad
3407 3538 3471 3592 12

1865 3610 2016 3665 milia
2043 3612 2311 3667 aestimata
2333 3615 2635 3668 est.Visum
2669 3625 2752 3670 est
2795 3619 2957 3673 nobis
2992 3622 3353 3678 redeuntibus
3396 3626 3468 3681 ibi

1856 3717 2139 3756 remanere
2170 3718 2371 3773 corpus
2411 3708 2585 3761 sancti
2626 3709 2876 3765 Guiherti
2906 3730 2923 3775 ;
2955 3713 3102 3782 quod
3136 3722 3283 3769 tanta
3310 3716 3471 3772 dein-

1854 3809 1987 3864 ceps
2014 3793 2402 3850 miraculorum
2454 3797 2575 3851 luce
2617 3800 2804 3864 claret,
2838 3808 2899 3855 ut
2938 3802 3006 3856 ab
3052 3806 3309 3859 omnibus
3330 3823 3471 3877 qua-

1854 3897 2177 3952 quaversum
2236 3884 2495 3957 gentibus
2551 3893 2605 3940 et
2654 3886 3004 3943 desideretur
3065 3899 3118 3945 et
3150 3890 3470 3962 frequente-

1854 3977 1944 4024 tur
1971 3970 2059 4025 3“.
2130 3972 2429 4028 Balduinus
2461 3973 2952 4032 Jherosolimorum
2994 3995 3087 4033 rex
3123 3996 3151 4033 a
3182 3980 3471 4037 Saracenis

1854 4059 2086 4130 capitur.
2123 4061 2236 4126 Qua
2254 4062 2322 4116 de
2347 4079 2404 4117 rc
2428 4072 2610 4120 mente
2623 4067 2976 4135 excedentes,
3001 4069 3468 4141 undiqueversum

1857 4157 2067 4211 evocati
2097 4158 2165 4211 ad
2196 4159 2477 4233 sexaginta
2507 4160 2656 4215 milia
2690 4164 3187 4236 conglomerantur,
3222 4173 3283 4219 ut
3311 4167 3466 4221 chri-

1855 4248 2063 4303 stianos
2091 4266 2123 4304 a
2146 4250 2351 4306 ﬁnibus
2400 4253 2517 4308 suis
2546 4256 2911 4310 exterminent
2944 4273 2956 4320 ;
2996 4258 3207 4328 etapud
3238 4259 3469 4314 Ascalon

1855 4335 2250 4409 impedimenta
2278 4358 2375 4396 sua
2404 4345 2815 4406 commendant,
2871 4345 3084 4401 scilicet
3123 4364 3343 4415 uxores,
3377 4366 3468 4404 so-

1854 4429 2008 4483 boles
2038 4437 2093 4484 et
2121 4431 2397 4484 victualia.
2431 4430 2720 4486 Christiani
2750 4433 2804 4487 in
2829 4444 2945 4489 arto
2966 4434 3150 4504 positi,
3176 4435 3312 4489 nihil
3346 4438 3463 4507 spei

1854 4520 1956 4575 nisi
1981 4521 2032 4574 in
2067 4521 2233 4575 Deum
2288 4523 2577 4588 habentes,
2611 4525 2864 4595 exemplo
2918 4525 3277 4581 Ninivitarum
3332 4529 3466 4583 utri-

1853 4631 1961 4687 que
1993 4616 2145 4670 sexui
2168 4616 2438 4687 jejunium
2463 4618 2750 4683 indicunt;
2788 4620 2971 4691 pueris
3026 4621 3214 4685 etiam,
3240 4622 3467 4677 infanti-

1853 4711 1956 4763 bus
1993 4709 2345 4773 lactentibus,
2381 4711 2638 4766 universo
2660 4728 2880 4784 quoque
2914 4714 3096 4784 pecori
3144 4716 3345 4785 pabula
3369 4733 3472 4772 ne-

1851 4810 2069 4875 gantur,
2101 4801 2228 4855 Dies
2258 4819 2455 4875 pugnm
2488 4803 2766 4859 indicitur.
2804 4806 3115 4861 Procedunt
3162 4809 3468 4877 christiani,

1852 4906 1977 4945 cum
2020 4890 2286 4946 militibus
2316 4900 2369 4946 et
2399 4892 2681 4963 peditibus
2702 4893 2786 4947 vix
2810 4895 2875 4948 ad
2900 4894 3004 4949 tria
3027 4895 3178 4950 milia
3207 4897 3469 4951 estimali.

1493 5016 1713 5071 VARIZE
1745 5016 2120 5074 LECTIONES.

153 5123 313 5195 imum
352 5113 465 5195 loco
497 5113 593 5195 F_l.
654 5113 721 5195 2._
763 5115 1003 5195 addunt:
1044 5118 1267 5195 Comes
1299 5120 1691 5178 Hainocnsium
1747 5124 2047 5180 Balduinus
2098 5127 2333 5182 moritur
2370 5128 2455 5182 cui
2508 5126 2754 5182 succedit
2800 5128 3099 5183 Balduinus
3148 5129 3295 5184 illius
3345 5131 3467 5195 ejus

156 5181 331 5265 Tertiae
368 5186 667 5265 Anselmus
697 5188 814 5265 ipse
833 5194 958 5265 post
998 5194 1385 5263 superscripsit‘
1407 5196 1647 5261 primum
1684 5200 1953 5265 sequentis
1983 5201 2117 5252 anni
2167 5181 2394 5264 lineam;
2428 5200 2570 5253 unde
2598 5200 2859 5263 ridemus,
2885 5216 3002 5254 eum
3031 5202 3140 5255 haec
3169 5204 3277 5254 tria
3305 5202 3469 5254 addi-

154 5255 373 5309 tamenta
432 5260 632 5323 fecisse
672 5255 796 5312 ante
822 5255 978 5327 finem
1029 5255 1165 5317 anni
1188 5255 1490 5337 Δεςᾷςινρηὶῥε.
1571 5266 1639 5299 ³⁰⁹
1665 5255 1823 5321 Totus
1862 5285 2037 5322 annus
2090 5286 2195 5324 uno
2224 5255 2429 5326 calamo
2479 5273 2590 5337 fuit
2615 5276 2895 5325 oneratus.
2925 5272 3012 5326 Ab
3051 5273 3175 5325 hinc
3225 5272 3470 5325 habitum

154 5336 328 5380 manus
366 5333 547 5382 mutat
610 5334 661 5383 et
698 5334 1076 5387 atramentum.

1185 5335 1255 5368 sio
1282 5334 1576 5390 Gemblaco
1628 5339 1786 5392 addit
1837 5340 1896 5391 A.

1997 5340 2059 5373 3”
2092 5344 2266 5396 Mutat
2295 5343 2539 5397 habitum
2571 5357 2780 5397 manus.
2820 5343 3058 5397 Domnus
3100 5373 3162 5383 —
3220 5344 3471 5412 frequen-

156 5398 285 5448 tetur
314 5399 510 5453 desunt
547 5400 654 5454 83“
683 5400 751 5453 4*
779 5402 897 5455 4⁸⁸⁵.
931 5403 1150 5459 Fundus
1191 5436 1257 5444 —
1290 5405 1670 5475 frequentetur
1705 5409 1894 5463 desunt
1928 5410 2018 5463 Bl.
2051 5412 2102 5464 5.

1695 5531 1904 5588 NOT/E.

215 5591 358 5666 (βψ)
391 5594 804 5666 Yauquemont.

216 5659 357 5733 (360)
394 5659 551 5721 Men:
584 5665 749 5740 Legg.
772 5683 829 5733 ιι,
861 5670 966 5727 73;
1001 5673 1172 5728 codex
1208 5674 1262 5729 S.
1298 5671 1570 5729 Trudonis
1601 5691 1665 5729 ex
1699 5677 1953 5731 Anselmo
1995 5676 2216 5731 ﬂuxisse
2258 5677 2488 5731 videtur.
