3876 6208
378 262 485 320 247

1587 265 1938 323 SIGEBERTI
1977 267 2495 326 GEMBLACENSIS.

3620 276 3724 332 248

379 386 663 457 Principes
689 385 1015 460 gradiuntur
1072 386 1128 439 in
1181 386 1381 456 fronte,
1409 387 1621 444 scilicet
1662 390 1988 461 patriarcha,
2017 392 2263 464 Alixtus
2290 410 2453 466 papa,
2489 396 2585 467 qui
2624 403 2680 452 et
2726 396 2925 464 Guido,
2970 397 3221 453 moritur.
3256 398 3527 455 Succedit
3555 400 3723 456 Lam-

377 491 478 547 pro
515 476 717 532 vexillo
758 476 942 531 ferens
973 493 1192 533 crucem
1225 477 1421 534 Christi
1456 498 1470 546 ;
1503 480 1676 535 abbas
1695 481 1830 537 olim
1862 483 1992 543 Clu-

378 566 658 622 niacensis
685 567 935 634 Pontius,
970 566 1260 638 proferens
1319 570 1568 624 lanceam
1600 571 1911 627 transfixam
1942 573 2000 628 in

380 658 552 713 latere
609 657 852 723 Christi;
901 658 1200 729 episcOpus
1259 660 1666 727 Dehtleemites,
1721 662 1905 718 ferens
1946 665 2002 718 in

382 749 569 820 pixide
599 750 684 805 lac
708 756 909 805 sanctae
935 749 1116 805 Mariae
1144 760 1426 821 perpetuae
1453 752 1702 826 virginis.
1747 755 2004 818 Saraceni

382 856 511 896 vero
536 856 976 912 quaquaversum
1035 840 1212 909 effusi,
1245 857 1309 897 ex
1339 844 1487 898 omni
1512 844 1682 899 latere
1720 845 1775 899 in
1801 846 1991 902 orbem

383 933 839 1006 circumcingunt,
876 932 1225 998 christianos,
1253 950 1322 989 ne
1369 935 1493 1007 quis
1532 937 1705 1006 possit
1734 938 1988 995 evadere.

384 1024 522 1078 Dum
553 1023 626 1078 ita
648 1023 702 1077 in
738 1022 1023 1093 procinctu
1056 1024 1256 1079 herent
1302 1025 1610 1092 christiani,
1662 1027 1853 1082 vident
1878 1028 1989 1084 Deo

383 1112 490 1166 sibi
520 1111 745 1181 auspice
774 1111 1147 1183 splendorem,
1176 1112 1345 1167 scisso
1385 1128 1512 1168 aere
1545 1129 1719 1185 super
1748 1131 1991 1189 paganos

383 1203 564 1259 subito
593 1201 880 1267 cecidisse,
919 1202 1017 1256 sed
1059 1217 1168 1258 non
1210 1218 1554 1274 prosperum,
1604 1206 1702 1259 sed
1733 1207 1863 1262 satis
1888 1223 1991 1263 no-

382 1292 887 1364 civum;lquamvis
918 1294 1064 1349 hunc
1110 1294 1217 1365 ipsi
1263 1295 1520 1352 Saraceni
1578 1313 1687 1352 non
1724 1298 1984 1355 viderint.

384 1385 515 1440 Ilico
546 1385 692 1439 enim
721 1384 965 1440 omnium
996 1385 1194 1440 virium
1240 1386 1439 1442 robore
1489 1389 1753 1457 enervati,
1785 1391 1986 1461 passim

386 1472 685 1548 fugientes,
714 1473 1107 1529 cedunturnon
1140 1474 1318 1529 solum
1359 1492 1390 1531 a
1419 1476 1569 1543 viris,
1607 1478 1702 1532 sed
1744 1480 1909 1534 etiam
1959 1497 1987 1535 a

386 1561 576 1633 pueris
602 1560 908 1616 etfeminis.
943 1561 1229 1617 Perierunt
1277 1564 1331 1617 in
1386 1564 1530 1620 bello
1581 1573 1792 1636 septem
1822 1567 1996 1633 milia,

384 1653 657 1709 submersi
688 1659 813 1707 sunt
843 1653 896 1707 in
929 1654 1085 1725 aquis
1126 1655 1375 1726 quinque
1413 1656 1567 1711 milia
1640 1657 1840 1712 Omnes
1868 1674 1998 1714 vero

386 1743 671 1800 christiani
703 1743 1006 1799 incolumes
1025 1745 1254 1811 reversi,
1284 1761 1560 1800 summum
1588 1754 1642 1801 et
1673 1748 1834 1802 dulce
1862 1766 1998 1821 epy-

389 1830 609 1886 nichion
643 1832 871 1885 reboant
899 1831 1128 1885 Domino
1163 1832 1482 1888 in-excelsis
1500 1834 1589 1887 3".

462 1919 620 1974 “at.
843 1918 904 1973 Β.
944 1920 1026 1973 18.
1071 1919 1206 1987 (19.)
1424 1922 1480 1976 F.
1527 1924 1609 1977 15.
1654 1923 1785 1993 (ιδ.)

786 2013 845 2068 Α.
887 2010 976 2066 24.
1021 2011 1154 2083 (25.)
1442 2017 1501 2067 Α.
1551 2014 1604 2070 6,

460 2103 725 2159 Henricus
756 2103 1058 2174 imperator
1086 2104 1409 2176 Aquisgrani
1452 2108 1630 2162 natale
1673 2108 1885 2163 Domini
1912 2126 1995 2165 ce-

389 2193 583 2248 lebrat.
618 2192 803 2247 Hiems
846 2192 1007 2247 solito
1052 2193 1323 2261 acerbior,
1374 2202 1428 2248 et
1480 2203 1705 2269 aggestu
1734 2198 1876 2253 nivis
1906 2214 1994 2253 se-

391 2282 515 2354 pius
552 2279 863 2335 decidentis
892 2279 1058 2334 nimis
1097 2281 1320 2336 horrida
1376 2289 1447 2337 et.
1470 2284 1801 2353 importuna.
1853 2287 1999 2341 Multi

388 2374 537 2429 enim
576 2386 880 2444 pauperum
904 2370 1144 2426 infantes
1173 2374 1500 2429 etmulieras
1532 2376 1810 2432 nimietate
1844 2378 2005 2452 frigo-

387 2466 465 2521 ris
494 2465 836 2520 defecerunt.
897 2463 1195 2518 Mortalitas
1247 2481 1469 2538 quoque
1520 2469 1840 2524 animalium
1882 2487 2003 2526 ma-

386 2557 553 2613 xima.
587 2557 646 2610 ln
703 2555 892 2611 multis
936 2554 1161 2610 vivariis
1214 2556 1394 2627 pisces
1450 2559 1653 2614 absorti
1686 2561 1790 2615 sub
1822 2562 1999 2634 glacie

387 2651 766 2725 perierunt.ln
796 2649 1100 2706 Brachanto
1130 2652 1385 2724 anguillas
1417 2654 1855 2710 innumerabiles
1872 2671 2001 2727 pro-

386 2753 511 2817 pter
535 2746 770 2821 glaciem
797 2761 828 2799 a
862 2745 1157 2816 paludibus
1205 2754 1493 2811 exeuntes,
1533 2748 1683 2819 quod
1712 2748 1863 2803 dictu
1894 2751 2000 2804 mi-

390 2850 509 2889 rum
538 2840 639 2897 est,
672 2833 728 2886 in
784 2832 1066 2888 faenilibus
1116 2833 1394 2907 fugientes
1441 2835 1760 2901 latuerunt;
1792 2838 1890 2891 sed
1922 2838 1998 2893 ibi

389 2924 554 2980 etiam
611 2937 710 2994 pro
767 2922 1052 2978 nimietate
1103 2924 1324 2996 frigoris
1392 2923 1716 2982 deﬁcientes
1771 2943 2002 3000 compu-

389 3020 639 3070 truerunt
663 3012 753 3065 διδ.
786 3010 962 3065 Hiemi
987 3013 1632 3085 successitintemperies
1656 3018 1821 3084 aeris,
1854 3034 2001 3075 nunc

387 3108 533 3173 nive,
557 3121 703 3160 nunc
737 3104 942 3177 pluvia,
975 3120 1121 3159 nunc
1149 3104 1276 3176 gelu
1304 3104 1618 3160 alternatim
1649 3108 1781 3162 satis
1809 3109 1997 3165 deter-

387 3199 545 3263 rima,
585 3211 761 3268 usque
794 3196 849 3250 in
870 3195 1053 3250 medio
1091 3195 1305 3251 Martio.
1335 3194 1529 3251 Postea
1554 3196 1769 3254 diutino
1797 3198 2000 3273 frigore

387 3293 443 3342 et
480 3284 665 3357 pluvia
707 3284 851 3339 aeris
879 3284 1137 3338 horrente
1206 3285 1596 3353 inconstantia,
1654 3287 1739 3342 vix
1780 3290 1998 3345 tandem

390 3378 617 3434 arbores
666 3375 973 3430 floruerunt
1011 3374 1153 3430 Maio
1197 3391 1411 3432 mense.
1450 3376 1537 3431 vix
1578 3378 1797 3434 tandem
1829 3382 2004 3453 gratia

385 3469 681 3526 herbarum
740 3473 796 3521 et
823 3465 1131 3538 graminum
1180 3466 1415 3541 reviguit
1471 3468 1651 3524 virore
1682 3470 1770 3524 3”.
1824 3472 2004 3528 Imber

384 3576 515 3616 vera
543 3558 779 3633 singulis
802 3557 1088 3612 mensibus
1144 3557 1366 3613 assidue
1387 3559 1669 3620 deciduus.
1704 3570 1821 3618 sata
1848 3580 2002 3637 agro-

389 3672 507 3711 rum
538 3669 679 3725 pene
707 3652 960 3708 absorsit.
993 3652 1125 3706 Nam
1157 3651 1321 3727 siligo
1353 3660 1408 3707 et
1450 3670 1638 3711 avenae
1673 3668 1997 3727 proventum

383 3764 541 3803 suum
568 3746 700 3801 satis
724 3750 855 3799 sunt
882 3743 1178 3800 ementitae.
1210 3744 1362 3800 Multi
1394 3761 1615 3818 quoque
1658 3764 1817 3803 sacro
1874 3750 2000 3822 igne

381 3839 704 3894 aduruntur.
737 3835 906 3907 Tyrus
936 3835 1145 3889 Hebrea
1172 3834 1358 3909 lingua
1393 3837 1493 3891 Sor
1521 3837 1686 3902 dicta,
1722 3840 1853 3893 urbs
1881 3856 2000 3895 ma-

383 3927 756 3985 ximaFenicis
780 3934 836 3982 et
881 3927 1129 3997 antiqua,
1150 3925 1207 3979 in
1252 3929 1417 3982 corde
1446 3927 1612 3982 maris
1656 3929 1784 3995 sita,
1821 3930 1994 4001 Sydo-

382 4020 601 4076 nierum
642 4017 887 4083 Colonia,
920 4016 1221 4088 negotiatio
1252 4017 1441 4083 maris,
1487 4019 1797 4089 empurium
1828 4020 1996 4077 totius

383 4109 827 4177 orbis,vaticinio
858 4108 1251 4179 prophetarum
1274 4108 1549 4163 celebrata
1576 4117 1631 4164 et
1661 4111 1997 4167 carminibus

382 4209 668 4272 poetarum
704 4198 910 4263 inclita,
942 4198 1070 4253 olim
1099 4197 1323 4269 quidem
1349 4198 1565 4270 ;insula,
1598 4216 1628 4254 a
1662 4200 1998 4276 Nabugodo-

382 4304 550 4344 nosor
566 4289 654 4344 vel
676 4288 745 4342 ab
776 4286 1083 4343 Alexandro
1114 4293 1338 4357 prepter
1366 4290 1836 4361 expugnationem
1863 4292 1998 4346 mul-

2099 481 2308 548 bertus,
2329 483 2423 555 qui
2456 490 2511 539 et
2536 484 2830 551 Honorius,
2863 484 3165 541 Hostiensis
3188 487 3512 559 episcopus.

2173 594 2331 648 1125.
2410 594 2676 665 19.(20.)
2761 594 2849 650 16.
2891 596 3027 663 (ιτ.)
3099 595 3173 652 25
3236 596 3364 666 (26.)
3479 598 3535 653 7.

2180 705 2360 759 Hiems
2402 706 2723 777 asperrima,
2760 722 2855 761 sex
2898 707 3305 777 epdomadibus
3347 708 3616 764 continua
3675 712 3728 759 et

2106 793 2264 848 valde
2286 793 2472 848 noxia.
2498 793 2689 848 Fames
2714 794 2895 849 valida
2922 794 3128 867 ubiqne
3144 812 3345 869 magna
3364 794 3727 851 multitudine

2090 884 2377 955 utriusque
2408 900 2570 939 sexus
2616 884 2996 955 pereuntibus.
3047 886 3105 940 In
3160 887 3436 942 Hasbania
3458 886 3724 961 ignobilis

2091 973 2414 1029 muliercula
2445 980 2747 1029 monstrum
2807 974 3107 1047 bisgemini
3146 976 3394 1047 corporis
3435 983 3520 1030 est
3549 976 3723 1038 inixa,

2090 1061 2296 1116 aversis
2331 1061 2573 1116 vultibus
2622 1068 2676 1115 et
2709 1062 3036 1133 corporibus
3073 1063 3181 1118 sibi
3230 1065 3533 1127 coherens;
3594 1073 3727 1118 ante

2090 1152 2312 1225 quidem
2361 1152 2575 1227 effigies
2625 1153 2868 1208 hominis
2908 1155 3124 1229 integro
3169 1156 3419 1226 corporis
3449 1156 3723 1211 menbro-

2088 1258 2321 1313 rumque
2359 1241 2557 1297 ordine
2582 1242 2861 1307 distincta,
2886 1250 3031 1298 retro
3062 1259 3191 1299 vero
3224 1243 3394 1299 facies
3415 1246 3598 1310 canis,
3629 1245 3720 1299 si-

2091 1335 2297 1389 militer
2325 1335 2571 1404 corporis
2614 1343 2669 1390 et
2698 1335 3055 1391 menbrorum
3092 1337 3427 1408 proprietate
3474 1336 3719 1413 integra.

2094 1429 2148 1481 In
2210 1428 2511 1482 Brachanto
2542 1428 2668 1483 villa
2715 1429 2959 1497 Nerisca,
3012 1429 3120 1485 alia
3173 1430 3377 1485 mulier
3413 1433 3580 1486 enixa
3635 1439 3721 1487 est

2099 1525 2334 1589 quatuor
2362 1519 2635 1574 masculos
2664 1534 2773 1573 uno
2791 1526 2949 1588 partu
2979 1518 3069 1572 3".
3113 1520 3172 1573 In
3198 1519 3585 1575 Gemblacensi
3616 1538 3720 1592 pa-

2100 1609 2313 1676 rochia,
2356 1610 2486 1663 dum
2519 1609 2910 1680 paterfamilias
2963 1610 3239 1666 dominica
3284 1611 3375 1666 die
3426 1612 3721 1666 mixturam

2026 1706 2074 1775 B
2101 1707 2349 1771 segetum
2373 1715 2470 1770 pre
2501 1699 2731 1769 penuria
2768 1698 2926 1754 famis
2956 1700 3190 1756 molerct
3222 1700 3276 1755 in
3306 1717 3440 1756 usus
3466 1701 3718 1766 familiae,

2099 1787 2283 1842 subito
2309 1787 2455 1856 justa
2482 1787 2577 1842 Dei
2609 1786 2993 1861 indignatione
3018 1788 3150 1844 arsit
3195 1787 3371 1844 farina
3402 1806 3528 1844 cum
3565 1798 3729 1860 puto-

2099 1879 2175 1933 ris
2200 1878 2521 1950 nigredine;
2550 1879 2620 1933 ad
2672 1879 2984 1949 exemplum
3017 1879 3274 1950 posteris,
3306 1896 3377 1935 ne
3409 1880 3546 1953 quid
3581 1897 3725 1951 prae-

2098 1978 2317 2025 sumant
2344 1970 2545 2027 simile.
2592 1971 2868 2026 Ecclesiae
2890 1971 3063 2026 sancti
3090 1971 3332 2043 Dyonisii
3368 1972 3473 2026 sita
3504 1973 3565 2026 in
3593 1973 3722 2027 Bro-

2097 2061 2355 2117 chorensi
2395 2062 2536 2117 silva
2593 2062 2757 2131 (361),
2788 2062 2821 2114 7
2884 2061 2997 2117 Kal.
3060 2062 3204 2130 Maii,
3236 2062 3308 2123 in
3359 2061 3504 2118 festo
3545 2063 3723 2119 sancti

2095 2153 2281 2221 Marci,
2302 2152 2480 2224 primo
2506 2154 2830 2224 crepusculo
2860 2154 3037 2210 noctis
3061 2169 3185 2208 cum
3214 2154 3478 2209 omnibus
3495 2169 3717 2225 appen-

2105 2244 2265 2299 diciis
2292 2251 2348 2300 et
2370 2251 2484 2300 tota
2510 2244 2639 2300 villa
2666 2245 2885 2315 penitus
2907 2252 3307 2312 concrematur,
3340 2246 3493 2302 salvo
3533 2253 3722 2302 tamen

2106 2336 2362 2392 thesauro
2385 2343 2440 2391 et
2461 2336 2713 2392 armario.
2760 2336 2950 2399 (Muri.
2980 2336 3072 2407 29)
3122 2336 3393 2393 Henricus
3424 2337 3731 2408 imperator

2104 2427 2294 2484 Leodii
2326 2428 2526 2499 pascha
2556 2426 2766 2484 Domini
2800 2428 3066 2483 celebrat.
3102 2429 3235 2483 [nde
3262 2429 3447 2500 Aquas
3477 2436 3723 2485 conten-

2102 2516 2264 2583 dens,
2291 2516 2485 2571 morbo
2515 2515 2858 2582 dracunculi,
2890 2516 2985 2588 qui
3013 2516 3118 2571 sibi
3158 2524 3274 2572 erat
3312 2517 3553 2584 nativus,
3604 2533 3720 2574 mo-

2100 2606 2286 2662 lestari
2318 2607 2496 2677 cepit;
2530 2615 2756 2678 propter
2778 2608 2927 2678 quod
2950 2615 3006 2663 et
3036 2607 3110 2662 ibi
3142 2608 3360 2680 aliquot
3386 2608 3507 2663 dies
3538 2625 3721 2665 remo-

2101 2707 2252 2754 ratus
2299 2706 2408 2766 est;
2457 2698 2665 2754 deinde
2717 2698 3038 2754 Neumaiam
3098 2699 3240 2767 (362)
3289 2700 3467 2755 venit.
3532 2701 3726 2757 Postea

2102 2788 2256 2859 quasi
2306 2794 2667 2859 pentecosten
2712 2787 3118 2848 celebraturus.
3176 2787 3571 2858 Vultrajectum
3627 2806 3725 2845 ve-

2101 2883 2216 2949 nit;
2249 2883 2347 2937 sed
2378 2898 2502 2937 cum
2521 2897 2620 2953 per
2643 2881 2765 2937 dies
2778 2882 3011 2957 languor
3036 2882 3471 2957 ingravesceret,
3498 2884 3720 2938 tandem

2102 2973 2235 3029 feria
2264 2974 2455 3046 quinta
2505 2974 2561 3029 in
2594 2982 2913 3045 pentecoste
2944 2974 3107 3029 vitam
3163 2989 3286 3029 cum
3316 2974 3526 3046 freguo
3586 2975 3724 3029 ami-

2023 3070 2072 3139 Ο
2098 3063 2168 3117 sit
2197 3063 2357 3133 (Mat.
2388 3063 2499 3133 23).
2535 3062 2742 3133 Corpus
2782 3062 2904 3131 ejus
2931 3062 3125 3131 ejectis
3151 3063 3430 3119 intestinis
3486 3065 3602 3120 sale
3643 3082 3726 3121 re-

2097 3166 2372 3221 spersum,
2417 3150 2589 3222 Spirae
2619 3150 2852 3206 relatum
2882 3157 2982 3206 est.
3015 3150 3128 3205 Rex
3152 3149 3460 3207 Jerusalem
3496 3153 3722 3209 Baldui-

2102 3258 2205 3297 nus
2250 3242 2377 3298 data
2412 3242 2795 3313 redemptione
2843 3258 2874 3296 a
2928 3242 3215 3298 Saracenis
3267 3242 3578 3300 dimittitur
3633 3247 3720 3301 ³³⁸.

2104 3314 2257 3399 (Aug.
2292 3330 2405 3401 30.)
2434 3331 2621 3385 Mense
2652 3331 2894 3405 Augusto
2924 3329 2977 3383 in
3008 3328 3146 3385 festo
3176 3330 3353 3385 sancti
3386 3331 3724 3387 Bartolomei

2102 3419 2360 3491 apostoli,
2413 3418 2770 3474 excellentior
2812 3418 3052 3492 dignitas
3117 3419 3446 3489 Optimatum
3510 3420 3730 3492 imperii

2101 3514 2217 3569 sive
2247 3513 2581 3568 eminentior
2604 3512 2779 3587 gloria
2811 3512 3099 3579 aacclesim,
3130 3513 3409 3568 Eurardus
3437 3523 3497 3571 et
3531 3517 3723 3571 Roma-

2102 3619 2207 3657 nus
2224 3603 2389 3675 legati
2410 3602 2728 3672 apostolicae
2748 3602 2920 3668 sedis,
2944 3607 2999 3656 et
3028 3601 3437 3674 archiepiscOpi
3465 3620 3595 3659 cum
3618 3605 3727 3677 epi-

2100 3692 2385 3762 scopis,ex
2416 3690 2673 3745 condicto
2702 3690 2769 3724 ²¹⁷
2799 3690 3197 3745 convenientes
3243 3690 3571 3766 Moguntiaa,
3603 3709 3723 3749 con-

2101 3782 2307 3836 sultant
2335 3781 2439 3836 sibi
2471 3788 2526 3835 et
2556 3780 2652 3835 toti
2685 3780 2929 3835 Romano
2960 3781 3193 3852 imperio
3225 3781 3293 3835 de
3334 3781 3721 3839 substituendo

2100 3887 2247 3944 rege.
2282 3870 2570 3926 Lotharius
2597 3869 2706 3924 dux
2734 3870 3032 3937 Saxonum,
3085 3870 3169 3923 vir
3197 3870 3426 3940 sapiens
3455 3879 3515 3926 et
3565 3872 3720 3926 indu-

2096 3957 2282 4023 strius,
2304 3965 2360 4013 et
2396 3956 2784 4012 aecclesiastico
2808 3956 2919 4024 juri
2958 3957 3209 4023 devotus,
3242 3968 3555 4028 prepotens
3588 3958 3723 4013 divi-

2098 4047 2190 4101 tiis
2215 4055 2269 4102 et
2294 4045 2558 4111 victoriis,
2590 4045 2843 4101 omnium
2869 4061 3100 4101 assensu
3132 4045 3371 4120 eligitur.
3400 4047 3501 4103 Hic
3534 4063 3719 4102 mense

2097 4137 2439 4208 Septembrio
2465 4152 2589 4192 cum
2619 4136 2833 4191 eisdem
2864 4136 3058 4208 legatis
3086 4144 3142 4191 et
3178 4136 3400 4191 duobus
3435 4139 3711 4210 archiepi-

2096 4226 2281 4296 scOpis
2310 4232 2364 4280 et
2391 4232 2515 4280 octo
2554 4224 2834 4294 episcopis
2878 4232 2932 4279 et
2962 4224 3149 4291 multis
3177 4224 3480 4280 abbatibus
3512 4235 3570 4282 et
3599 4243 3713 4282 cum

2097 4311 2559 4368 eminentioribus
2586 4310 2725 4366 aulae
2774 4312 2974 4385 regalis
3004 4310 3330 4382 primatibus
3372 4314 3710 4387 Aquasgrani

382 4380 452 4436 tis
476 4382 533 4435 in
561 4380 715 4481 {freti
764 4379 900 4481 ῖὴεξο
931 4378 1227 4481 θεεθξςίιξιιε
1255 4382 1614 4481 comportatis
1644 4389 1788 4437 terra
1817 4384 1997 4439 οοηιί-
2016 4412 2073 4481 D
2096 4404 2345 4472 veniens,
2377 4403 2655 4459 dominica
2684 4403 2796 4471 die,
2836 4378 2920 4457 id.
2953 4378 3315 4474 septembris,
3349 4420 3381 4458 a
3425 4378 3712 4461 [:‘rederico

380 4485 521 4525 nens
565 4468 707 4525 facta
738 4468 950 4538 pridem
993 4484 1023 4523 a
1067 4468 1535 4544 Nabugodenosor
1573 4481 1884 4545 expugnata
1938 4480 1995 4529 et

380 4562 577 4634 partim
632 4561 922 4634 captivata,
984 4567 1039 4616 et
1069 4568 1262 4633 postea
1300 4562 1369 4616 ab
1401 4562 1722 4629 (Alexandro
1774 4566 1995 4635 penitus

380 4669 558 4725 usque
589 4653 658 4707 ad
685 4653 862 4709 solum
895 4653 1077 4707 diruta
1123 4659 1179 4708 et
1217 4653 1514 4717 destructa,
1556 4654 1654 4709 sed
1682 4655 1838 4722 juxta
1866 4672 1993 4728 pro-

382 4742 578 4811 phetas
607 4748 731 4813 post
759 4742 1111 4816 septuaginta
1140 4757 1317 4798 annos
1342 4741 1658 4798 reediticata
1683 4750 1740 4799 et
1765 4745 1821 4800 in
1847 4746 1994 4801 anti-

381 4848 550 4904 quum
578 4839 779 4886 statum
808 4834 1074 4899 restituta,
1117 4834 1320 4889 nostris
1347 4835 1514 4890 modo
1556 4836 1896 4906 temporibus
1934 4839 1990 4894 in

383 4921 492 4977 ﬁne
522 4923 715 4978 mundi
739 4939 769 4978 ι
790 4924 1103 4979 christianis
1126 4932 1271 4981 terra
1305 4927 1552 4999 marique
1582 4927 1808 4984 obsessa
1839 4932 1992 5003 capi-

382 5017 489 5075 tur,
551 5018 607 5067 et
653 5010 849 5066 Christi
906 5012 1138 5084 imperio
1185 5013 1529 5090 subjugatur.
1565 5017 1701 5086 (Dec.
1744 5016 1856 5089 12.)
1888 5020 1989 5074 Ca-

2095 4499 2471 4570 archipresule
2503 4497 2813 4554 Coloniensi
2845 4498 2899 4552 in
2931 4514 3117 4574 regem
3147 4499 3503 4555 benedicitur
3533 4511 3588 4556 et
3616 4517 3714 4555 nn-

2093 4592 2240 4667 gitur
2269 4591 2434 4663 (Sept.
2474 4591 2584 4657 13),
2627 4590 2946 4646 omniclero
2977 4599 3032 4646 et
3065 4592 3273 4662 populo
3314 4590 3573 4648 festivum
3601 4592 3709 4664 epi-

2094 4684 2321 4739 nichion
2347 4682 2778 4739 acclamantibus
2805 4683 2895 4739 3”.

2166 4816 2323 4889 1126.
2507 4817 2557 4869 1.
2714 4816 2797 4871 17.
2844 4815 2972 4886 (18.)
3117 4815 3207 4871 26.
3258 4815 3393 4888 (27.)
3544 4819 3597 4873 8.

2163 4926 2349 4981 Hiems
2389 4923 2690 4991 acerrima;
2730 4940 2934 4979 vernus
2986 4924 3155 4979 etiam
3182 4923 3558 4995 periculosus.
3609 4927 3709 4981 Rex

2093 5020 2380 5076 Lotharius
2427 5025 2619 5075 contra
2666 5019 3014 5074 Behemones
3076 5018 3307 5086 vadens,
3368 5022 3703 5092 quorundam

1624 5110 1627 5115 λ
1724 5116 1947 5173 νΑΒῐᾹΞ
1975 5119 2357 5176 LECTIONES.

451 5181 672 5261 3"fast
709 5183 818 5237 haec
863 5184 1216 5261 lineaerasa.
1285 5185 1540 5241 Calamus
1577 5192 1842 5243 mutatur.
1927 5191 2082 5246 min
2130 5190 2318 5245 multis
2374 5195 2832 5261 computruerunt
2878 5191 3073 5245 desunt
3120 5188 3249 5246 B3“;
3281 5191 3405 5247 μ’.
3490 5194 3562 5227 ³η
3618 5194 3705 5249 Se-

379 5256 602 5333 quentla
617 5269 796 5333 usque
823 5254 898 5333 ad
919 5255 1154 5333 medium
1182 5262 1712 5333 annumseguentem
1740 5275 1846 5314 uno
1876 5262 2082 5317 calamo
2122 5267 2284 5331 atque
2312 5254 2613 5317 atramento
2641 5266 2874 5316 exarata
2917 5265 3063 5316 sunt.
3097 5263 3205 5315 Hic
3230 5262 3395 5318 etiam
3422 5266 3600 5333 primo
3626 5279 3704 5317 oc-

379 5326 790 5404 curritsignum
836 5326 876 5392 ι)-
921 5325 996 5404 agt
1024 5328 1320 5404 sententias
1339 5325 1755 5404 de‘stjitguendas
1780 5347 1884 5401 quo
1914 5325 2220 5404 hucusque:
2232 5348 2513 5404 nunquam
2559 5333 2757 5404 abhinc
2785 5348 3003 5404 semper,
3021 5334 3158 5404 fere
3188 5336 3366 5388 utitur
3403 5325 3701 5390 Ausetanus.

377 5394 446 5430 διε
466 5396 719 5453 Calamus
756 5396 1069 5465 pauxillum
1087 5401 1351 5455 mutatur.

1442 5398 2112 5476 fus-mutatur1azamus,‘
2153 5402 2221 5437 3"
2253 5398 2836 5469 siveeminentior.,—
2866 5398 3125 5459 condicto
3162 5407 3213 5458 et
3231 5406 3405 5475 paulo
3439 5410 3566 5476 P0st
3587 5420 3700 5461 cum

377 5465 588 5523 eisdem
620 5496 690 5506 —
714 5465 943 5521 veniens
971 5466 1163 5521 desunt
1181 5468 1343 5522 B4".
1388 5468 1456 5503 ³³⁸
1486 5470 1682 5526 abhmc
1711 5477 2072 5530 atramentum
2094 5477 2363 5530 mutatur.

466 5636 592 5708 36_l)
618 5633 999 5708 ‘Saint-Denis
1038 5651 1107 5690 en
1131 5636 1502 5708 Broqueroye.
1538 5638 1591 5694 in
1624 5656 1766 5696 com.
1804 5572 2147 5699 Mongggﬁ.

441 5706 582 5779 (362)
616 5704 982 5780 Nymwegeu.
