3876 6208
345 233 444 292 251

1590 233 1930 288 SIGEBERTI
1974 230 2466 289 GEMDLACENSIS

3579 229 3692 286 252

344 362 505 417 valde
592 364 846 420 nocivum
906 363 1105 418 factum
1155 371 1257 429 est,
1308 365 1362 418 in
1412 379 1522 434 quo
1568 365 1844 438 legumina
1901 372 1956 420 et
1983 370 2027 437 Α
2057 364 2202 431 ginis
2235 362 2450 426 matris,
2492 374 2613 429 qua:
2646 362 2858 429 peperit
2902 361 3066 414 Deum
3095 364 3361 424 nostrum,
3395 362 3496 430 qui
3542 362 3694 427 ignis

341 452 519 509 vineae
568 455 876 525 perierunt,
920 464 974 507 et
1029 453 1289 525 quicquid
1343 455 1571 523 exprimi
1624 456 1846 526 potuit,
1900 457 1953 510 in

344 545 661 600 acredinem
701 562 913 600 versum
983 555 1081 600 est.
1140 546 1196 599 In
1268 546 1519 600 Flandria
1579 547 1735 600 multi
1805 548 1954 602 fluvii

346 635 635 708 sanguinei
683 634 806 690 facti
849 644 995 697 sunt,
1039 644 1090 690 et
1140 636 1341 689 fossata
1406 636 1660 690 similiter
1695 637 1782 689 ³³9.
1845 638 1955 690 Rex

347 722 634 776 Lotharius
662 722 827 796 longa
854 723 1146 778 obsidione
1174 726 1363 778 urbem
1399 724 1609 790 Spit-am
1643 724 1831 798 cingit.
1859 724 1955 778 sed

350 813 605 869 inefﬁcax
634 817 798 871 redit.

423 902 578 958 Hii).
658 905 803 959 nu.
882 906 1041 960 reo.
1075 906 1207 977 (211.)
1283 905 1626 975 A.29.(3o.)
1705 905 1879 959 ll.tl.

423 992 551 1047 Cum
592 994 829 1051 intrante
868 1014 1057 1051 mense
1118 997 1376 1051 Januario
1412 996 1561 1069 gelu
1626 997 1953 1067 liqueretur,

348 1092 497 1139 tanta
537 1086 825 1142 inundatio
858 1088 999 1141 nivis
1057 1101 1111 1142 et
1156 1088 1353 1158 pluvi-ae
1400 1087 1596 1142 fluvios
1644 1095 1698 1141 et
1754 1087 1961 1141 vivaria

350 1179 578 1245 inflavit,
620 1188 678 1235 ut
716 1192 831 1236 sata
872 1184 1121 1253 proxima
1186 1184 1461 1237 diluerent
1512 1190 1565 1236 et
1616 1192 1960 1246 excavarent,

350 1272 545 1328 domos
574 1291 794 1347 quoque
825 1277 1031 1332 vicinas
1068 1279 1474 1342 subverterent,
1523 1287 1577 1332 et
1615 1294 1865 1348 qua‘qum
1911 1279 1965 1331 in

353 1361 433 1415 eis
460 1361 683 1419 inventa
719 1367 1017 1435 perderent
1053 1368 1142 1420 33°.
1194 1367 1344 1421 Feria
1399 1367 1451 1424 3.
1511 1368 1726 1437 paschae
1766 1367 1962 1421 bovem

352 1451 635 1519 cujusdam
666 1454 853 1509 rustici
882 1463 1124 1510 aranlem
1174 1472 1367 1511 cereus
1412 1456 1578 1511 sudor
1619 1456 1873 1519 delibuit,
1908 1457 1961 1509 in

356 1547 616 1615 parocbia
644 1547 1077 1604 Gemmelaeensi
1108 1550 1195 1602 33‘.
1235 1551 1467 1605 Prelium
1505 1552 1651 1620 apud
1684 1551 1961 1604 Duratium

357 1633 501 1701 (367)
532 1634 676 1688 inter
704 1637 1068 1692 Alexandrum
1119 1638 1509 1693 Leodicnnsem
1542 1639 1862 1708 episcopum
1907 1646 1962 1692 et

2057 470 2369 511 consumens
2398 459 2495 521 est,
2523 469 2629 509 non
2648 456 2851 523 poteris
2877 457 3151 522 extingui.
3184 453 3433 509 Discedit
3458 462 3692 510 sanctus

2056 543 2340 599 Martinus.
2398 544 2595 597 lterum
2654 542 2898 607 rediens,
2954 543 3122 611 jussit
3172 542 3327 596 illum
3379 544 3567 597 redire
3618 543 3689 597 ad

2058 643 2287 691 matrem
2325 634 2738 689 misericordiae.
2772 635 2830 687 Et
2860 634 2986 688 ille:
3020 636 3136 689 Aut
3172 650 3270 704 per
3326 640 3377 689 te
3420 637 3685 699 sanabor,

2059 731 2153 780 aut
2202 726 2289 778 hic
2349 725 2572 778 moriar.
2644 722 2704 775 Et
2770 730 2994 776 sanctus
3051 721 3342 776 Martinus:
3405 724 3586 778 Sanat
3639 729 3692 777 te

2057 821 2306 875 dominus
2343 820 2494 872 Jesus
2523 817 2767 871 Christus
2806 818 3057 886 precibus
3081 819 3273 871 matris
3313 832 3443 872 sum.
3485 821 3559 873 Et
3589 819 3689 871 hoc

2061 912 2161 965 tibi
2198 913 2449 977 signum:
2510 914 2571 962 tu
2595 910 2833 977 primus,
2880 912 3006 977 post
3055 914 3105 962 te
3151 923 3242 963 ser
3272 910 3331 962 in
3384 908 3485 963 hac
3524 909 3687 963 dmno

2060 1004 2400 1057 sanabuntur
2453 1001 2690 1056 Ceterum
2728 1002 3035 1069 quicunque
3072 1000 3410 1065 ademerint,
3463 1002 3693 1066 frustra

2062 1093 2405 1147 laborabunt.
2454 1090 2685 1146 Sanctus
2725 1090 2985 1145 Martinus
3024 1090 3277 1145 discedit.
3318 1090 3417 1144 Ille
3454 1097 3691 1145 sanatus

2062 1183 2311 1255 predicat
2342 1183 2632 1237 sanitatem
2653 1181 2998 1236 suam.Multi
3030 1181 3348 1244 conﬂuunt;
3381 1197 3447 1236 ex
3480 1198 3691 1257 magna

2064 1276 2222 1345 c0pia
2253 1291 2363 1330 non
2394 1280 2657 1329 curantur
2678 1274 2780 1328 nisi
2805 1289 2920 1337 sex,
2949 1273 3092 1327 sicut
3121 1274 3436 1343 predixerat
3457 1282 3690 1329 sanctus

2065 1363 2349 1417 Martinus.
2385 1362 2626 1416 Parisius
2646 1361 2973 1433 confugiunt
3002 1361 3071 1414 ad
3104 1361 3410 1415 aeeclesiam
3441 1362 3691 1434 Virginis

2067 1450 2271 1504 matris.
2305 1450 2528 1505 Centum
2570 1458 2624 1504 et
2663 1458 2771 1505 tres
2801 1465 2911 1504 uno
2942 1449 3033 1504 die
3080 1458 3376 1513 amantur;
3410 1450 3548 1516 duo,
3581 1467 3685 1505 seu

2058 1542 2291 1609 jubente
2347 1558 2445 1597 seu
2492 1542 2841 1611 permittente
2892 1542 3025 1606 Deo,
3069 1557 3179 1597 non
3247 1552 3535 1607 curantur,
3581 1544 3683 1597 sed

2063 1635 2438 1703 extinguntur.
2487 1633 2644 1704 Apud
2706 1633 2997 1687 Laniacum
3069 1634 3123 1686 in
3195 1632 3286 1687 die
3340 1634 3691 1689 ascensionis

358 1723 712 1780 Godefridum
776 1728 1167 1783 Levaniensem
1228 1730 1505 1791 comitem,
1554 1730 1606 1783 in
1657 1746 1764 1800 quo
1821 1737 1967 1784 tanta
1993 1704 2041 1771 Β
2070 1724 2361 1779 dominicm
2401 1732 2511 1779 tres
2540 1731 2666 1779 ante
2709 1740 2858 1778 aram
2900 1732 3181 1794 perpetuae
3229 1722 3468 1797 Virginis
3500 1727 3689 1781 extin-

357 1819 567 1887 strages
606 1814 726 1879 fuit,
768 1824 827 1869 ut
869 1818 1115 1885 peditum
1144 1818 1399 1889 utrinque
1430 1820 1534 1872 8‘25
1566 1835 1793 1873 numero
1831 1817 1969 1872 insi-

366 1904 478 1956 mul
520 1905 864 1975 Opperierint
896 1909 1138 1978 exceptis
1171 1910 1255 1962 his
1295 1910 1387 1980 qui
1417 1909 1691 1980 fugientes
1725 1911 1780 1962 in
1809 1926 1973 1982 sege-

366 1990 515 2045 tibus
553 1993 636 2046 vel
690 1994 740 2047 in
766 1994 919 2049 silvis
949 1997 1214 2050 vulnerati
1245 1998 1546 2067 perierunt,
1578 2006 1633 2052 et
1663 1997 1748 2051 his
1792 1997 1883 2067 qui
1920 1997 1971 2049 in

368 2082 527 2151 aquis
578 2082 841 2152 prefoeati
881 2093 1029 2152 sunt,
1073 2096 1127 2138 et
1168 2086 1253 2139 his
1309 2086 1400 2157 qui
1453 2086 1520 2140 ad
1569 2103 1669 2141 sua
1736 2086 1971 2159 regressi

364 2170 587 2224 incertis
618 2172 767 2226 horis
798 2180 852 2227 et
879 2173 1077 2227 diebus
1117 2175 1313 2229 mortui
1342 2184 1489 2230 sunt.
1528 2175 1723 2230 Horum
1766 2190 1977 2229 summa

365 2276 474 2314 non
506 2263 685 2332 potuit
719 2264 924 2337 colligi.
956 2267 1144 2319 Actum
1169 2267 1221 2321 7.
1254 2267 1333 2320 ld.
1367 2267 1614 2340 Augusti,
1655 2269 1689 2320 4
1713 2266 1846 2321 feria
1885 2267 1973 2320 33’.

365 2350 551 2405 Remis
576 2353 680 2407 hoc
709 2370 853 2409 anno
886 2355 941 2408 in
975 2357 1179 2426 pascha
1225 2357 1552 2412 Ludowicus
1606 2374 1697 2412 rex
1746 2358 1981 2411 Franco-

368 2455 485 2493 rum
534 2441 767 2496 elevavit
806 2443 860 2496 in
892 2461 1075 2519 regem
1113 2444 1285 2499 lilium
1314 2463 1472 2499 suum
1506 2453 1629 2516 post
1650 2462 1732 2513 se,
1768 2445 1824 2498 in
1853 2462 1983 2516 pre-

367 2529 543 2582 sentia
574 2531 819 2585 omnium
853 2533 1237 2604 episcoporum
1282 2543 1336 2588 et
1375 2534 1632 2589 abbatum
1684 2534 1836 2607 regni
1876 2534 1982 2588 sui.

372 2617 690 2674 Pestilentia
726 2622 962 2676 maxima
1023 2623 1212 2692 boum,
1264 2640 1514 2678 vaearum
1559 2634 1613 2678 et
1673 2640 1981 2693 porcorum.

369 2726 648 2779 aprorum,
682 2730 989 2781 cervorum,
1019 2732 1361 2787 capreorum.
1404 2718 1479 2769 lb'.
1521 2717 1631 2777 Kal,
1666 2716 1988 2770 Novembris

368 2802 515 2854 facta
569 2811 699 2856 sunt
747 2803 965 2874 fulgura
1027 2814 1080 2860 et
1130 2806 1390 2870 tonitrua,
1468 2808 1644 2877 primo
1686 2807 1984 2862 conticinio

376 2893 572 2959 nectis,
615 2895 798 2963 prima
843 2896 990 2961 luna,
1037 2900 1089 2952 5.
1151 2898 1287 2952 feria
1340 2902 1428 2955 ³³³⁸.
1466 2901 1573 2954 Hoc
1615 2915 1760 2953 anno
1825 2899 1983 2973 plaga

2070 1822 2293 1885 guntur.
2323 1814 2688 1867 Transeamus
2728 1812 2796 1866 ad
2849 1811 3207 1866 Suessionum
3271 1812 3580 1867 civitatem.
3618 1814 3697 1868 lbi

2072 1903 2367 1973 specialius
2396 1919 2492 1973 pre
2528 1902 2788 1958 omnibus
2808 1901 2946 1957 locis
2972 1918 3075 1973 per
3093 1902 3361 1956 miracula
3398 1903 3703 1960 innoteseit

2073 1995 2332 2068 gentibus
2369 1994 2460 2049 Dei
2493 1994 2754 2068 genitrix.
2792 1993 2869 2047 lbi
2909 1994 3068 2061 muti,
3111 1993 3250 2057 eeci,
3295 1993 3505 2060 claudi,
3535 2011 3695 2066 para-

2077 2083 2210 2138 litici
2258 2083 2430 2138 curati
2487 2089 2635 2148 sunt,
2686 2088 2935 2136 mortuus
3013 2080 3388 2135 resuscitatus.
3448 2078 3697 2132 Vidimus

2077 2174 2419 2228 horrendum
2470 2172 2754 2244 quiddam.
2803 2172 2950 2244 Ignis
2996 2171 3216 2225 divinus
3264 2186 3482 2235 nasum,
3526 2168 3694 2233 labia,

2078 2270 2322 2316 mentum
2356 2261 2640 2328 cujusdam
2698 2259 3047 2330 pauperculae
3100 2257 3351 2312 mulieris
3379 2263 3695 2318 exusserat;

2084 2353 2242 2419 fetor,
2302 2353 2494 2408 horror
2545 2352 2850 2407 sentientes
2918 2359 2973 2405 et
3047 2350 3299 2405 videntes
3364 2348 3693 2419 repleverat.

2086 2445 2318 2514 Expulsa
2342 2444 2411 2498 de
2444 2444 2610 2499 domo
2641 2442 2869 2517 virginis
2894 2442 3087 2496 matris
3113 2440 3278 2494 rediit
3306 2440 3377 2494 ad
3421 2438 3701 2510 propriam

2086 2536 2341 2599 domum;
2393 2550 2492 2605 pro
2516 2531 2860 2603 expulsione,
2913 2545 3012 2600 pro
3036 2527 3356 2583 inﬁrmitate
3390 2543 3493 2582 sua
3531 2526 3700 2585 dolet.

2086 2627 2257 2701 gemit
2284 2634 2337 2680 et
2367 2631 2485 2681 orat
2522 2624 2743 2678 dicens:
2790 2626 2905 2678 Heu
2962 2622 3160 2676 michi!
3196 2626 3376 2675 mater
3403 2622 3706 2673 misericor-

2087 2722 2192 2774 dia:
2231 2736 2409 2772 omnes
2435 2720 2660 2787 excipit,
2693 2718 2904 2771 nullum
2933 2715 3174 2783 expellit,
3189 2718 3377 2784 preter
3406 2728 3492 2766 me
3520 2713 3704 2765 solam.

2091 2818 2246 2877 Deus,
2279 2815 2375 2883 qui
2402 2815 2582 2879 factus
2606 2828 2658 2866 es
2696 2813 2842 2881 ﬁlius
2881 2813 3095 2878 feminae
3138 2814 3364 2879 propter
3392 2809 3700 2862 miseiicor-

2084 2907 2252 2970 diam,
2295 2921 2431 2959 sana
2481 2920 2563 2958 me
2598 2920 2698 2973 per
2734 2905 2999 2971 feminam
3028 2907 3252 2956 matrem
3281 2907 3433 2955 tuam
3482 2905 3702 2969 propter

374 2984 516 3056 ignis
543 2984 714 3038 divini
749 2985 1058 3055 Carnotum,
1093 2989 1356 3056 Parisius,
1388 2989 1767 3053 Suessionem,
1800 2990 1982 3043 Came-
2016 3051 2057 3069 η
2081 3000 2230 3048 tuam
2284 2993 2734 3048 misericordiam.
2796 2991 2998 3057 Oravit,
3056 2988 3313 3045 exaudita
3371 2996 3480 3043 est.
3541 2987 3699 3042 Nocte

376 3092 581 3144 racum,
615 3078 958 3146 Atrebatum,
1016 3089 1071 3135 et
1110 3082 1213 3136 alia
1272 3083 1437 3136 multa
1488 3083 1608 3136 loca
1665 3082 1984 3136 mirabiliter
2012 3053 2060 3117 Ο
2083 3107 2207 3160 quae
2240 3087 2648 3143 incrastinascit
2686 3087 2742 3141 in
2773 3069 3090 3150 sabbatum,
3133 3083 3337 3153 recepit
3365 3082 3697 3144 sanitatem;

372 3166 642 3235 pervadit,
683 3169 779 3222 sed
813 3170 1119 3225 mirabilius
1145 3188 1241 3242 per
1264 3183 1508 3228 sanctam
1533 3174 1623 3227 Dei
1662 3174 1981 3246 genitricem

376 3256 595 3310 Mariam
654 3260 1010 3331 extinguitur.
1080 3261 1320 3316 Juvenes
1375 3262 1604 3330 etenim,
1652 3279 1816 3319 senes
1858 3280 1981 3318 eum

376 3345 715 3414 junioribus,
739 3348 981 3421 virgines
1023 3350 1186 3404 etiam
1228 3360 1453 3418 tenerm,
1506 3352 1560 3405 in
1617 3353 1873 3424 pedibus,
1931 3352 1986 3406 in

378 3436 655 3503 inanibus,
696 3438 749 3491 in
790 3439 1046 3507 mamilis,
1077 3448 1151 3506 et,
1185 3442 1330 3512 quod
1359 3442 1577 3514 gravius
1606 3451 1709 3511 est,
1742 3442 1798 3497 in
1826 3444 1987 3517 genis

377 3539 701 3599 exuruntur,
735 3540 788 3588 et
820 3534 1075 3589 celeriter
1116 3535 1477 3608 extinguntur
1503 3537 1591 3591 33‘.
1648 3538 1807 3608 Apud
1838 3538 1989 3592 Pari-

380 3624 498 3678 sius
522 3626 828 3682 accelesiola
861 3636 942 3682 est
975 3628 1027 3682 in
1062 3630 1269 3684 honore
1307 3630 1481 3686 sancti
1513 3630 1749 3699 Martini,
1793 3631 1850 3685 in
1881 3646 1989 3701 qua

382 3715 604 3785 quidam
641 3718 742 3772 hac
791 3717 1103 3775 inﬁrmitate
1142 3722 1397 3776 detentus
1442 3740 1501 3776 se
1529 3724 1807 3794 apportari
1840 3724 1985 3778 fecit.

385 3803 485 3858 Ubi
523 3805 649 3859 dum
696 3823 1028 3877 pernoetans
1057 3813 1381 3883 urgentibus
1409 3813 1679 3884 angustiis
1724 3812 1993 3867 vocifera-

382 3902 552 3961 retur,
587 3896 765 3966 primo
810 3900 988 3954 noctis
1028 3902 1327 3957 eonticinio
1368 3903 1524 3956 adest
1561 3910 1785 3956 sanctus
1811 3901 1994 3956 Marti-

382 4005 504 4053 nus,
524 4005 634 4060 qua
662 3991 730 4046 de
752 4010 919 4048 causa
944 3993 1167 4049 domum
1193 4012 1349 4049 suam
1393 3995 1651 4049 intrasset
1682 3994 1990 4048 sciscitans.

390 4083 485 4139 Hic
516 4084 849 4141 infirmitatis
869 4104 981 4141 sua:
1002 4089 1282 4162 angustias
1311 4089 1717 4156 demonstrans,
1738 4096 1857 4143 orat
1886 4088 1994 4143 sibi

389 4175 658 4230 misereri.
718 4175 810 4229 Cui
850 4184 1075 4231 sanctus
1112 4178 1400 4231 Martinus:
1460 4179 1623 4243 Scito,
1683 4178 1881 4249 inquit,
1943 4181 2001 4233 in

386 4272 543 4324 curia
581 4274 803 4338 superni
826 4270 1037 4325 Judicis
1068 4273 1359 4329 terribilem
1400 4277 1447 4325 it
1477 4273 1787 4326 horribilem
1816 4274 2000 4327 datam

385 4366 728 4430 sententiam,
779 4365 919 4418 hanc
958 4366 1334 4419 cembustionis
1368 4367 1592 4435 plagam
1635 4382 1730 4434 per
1759 4366 1996 4421 Galliam

2087 3182 2332 3236 restituta
2382 3187 2464 3235 est
2501 3179 2552 3233 ei
2611 3195 2739 3234 caro
2777 3195 2896 3243 sua,
2955 3193 3142 3243 nasus,
3198 3175 3366 3241 labia,
3414 3181 3697 3237 mentum;

2086 3274 2273 3329 omnia
2327 3272 2551 3343 propria
2614 3288 2712 3325 sua
2765 3287 2831 3325 ex
2900 3270 3114 3341 integro
3175 3266 3409 3337 recepit.
3482 3266 3703 3319 Videres

2087 3367 2275 3421 nobile
2306 3365 2662 3420 miraculum:
2710 3378 2837 3418 caro
2869 3362 2963 3416 illa
3009 3359 3209 3414 similis
3240 3360 3383 3413 facta
3423 3368 3516 3411 est
3560 3357 3703 3412 carni

2090 3456 2336 3527 reliquae,
2385 3465 2459 3517 et,
2492 3454 2638 3526 quod
2693 3451 3005 3506 mirabilius
3061 3455 3166 3514 est,
3223 3446 3278 3500 in
3318 3447 3708 3517 conjunctione

2087 3545 2266 3599 carnis
2287 3543 2490 3598 veteris
2514 3550 2570 3597 et
2608 3558 2762 3597 novae
2803 3538 2956 3611 quasi
3008 3538 3224 3612 signum
3268 3535 3588 3589 tenuissimi
3639 3532 3705 3587 ﬁli

2089 3652 2185 3708 pro
2210 3635 2527 3691 testimonio
2559 3632 2831 3705 apparuit.
2875 3630 3210 3686 Adolescens
3242 3626 3498 3699 quidam,
3532 3642 3692 3698 quem

2091 3728 2369 3782 abbatissa
2427 3725 2674 3795 ejusdem
2715 3723 3003 3787 aecclcsiaa,
3048 3720 3138 3776 ubi
3188 3720 3290 3774 ista
3345 3719 3702 3792 gerebantur,

2092 3817 2161 3870 ab
2218 3815 2448 3870 infantia
2499 3829 2596 3885 pro
2652 3828 2836 3868 amore
2899 3810 2992 3866 Dei
3042 3807 3334 3869 nutrierat,
3412 3808 3618 3861 surdus
3660 3814 3706 3860 et

2094 3915 2297 3968 mutus.
2329 3908 2457 3961 dum
2485 3907 2541 3961 in
2558 3905 2807 3961 aeeclesia
2836 3901 3161 3958 meridianis
3194 3900 3346 3955 horis
3371 3899 3704 3969 quiesceret,

2094 4004 2271 4058 visum
2295 4011 2396 4066 est,
2431 4000 2575 4073 quod
2600 4000 2787 4055 senior
2816 3998 3060 4069 quidam,
3095 3995 3274 4050 niveis
3294 3994 3529 4048 indutus
3557 3992 3707 4047 vesti-

2096 4095 2219 4160 bus,
2256 4110 2417 4149 aures
2464 4100 2518 4148 et
2565 4093 2707 4146 labia
2774 4092 2894 4163 ejus
2952 4106 3121 4144 manu
3174 4103 3273 4142 sua
3329 4091 3707 4155 pertractaret,

2101 4185 2322 4238 dicens:
2357 4185 2471 4249 Dic,
2521 4182 2717 4252 inquit,
2764 4201 2785 4229 α
2827 4183 2966 4235 Deus
3009 4183 3059 4233 et
3085 4181 3275 4232 sancta
3316 4178 3524 4242 Maria,
3567 4177 3710 4229 misce

2101 4277 2294 4329 remini
2333 4276 2453 4328 mei.
2502 4294 2522 4321 ι
2570 4271 2713 4326 Dixit
2744 4271 2882 4334 hoe;
2938 4275 3162 4324 sanatus
3188 4267 3302 4340 agit
3331 4266 3546 4338 gratias
3584 4266 3704 4328 Deo,

2097 4373 2151 4421 et
2180 4365 2360 4420 omnis
2390 4363 2548 4435 plebs
2569 4359 2941 4436 magniﬁcavit
2985 4360 3179 4413 Deum.
3211 4357 3409 4411 Mulier
3433 4356 3504 4411 de
3535 4355 3708 4410 Remis

386 4456 651 4521 desevire;
683 4462 731 4510 et
752 4462 979 4512 matrem
1007 4460 1390 4513 misericordiae
1409 4460 1657 4528 precibus
1687 4461 2000 4528 (iptinuisse,
2023 4433 2079 4499 Ι)
2101 4456 2318 4510 civitate
2347 4454 2577 4509 veniens
2598 4469 2723 4507 cum
2747 4451 2859 4507 ﬁlio
2875 4451 2943 4505 ad
2966 4451 3195 4505 domum
3221 4455 3425 4503 sancte
3452 4445 3705 4521 Virginis,

389 4563 569 4603 omnes
599 4549 699 4602 hac
730 4549 883 4603 clade
912 4550 1216 4604 laborantes
1243 4557 1294 4604 et
1321 4566 1375 4604 se
1400 4553 1706 4604 invocantes
1727 4553 2003 4605 misertum
2104 4545 2233 4599 dum
2283 4543 2466 4615 querit
2520 4541 2717 4596 anima:
2775 4540 3031 4608 salutem,
3094 4537 3299 4592 amittit
3350 4535 3561 4603 ﬁlium;
3618 4534 3704 4589 sed

390 4642 486 4693 iri.
518 4643 640 4696 Ideo
678 4645 925 4697 Par-istas
978 4646 1037 4697 in
1067 4645 1259 4713 templo
1315 4646 1488 4713 ipsius
1520 4649 1720 4698 saneta:
1754 4645 2003 4711 Virginis
2104 4640 2278 4715 gratia
2336 4638 2430 4693 Dei
2461 4637 2795 4692 consolatur.
2866 4635 3033 4689 Filius
3084 4632 3229 4688 enim
3285 4632 3417 4686 dum
3479 4631 3537 4686 in
3591 4645 3705 4684 aera

389 4735 580 4786 matris
600 4734 881 4802 deportari
898 4741 949 4789 et
975 4736 1053 4790 ibi
1077 4736 1233 4789 habes
1262 4738 1474 4790 sanari.
1500 4735 1593 4790 Cui
1621 4736 2005 4792 ille:0mnium

391 4838 480 4877 ore
525 4824 708 4877 beatus
756 4826 1144 4880 miraculorum
1191 4830 1447 4895 patrator
1499 4826 1732 4889 diceris;
1783 4825 1883 4878 hac
1942 4825 2006 4878 de

392 4933 557 4972 causa
586 4919 799 4974 domum
833 4924 979 4974 tuam
1023 4924 1310 4977 sanitatem
1356 4936 1457 4990 per
1494 4926 1541 4974 te
1588 4924 2007 4989 recuperata-ms

391 5008 689 5063 intravi.Et
735 5014 956 5063 sanctus
988 5008 1279 5065 Martinus:
1330 4994 1457 5067 Sine
1495 5011 1846 5079 peimissiOiie
1882 5009 2007 5061 Vir-

2107 4731 2339 4794 luderet,
2383 4736 2610 4800 repente
2662 4727 2720 4780 in
2764 4732 2991 4797 puteum
3058 4728 3330 4779 vetustate
3375 4721 3705 4776 destructum

2105 4820 2331 4882 decidit,
2352 4826 2407 4874 et
2436 4824 2685 4873 mortuus
2724 4823 2824 4870 est.
2868 4814 3381 4884 Advesperascente
3410 4809 3503 4865 die
3538 4806 3707 4880 querit

2106 4921 2282 4967 mater
2310 4910 2509 4975 ﬁlium;
2544 4909 2640 4963 sed
2672 4908 2801 4962 dum
2840 4922 2952 4961 non
3006 4904 3222 4960 invenit
3267 4918 3418 4968 eum,
3472 4901 3706 4956 tristatur

2110 5011 2163 5059 et
2191 5004 2406 5059 clamat.
2460 5002 2764 5055 Accurrunt
2798 4996 2986 5061 vicini,
3030 4994 3283 5050 turbatur
3319 4992 3534 5048 civitas.
3579 4987 3704 5043 Dicit

718 5132 741 5150 ο
1725 5104 1944 5159 VARle
1989 5102 2367 5167 LECTIONES,

473 5209 541 5243 3’9
578 5211 819 5264 calamus
887 5212 1150 5262 mutatur.
1259 5211 1328 5244 ³³0
1348 5212 1586 5264 calamus
1670 5211 1931 5262 mutatur.

395 5280 617 5334 addidit
688 5281 990 5336 Anselmus.

394 5424 623 5489 calamo,
645 5424 861 5492 reliqua
886 5422 1139 5491 pluribus
1158 5424 1366 5477 vicibus

2039 5207 2102 5241 ³³¹
2146 5209 2389 5259 mutatur
2447 5202 2707 5256 calamus.

1072 5280 1141 5312 ³³³
1160 5280 1380 5335 habitus
1457 5297 1573 5335 cum
1653 5283 1952 5334 atramento
2004 5280 2261 5331 mutatur.

394 5370 450 5406 (ι.
478 5353 618 5405 1152
668 5355 729 5406 in
745 5366 947 5405 rasura
966 5353 1187 5418 scripsit
1211 5353 1499 5407 Anselmus
1537 5355 1669 5421 ipse,
1699 5355 1746 5405 et
1776 5350 1992 5417 quidem
2023 5349 2062 5402 Η

394 5424 623 5489 calamo,
645 5424 861 5491 reliqua
886 5422 1139 5491 pluribus
1158 5424 1366 5477 vicibus
1472 5423 1542 5455 ³³³
1574 5424 1864 5491 Sequentia
1895 5436 2063 5490 usque

2822 5197 2891 5231 ³³³
2930 5200 3116 5251 Actum
3189 5221 3255 5232 -—
3346 5189 3486 5245 feria
3534 5188 3701 5258 postea

2347 5275 2630 5344 Sequentes
2690 5271 2832 5344 duas
2859 5339 2871 5344 Δ
2905 5270 3140 5344 paginas
3196 5278 3362 5344 usque
3433 5260 3532 5344 ad“
3559 5261 3702 5344 ﬁnem

2067 5364 2134 5403 oc
2168 5360 2314 5401 anno
2340 5333 2676 5399 —cumtoto
2705 5333 2922 5412 Oppido
2940 5333 3097 5412 initio
3125 5337 3261 5388 anni
3283 5333 3577 5412 sequentis,
3603 5339 3699 5412 uno

2087 5396 2449 5473 adstiti—ticeret
2467 5396 2663 5486 posset
2680 5396 2870 5481 in'ﬁne
2899 5410 3034 5464 anni
3052 5408 3243 5461 desunt
3282 5396 3411 5457 BP.
3447 5402 3587 5467 4".,
3617 5396 3705 5467 qui

396 5496 476 5549 nil
505 5496 705 5551 habent
740 5488 1143 5549 nisiz'Parisius
1173 5493 1229 5546 in
1261 5493 1411 5547 ieccl.
1443 5493 1496 5545 b.
1531 5488 1769 5565 Virginis
1799 5488 2107 5546 matris103
2136 5503 2247 5543 uno
2278 5488 2366 5541 die
2397 5494 2687 5541 sanantur.

1956 5589 2172 5646 ΝΟΤΛΞ.

472 5701 619 5776 (367)
648 5701 822 5757 Duras
854 5694 1029 5771 prope
1072 5696 1465 5751 Saint—Trond.
