3876 6208
413 297 521 354 255

1620 322 1966 381 SIGEBERTI
2007 327 2517 389 GEMBLACENSIS.

3646 351 3749 409 256

411 430 644 540 se‘dicat
672 434 887 505 adesse,
920 447 1099 495 tamen
1134 445 1313 501 omnis
1343 450 1662 507 constitutio
1695 468 1885 509 eorum
1921 472 2024 513 nec
2046 466 2098 533 Α
2124 461 2360 519 discidio
2414 464 2649 534 partium
2701 468 2973 540 nequiens
3027 487 3307 539 revocare,
3392 475 3742 536 dissimulato

412 521 623 579 calamo
655 542 758 582 nec
810 540 958 586 carta
999 533 1208 604 indiget
1251 538 1341 593 ω.
1390 540 1587 599 Civitas
1632 546 2019 619 Vultrajectum

408 627 496 712 ex.
532 618 767 712 maxima
808 632 960 712 parte
1022 638 1421 697 concrematur,
1494 637 1705 693 scilicet
1760 618 2018 711 palatium

409 700 680 774 episcopi,
714 712 768 763 et
799 701 974 779 major
1001 716 1249 772 zecclesia
1302 723 1472 776 sancti
1507 700 1820 793 Martini,et
1851 726 2021 785 altera

408 795 584 848 sancti
634 797 922 868 Bonifacii,
968 814 1022 861 et
1054 810 1212 865 tertia
1242 820 1445 869 sanctae
1492 815 1668 871 Mariae
1726 819 1814 874 3‘3.
1869 821 2021 897 Hugo

413 881 596 939 Canna
653 903 839 946 avena:
888 895 954 930 3“
1004 898 1170 969 (368),
1215 904 1417 960 exortis
1472 907 1777 967 inimicitiis
1834 881 2025 969 contra

409 976 719 1045 Oppidanos
767 984 947 1040 Sancti
1006 990 1244 1047 Richarii
1287 997 1426 1067 (579)
1478 1000 1530 1054 in
1585 1019 1726 1077 pago
1771 1006 2019 1073 Pontivo,

408 1075 582 1167 totum
614 1072 880 1145 Oppidum
914 1096 1034 1135 cum
1060 1086 1307 1142 {ecclesia
1337 1072 1771 1150 sanetiRicharii
1802 1072 2023 1167 penitus

408 1158 740 1232 combussit;
806 1167 859 1225 in
909 1190 1016 1245 qua
1050 1180 1299 1235 {ecclesia
1346 1182 1611 1255 aliquanti
1654 1184 1907 1245 monachi
1965 1198 2020 1246 et

408 1252 795 1351 inestimabilis
825 1267 1121 1324 multitudo
1153 1252 1454 1342 promiscui
1471 1294 1657 1339 sexus.
1691 1282 1836 1351 quod
1870 1282 2018 1337 dictu

409 1343 564 1399 nefas
611 1354 713 1410 est,
775 1351 936 1407 simul
984 1370 1331 1416 concremata
1373 1366 1537 1433 periit
1578 1367 1666 1420 ³⁵⁵.
1701 1343 2012 1444 Cregorius,

403 1436 496 1505 qui
536 1443 590 1492 et
619 1439 972 1499 Innocentius
1002 1464 1162 1518 papa,
1213 1453 1399 1508 Remis
1433 1465 1560 1527 post
1606 1436 2013 1516 festumvsancti

404 1529 560 1585 Luca:
588 1536 938 1606 evangelistae
993 1540 1115 1609 (Oct
1182 1546 1266 1611 l8)
1297 1550 1589 1604 concilium
1643 1552 1832 1608 habuit
1889 1570 2012 1607 cum

402 1619 679 1692 episcopis
732 1631 786 1678 el
817 1626 1110 1684 abbatibus
1155 1633 1292 1699 300;
1342 1638 1619 1693 mediante
1680 1640 2012 1696 Francorum

402 1726 529 1783 rege
579 1713 855 1771 Ludovico
887 1734 1011 1773 eum
1063 1722 1174 1778 lilio
1229 1726 1320 1796 qui
1353 1730 1628 1784 secundus
1686 1740 1801 1785 erat
1859 1743 2007 1787 natu.

403 1801 535 1855 Nam
594 1804 806 1874 primus
843 1817 1005 1864 antea
1056 1822 1349 1871 coronatus
1400 1825 1529 1874 tunc
1590 1820 1727 1876 forte
1776 1793 2088 1877 ParisiusB

398 1903 645 1962 venerat,
676 1906 750 1964 et,
775 1910 835 1954 ut
869 1902 1057 1969 fertur,
1085 1907 1369 1965 ademone
1399 1912 1451 1965 in
1469 1915 1654 1983 specie
1692 1915 1842 1984 porci
1869 1915 2016 1971 ludi-

406 1983 619 2053 ﬁcatus,
650 1989 778 2045 dum
821 1993 923 2049 hac
966 1997 1089 2052 illac
1139 2015 1340 2071 equum
1381 2003 1542 2076 girat,
1597 1983 1781 2061 subito
1812 2008 2016 2062 corruit

407 2079 690 2135 exanimis.
739 2082 890 2138 Unde
932 2095 1086 2156 pater
1141 2091 1299 2145 valde
1350 2103 1569 2149 maestus
1616 2096 1816 2151 Remos
1844 2097 2014 2152 adve-

408 2166 587 2235 niens,
620 2174 920 2228 secundum
974 2186 1103 2232 natu
1161 2178 1335 2236 filium
1376 2200 1562 2239 secum
1614 2187 1848 2251 advexit,
1892 2196 1945 2242 et
1986 2206 2014 2242 a

396 2272 547 2327 papa
576 2258 767 2333 inungi
792 2270 844 2317 et
873 2265 1129 2322 benedici
1155 2276 1209 2323 et
1236 2273 1486 2327 coronari
1540 2274 1595 2328 in
1620 2292 1804 2348 regem
1836 2276 2014 2348 impe-

404 2348 579 2402 travit.
605 2349 920 2409 Frittericus
954 2356 1191 2414 Coloniae
1220 2362 1675 2436 archiepiscopus
1706 2367 1865 2422 obiit.

475 2444 629 2497 1132.
708 2446 768 2500 R.
802 2448 851 2502 7.
932 2450 988 2507 F.
1017 2452 1107 2507 23.
1136 2455 1264 2524 (9.4.)
1341 2459 1400 2511 A.
1445 2458 1532 2514 3‘2.
1564 2461 1689 2530 (33.)
1768 2462 1901 2517 ".2.

470 2538 581 2593 Rex
621 2540 905 2598 Lotharius
935 2548 1171 2603 natalem
1220 2551 1432 2606 Domini
1468 2553 1704 2610 Colonia:
1745 2558 2005 2613 celebrat.

399 2628 496 2692 Qui
528 2630 769 2686 avaritia:
814 2650 1031 2691 veneno
1087 2637 1347 2703 infectus,
1391 2641 1722 2698 electionem
1807 2654 2008 2701 sanctae

396 2720 660 2775 incelesize
730 2724 1071 2782 Coloniensis
1117 2746 1217 2783 sua
1272 2732 1572 2787 calliditate
1627 2736 1861 2790 cassavit
1916 2738 2006 2792 3“.

400 2810 598 2864 lterum
658 2815 815 2869 tertia
863 2818 1172 2875 ebdomada
1222 2823 1663 2897 quadragesima:
1727 2826 2002 2882 Coloniam

397 2900 649 2968 veniens,
690 2904 824 2959 nihil
848 2907 1074 2979 dignum
1105 2913 1272 2986 regali
1305 2915 1605 2970 serenitate
1636 2919 1749 2988 egit
1799 2918 2006 2973 Deinde

398 2994 579 3065 Aquas
609 2997 838 3053 veniens
881 3000 936 3054 in
971 3005 1173 3071 pascha
1201 3005 1353 3076 (Apr.
1408 3008 1518 3079 10),
1566 3010 1703 3063 nihil
1756 3012 1823 3065 de
1863 3020 2005 3067 statu

2123 558 2348 631 negotio
2381 558 2633 615 inefﬁcax
2664 561 2829 617 rediit
2876 563 3065 620 Petrus
3110 582 3239 622 vero
3271 570 3640 642 pseudopapa
3685 575 3739 628 in

2121 648 2285 703 domo
2324 649 2629 707 Crescentis
2659 660 2873 728 regnat,
2927 664 2981 709 et
3011 656 3151 711 alter
3180 656 3237 711 in
3264 660 3498 715 alterum
3529 665 3738 733 prodis,

2122 732 2350 806 rapinis,
2387 734 2661 794 incendiis
2692 750 2745 795 et
2784 742 3101 798 homicidiis
3123 745 3346 802 desevit
3373 749 3462 802 35°.
3517 732 3577 805 lin
3616 753 3739 807 villa

2123 823 2364 879 Namuco
2395 824 2559 895 (370’),
2587 827 2713 881 dum
2746 845 2963 884 vaccam
3010 828 3245 886 occisam
3290 848 3492 907 mango
3537 840 3735 908 aperit,

2125 917 2288 975 foetus
2330 920 2563 975 duorum
2617 922 2858 993 capitum
2895 926 3148 994 apparuit
3201 926 3290 982 351.
3340 928 3624 1001 Legumen
3684 940 3738 987 et

2124 1028 2297 1068 avena
2344 1014 2448 1069 hoc
2522 1027 2670 1070 anno
2729 1018 3058 1086 proventum
3113 1015 3312 1072 messis
3360 1018 3496 1073 satis
3543 1035 3739 1075 emen-

2123 1102 2220 1156 tita
2242 1103 2331 1155 ³³⁵³.

2193 1191 2348 1248 1234.
2496 1198 2549 1251 9.
2695 1196 2941 1267 sane.)
3086 1202 3157 1255 34
3212 1202 3346 1273 (35.)
3492 1207 3546 1260 4.

2193 1284 2533 1354 Congregatio
2564 1284 2897 1342 Malisnensis
2927 1290 3193 1355 (Ecclesia,
3245 1308 3363 1361 qua:
3388 1298 3467 1347 est
3497 1297 3558 1348 in
3608 1293 3740 1351 Bra-

2114 1377 2320 1440 cbanto,
2353 1378 2589 1432 omnibus
2626 1378 2869 1446 ﬁdelibus
2896 1370 3161 1436 salutemf
3181 1381 3250 1435 1'2
3292 1383 3415 1438 Kal.
3449 1376 3742 1442 Februarii

2114 1466 2271 1535 lupus
2310 1472 2595 1521 venenatus
2637 1472 2682 1521 et
2720 1470 2963 1534 insanus,
3000 1474 3095 1540 qui
3152 1476 3298 1526 intra
3334 1489 3526 1544 corpus
3585 1490 3738 1530 suum

2113 1561 2217 1610 tres
2264 1558 2501 1613 colubros
2531 1558 2755 1613 habebat
2796 1564 2963 1627 vivos,
3028 1569 3299 1619 consuetas
3354 1565 3589 1621 latebras
3630 1569 3735 1621 Iin-

2114 1663 2295 1717 quens,
2324 1665 2455 1704 rura
2478 1654 2658 1721 petiit,
2698 1656 2746 1705 et
2792 1655 3133 1709 innumeram
3173 1658 3575 1712 multitudinem
3611 1675 3736 1729 por-

2113 1755 2308 1794 corum.
2344 1744 2536 1807 ovium,
2569 1759 2757 1797 canum
2795 1748 2841 1797 et
2884 1750 3239 1800 armentorum
3267 1764 3447 1804 morsu
3484 1758 3738 1806 venenato

2114 1830 2364 1883 extinxit.
2395 1830 2583 1884 Postea
2607 1835 2757 1885 vasto
2808 1835 3008 1902 impetu
3040 1834 3273 1890 homines
3301 1837 3581 1905 invadens,
3618 1840 3737 1910 plus

2114 1935 2267 1989 quam
2306 1919 2574 1975 duodecim
2626 1938 2804 1977 morsu
2830 1938 2923 1977 suo
2972 1927 3110 1979 male
3166 1928 3461 1992 mulcavit;
3512 1946 3737 2000 quorum

2116 2014 2340 2078 quatuor
2389 2012 2586 2065 misera
2630 2017 2794 2067 morte
2840 2013 3082 2081 defuncti
3114 2020 3254 2070 sunt.
3315 2017 3396 2070 [Ii
3422 2090 3429 2095 θ
3454 2034 3581 2074 vero
3619 2031 3738 2076 ante

2112 2104 2308 2159 obitum
2341 2120 2493 2160 suum
2520 2108 2723 2161 nullum
2751 2109 3005 2178 liquorem
3057 2113 3242 2166 videre
3268 2115 3350 2168 vel
3377 2120 3601 2180 gustare
3627 2134 3729 2188 ρο-

2111 2200 2340 2251 tuerunt.
2381 2198 2611 2252 Tandem
2671 2215 2706 2254 a
2732 2205 2957 2269 quatuor
2984 2203 3123 2258 viris
3146 2205 3465 2271 fortissimis
3495 2223 3733 2279 compre-

2111 2284 2299 2341 hensus
2328 2290 2376 2339 et
2402 2289 2743 2352 evisceratus,
2790 2290 2945 2357 ﬁdem
2977 2292 3196 2345 malitia:
3252 2308 3362 2347 suae
3413 2295 3480 2349 de
3504 2297 3732 2352 colubris

2111 2376 2364 2444 patefecit
2417 2376 2503 2428 ³⁵³.
2555 2376 2661 2430 Iste
2720 2392 2897 2430 annus
2937 2394 3033 2449 pre
3077 2379 3247 2434 nimia
3295 2381 3545 2438 siccitate
3600 2386 3732 2440 satis

2112 2466 2485 2531 calamitosus,
2519 2467 2648 2537 quia
2696 2482 2907 2534 avenae,
2945 2468 3114 2523 ordea
3171 2477 3226 2523 rt
3270 2471 3553 2544 legumina
3613 2490 3732 2544 pro-

2111 2565 2336 2611 ventum
2407 2573 2563 2611 suum
2624 2557 2788 2612 nimis
2840 2566 2968 2612 sunt
3022 2559 3306 2615 ementita.
3375 2562 3725 2619 Theobaldus

2110 2663 2295 2701 comes
2324 2647 2622 2703 Blesiensis
2651 2648 2767 2702 sive
2798 2649 3163 2705 Carnotensis.
3200 2668 3298 2722 pre
3330 2653 3548 2708 cunctis
3588 2657 3731 2725 prin-

2109 2736 2326 2805 cipibus
2374 2737 2545 2791 Gallic
2600 2753 2799 2811 magno
2850 2740 3098 2809 pondere
3141 2741 3370 2809 justitize
3409 2743 3625 2798 eminet
3676 2745 3726 2799 in

2110 2830 2361 2896 Francia;
2423 2831 2697 2906 religiosis
2752 2834 3042 2888 monachis
3105 2843 3161 2889 et
3211 2836 3433 2890 clericis
3498 2838 3625 2907 pius
3671 2855 3729 2893 ac

2110 2925 2410 2990 familiaris,
2454 2928 2719 2981 aecclesiie
2778 2927 3055 2995 defensor,
3136 2947 3443 3002 pauperum
3490 2932 3726 3000 adjutor,

2108 3016 2438 3069 merentium
2469 3015 2801 3082 consolator,
2836 3016 2890 3071 in
2921 3020 3271 3073 commerciis
3316 3022 3723 3093 negotiatorum

398 3090 551 3164 regni
585 3092 839 3149 ordinare
878 3097 1071 3164 valuit,
1105 3098 1271 3154 immo
1309 3102 1555 3157 omnium
1591 3119 1771 3159 rerum
1805 3123 2005 3178 querc-
2035 3131 2084 3198 C
2107 3116 2299 3160 cautus
2328 3113 2383 3161 et
2432 3107 2726 3171 discretus,
2767 3108 2823 3162 in
2872 3109 2979 3163 reis
3009 3116 3063 3163 et
3091 3126 3121 3163 a
3177 3118 3326 3164 recto
3373 3109 3727 3165 deviantibus

399 3185 479 3240 las
509 3187 563 3241 in
600 3197 847 3259 respectu
871 3192 1101 3248 distulit.
1147 3196 1463 3253 Radisbona
1489 3199 1679 3255 civitas
1711 3208 1823 3257 tota
1852 3221 2008 3273 paene

400 3282 481 3328 est
523 3278 811 3332 combusta
848 3280 935 3335 ³⁸⁷.
994 3282 1235 3339 Domnus
1272 3287 1473 3351 Bruno,
1518 3304 1584 3342 ex
1633 3289 1780 3344 clero
1830 3295 2003 3348 sancti

399 3368 567 3436 Petri,
636 3372 873 3427 Coloniae
921 3375 982 3430 fit
1040 3379 1510 3451 archiepiscopus.
1570 3383 1677 3437 Rex
1722 3384 2008 3441 Lotharius

399 3461 655 3518 collectis
702 3466 912 3521 viribus
985 3469 1211 3524 Romam
1281 3474 1430 3528 vadit
1500 3492 1623 3530 cum
1683 3476 2007 3535 Innocentio

398 3566 541 3620 papa
568 3550 789 3624 (Sept);
845 3556 941 3610 sed
982 3558 1131 3614 vario
1162 3570 1362 3617 eventu
1416 3580 1593 3619 rerum
1628 3567 1825 3621 multas
1857 3569 2006 3625 difﬁ-

398 3638 630 3694 cultates
666 3642 720 3695 in
752 3644 936 3701 eundo
965 3647 1170 3717 patitur
1189 3649 1275 3705 ³⁸⁸.

471 3730 628 3786 1133.
775 3733 826 3789 8.
976 3739 1063 3792 24.
1090 3739 1219 3810 (25.)
1490 3745 1623 3814 (34.)
1770 3750 1821 3805 3.

464 3823 518 3876 4.
571 3824 754 3880 Nonas
808 3828 1055 3900 Augusti,
1124 3833 1252 3889 luna
1305 3834 1393 3891 27.
1439 3839 1668 3895 meridie
1726 3840 1866 3896 facta
1923 3852 2006 3899 est

395 3910 633 3983 eclypsis
661 3915 793 3970 solis
820 3916 933 3974 fere
957 3918 1186 3976 dimidia
1240 3924 1396 3992 hora,
1430 3933 1485 3981 et
1510 3928 1682 3983 stellae
1713 3929 1844 3985 visae
1878 3940 2008 3988 sunt

395 4000 450 4056 in
475 4001 709 4061 caelo”.
746 4007 857 4062 Rex
907 4009 1195 4066 Lotharius
1224 4021 1468 4070 veterem
1527 4017 1751 4073 Romam
1787 4019 2000 4093 ingres-

393 4107 487 4147 sus
514 4094 678 4165 (Apr.
709 4096 826 4169 30);
887 4099 1268 4156 innocentium
1313 4121 1512 4175 papam
1566 4107 1620 4161 in
1669 4109 1999 4178 patriarchio

2109 3198 2251 3253 ultor
2292 3207 2347 3254 et
2401 3200 2599 3254 vindex
2652 3201 2740 3254 3'5".
2774 3201 3031 3256 Kalendis
3083 3202 3433 3271 Octobribus,
3491 3202 3547 3257 in
3591 3211 3728 3258 tem-

2109 3299 2276 3360 pestas
2310 3290 2489 3346 noctis
2527 3292 2775 3358 silentio,
2821 3301 3003 3348 motus
3049 3309 3281 3367 magnus
3323 3292 3504 3348 factus
3545 3302 3629 3347 est
3676 3294 3727 3347 in

2107 3380 2267 3447 mari,
2323 3380 2395 3434 ita
2449 3389 2510 3435 ut
2568 3381 2730 3436 litora
2768 3398 2868 3435 sua
2914 3381 3222 3451 preterirct,
3252 3389 3309 3436 et
3336 3392 3522 3436 tamen
3575 3382 3631 3436 in
3671 3398 3726 3436 se

2109 3469 2302 3525 iterum
2338 3472 2624 3526 resideret.
2645 3472 2937 3544 LSequenti
2990 3488 3120 3528 vero
3152 3480 3315 3529 nocte
3369 3473 3553 3544 primo
3606 3489 3722 3528 ere-

2109 3562 2339 3633 puseulo
2360 3579 2482 3618 cum
2501 3565 2651 3618 omni
2676 3564 2884 3635 impetu
2902 3565 3165 3620 terminos
3184 3565 3512 3637 egrediens,
3545 3567 3723 3621 omnia

2107 3654 2559 3726 circumquaque,
2611 3656 2660 3709 id
2696 3663 2779 3711 est
2810 3656 2989 3723 villas,
3041 3657 3285 3719 castella.
3320 3657 3627 3726 iecclesias,
3656 3658 3722 3711 ita

2046 3759 2070 3776 ⁶
2109 3748 2508 3816 pessumdedit,
2537 3755 2595 3802 ut
2626 3755 2738 3803 tres
2767 3749 3082 3814 comitatus,
3118 3748 3171 3803 id
3204 3755 3308 3813 est,
3337 3749 3644 3819 Walecras,
3673 3757 3720 3803 et

2106 3837 2311 3903 Wales,
2362 3846 2417 3893 et
2475 3839 2710 3894 Bebrant
2767 3840 2937 3912 (371'.
2985 3857 3108 3895 cum
3157 3840 3382 3895 homine
3424 3848 3480 3896 et
3528 3856 3719 3912 pecore

2108 3929 2331 4000 penitus
2361 3930 2770 3986 exterminaret.

2176 4020 2315 4077 1135
2522 4023 2588 4077 10
2789 4023 2876 4077 26.
2924 4022 3054 4094 (27)
3130 4023 3219 4077 35.
3261 4021 3398 4093 (36.)
3475 4024 3531 4078 δ.

2172 4112 2231 4165 1n
2271 4112 2340 4148 353
2363 4111 2580 4167 civitate
2608 4111 2853 4167 Tornaco
2884 4122 3044 4167 natus
3074 4120 3157 4167 est
3193 4128 3370 4187 agnus
3404 4114 3574 4169 unius
3602 4128 3719 4169 cor-

394 4178 744 4239 Lateranensi
794 4187 1016 4253 relocat,
1073 4198 1129 4244 et
1184 4191 1252 4245 ab
1315 4192 1435 4263 ipso
1490 4195 1546 4249 in
1608 4196 2063 4275 imperatorem_
2100 4202 2268 4273 poris,
2319 4202 2485 4257 duum
2506 4202 3572 4275 capitum.quatuoraurium,quatuor
3600 4218 3717 4258 ocu-

390 4270 740 4331 benedicitur
782 4276 903 4343 (Jun
972 4279 1046 4350 4).
1080 4280 1189 4335 Sed
1221 4281 1589 4339 Romanorum
1646 4287 1929 4343 avaritiam
1970 4268 2076 4345 aD
2101 4268 2302 4358 lorum,
2334 4297 2459 4346 octo
2502 4268 2703 4363 pedum
2756 4268 2844 4346 356-.
2897 4293 2956 4346 1n
2997 4293 3133 4349 villa
3187 4268 3309 4364 quae
3350 4268 3583 4348 dicitur
3620 4293 3711 4346 Bm

1734 4424 1954 4479 VARle
1996 4425 2373 4482 LECTIONES.

463 4540 535 4637 3‘:
561 4520 818 4637 Οῐξιξειηίῐξξε
845 4576 915 4637 :-
951 4546 1259 4637 ‘i‘ndiget‘in
1386 4567 1562 4637 erasa,
1594 4556 1674 4606 ita
1711 4558 1889 4637 tamen
1921 4560 1981 4637 ut
2000 4556 2108 4637 tegi
2148 4556 2576 4637 adliuc__possint
2599 4572 2615 4637 ξ
2641 4556 2835 4637 desunt
2887 4556 3011 4612 83".
3045 4557 3129 4610 υ.
3158 4557 3270 4637 όήε,
3306 4557 3405 4611 sed
3441 4559 3710 4637 teguntur-

396 4613 457 4665 in
495 4614 555 4667 A.
590 4615 686 4669 R'.
720 4616 983 4709 “$2.3
1045 4613 1107 4674 17.
1154 4622 1425 4709 Βδβίοηι
1456 4613 1680 4678 Mirazus
1707 4629 1950 4693 margini
1988 4613 2296 4709 inscripsit:
2328 4613 2573 4709 videtur.
2603 4613 2691 4709 hic
2728 4627 2883 4709 locus
2911 4644 3143 4709 censura
3170 4613 3425 4709 _dig_nus,
3448 4613 3709 4709 ρῖ-ῃοδεςα

388 4697 545 4766 (fusa
595 4692 738 4742 sunt.
784 4688 854 4722 ³³³
885 4690 993 4766 Hic
1013 4692 1211 4766 {iustnit
1248 4693 1340 4759 A.;
1399 4700 1765 4750 atramentum
1805 4688 1967 4766 atque
2015 4688 2258 4754 calamus
2286 4702 2528 4752 mutatur
2549 4700 2612 4753 in
2643 4700 2694 4753 1.
2730 4698 2926 4753 Civitas
2955 4729 3024 4739 -
3057 4698 3233 4754 Maria:
3256 4688 3459 4759 Hasunt
3517 4688 3611 4757 iii.
3648 4696 3701 4752 5.

397 4752 467 4785 3“
498 4769 723 4826 campus
761 4774 933 4815 avene
964 4762 1059 4817 B3.
1089 4765 1207 4817 μ’,

1297 4766 1366 4798 ³⁵⁵
1393 4769 1517 4821 Post
1558 4768 1666 4821 hac
1719 4774 2079 4825 atramentum
2116 4776 2289 4825 mutat
2318 4770 2369 4822 1.
2402 4774 2452 4823 et
2473 4772 2732 4839 primitus
2771 4785 2968 4825 novum
3001 4787 3208 4825 annum
3262 4774 3485 4840 incepit,
3517 4786 3701 4840 super-

862 4831 1069 4925 l‘iXllll.
1122 4835 1351 4925 xxiii”.
1405 4838 1721 4925 )illll.“Sed
1769 4840 1876 4920 haec
1934 4856 2091 4896 erasa
2145 4847 2292 4906 sunt,
2328 4826 2495 4925 atque
2538 4842 3095 4925 concrematamperiit
3133 4856 3341 4925 rasura:
3372 4826 3698 4925 inscriptum.

397 4894 470 4928 ³⁴⁶
488 4898 569 4949 ita
593 4902 814 4977 scripsit
852 4904 1159 4984 Anselmus.
1202 4908 1279 4962 At
1314 4914 1503 4992 postea
1534 4910 1696 4970 alius,
1725 4912 1880 4992 cujus
1938 4894 2132 4992 manus
2151 4894 2508 4992 ﬁcerrectrlic
2536 4916 2586 4964 et
2615 4916 2673 4991 in
2699 4928 2733 4965 a
2999 4917 3263 4992 apparet,‘
3295 4914 3473 4967 verbis
3511 4894 3606 4992 (fui
3642 4938 3701 4990 τ-

396 4967 630 5048 eassavit
672 4967 950 5048 capunctis
976 4967 1397 5048 superscripsit:
1442 4979 1537 5035 llic
1587 4967 1954 5036 tumultuante
1984 4983 2279 5038 multorum
2340 4980 2728 5037 dissidentium
2768 4967 3304 5048 seditionéielectio
3344 5000 3390 5037 s.
3451 4980 3697 5038 aacclesize

398 5035 865 5123 colonieusisdiu
895 5035 1473 5123 multumque‘eassata
1505 5058 1607 5104 est.
1639 5052 1758 5106 Haec
1786 5035 2325 5108 ΙιαὺὲὴιΪΜξῦίκίλῆ
2362 5054 2484 5106 4".
2599 5035 2688 5108 Pl.
2721 5052 2773 5107 2.
2804 5035 3083 5108 3.317s.
3117 5035 3185 5109 cf
3207 5035 3324 5122 trp.
3353 5035 3412 5107 Ve.
3455 5035 3695 5123 {postea

338 5161 350 5172 ,
395 5107 590 5163 addita
617 5114 671 5164 in
713 5116 760 5165 l.
793 5115 984 5170 desum
1014 5118 1079 5172 Bl
1154 5107 1211 5173 Β.
1249 5122 1372 5176 Post
1403 5139 1467 5176 ea
1504 5123 1722 5177 habitus
1754 5129 2017 5178 mutatur.

2101 5126 2402 5181 3“Abhinc
2447 5124 2664 5178 habitus
2707 5130 2973 5179 mutatur.
3065 5125 3134 5159 3‘9
3163 5124 3413 5179 cata-nus
3443 5130 3691 5179 mutatur.

393 5178 464 5213 35°
485 5181 1012 5266 calamusnmutatur.
1071 5190 1137 5223 35‘
1169 5192 1408 5247 calamus
1438 5198 1701 5266 mutatur.
1757 5196 1827 5229 ³⁵³
1864 5198 2106 5251 calamus
2134 5178 2395 5252 mutatur.
2468 5194 2538 5230 ³⁵³
2561 5196 2776 5249 Abhinc
2816 5197 3054 5250 calamus
3084 5199 3329 5250 mutatur
3371 5201 3533 5266 atque
3557 5200 3692 5249 atra-

394 5256 650 5307 mentum.

393 5321 627 5380 dimidia
655 5342 833 5383 erasa.
869 5331 1001 5384 Dein
1028 5337 1387 5389 atramentum
1405 5340 1664 5391 mutatur.

736 5256 804 5289 35*
832 5259 1073 5313 calamus
1125 5268 1372 5317 mutatur
1448 5265 1517 5299 ³⁵⁵
1556 5269 1916 5322 atramentum
1970 5283 2197 5337 prorsus
2249 5270 2495 5322 mutatur
2540 5282 2658 5322 cum
2728 5269 2954 5322 calamo.
3036 5267 3107 5301 ⁸⁵⁵
3134 5269 3260 5322 Post
3321 5256 3457 5322 haec.
3481 5270 3615 5321 linea
3650 5267 3693 5316 et

1931 5456 2142 5514 ΝΟΤᾹΞ.

452 5572 594 5645 (368)
621 5573 820 5632 Comes
845 5578 900 5632 S.
938 5577 1109 5633 Pauli.

450 5646 594 5717 (369)
619 5648 1049 5721 Saint-Riquier.

2170 5587 2305 5657 (3'70)
2338 5589 2556 5644 Namur.

2173 5660 2308 5727 ’137)
2340 5661 2396 5711 V.
2428 5661 2547 5715 Ann
2600 5660 2895 5731 Fossenses
2923 5661 3017 5714 SS.
3052 5669 3085 5714 ι..
3124 5659 3206 5723 IV,
3238 5660 3328 5715 30.
