3876 6208
398 349 504 403 259

1600 334 1943 394 SlGEBERTl
1990 336 2510 406 GEMBLACENSIS.

3615 362 3725 419 260

469 478 592 545 (Αη.
622 468 761 526 4138
784 472 911 522 Jan.
938 465 1053 534 25.)
1074 465 1255 522 Bruno
1283 464 1695 521 Coloniensium
1722 468 1990 539 archiepi-

2184 478 2335 533 1139.
2555 481 2608 537 2.
2832 483 2887 539 3.
3105 487 3159 542 3.
3382 491 3437 545 9.

393 581 596 637 sc0pus
615 562 756 618 obiit
784 560 837 613 in
860 557 1214 629 expeditione
1246 558 1450 624 Italica,
1500 559 1553 612 6.
1600 574 1746 613 anno
1763 560 1847 613 sui
1876 576 2002 630 pre-

394 651 831 709 sulatus.Petrus
860 646 1059 701 Leonis
1086 646 1326 700 decessit
1376 663 1441 699 ex
1489 646 1590 701 hac
1615 646 1747 717 vita,
1780 648 1876 719 qui
1910 666 2002 702 se-

394 747 526 800 dem
546 740 904 814 apostolicam
961 737 1201 792 retinere
1259 737 1565 792 conabatur
1615 753 1740 792 cum
1784 738 2002 793 violen-

392 840 486 894 tia.
518 835 798 893 IEcclesize
828 833 922 888 Dei
963 840 1017 887 et
1038 831 1301 903 Gregorio
1331 847 1484 901 papae
1518 848 1620 902 pax
1667 833 1999 888 estreddita.

392 940 447 987 et
469 924 1136 986 cessaveruntseditiones
1151 932 1204 977 et
1226 923 1399 994 prelia
1426 924 1513 979 ’68.

461 1021 710 1076 Prudens
730 1019 919 1081 lector,
945 1016 1121 1069 habeo
1154 1013 1251 1067 tibi
1300 1013 1506 1084 aliquid
1540 1014 1743 1079 dicere,
1769 1014 2000 1084 cupiens

388 1112 562 1183 magis
579 1108 760 1163 doceri
809 1122 971 1177 quam
1012 1105 1230 1157 docere.
1288 1104 1483 1155 Beatus
1512 1103 1810 1173 Gregorius
1838 1103 1995 1166 dicit,

386 1200 784 1258 inconveniens
810 1212 952 1259 esse,
998 1211 1062 1248 ea
1094 1210 1215 1264 quae
1255 1200 1445 1247 carent
1494 1193 1778 1266 gravitatis
1805 1193 1999 1246 solidi-

389 1301 520 1358 tate,
550 1291 605 1344 in
635 1288 789 1342 libris
817 1300 1139 1357 congerere.
1191 1282 1467 1336 Studiosis
1514 1283 1663 1336 enim
1698 1282 1998 1335 lectoribus

390 1397 499 1438 non
522 1378 842 1442 suntutilia,
872 1375 971 1429 sed
998 1373 1299 1429 fastidiosa.
1352 1373 1462 1426 Hoc
1501 1372 1759 1442 exemplo
1795 1388 1894 1426 nos
1927 1372 1995 1425 de

386 1469 572 1525 multis
624 1481 748 1538 quae
791 1464 1121 1533 contingunt
1187 1460 1593 1515 conscribimus
1648 1476 1844 1530 pauca,
1897 1460 1993 1514 sed

386 1559 783 1618 eminentiora;
813 1566 871 1608 ut
895 1553 1161 1607 habeatur
1189 1551 1495 1605 secundum
1521 1549 1698 1622 legem
1722 1549 1996 1604 chronicaa

385 1670 567 1709 rerum
599 1658 875 1724 gestarum
905 1646 1145 1701 breviter
1198 1645 1412 1717 digesta
1448 1643 1667 1710 veritas,
1714 1651 1767 1697 et
1801 1659 1997 1698 cavea-

387 1754 473 1802 tur
507 1742 718 1798 inutilis
771 1748 825 1794 et
865 1737 1237 1806 undecunque
1290 1744 1552 1806 congesta
1592 1734 1872 1804 prolixitas
1896 1736 1983 1788 ³⁵⁸.

384 1839 439 1892 Si
471 1842 652 1891 autem
676 1830 883 1902 aliquid
914 1829 1321 1898 conscriptione
1378 1827 1604 1898 dignum
1638 1826 1994 1881 aestimaveris

383 1924 600 1981 anobis
640 1918 1075 1992 pretermissum,
1113 1916 1378 1971 studiosis
1424 1914 1821 1985 scripturarum
1852 1914 1994 1968 scias

385 2031 507 2072 esse
538 2012 824 2069 dimissum
861 2009 1033 2079 ;quia
1060 2023 1169 2062 non
1212 2007 1395 2062 omnia
1438 2022 1729 2077 possumus
1773 2021 1989 2071 omnes,

388 2123 494 2162 nec
541 2103 727 2160 omnia
787 2100 980 2155 volunt
1030 2114 1263 2163 omnes;
1327 2104 1380 2151 et
1456 2097 1708 2151 laudatur
1766 2096 1989 2166 quidam

387 2199 589 2253 dixisse
612 2194 915 2266 prudenter
943 2200 997 2245 et
1027 2190 1269 2243 breviter
1301 2206 1314 2242 :

385 2291 519 2354 Quid
568 2289 709 2352 dem,
765 2284 1003 2353 quianon
1058 2283 1175 2335 dem
1227 2282 1251 2333 ?
1300 2282 1484 2334 renuis
1531 2285 1611 2345 tu,
1657 2279 1794 2346 quod
1842 2279 1996 2347 jubet

1115 2375 1272 2427 alter.

456 2470 615 2524 1138.
692 2466 755 2519 R.
818 2465 869 2519 1.
953 2463 1006 2516 F.
1066 2463 1123 2515 2.
1199 2464 1259 2515 Λ.
1322 2460 1374 2514 2.
1457 2460 1515 2513 ll.
1580 2460 1632 2512 8.

453 2564 565 2618 Rex
586 2562 657 2596 37°
691 2561 986 2624 Danorum,
1030 2557 1216 2611 audita
1271 2562 1447 2610 morte
1481 2554 1625 2628 regis
1655 2554 1991 2625 Anglorum,

380 2672 504 2712 cum
535 2655 708 2709 multo
736 2652 954 2707 navium
986 2656 1272 2720 apparatu,
1305 2664 1427 2703 cum
1471 2646 1695 2701 militari
1726 2653 1779 2700 et
1821 2646 1993 2715 pede-

380 2745 477 2799 stri
497 2742 759 2808 exercitu,
794 2741 928 2793 lines
959 2738 1163 2810 Anglia;
1194 2737 1512 2791 devastabat
1567 2736 1717 2790 omni
1749 2734 1989 2789 crudeli-

379 2833 506 2889 tatis
530 2847 733 2905 genere
767 2848 780 2895 ;
812 2831 1027 2893 dicens,
1059 2836 1471 2883 antecessorum
1500 2826 1836 2880 hereditario
1863 2826 1987 2892 jure

382 2926 436 2973 et
472 2917 829 2973 collimitanci
886 2916 1048 2969 maris
1110 2915 1386 2970 vicinitate
1440 2915 1544 2968 sibi
1573 2914 1747 2985 magis
1793 2912 1987 2967 deberi

382 3024 618 3082 regnum
648 3006 879 3077 Angliaz,
910 3022 1073 3077 quam
1121 3006 1400 3075 Stephano
1432 3005 1544 3077 regi
1569 3014 1623 3059 et
1661 3003 1988 3058 Normannis

381 3115 447 3153 ex
475 3096 1009 3150 Wilhelmibastardi
1038 3095 1383 3166 pervasione.
1418 3094 1531 3148 Rex
1572 3093 1869 3165 Anglorum
1902 3108 1988 3146 re-

384 3197 583 3261 putans
614 3187 983 3258 periculosum
1017 3187 1194 3257 primo
1235 3186 1444 3256 impetu
1477 3201 1598 3239 cum
1633 3192 1740 3237 tam
1763 3182 1986 3238 efferata

382 3283 536 3338 hoste
564 3295 676 3334 non
704 3294 768 3331 ex
797 3294 941 3350 equo
968 3277 1292 3348 conﬂigere,
1314 3277 1498 3330 habita
1530 3276 1795 3330 dilatione
1826 3282 1879 3329 et
1904 3275 1993 3328 in-

379 3378 567 3443 specta
596 3369 1032 3440 opportunitate,
1058 3368 1337 3439 dispersos
1366 3367 1533 3441 longe
1564 3368 1780 3437 lateque
1811 3374 1866 3421 et
1896 3365 1990 3419 in-

383 3461 599 3515 hiantes
629 3458 814 3530 preda:
850 3455 993 3511 facili
1022 3456 1301 3526 superavit
1332 3455 1745 3528 congressione,
1774 3452 1990 3508 multis-

379 3567 487 3622 que
506 3566 697 3606 eorum
752 3547 1052 3603 interfectis
1081 3557 1175 3602 aut
1227 3546 1425 3617 captis,
1471 3547 1711 3618 reliquos
1740 3544 1987 3616 conpulit

377 3659 502 3697 cum
532 3643 804 3698 dedecore
835 3642 903 3696 ad
921 3640 1141 3712 prOpria
1169 3639 1370 3694 redire.
1433 3639 1557 3695 Post
1577 3647 1810 3693 mortem
1840 3636 1986 3708 regis

376 3732 640 3799 Lotharii,
689 3748 799 3788 non
856 3731 1096 3786 ferentes
1152 3732 1430 3802 principes
1486 3729 1770 3785 Teutonici
1803 3727 1981 3800 regni,

372 3825 614 3897 aliquem
645 3832 963 3880 extraneum
984 3840 1015 3878 a
1057 3824 1230 3894 stirpe
1265 3824 1415 3896 regia
1438 3823 1547 3878 sibi
1569 3821 1862 3884 dominari,
1895 3837 1984 3874 re-

371 3933 494 3989 gem
517 3918 921 3974 constituerunt
964 3916 1069 3970 sibi
1118 3917 1447 3983 Conradum,
1494 3916 1670 3969 virum
1717 3913 1852 3986 regii
1884 3928 1984 3986 ge-

373 4007 522 4061 neris
570 4008 738 4076 (Febr.
809 4007 923 4075 22.)
987 4005 1109 4059 Erat
1160 4006 1366 4076 quippe
1419 4022 1483 4059 ex
1553 4019 1741 4059 sorore
1809 4017 1983 4072 nepos

373 4093 614 4148 Heinrici
647 4095 823 4165 quinti
868 4093 1031 4168 regis,
1090 4094 1265 4164 quarti
1312 4092 1664 4163 imperatoris
1690 4092 1855 4160 hujus
1881 4106 1983 4145 no-

370 4185 555 4241 minis.
603 4186 892 4242 Heinricus
926 4186 1033 4240 dux
1109 4185 1501 4254 Bajoariorum,
1547 4183 1675 4255 quia
1730 4183 1837 4236 lilia
1882 4183 1982 4236 Lo-

368 4279 529 4333 tharii
565 4279 710 4350 regis
730 4279 778 4332 ei
830 4286 1095 4348 nupserat
1123 4284 1177 4331 et
1201 4277 1313 4343 jam
1349 4276 1557 4331 liberos
1603 4292 1668 4330 ex
1700 4291 1764 4330 ea
1793 4291 1980 4329 susce-

366 4379 540 4440 perat,
575 4368 887 4424 Cunradum
921 4385 1091 4443 regno
1117 4368 1471 4423 sublimatum
1488 4373 1541 4422 et
1579 4383 1638 4422 se
1678 4367 1976 4420 alienatum

2174 568 2456 625 Cunradus
2485 570 2680 626 tertius
2732 589 2827 628 rex
2853 575 3016 645 hujus
3057 578 3318 646 nominis,
3348 581 3721 639 Godefridum

2102 657 2274 713 filium
2298 660 2577 715 Godefridi
2600 661 2757 717 ducis
2788 661 2915 719 facit
2970 668 3183 737 paterni
3225 669 3458 726 honoris
3487 688 3723 728 succes-

2101 768 2303 819 sorem,
2360 769 2425 807 ea
2468 754 2705 809 maxime
2758 772 2860 826 pro
2891 773 3076 826 causa,
3138 760 3269 832 quia
3299 779 3415 817 sua
3463 765 3724 838 conjugis

2100 858 2343 898 sororem
2377 844 2428 898 ei
2468 844 2697 900 dederat
2755 862 3005 903 uxorem.
3064 850 3355 907 Heinricus
3386 854 3494 908 dux
3526 855 3726 925 Bajoa-

2099 934 2329 999 riorum,
2362 934 2543 989 adhuc
2593 937 2904 991 contrarius
2962 939 3203 995 existens
3260 943 3515 1001 Cunrado
3570 946 3716 1019 regi,

2099 1039 2202 1078 nec
2243 1024 2535 1078 attendens
2588 1022 2724 1078 illud
2772 1025 2979 1081 dictum
3023 1031 3319 1086 mundanae
3372 1034 3710 1103 sapientiae:

2101 1116 2281 1166 Levius
2344 1113 2407 1176 ﬁt
2467 1114 2734 1180 patientia
2797 1117 3047 1184 quicquid
3100 1121 3255 1184 nefas
3316 1127 3393 1174 est
3446 1127 3721 1192 corrigere

2098 1200 2382 1269 (Hoa.,od.
2415 1200 2577 1269 1,2”.
2620 1200 3029 1257 inremediabili
3080 1207 3273 1263 morbo
3295 1209 3533 1265 tristitia:
3578 1229 3720 1282 per-

2096 1293 2246 1347 venit
2274 1293 2341 1346 ad
2371 1300 2613 1348 extrema
2663 1293 2805 1349 vitai.
2856 1295 3046 1353 Gentis
3097 1300 3395 1374 Anglorum
3429 1304 3722 1375 principes

2096 1399 2128 1436 a
2158 1398 2287 1456 rege
2318 1398 2417 1436 suo
2444 1382 2859 1452 dissentientes,
2899 1387 3025 1441 dum
3089 1389 3229 1444 alter
3256 1391 3415 1446 alteri
3444 1394 3597 1448 varie
3628 1411 3718 1450 as-

2097 1472 2349 1537 sentitur,
2382 1486 2520 1544 gens
2576 1476 2686 1526 tota
2719 1488 2819 1542 per
2872 1489 2969 1529 eos
2996 1475 3278 1551 afﬂigitur,
3322 1494 3389 1534 eo
3431 1480 3711 1549 deterius,

2096 1576 2207 1630 quo
2236 1560 2383 1614 cives
2413 1570 2471 1613 ut
2511 1560 2696 1614 hostes
2726 1577 2835 1615 non
2864 1564 3126 1632 exterius,
3152 1566 3249 1620 sed
3300 1567 3535 1623 interius
3570 1572 3716 1641 pati-

2094 1656 2200 1703 tur.
2226 1648 2457 1703 Paludes
2494 1656 2550 1703 et
2598 1648 2795 1716 fontes,
2826 1650 2919 1720 qui
2949 1668 3050 1721 per
3095 1653 3307 1725 aliquot
3332 1671 3513 1712 annos
3556 1667 3716 1714 tanta

2089 1736 2407 1791 defecerant
2426 1736 2695 1803 siccitate,
2736 1745 2794 1792 ut
2824 1747 3151 1809 putarentur
3177 1759 3287 1798 non
3327 1759 3493 1816 posse
3515 1746 3712 1804 denuo

2095 1829 2350 1893 reﬂuere,
2382 1828 2654 1883 mirantur
2698 1831 2853 1885 multi
2888 1848 2996 1887 non
3038 1835 3215 1890 solum
3272 1836 3472 1907 ﬂuere,
3526 1841 3628 1895 sed
3662 1849 3717 1896 et

2093 1924 2253 1979 solito
2281 1924 2517 1992 majores
2540 1939 2708 1994 aquas
2736 1926 2986 1982 emittere
3016 1928 3108 1984 ³⁷¹.

2168 2014 2321 2068 1140.
2545 2012 2596 2068 3.
2816 2015 2867 2069 4.
3088 2019 3145 2073 4.
3370 2022 3457 2077 10.

2167 2100 2410 2172 Eclypsis
2437 2100 2570 2156 solis
2599 2100 2741 2157 facta
2770 2112 2854 2159 est
2903 2106 2957 2159 4.
3000 2106 3138 2162 Non.
3173 2108 3393 2179 Aprilis,
3435 2111 3713 2183 advespe-

2098 2201 2348 2249 rascentc
2373 2193 2484 2264 jam
2515 2194 2606 2249 die
2635 2202 2690 2249 et
2727 2196 2867 2251 caelo
2914 2199 3272 2256 screnissimo
3302 2202 3600 2271 existente,
3626 2207 3711 2260 sol

2098 2288 2256 2359 quasi
2302 2294 2443 2341 tetro
2482 2286 2756 2342 velamine
2821 2289 3111 2345 videbatur
3161 2293 3531 2351 circumfusus
3563 2297 3719 2372 egly—

2101 2378 2244 2448 ptica
2289 2376 2546 2449 caligine.
2604 2377 2799 2432 Exorta
2850 2379 3127 2436 discordia
3193 2383 3339 2440 inter
3377 2386 3715 2443 Alberonem

2094 2470 2414 2540 episcopum
2450 2469 2841 2526 Leodicensem
2864 2478 2917 2526 et
2949 2473 3260 2530 Heinricum
3303 2480 3564 2535 comitem
3600 2480 3711 2535 Na-

2093 2576 2338 2628 censem,
2376 2560 2546 2615 multa
2601 2561 2728 2616 hinc
2774 2563 2905 2618 inde
2959 2566 3309 2640 contigerunt
3348 2571 3515 2639 mala,
3583 2587 3715 2642 pre-

2095 2659 2177 2712 die
2205 2665 2260 2712 et
2283 2656 2562 2722 incendia,
2621 2657 2788 2712 cedes
2841 2666 2896 2714 et
2952 2660 3269 2718 homicidia.
3329 2665 3503 2721 nausa
3543 2668 3711 2737 hujus

2090 2742 2381 2798 discordia:
2411 2759 2598 2799 comes
2663 2746 3021 2803 Namucensis
3051 2757 3106 2804 et
3145 2751 3444 2822 improviso
3474 2773 3707 2830 aggres-

2091 2855 2185 2892 sus
2207 2838 2456 2909 0pidum,
2490 2840 2636 2909 quod
2696 2840 2875 2896 Possis
2927 2843 3150 2911 dicitur,
3193 2845 3323 2917 quia
3362 2864 3568 2906 nomen
3603 2857 3711 2911 tale

2091 2929 2199 2982 sibi
2231 2930 2323 2983 dat
2354 2930 2491 2984 situs
2547 2931 2665 3001 ipse
2712 2932 2839 2999 loci,
2900 2935 3088 2989 multis
3154 2939 3327 3008 captis
3356 2948 3451 2994 aut
3484 2946 3711 3014 occisis,

2089 3018 2260 3073 multa
2292 3019 2463 3089 preda
2490 3019 2747 3086 abducta,
2781 3022 3009 3092 opidum
3060 3032 3231 3081 totum
3263 3044 3387 3083 cum
3425 3045 3713 3089 monaste-

2038 3146 2063 3195 ἶ
2089 3108 2169 3162 rio
2208 3106 2354 3161 beati
2388 3106 2618 3161 Foillani
2650 3109 2976 3177 combussit,
3028 3113 3247 3170 edificia
3300 3117 3527 3190 lapidea
3556 3140 3711 3195 quae-

2093 3214 2329 3270 cumque
2405 3197 2774 3272 eminentiora
2846 3210 3021 3272 erant,
3090 3206 3378 3265 destruxit.
3436 3211 3708 3271 Henricus

2093 3305 2279 3344 comes
2321 3270 2763 3366 Lemburgensis‘,
2823 3293 3019 3350 dolens
3065 3312 3125 3351 se
3150 3286 3430 3368 privatum
3490 3303 3707 3362 honore

2093 3384 2343 3450 ducatus,
2374 3401 2537 3456 quem
2579 3395 2734 3457 pater
2770 3405 2903 3443 suus
2934 3396 2987 3443 et
3017 3406 3150 3445 avus
3203 3392 3538 3452 habuerant.
3597 3400 3706 3456 Go-

2091 3476 2305 3531 defrido
2335 3476 2493 3531 ducis
2522 3477 2750 3533 rebellis
2779 3488 2896 3535 erat
2921 3482 3211 3556 contiguos
3241 3484 3346 3538 sibi
3389 3492 3703 3558 possessio-

2088 3583 2215 3620 num
2251 3567 2371 3640 ejus
2410 3568 2620 3623 reditus
2659 3569 2970 3634 invadebat,
3005 3579 3059 3626 et
3128 3572 3305 3628 sicubi
3364 3580 3706 3647 prevalebat,

2086 3658 2218 3712 nulli
2252 3659 2552 3714 amicorum
2583 3661 2703 3729 ejus
2729 3661 3008 3731 parcebat.
3066 3663 3398 3721 Godefridus
3444 3670 3557 3724 dux
3588 3689 3713 3745 gra-

2083 3748 2225 3802 viter
2243 3747 2424 3803 ferens
2450 3749 2799 3805 insolentiam
2844 3753 2986 3821 ejus,
3018 3753 3242 3824 opidum
3275 3759 3452 3812 sancti
3482 3760 3698 3817 Trudo-

2086 3836 2172 3890 nis
2202 3852 2324 3891 cum
2353 3838 2525 3894 multo
2555 3839 2801 3910 equitum
2856 3842 3218 3914 peditumque
3260 3847 3512 3903 exercitu
3539 3849 3703 3906 obse-

2083 3929 2181 3994 dit,
2215 3929 2364 3984 cives
2402 3931 2471 3985 ad
2502 3931 2840 3987 deditionem
2896 3935 3101 4009 coegit,
3135 3937 3362 3992 obsides
3419 3943 3703 4011 promissas

2082 4018 2188 4073 sibi
2218 4019 2499 4075 fidelitatis
2522 4022 2734 4092 accepit
2785 4023 2872 4077 37’.
2909 4025 3117 4080 Deinde
3134 4028 3272 4093 ﬁcum
3317 4030 3520 4085 eodem
3554 4049 3700 4088 exer-

2087 4108 2194 4161 citu
2227 4124 2571 4183 progressus,
2613 4118 2666 4165 et
2704 4112 2940 4181 ,opidum
2994 4116 3329 4190 Aquasgrani
3394 4118 3699 4195 ingressus,

2084 4214 2206 4253 cum
2246 4201 2418 4256 multo
2450 4208 2736 4271 potentatu
2768 4219 2867 4273 per
2896 4204 3124 4260 biduum
3158 4207 3211 4260 in
3233 4209 3369 4264 scde
3397 4211 3693 4279 judiciaria

2083 4294 2306 4357 resedit,
2338 4296 2655 4351 exactiones
2683 4314 2821 4369 quas
2850 4299 3047 4354 ducem
3078 4301 3449 4375 Lotharingiaz
3481 4307 3701 4380 exigere

2080 4382 2312 4437 decebat
2337 4384 2540 4456 exegit,
2581 4386 2854 4457 cpidanos
2884 4403 2997 4442 suae
3058 4387 3308 4445 lidelitati
3340 4393 3617 4461 astrinxit,
3646 4402 3697 4449 et

364 4458 605 4529 graviter
655 4456 887 4522 ferebat,
939 4463 993 4510 et
1050 4472 1410 4528 quoscunque
1462 4462 1693 4527 polel‘al,
1754 4453 1823 4508 ab
1856 4452 2144 4546 Oj'ISDne
2180 4452 2697 4531 Heinrich-comitis
2750 4454 2994 4534 fautores
3054 4487 3259 4543 essent,
3320 4452 3693 4540 ostentatione

365 4548 604 4603 amicitia
632 4557 687 4602 et
728 4547 996 4603 fidelitate
1044 4552 1348 4603 avertebat.
1403 4548 1553 4619 llugo
1604 4552 1730 4618 post
1773 4547 1979 4601 Bruno-

364 4654 487 4692 nem
510 4640 669 4694 datus
700 4639 1109 4695 Coloniensium
1155 4639 1633 4710 archiepiscopus,
1686 4639 1814 4693 dum
1859 4638 1973 4693 Ro-

361 4740 506 4778 mam
549 4726 724 4781 adiret
779 4727 1211 4793 consecrandus,
1253 4743 1485 4799 peregre
1529 4735 1611 4781 est
1660 4725 1971 4791 defunctus,

363 4819 528 4890 eique
574 4823 837 4877 successit
874 4822 1151 4878 Arnulfus.
1208 4822 1538 4877 Godefridus
1596 4822 1970 4886 Lovaniensis,

362 4908 471 4963 dux
492 4909 954 4979 Lothariensium,
1001 4929 1262 4988 magnum
1313 4912 1503 4984 patria:
1523 4929 1635 4967 suae
1674 4913 1864 4978 decus,
1891 4913 1974 4967 vir

362 5016 464 5055 suo
494 5008 741 5071 tempore
755 5010 809 5055 et
832 5005 1062 5074 tempori
1106 5015 1161 5059 ct
1193 5005 1388 5061 honori
1410 5005 1591 5061 sciens
1617 5023 1676 5062 se
1706 5007 1973 5063 decenter

360 5087 729 5156 conformare,
761 5088 1011 5146 moritur.

2079 4565 2342 4631 potentiae
2375 4580 2488 4619 sua?
2517 4565 2808 4620 deterruit.

2151 4653 2310 4707 11M.
2529 4656 2580 4708 4.
2803 4657 2855 4712 5.
3075 4661 3128 4714 5.
3352 4661 3444 4717 11.

2148 4743 2428 4799 Cunradus
2457 4762 2548 4801 rex
2593 4748 2858 4819 quosdam
2908 4751 3059 4823 regni
3111 4751 3195 4807 sui
3256 4755 3560 4824 optimates
3584 4756 3686 4809 sibi

2075 4831 2392 4888 resistentes
2421 4835 2569 4908 cogit
2594 4851 2694 4891 suo
2718 4838 3566 4910 parereimperio,munitiones,
3595 4858 3691 4899 eo-

2073 4939 2191 4977 rum
2220 4927 2594 5000 oppugnando
2617 4931 3112 5004 autexpugnando.
3133 4932 3241 4987 Rex
3253 4934 3559 5007 Anglorum
3578 4936 3689 4990 Ste-

2072 5012 2309 5081 phanus,
2333 5031 2445 5069 non
2483 5017 2613 5070 satis
2638 5033 2840 5073 cavens
2868 5019 3069 5075 dubios
3099 5021 3316 5077 animos
3377 5025 3683 5096 principum

2070 5104 2196 5163 ficta
2226 5109 2591 5167 sibiamicitia
2608 5113 3017 5180 adherentium,
3059 5115 3187 5170 dum
3217 5119 3493 5188 quosdam
3514 5121 3689 5176 hostes

1709 5261 1930 5319 VARle
1961 5265 2234 5325 LECTION
2240 5272 2336 5329 ES.

420 5377 639 5478 fast
663 5381 978 5478 haee
992 5386 1581 5478 Atinias_ttrt‘eaznr‘¢itictpi
1622 5393 1813 5478 taeipit
1845 5411 2064 5478 “manus
2094 5399 2177 5460 1η.
2204 5405 2355 5457 vario
2404 5410 2635 5472 tempore
2656 5408 2893 5462 scribens
2942 5425 3108 5478 usque
3158 5426 3191 5464 a
3234 5411 3397 5467 1145.
3441 5416 3671 5469 initium.

349 5447 883 5530 l’rudens—jubct
911 5455 1050 5508 alter
1086 5455 1277 5511 desunt
1334 5459 1441 5514 [33*
1512 5447 1597 5516 4*.
1660 5447 1782 5530 4‘7“,
1844 5447 1912 5499 πά

350 5593 565 5663 accepit
595 5598 879 5663 expunctis
906 5599 1278 5664 superscripsit
1307 5617 1323 5652 :
1367 5600 1621 5657 obsidere
1678 5605 1832 5661 venit
1871 5610 1968 5662 sed

1743 5475 1785 5543 f,
1844 5475 1941 5543 δυυὲ
1971 5475 2346 5527 atramentum
2397 5481 2667 5531 mutatur.
2727 5478 2796 5511 37°
2845 5475 3093 5536 catanius
3124 5488 3395 5543 mutatur,
3448 5484 3514 5519 ³⁷³
3565 5489 3678 5538 Post

351 5521 464 5609 (iter!
487 5523 734 5609 cantamus
764 5530 925 5609 atque
996 5530 1370 5609 atramentum
1406 5539 1680 5609 _m_utatur.
1716 5521 1804 5609 δή-
1840 5521 2039 5592 eademv
2066 5521 2340 5609 additi,"

2027 5612 2323 5694 gjiliidanis
2352 5612 2717 5694 obsidipncm
2738 5612 3194 5694 provenientihus
3239 5625 3457 5694 placato
3488 5640 3669 5681 eorum

2362 5560 2481 5618 quas
2502 5547 2678 5618 1132.
2737 5554 2990 5618 correxit,
3031 5559 3081 5606 et
3110 5553 3197 5606 hic
3249 5555 3425 5608 verbis
3455 5554 3584 5609 civis
3605 5579 3677 5595 —

350 5673 580 5736 accepto
613 5664 665 5718 in
699 5664 931 5738 gratiam
963 5680 1063 5719 eos
1096 5669 1301 5737 recepit
1356 5673 1552 5726 Eadem
1580 5676 1776 5730 habent
1810 5678 1901 5734 BI.
1934 5680 1985 5734 5.
2021 5664 2119 5738 Ρὶἶ
2144 5664 2927 5745 Ξίξῗθῖλῦ.
