3876 6208
401 368 503 425 263

1628 349 1966 406 SIGEBERTI
2007 347 2521 406 GEMBLACENSIS.

3638 352 3745 409 264

396 484 627 562 penuria
682 478 1021 554 pauperavit.
1062 478 1121 531 ln
1152 489 1324 550 regno
1382 479 1563 528 autem
1612 472 1907 547 Anglorum
1950 471 2006 525 in
2031 480 2085 547 A
2114 471 2291 527 aetatis
2318 471 2606 527 christiani
2639 472 3003 540 trucidantur,
3032 473 3418 532 adolescentes
3448 475 3740 547 utriusque

395 560 603 636 tantum
636 573 834 629 dicitur
885 565 1240 640 prevaluisse,
1285 570 1345 618 ut
1398 564 1687 616 maximam
1721 560 2006 631 utriusque

394 686 560 727 sexus
602 662 1012 722 multitudinem
1044 656 1341 731 contigerit
1396 654 1539 709 fame
1578 654 1854 709 interisse.
1897 653 2007 708 Nec

394 755 778 817 tantummodo
815 764 1088 824 pauperes
1130 753 1184 802 et
1221 744 1548 810 mediocres,
1594 742 1690 798 sed
1730 751 1784 797 et
1814 757 2004 798 eorum

397 852 578 917 multi,
618 846 712 920 qui
754 842 1090 916 putabantur
1135 835 1241 892 sibi
1289 834 1630 917 sufficientes
1679 849 1823 900 esse,
1865 833 2005 889 duro

395 947 559 1005 famis
611 940 796 1019 gladio
854 939 1185 1009 perurgente
1246 929 1421 987 coacti
1491 936 1619 984 sunt
1675 927 1812 983 alias
1851 927 2008 1019 emi-

395 1052 576 1114 grare,
624 1018 688 1087 ut
727 1028 929 1084 malum
989 1022 1188 1092 inopiae
1235 1021 1283 1076 si
1338 1035 1446 1075 non
1488 1036 1557 1073 ex
1614 1024 1727 1074 toto
1777 1018 2006 1079 evitare,

392 1112 584 1184 saltem
643 1126 865 1195 possent
937 1116 1215 1172 alleviare.
1268 1114 1515 1168 Triticete
1572 1112 1768 1166 messis
1836 1117 2012 1164 matu—

394 1218 530 1272 ritas
556 1222 611 1270 et
667 1210 920 1267 collectio
944 1204 1197 1278 provenit
1235 1203 1446 1256 tardius
1480 1201 1671 1265 solito;
1731 1200 1881 1272 quia,
1928 1200 2009 1253 ni-

392 1309 620 1363 mietate
646 1302 846 1375 pluviae
876 1297 1235 1369 impediente,
1281 1294 1368 1348 vix
1408 1299 1709 1364 potuerunt
1738 1305 2014 1345 messores

392 1402 427 1455 8
466 1400 580 1455 Kal.
614 1392 898 1466 Septemb.
932 1397 1160 1453 metere,
1217 1385 1367 1457 quod
1424 1384 1718 1455 aliquoties
1768 1381 2013 1436 vidimus

395 1490 554 1548 e038
611 1487 721 1543 Kal.
757 1482 985 1560 Augusti
1042 1478 1361 1535 messuissc.
1420 1476 1588 1531 Fulco
1636 1479 1864 1545 quartus
1916 1488 2009 1526 rex

395 1575 952 1637 Jherosolimitarum,
984 1569 1055 1624 15
1106 1583 1252 1623 anno
1284 1566 1439 1637 regni
1492 1566 1577 1619 sui
1608 1564 1719 1618 vita
1751 1563 2005 1618 decessit.

397 1655 701 1723 Balduinu's
731 1661 877 1716 filius
929 1659 1052 1728 ejus
1081 1655 1132 1711 ei
1164 1653 1446 1709 successit.
1511 1654 1620 1707 Rex
1680 1652 2011 1706 Francorum

396 1759 580 1813 sciens
609 1754 737 1826 quia
767 1746 1107 1823 perturbatio
1139 1744 1335 1814 capitis
1366 1742 1704 1814 perturbatio
1733 1750 1818 1797 est
1840 1756 2012 1796 mem-

2110 579 2271 619 sexus
2302 580 2403 635 per
2428 565 2677 620 diversas
2719 580 3058 640 paganorum
3090 567 3403 638 provincias
3458 570 3517 624 in
3548 584 3740 624 servos

2107 663 2161 709 et
2204 655 2432 709 ancillas
2460 656 2878 723 venundantur.
2937 656 3326 726 Northmanni,
3384 658 3482 729 qui
3529 657 3739 712 subditi

2106 736 2325 805 fnerant
2356 750 2610 806 Heinrico
2640 750 3090 825 regiAnglorum,
3116 752 3591 824 parvipendentcs
3613 767 3739 806 suc-

2106 855 2385 896 cessorem
2416 842 2537 910 ejus
2565 842 2928 912 Stephanum,
2959 842 3204 899 subdunt
3252 860 3315 900 se
3345 843 3610 920 regimini
3644 859 3735 899 co-

2108 931 2258 987 mitis
2284 932 2782 1006 Audegavensium.
2817 934 3103 990 Cunradus
3136 951 3233 991 rex
3266 936 3426 1008 Apud
3460 935 3737 990 Atherua-

2109 1035 2232 1075 cum
2265 1021 2321 1075 in
2378 1021 2578 1076 vicinia
2607 1021 2967 1079 Treverorum
3009 1030 3371 1094 pentecosten
3431 1022 3737 1079 celebravit

2113 1111 2242 1178 (Jun
2295 1110 2369 1180 3),
2403 1117 2456 1165 et
2485 1111 2750 1182 quosdam
2806 1110 2915 1167 sibi
2948 1114 3184 1169 rebelles
3240 1114 3626 1188 oppugnando
3684 1122 3740 1167 et

2116 1203 2487 1276 expugnando
2517 1204 2587 1257 ad
2615 1203 2954 1260 deditionem
2985 1205 3275 1276 compulit.

2188 1297 2343 1351 1146.
2565 1298 2620 1352 9.
2842 1297 2927 1354 10.
3147 1298 3233 1355 10.
3454 1300 3508 1353 2.

2186 1388 2403 1443 Heresis
2437 1389 2753 1444 Eunitarum
2785 1389 2927 1445 intra
2966 1390 3301 1445 Brittannias
3317 1389 3571 1461 pullulat.
3616 1389 3734 1445 Bo-

2112 1494 2227 1532 rum
2263 1478 2523 1550 princeps
2549 1488 2666 1535 erat
2704 1480 2927 1551 quidam
2965 1497 3238 1552 perversa:
3265 1481 3492 1546 mentis,
3545 1480 3735 1535 Eunus

2112 1566 2368 1633 nomine;
2402 1568 2497 1638 qui
2526 1584 2650 1623 cum
2669 1576 2814 1625 esset
2838 1569 3029 1637 idiota,
3055 1581 3110 1627 et
3134 1571 3284 1642 ipsos
3308 1570 3497 1641 apices
3526 1570 3741 1625 littera-

2115 1677 2231 1715 rum
2254 1662 2341 1717 vix
2373 1672 2718 1733 agnosceret,
2749 1671 2932 1719 tamen
2964 1666 3176 1735 polluto
3205 1680 3302 1720 ore
3333 1664 3402 1720 de
3429 1663 3639 1719 divinis
3668 1664 3733 1718 li-

2116 1752 2231 1807 bris
2255 1754 2515 1808 tractabat
2547 1762 2601 1809 et
2630 1753 2963 1826 disputabat.
3000 1757 3096 1812 llic
3112 1756 3323 1812 nefario
3352 1773 3490 1812 ausu
3521 1756 3735 1828 absque

396 1846 646 1909 brorum,
678 1839 973 1895 utsedaret
1000 1832 1443 1906 perturbationes
1464 1831 1619 1904 regni
1649 1830 1753 1895 sui,
1789 1829 2008 1900 acquie-

2186 1843 2287 1898 cris
2333 1844 2623 1900 ordinibus
2653 1847 2849 1902 missas
2889 1846 3208 1903 celebrabat
3236 1847 3487 1920 indigne,
3544 1847 3615 1902 ad
3647 1863 3736 1902 er-

395 1926 853 1991 vitconftederari
882 1922 1166 1980 'l‘ietbaldo
1220 1919 1579 1975 Blesiensium
1621 1918 1828 1973 comiti.
1870 1917 2010 1971 Cun-

402 2024 567 2080 radus
607 2038 698 2077 rex
728 2019 911 2075 sciens
936 2032 1037 2088 per
1062 2030 1140 2076 se,
1155 2012 1336 2068 sciens
1360 2010 1746 2085 religiosorum
1770 2009 2010 2065 virorum

401 2113 823 2178 ammonitione,
857 2114 1121 2181 quantum
1163 2104 1485 2159 reverentia?
1517 2102 1787 2157 debeatur
1818 2100 2011 2157 aeccle-

399 2205 623 2261 siastico
655 2201 859 2267 ordini,
884 2199 970 2254 cui
1009 2198 1149 2251 Deus
1188 2195 1348 2249 dicit:
1380 2195 1483 2260 Qui
1512 2198 1686 2260 tangit
1740 2207 1852 2255 vos,
1888 2196 2012 2244 tan-

397 2300 479 2366 git
500 2295 775 2366 pupillam
805 2292 945 2346 oculi
968 2291 1101 2351 mei;
1132 2287 1177 2341 si
1209 2283 1347 2356 quos
1378 2285 1549 2339 elatos
1579 2284 1718 2336 fastu
1748 2280 2012 2336 secularis

396 2386 659 2459 potentiae
688 2390 877 2438 contra
907 2380 1204 2451 episcOpos
1234 2378 1319 2431 vel
1350 2387 1538 2431 contra
1570 2374 1709 2427 alios
1749 2372 2011 2428 aecclesiae

396 2484 602 2533 sanctae
628 2475 871 2546 prelatos
899 2476 1125 2525 noverat
1154 2466 1461 2523 Insolenter
1489 2479 1678 2538 agere,
1706 2462 1854 2536 regia
1882 2477 2013 2517 cen-

394 2584 527 2625 sura
551 2566 783 2641 cogebat
808 2579 906 2620 eos
936 2562 1004 2616 ab
1028 2559 1320 2616 insolentia
1342 2557 1635 2623 desistere,
1664 2564 1717 2609 et
1738 2555 1845 2609 illis
1873 2570 2014 2625 quos

395 2661 742 2719 offenderant
767 2658 1030 2713 decenter
1049 2652 1366 2707 satisfacere
1387 2650 1477 2703 37'.
1506 2650 1690 2702 Vinea:
1707 2654 1761 2702 et
1786 2647 2013 2702 arbores

396 2752 696 2809 fructiferae
719 2764 827 2804 non
853 2747 1183 2802 exibuerunt
1202 2744 1418 2798 solitam
1450 2740 1799 2804 uberbatem,
1833 2739 1931 2793 sed
1956 2738 2009 2791 in

395 2847 670 2911 proventu
700 2835 1081 2891 difficultatem
1137 2832 1193 2886 in
1223 2830 1496 2885 fructibus
1531 2828 1849 2883 habuerunt
1875 2828 2014 2882 rari-

395 2935 568 2984 tatem
597 2933 654 2980 et
682 2923 1033 2979 acerbitatem
1066 2921 1155 2974 33°.

467 3016 627 3070 1145.
777 3013 838 3066 R.
881 3011 932 3066 8.
1082 3009 1138 3065 F.
1181 3010 1233 3063 9.
1382 3010 1442 3063 Α.
1483 3008 1537 3061 9.
1690 3005 1747 3059 ll.
1796 3007 1844 3060 1.

468 3108 718 3183 Regnum
759 3103 1207 3167 christianorum,
1240 3099 1387 3171 quod
1419 3098 1801 3170 adquisrerunt
1830 3104 2013 3153 exter-

396 3198 604 3253 minata
655 3193 1008 3250 multitudine
1076 3206 1415 3266 paganorum
1483 3189 1898 3243 Hierosolimam
1956 3195 2010 3243 et

396 3292 644 3365 confines
670 3290 791 3358 ejus
819 3288 988 3343 urbes
1018 3285 1441 3357 possidentium,
1473 3286 1554 3339 sui
1597 3285 1805 3340 exordii
1848 3285 2010 3339 habet

397 3382 546 3436 hunc
574 3394 777 3433 annum
809 3375 1329 3450 quinquagesimum
1372 3374 1606 3444 primum
1676 3373 1813 3428 Laus
1844 3381 1927 3428 est
1956 3382 2012 3427 et

396 3469 572 3544 gloria
602 3467 821 3534 Christi,
849 3465 997 3536 quod
1037 3463 1323 3519 christiani
1352 3478 1475 3518 cum
1503 3461 1622 3530 ejus
1649 3459 1849 3515 auxilio
1882 3474 2012 3529 pos-

396 3557 581 3613 sident
640 3556 946 3628 regionem,
1007 3553 1061 3607 in
1102 3568 1210 3623 qua
1261 3568 1358 3622 per
1405 3550 1761 3620 semetipsum
1820 3558 1875 3602 et
1916 3563 2013 3618 per

396 3651 680 3724 apostolos
756 3650 1000 3705 Christus
1059 3647 1293 3702 initiavit
1371 3646 1724 3701 christianam
1790 3643 2011 3717 religio-

400 3762 527 3801 nem
558 3746 647 3799 ³⁸¹.
672 3743 973 3808 θοι-πόας,
1007 3742 1179 3814 quiet
1218 3740 1435 3807 Lucius,
1479 3755 1619 3810 papa
1665 3739 1804 3795 obiit
1833 3738 2006 3809 (Febr.

395 3840 504 3907 εδ).
548 3837 890 3906 Βοωειτάιιε,
957 3835 1049 3906 qui
1104 3841 1157 3889 et
1206 3833 1505 3908 Eugenius,
1580 3833 1743 3886 165m!
1791 3831 1840 3885 ei
1882 3845 2009 3884 suc-

396 3930 584 3989 cessit.

463 4203 651 4259 Remis
694 4201 764 4235 ³⁸²
822 4198 876 4253 in
910 4197 1147 4254 cenobio
1178 4197 1324 4253 beati
1381 4196 1614 4270 Remigii
1666 4201 1887 4249 sanctus
1917 4191 2006 4246 Gi-

386 4299 621 4355 brianus
664 4299 884 4353 Scottus
928 4295 1114 4350 multis
1153 4295 1321 4350 claret
1377 4293 1694 4357 virtutibus,
1741 4298 1794 4346 et
1835 4290 2005 4345 multo

384 4389 576 4460 populi
620 4400 894 4443 concursu
925 4383 1320 4455 frequentatur.
1369 4381 1640 4435 Adelbero
1701 4379 2003 4434 Leodicen-

2112 1950 2289 1990 rorem
2330 1945 2384 1991 et
2421 1938 2836 1994 subversionem
2869 1940 3205 2010 perditorum
3248 1939 3569 2005 hominum;
3610 1940 3738 2010 epi-

2112 2035 2312 2091 sc0pos
2340 2024 2503 2078 etiam
2560 2031 2614 2080 et
2668 2026 3116 2097 archiepiscopos
3138 2026 3227 2081 his
3252 2027 3346 2099 qui
3397 2025 3509 2082 sibi
3534 2027 3734 2082 adhae-

2112 2108 2307 2167 rebant
2390 2113 2703 2168 ordinabat.
2775 2113 2941 2169 Multa
3009 2130 3230 2186 quoque
3303 2116 3411 2170 alia
3497 2115 3741 2171 faciebat

2112 2203 2379 2257 scelerata
2412 2211 2466 2257 et
2496 2203 2700 2259 divinae
2733 2203 2842 2278 legi
2901 2206 3197 2260 contraria.
3257 2205 3335 2260 Ad
3367 2213 3740 2277 postremum,

2112 2293 2388 2349 diabolico
2418 2294 2616 2365 spiritu
2645 2294 2956 2365 completus
3008 2295 3061 2349 in
3092 2302 3296 2350 tantam
3355 2296 3610 2368 prorupit
3653 2296 3738 2351 in-

2113 2385 2348 2453 saniam,
2378 2393 2437 2441 ut
2484 2386 2693 2442 diceret
2721 2395 2776 2441 et
2830 2386 2980 2441 credi
3040 2394 3263 2461 cogeret
3293 2404 3354 2443 sc
3400 2404 3526 2444 esse
3563 2388 3740 2443 filium

2114 2475 2231 2541 Dei,
2264 2475 2546 2530 affirmans
2572 2492 2634 2530 se
2671 2490 2794 2541 esse
2852 2488 2978 2530 eum
3012 2492 3111 2546 per
3136 2492 3300 2547 quem
3332 2478 3654 2533 sacerdotes
3684 2477 3741 2532 in

2114 2567 2366 2623 zecclesia
2412 2568 2727 2643 generalem
2761 2567 3049 2623 collectam
3101 2567 3280 2624 solent
3319 2569 3622 2625 terminare
3665 2569 3745 2624 di-

2112 2655 2325 2710 cendo:
2361 2657 2458 2710 Per
2494 2656 2719 2710 eundem
2747 2659 3037 2711 Dominum
3085 2662 3350 2712 nostrum.
3381 2658 3596 2721 Quanta
3634 2674 3735 2713 au-

2112 2756 2220 2804 tem
2254 2750 2434 2819 turpia
2461 2758 2515 2805 et
2544 2750 2877 2805 execrabilia
2902 2759 3069 2825 agant
3108 2751 3165 2804 iu
3205 2751 3533 2807 abscondito
3567 2752 3736 2807 here-

2108 2841 2202 2895 tici
2229 2840 2340 2906 isti,
2374 2842 2468 2912 qui
2500 2849 2766 2897 vocantur
2797 2842 3030 2905 Eunitaa,
3063 2842 3116 2895 id
3144 2850 3227 2897 est
3277 2858 3549 2914 sequaces
3580 2843 3722 2898 Enni

2113 2933 2318 2988 bonum
2346 2940 2429 2987 est
2448 2933 2671 2988 silentio
2695 2940 2901 3007 tegere,
2925 2949 2997 2989 ne
3026 2935 3311 2989 horrorem
3346 2935 3623 2992 incutiant
3649 2936 3739 2990 vel

2113 3020 2277 3075 etiam
2313 3036 2556 3076 errorem
2587 3030 2859 3095 generent
2880 3020 3117 3077 inﬁrmis
3146 3022 3517 3080 auditoribus.
3545 3025 3742 3079 Fames

2036 3156 2086 3225 Ο
2113 3112 2434 3187 gravissima
2461 3113 2672 3184 jamdiu
2699 3121 2967 3186 concepta
2994 3114 3049 3168 iu
3074 3121 3283 3171 tantum
3318 3116 3485 3191 longe
3516 3115 3742 3188 lateque

2117 3205 2418 3275 praevaluit,
2449 3214 2509 3260 ut
2537 3213 2949 3261 excrescentem
2980 3223 3285 3278 pauperum
3320 3207 3741 3264 multitudinem

2111 3294 2425 3348 nullatenus
2453 3292 2574 3348 sine
2602 3309 2803 3367 magno
2826 3296 3143 3368 gravamine
3165 3303 3478 3352 sustentare
3510 3306 3743 3367 possent

2112 3389 2167 3442 hi
2200 3388 2295 3459 qui
2328 3395 2583 3458 respectu
2617 3388 2709 3442 Dei
2742 3389 2829 3443 vel
2865 3389 3084 3459 pietatis
3109 3388 3309 3445 affectu
3366 3406 3595 3445 manum
3628 3392 3740 3445 mi-

2113 3476 2433 3531 sericordiae
2464 3476 2825 3549 porrigebaat
2855 3477 2959 3531 eis.
2995 3477 3193 3534 Multos
3224 3478 3418 3543 etiam,
3460 3479 3560 3551 qui
3590 3479 3743 3534 victu

2111 3572 2166 3619 et
2193 3565 2316 3619 aliis
2364 3564 2694 3620 necessariis
2744 3564 3159 3635 habundabant,
3202 3566 3406 3621 malum
3453 3567 3613 3622 famis
3670 3569 3738 3623 ad

2112 3659 2526 3714 mendicitatem
2566 3659 2809 3714 deduxit.
2849 3659 3233 3715 Occidentales
3286 3661 3599 3726 christiani,
3627 3662 3738 3718 do-

2113 3750 2292 3804 lentes
2322 3749 2392 3804 de
2421 3748 2785 3805 subversione
2813 3750 2967 3804 urbis
2993 3751 3232 3817 Edessze,
3266 3768 3392 3822 quae
3422 3760 3479 3807 et
3501 3752 3739 3807 Rohaisz

2108 3838 2330 3901 dicitur,
2377 3854 2540 3908 quam
2602 3839 2803 3912 pagani
2871 3839 3160 3908 superiore
3210 3855 3359 3895 anno
3426 3847 3732 3906 vastantes,

2108 3929 2314 3984 cultum
2358 3928 2772 3985 christianitatis
2801 3930 2856 3984 in
2893 3945 2957 3984 ea
3002 3930 3153 3986 omni
3193 3931 3585 4004 spurcitiarum
3636 3947 3740 4005 ge-

2110 4037 2243 4074 nere
2265 4021 2799 4088 coutaminaverant,
2827 4021 2881 4075 in
2923 4029 3134 4077 tantum
3175 4031 3236 4077 ut
3277 4022 3446 4077 etiam
3478 4022 3743 4094 princeps

2108 4125 2300 4164 eorum
2342 4109 2395 4162 in
2426 4109 2621 4177 majori
2650 4109 2882 4166 basilica
2909 4126 3078 4181 super
3129 4118 3383 4167 sanctum
3411 4111 3590 4167 altare
3638 4128 3739 4167 cu-

2108 4195 2221 4251 bile
2249 4212 2407 4251 suum
2447 4204 2771 4264 exstrueret,
2826 4205 2882 4252 et
2911 4197 3026 4253 illic
3067 4196 3137 4252 ad
3193 4197 3457 4267 injuriam
3489 4206 3548 4254 et
3596 4213 3738 4254 cou-

2110 4291 2375 4361 templum
2404 4291 2605 4345 summi
2640 4291 2738 4345 Dei
2769 4307 2892 4346 cum
2931 4291 3224 4346 meretrice
3248 4291 3482 4347 cubaret
3504 4292 3607 4346 δεδι
3636 4309 3738 4363 pro

2109 4382 2213 4448 his,
2256 4382 2503 4453 inquam,
2544 4382 2807 4438 omnibus
2858 4382 3009 4451 justo
3046 4383 3239 4438 dolore
3272 4384 3565 4451 commoti,
3620 4399 3737 4439 uno

380 4480 458 4535 sis
488 4477 785 4548 episcOpus
810 4476 919 4529 vita
961 4473 1223 4528 decessit.
1280 4471 1567 4526 Heinricus
1594 4475 1905 4539 assumptus
1941 4482 2002 4521 ex
2105 4472 2312 4538 animo,
2346 4472 2461 4543 pari
2487 4488 2785 4527 consensu.
2819 4473 2888 4527 ad
2939 4472 3304 4528 debellandos
3335 4491 3435 4531 eos
3458 4473 3736 4545 proficisci

383 4567 533 4623 clero
561 4567 736 4621 sancti
779 4564 1076 4631 Lambcrti,
1104 4562 1384 4619 secundus
1412 4562 1577 4629 hujus
1605 4560 1846 4617 nominis
1874 4575 2003 4629 pre-
2029 4548 2438 4620 Ddeliberant.
2480 4565 2537 4618 ln
2574 4572 2785 4620 tantum
2825 4572 3009 4620 autem
3064 4574 3223 4620 erant
3259 4581 3463 4621 omnes
3492 4566 3736 4638 prompti

385 4659 492 4724 sul,
521 4659 571 4711 ei
613 4657 864 4713 succedit
892 4657 980 4711 ³³³.
1016 4655 1219 4711 Civitas
1250 4655 1467 4714 Edessa.
1496 4668 1618 4725 quae
1647 4660 1701 4707 et
1733 4651 1897 4707 Roaiz
1921 4650 2004 4704 di-

388 4752 550 4819 citur,
582 4754 755 4808 multo
787 4759 1035 4822 tempore
1057 4767 1089 4804 a
1115 4748 1430 4804 christianis
1459 4762 1736 4818 possessa,
1790 4762 1887 4817 per
1905 4761 2003 4800 ne-

2106 4662 2162 4710 et
2190 4655 2400 4710 alacres
2426 4655 2494 4710 ad
2524 4656 2669 4710 hanc
2700 4655 3124 4726 profectionem,
3153 4663 3212 4711 ut
3239 4664 3297 4715 et
3324 4656 3613 4712 Cunradus
3641 4674 3732 4712 rex

2103 4751 2447 4817 Theutoniae,
2478 4757 2533 4805 et
2565 4750 2889 4807 Ludowicus
2929 4768 3020 4807 rex
3044 4752 3307 4819 Francius,
3341 4753 3731 4828 religiosorum

383 4840 704 4914 gligentiam
763 4840 1185 4895 Christianorum
1245 4845 1300 4894 et
1366 4837 1595 4892 insidias
1663 4850 2001 4910 paganorum
2104 4838 2346 4894 virorum
2377 4838 2446 4875 ³⁸⁵
2470 4838 2692 4893 monitis
2721 4839 2970 4906 animati,
3016 4848 3072 4894 et
3098 4840 3202 4910 ipsi
3235 4850 3497 4911 prompto
3546 4840 3734 4896 animo

385 4927 625 4998 capitur,
657 4942 963 4998 omnesque
1003 4927 1095 4997 qui
1122 4927 1176 4981 in
1219 4942 1283 4983 ea
1316 4925 1525 4981 inventi
1565 4934 1712 4993 sunt,
1745 4924 2002 4995 perfecta:
2102 4928 2171 4984 ad
2205 4929 2348 4985 hanc
2377 4929 2789 5002 expeditionem
2820 4945 2941 4987 sese
2967 4931 3349 5004 accingerent.

1742 5070 1961 5127 VARIIE
1992 5070 2384 5129 LECTIONES.

453 5206 524 5242 37°
556 5204 841 5261 Cunradus
892 5238 959 5248 —
1005 5206 1319 5264 satisfacere
1347 5206 1540 5263 desunt
1574 5206 1702 5262 ΒΨ.

1797 5207 1866 5242 ³⁸⁸)
1894 5210 2019 5263 Post
2055 5211 2164 5264 hac
2213 5209 2303 5264 F1.
2358 5209 2413 5264 2.
2461 5210 2706 5265 addunt:
2753 5207 3084 5264 Godefridus
3124 5224 3336 5274 comes,
3387 5209 3557 5265 frater
3609 5210 3727 5264 Bal‘

383 5276 541 5359 duini
575 5276 815 5343 comitis,
849 5278 1099 5363 moritur.
1173 5279 1251 5363 '3‘.
1274 5279 1519 5359 Regnum
1548 5277 1978 5363 —'reli.gion_em
2011 5280 2204 5363 desth
2238 5280 2371 5363 “153*.
2405 5280 2490 5334 «μ’.
2526 5283 2650 5363 Post
2688 5281 2798 5361 hcce
2828 5280 2921 5335 F2.
2948 5280 3139 5363 addit;
3170 5279 3528 5363 Turonensis
3539 5281 3725 5363 archi-

381 5349 681 5422 episcopus
710 5365 809 5422 per
854 5348 1195 5422 senteuciamr
1220 5348 1431 5422 domini
1463 5364 1605 5420 pape
1633 5348 1783 5422 Lucii
1828 5349 2094 5422 adversus
2156 5351 2445 5407 Dolensem
2497 5351 2974 5422 archiepiscopum
3023 5350 3266 5422 optinuit
3314 5351 3721 5421 subjectionem

385 5419 624 5476 ecclesic
653 5419 923 5485 Dolensis,
965 5427 1022 5474 et
1062 5420 1226 5475 evicit
1252 5421 1320 5474 ab
1349 5436 1415 5474 ea
1447 5419 1605 5475 usum

1688 5419 1779 5474 alii
1833 5421 1981 5490 quod
2004 5421 2317 5477 diutissime
2348 5422 2630 5478 habuerat.

2715 5422 2820 5477 nde
2850 5422 3255 5477 verecondatus
3284 5423 3435 5478 idem
3472 5423 3722 5478 Dolensis

381 5491 709 5565 redirenon
727 5506 897 5565 ausus
929 5499 1043 5545 est:
1065 5490 1164 5545 sed
1194 5506 1254 5546 se
1294 5490 1531 5565 contulit
1555 5490 1629 5565 ad
1649 5490 1921 5563 l10gerum
1955 5491 2143 5547 Sicilie
2171 5508 2379 5564 regem,
2407 5492 2501 5564 qui
2540 5493 2592 5548 ei
2624 5492 2780 5548 dedit
2812 5492 3130 5563 Capuanum
3158 5494 3720 5565 archiepisc0patum.

378 5561 449 5635 ῗῗξ
474 5562 693 5635 Abhinc
733 5563 979 5631 sequitur
1026 5564 1523 5635 manasseptirnq,
1545 5561 1969 5635 cclcmoghatque
2009 5561 2308 5619 atramento
2358 5561 2614 5635 continuo
2665 5561 2899 5633 pergens
2931 5579 3105 5635 usque
3171 5564 3246 5619 ad

377 5632 447 5667 ³⁸³
475 5632 775 5687 Adalberto
817 5662 886 5672 —
926 5631 1175 5687 succedit
1203 5632 1395 5687 desunt
1425 5632 1554 5685 83*.
1586 5633 1673 5687 με.
1750 5633 1819 5667 ³⁸⁸
1850 5631 1904 5688 in
1929 5640 2140 5689 tantum
2180 5664 2249 5674 —
2284 5634 2515 5691 cubaret
2554 5631 2745 5690 desunt
2773 5631 2893 5690 83".
2926 5631 3025 5691 4":
3048 5636 3171 5690 μ’.

380 5702 649 5761 Bernardi
677 5701 896 5759 abbatis
927 5700 1343 5761 Clarevallensis
1368 5701 1581 5757 addunt
1621 5702 1745 5758 83*.
1770 5704 1854 5758 4⁸.
1889 5705 2013 5767 4**.

3283 5568 3448 5634 ﬁnem
3485 5565 3710 5619 codicis.

3270 5636 3343 5671 ³⁸³
3365 5643 3423 5691 et
3454 5636 3719 5707 precipue
