3876 6208
147 323 233 385 265
1055 313 1404 371 CBRONICA.
1444 343 1513 354 —
1552 311 1931 370 AUCTARIUM
1970 310 2458 369 GEMBLACENSE.
2504 392 2511 399 ἱ
3304 317 3412 375 266

200 458 338 513 1147.
441 453 501 508 R.
561 451 646 507 10.
759 448 817 504 F.
871 449 959 503 11.
1071 449 1131 503 A.
1164 449 1248 503 11.
1364 447 1424 503 ll.
1460 448 1515 503 3.
1724 449 1780 519 Α
1808 445 2074 501 secclesiae
2103 443 2354 500 tractavit
2399 451 2455 498 et
2498 442 2864 501 continuavit.
2896 446 3042 501 Inter
3067 446 3176 502 alia
3198 448 3411 516 statuit,

201 549 454 608 Cunradus
484 564 577 604 rex
608 545 920 601 Heinricum
966 542 1139 598 tilium
1170 559 1328 600 suum
1368 542 1704 617 Aquisgrani
1807 548 1869 597 ut
1890 540 2111 593 decreta
2134 534 2439 591 Innocentii
2471 550 2629 606 papae
2662 535 3074 605 predecessoris
3108 537 3194 593 sui
3224 547 3341 595 rata
3360 546 3416 595 et

148 642 192 696 in
213 654 376 711 regem
400 635 656 691 sublimat
711 635 889 701 (Mart-
948 631 1055 701 30),
1116 646 1190 685 ne
1240 639 1362 701 post
1418 631 1707 686 decessum
1809 630 2131 689 inconvulsa
2184 637 2577 699 permanerent
2623 645 2638 693 ;
2678 628 2938 700 quicquid
2990 636 3171 685 autem
3222 631 3416 688 Petrus

148 745 275 784 suum
303 740 518 800 regnum
559 723 769 794 absque
795 719 1048 792 principe
1080 726 1411 785 remaneret,
1442 725 1496 772 et
1524 718 1710 789 aliqua
1811 721 2009 777 Leonis
2055 717 2410 790 pscudopapa
2474 722 2737 772 statuerat
2766 718 2852 771 vel
2883 717 3252 785 ordinaverat,
3292 720 3417 774 irri-

148 835 295 874 rerum
325 814 651 888 perturbatio
697 817 1027 868 moveretur.
1074 809 1227 865 Multi
1282 809 1703 865 christianorum
1810 817 1922 864 tum
1948 808 2261 873 haberetur,
2293 804 3008 878 promulganssententiam
3040 806 3120 862 sic
3153 808 3419 862 :Ordina-

148 930 225 985 per
247 927 385 967 mare
404 909 686 983 Anglicum
719 905 953 977 profecti
994 904 1063 958 ad
1086 903 1450 958 debellandos
1479 902 1708 957 Sarace-
1809 909 1973 959 tiones
2002 906 2175 970 factas
2205 918 2237 955 α
2262 902 2372 965 ﬁlio
2402 904 2546 954 Petri
2572 903 2754 955 Leonis
2772 907 2824 955 et
2853 902 2922 955 ab
2947 903 3069 956 aliis
3096 904 3417 957 scismaticis

145 1022 240 1071 nos,
263 1004 472 1059 tandem
500 1016 728 1056 emenso
782 999 921 1054 mari
977 997 1036 1051 in
1092 996 1361 1051 Gallitiam
1392 995 1536 1065 apud
1570 994 1708 1048 Sau-
1806 1006 1855 1052 et
1885 1000 2146 1061 here/fcis,
2185 1010 2510 1050 evacuamus
2562 1002 2613 1049 et
2644 998 2829 1050 irritas
2885 1011 2995 1051 esse
3030 1013 3325 1053 censemus.
3363 998 3419 1051 lu

145 1104 265 1150 etum
290 1092 540 1148 Iacobum
567 1089 973 1161 applicuerunt.
1016 1086 1078 1139 Et
1106 1085 1231 1138 inde
1255 1094 1537 1139 moventes
1560 1100 1707 1137 exer-
1810 1089 1909 1142 hac
1929 1088 2140 1158 synodo
2158 1086 2427 1140 adductus
2455 1094 2539 1139 est
2587 1087 2937 1156 supradictus
2989 1086 3263 1143 hereticus
3310 1089 3419 1142 Eu-

145 1189 303 1250 citum,
325 1187 690 1253 pervenerunt
720 1180 789 1233 ad
848 1178 1044 1232 urbem
1086 1176 1489 1237 Saracenorum.
1516 1181 1710 1244 potcn—
1810 1195 1932 1243 nus,
1962 1186 2016 1232 et
2049 1183 2396 1247 prescntatus
2419 1191 2574 1247 papa:
2602 1192 2634 1230 a
2653 1177 2891 1247 quodam
2913 1179 3185 1234 catholico
3212 1180 3423 1236 Britan-

145 1272 529 1341 tissimam,quze
557 1283 623 1323 ex
679 1266 904 1322 nomine
952 1263 1262 1319 conditoris
1293 1262 1583 1317 Ulixibona
1615 1262 1707 1315 di-
1812 1266 1916 1320 uiae
1946 1266 2227 1337 episcOpo.
2280 1263 2375 1319 Hic
2426 1263 2600 1336 igitur
2638 1264 2691 1318 in
2741 1265 3025 1321 audientia
3078 1267 3321 1323 omnium
3354 1268 3423 1322 de

142 1365 293 1427 citur;
322 1362 408 1416 ubi
438 1359 588 1416 vario
616 1358 747 1414 belli
800 1364 1003 1412 eventu
1056 1372 1180 1409 cum
1231 1353 1519 1410 Saracenis
1547 1353 1673 1407 dimi

1887 1378 1910 1415 a
1936 1376 2196 1432 perversa
2247 1360 2424 1414 heresi
2483 1359 2767 1415 discussus
2796 1367 2855 1415 et
2912 1361 3217 1428 convictus,
3249 1363 3418 1418 vitam

140 1457 314 1515 cantes,
349 1449 638 1516 adjuvante
664 1446 796 1511 Deo,
831 1444 987 1514 potiti
1016 1452 1147 1498 sunt
1195 1442 1445 1509 victoria,
1475 1448 1534 1496 et
1563 1441 1712 1495 occi-
1812 1450 2034 1521 quidem
2066 1455 2121 1504 et
2170 1448 2440 1513 membra,
2493 1448 2757 1519 episcopo
2823 1450 2919 1521 qui
2965 1466 3093 1505 eum
3128 1450 3430 1508 adduxerat

142 1540 203 1593 sis
252 1538 327 1593 vel
376 1534 754 1591 exterminatis
801 1533 1108 1599 Saracenis.
1174 1531 1366 1586 urbem
1417 1531 1594 1602 ipsam
1660 1538 1715 1584 θῐ
1815 1539 2220 1610 expostulante,
2243 1539 2488 1605 retinuit,
2530 1540 2628 1593 sed
2660 1549 2843 1595 tamen
2876 1548 3151 1613 praecepto
3181 1559 3339 1613 papae
3370 1544 3426 1597 in

144 1644 326 1684 omnem
372 1628 426 1682 in
477 1626 713 1681 circuitu
769 1623 1026 1680 viciniam
1077 1622 1265 1695 quiete
1322 1621 1693 1693 possederunt
1814 1627 2063 1683 custodia
2092 1628 2386 1701 relegatus,
2419 1634 2473 1681 et
2496 1626 2568 1680 ibi
2621 1635 2744 1698 post
2784 1642 2895 1683 non
2927 1629 3159 1684 multum
3195 1638 3422 1702 tempo-

146 1721 353 1793 Eclypsis
402 1719 532 1775 solis
572 1717 715 1774 facta
750 1726 832 1773 est
878 1717 1024 1773 circa
1086 1716 1301 1772 tertiam
1357 1717 1547 1771 horam
1578 1714 1714 1782 diei,
1742 1764 1791 1793 η
1818 1718 1893 1773 ris
1922 1725 2168 1773 mortuus
2187 1725 2287 1772 est.
2332 1719 2389 1771 ln
2452 1718 2550 1773 hac
2578 1718 2791 1788 synodo
2844 1719 3274 1792 archiepiscopi,
3300 1722 3430 1793 epi-

148 1764 353 1793 -..ηυω
402 1764 532 1775 η..-
572 1764 715 1774 ...νη
752 1764 832 1773 -η
882 1764 1024 1773 --.νη
1087 1764 1301 1772 ---π----
1357 1764 1547 1771 -η---η
1584 1764 1714 1782 η--.
1821 1764 1893 1773 ..υ
1923 1764 2167 1773 .-.ν--..ην
2190 1764 2287 1772 ----
2453 1764 2549 1773 η--
2578 1764 2788 1788 ηπ..-
2844 1764 3030 1775 ...νων
3078 1764 3190 1775 .-νυ
3238 1764 3330 1787 .,ν
3375 1764 3388 1775 .

148 1815 287 1870 ilia].
317 1813 653 1871 Novembris.
686 1811 928 1868 Necdum
958 1827 1183 1883 quoque
1210 1811 1277 1866 ad
1301 1826 1499 1882 purum
1528 1810 1715 1866 redin-
1742 1764 1795 1832 Β
1818 1809 1973 1879 scopi
1998 1816 2055 1863 et
2084 1808 2310 1862 abbates
2358 1821 2533 1877 usque
2578 1806 2647 1860 ad
2699 1806 2849 1861 mille
2905 1764 3124 1863 centum
3157 1764 3434 1866 resedisse

147 1913 324 1978 tegrato
342 1904 500 1960 solari
538 1903 773 1970 lumine,
828 1902 927 1957 sed
979 1902 1161 1957 adhuc
1203 1899 1539 1956 circumfuso
1567 1899 1720 1970 ecly-
1820 1897 2364 1953 dicuntur.Terrores
2390 1897 2459 1951 de
2486 1896 2622 1951 caelo
2654 1904 2708 1951 et
2752 1904 3108 1968 tempestates
3158 1899 3302 1956 ultro
3343 1916 3439 1957 so-

148 1998 269 2068 ptica
293 1996 539 2069 caligine,
574 1994 794 2051 stellam
824 1992 1255 2063 conspicabilem
1286 1992 1344 2046 in
1382 2005 1510 2046 aere
1563 1989 1722 2045 multi
1822 1992 1999 2060 litum,
2026 1992 2161 2046 alias
2189 1989 2539 2057 clementius,
2594 1990 2730 2045 alias
2798 1991 3190 2047 inclementius
3219 1993 3440 2049 accide-

148 2095 494 2161 suspexcrunt.
523 2088 771 2144 Fuerunt
796 2087 963 2143 etiam
1003 2085 1119 2152 alii,
1152 2084 1247 2157 qui
1290 2085 1569 2151 dixerunt,
1592 2083 1724 2139 sein
1826 2092 1969 2140 runt.
2000 2083 2188 2140 Mense
2218 2082 2433 2151 Martio,
2473 2083 2507 2136 8
2568 2081 2675 2137 Kal.
2728 2082 2951 2153 Aprilis,
3016 2099 3139 2139 cum
3183 2084 3305 2141 dies
3326 2085 3438 2155 jam

151 2183 247 2252 ipso
292 2181 418 2239 orbe
470 2180 609 2238 solis
666 2180 1013 2248 majestatem
1067 2178 1312 2234 divinam
1363 2176 1596 2243 vidisse,
1657 2189 1725 2230 eo
1827 2176 2189 2246 adveSperam
2238 2174 2547 2241 inclinaret,
2605 2173 2928 2249 gravissima
2989 2172 3145 2229 fuere
3178 2176 3439 2244 tonitrua,

152 2271 290 2328 modo
307 2286 410 2344 quo
438 2287 469 2326 a
489 2268 802 2342 pictoribus
828 2269 886 2323 in
915 2267 1070 2322 libris
1099 2267 1325 2342 depingi
1354 2266 1512 2322 solet.
1546 2264 1607 2318 In
1629 2279 1729 2317 na-
1827 2282 1952 2322 cum
1976 2265 2191 2341 ingenti
2220 2264 2640 2321 choruscatione
2670 2265 3051 2334 etprocellosa
3083 2266 3290 2336 pluvia.
3320 2266 3440 2323 Non

152 2362 228 2417 tali
252 2362 453 2417 Domini
484 2360 698 2417 fulmen
752 2359 950 2431 irrupit
1008 2357 1273 2429 templum
1316 2353 1725 2426 Hierosolymis,
1828 2364 2010 2410 autem
2039 2353 2224 2409 evenit
2245 2360 2395 2417 tunc,
2414 2352 2562 2424 quod
2610 2351 2717 2407 alio
2744 2360 2993 2423 tempore
3026 2352 3254 2408 evenire
3279 2354 3440 2421 solet,

154 2452 272 2508 etde
295 2452 541 2509 columna
579 2466 652 2505 ex
704 2448 987 2520 lapidibus
1034 2446 1198 2513 facta,
1261 2461 1385 2518 quae
1429 2443 1724 2515 sepulchro
1825 2454 1887 2501 ut
1913 2462 2087 2502 sonus
2126 2445 2218 2498 ille
2249 2445 2318 2499 ad
2344 2460 2505 2499 aures
2529 2443 2813 2498 hominum
2845 2442 3105 2514 paulatim
3131 2446 3439 2514 perveniat,

154 2539 335 2595 Domini
362 2539 609 2610 proxima
624 2545 764 2604 erat,
795 2537 938 2592 duos
964 2535 1180 2607 lapides
1203 2534 1443 2610 grandes
1462 2531 1722 2587 excussit.
1826 2551 1890 2589 ac
1918 2533 2122 2589 deinde
2152 2537 2361 2587 crescat
2385 2530 2440 2584 in
2457 2529 2636 2598 majus
2664 2548 2680 2596 ;
2707 2530 2805 2584 sed
2834 2530 2910 2586 ita
2928 2539 3158 2602 repente
3181 2538 3237 2588 et
3254 2533 3446 2604 inspe-

155 2629 262 2686 lnde
294 2629 354 2684 ad
381 2629 559 2685 locum
600 2625 913 2697 baptisterii
945 2639 1297 2695 percurrens,
1321 2622 1562 2693 lapidem
1589 2635 1728 2675 mar-
1826 2633 1943 2681 rate
1970 2624 2246 2694 increpuit
2275 2622 2457 2696 fragor
2495 2621 2585 2676 ille
2615 2620 2867 2687 tonitrui,
2902 2628 2962 2677 ut
2989 2636 3186 2678 omnes
3225 2625 3318 2695 qui
3347 2640 3450 2680 au-

156 2723 293 2777 moris
316 2737 637 2788 concavum,
685 2719 780 2790 qui
836 2734 1035 2789 aquam
1090 2715 1352 2787 baptismi
1386 2714 1725 2780 continebat,
1833 2716 2077 2783 dierunt,
2102 2728 2304 2787 magno
2358 2720 2509 2768 metu
2572 2719 2628 2768 et
2692 2713 3084 2768 ammiratione
3111 2723 3451 2771 concuteret.

156 2814 424 2869 minutatim
451 2811 750 2883 confregit.
785 2810 1030 2881 Indeque
1072 2810 1126 2863 in
1167 2814 1409 2863 montem
1443 2806 1589 2877 Syon
1610 2819 1732 2875 per—
1838 2810 1971 2863 Item
2000 2821 2190 2861 mense
2218 2804 2365 2860 Julio
2396 2805 2451 2858 in
2491 2803 2727 2859 diversis
2783 2804 2920 2859 locis
2957 2820 3159 2879 magna
3189 2806 3459 2863 tonitrua—

156 2903 333 2969 volans,
384 2902 579 2959 turrim
630 2899 876 2956 basilica:
934 2897 1360 2970 pulcherrimam
1416 2912 1478 2951 ex
1540 2910 1737 2970 magna
1839 2917 1959 2956 mm
1992 2906 2047 2955 et
2087 2898 2481 2972 fulgurantium
2528 2903 2921 2969 tempestatum
2990 2898 3277 2956 detonavit
3328 2917 3463 2973 pro-

166 3000 294 3061 parte
320 2989 605 3064 perfregit.
1852 2988 1992 3044 cella
2018 3007 2035 3054 ;
2062 2987 2161 3042 sed
2180 2986 2232 3041 in
2261 2996 2440 3042 castro
2473 2985 2824 3042 Laudunensi
2855 2986 2979 3057 plus
3010 3003 3173 3059 quam
3202 2987 3339 3045 alias
3377 2991 3462 3047 vis

213 3083 353 3139 1148.
576 3082 665 3135 11.
853 3079 940 3134 12.
1164 3079 1255 3133 12.
1474 3079 1526 3131 4.

1935 3077 2199 3148 npestatis
2228 3074 2481 3132 deseviit.
2518 3074 2650 3129 Nam
2683 3074 2739 3130 in
2766 3076 3104 3131 monasterio
3132 3078 3308 3133 sancti
3340 3079 3466 3136 Vin-

227 3174 489 3230 Cunradus
508 3178 572 3229 et
598 3172 923 3227 Ludowicus
954 3186 1135 3244 reges,
1166 3171 1260 3242 qui
1286 3169 1574 3241 superiore
1604 3180 1752 3221 anno
1778 3132 1828 3201 C
1859 3168 2051 3237 centii,
2078 3184 2200 3223 cum
2233 3166 2922 3236 monachicompletorium
2949 3173 3233 3230 canerent,
3253 3165 3463 3222 fulmen

171 3279 277 3319 cum
296 3261 505 3318 inﬁnito
526 3260 776 3317 exercitu
807 3258 1038 3331 profecti
1070 3257 1289 3313 fuerant
1327 3265 1479 3313 trans
1511 3271 1681 3322 mare,
1702 3261 1762 3309 ut
1860 3257 2055 3329 irrupit
2082 3255 2389 3322 basilicam,
2421 3262 2477 3310 et
2504 3255 2643 3310 duos
2690 3256 2992 3312 monachos
3028 3257 3085 3311 in
3114 3258 3286 3313 choro
3315 3265 3471 3313 stan—

180 3371 397 3430 paganos
424 3353 795 3419 debellarent,
828 3350 998 3407 nichil
1029 3366 1290 3423 prospere
1340 3350 1589 3406 fecerunt
1618 3348 1761 3414 {sed
1862 3353 1947 3402 tes
1975 3345 2246 3417 percussit
2260 3353 2315 3400 et
2340 3344 2571 3398 extinxit
2602 3361 2617 3411 ;
2649 3344 2781 3399 inde
2827 3345 2896 3400 ad
2923 3346 3101 3415 majus
3144 3347 3314 3403 altare
3342 3363 3471 3419 per-

182 3445 328 3500 tantis
361 3443 642 3500 exercitus
661 3456 850 3497 eorum
910 3438 1126 3494 attritus
1154 3445 1236 3493 est
1284 3436 1622 3502 infortuniis,
1647 3444 1762 3491 tum
1863 3437 2077 3501 volans,
2108 3434 2283 3506 pallas
2299 3433 2498 3504 lineas,
2524 3449 2647 3504 quae
2706 3435 2877 3490 altare
2905 3435 3183 3500 vetabant,
3240 3439 3471 3495 exussit.

185 3530 329 3600 fame,
355 3540 465 3588 tum
496 3530 853 3597 mortalitate,
881 3535 998 3584 tum
1030 3528 1176 3583 ferro
1202 3526 1464 3594 hostium,
1496 3532 1557 3581 ut
1586 3525 1656 3579 de
1683 3529 1764 3581 tot
1862 3526 2073 3582 Accidit
2123 3531 2304 3580 autem
2354 3524 2432 3578 ibi
2477 3523 2740 3595 quiddam
2793 3524 3068 3594 mirabile,
3127 3528 3260 3599 quia
3301 3530 3479 3600 major

168 3625 366 3681 milibus
392 3633 499 3680 tam
544 3622 788 3693 copiosa:
828 3618 1197 3676 multitudinis
1249 3617 1340 3673 vix
1395 3617 1555 3689 pauci
1604 3630 1767 3687 repa-
1866 3619 2034 3691 palla,
2061 3634 2186 3689 quas
2215 3618 2457 3688 desuper
2482 3623 2655 3672 totum
2686 3617 2856 3673 altare
2871 3620 3171 3687 ambiebat,
3211 3621 3338 3678 aliis
3359 3624 3482 3695 pal-

173 3720 455 3776 ίγίειγει-ίηι,
484 3720 555 3775 Et
586 3717 840 3790 quamvis
870 3714 1109 3781 occulto,
1140 3729 1251 3786 quo
1283 3712 1545 3775 nescitur,
1580 3711 1676 3766 Dei
1686 3712 1773 3781 ju-
1869 3705 1939 3760 lis
1969 3705 2312 3772 ardentibus,
2364 3706 2562 3761 ardere
2617 3722 2729 3762 non
2794 3710 2994 3777 potuit.
3025 3711 3235 3767 Dicitur
3271 3721 3480 3784 autem,

168 3808 294 3864 dicio
316 3811 427 3865 haec
463 3806 798 3873 acciderint,
825 3810 1039 3861 constat
1086 3810 1294 3869 tamen,
1323 3801 1454 3872 quia
1480 3801 1537 3856 in
1559 3800 1776 3858 hostico
1876 3795 2025 3868 quod
2054 3796 2161 3851 alia
2176 3796 2350 3851 multa
2378 3796 2436 3851 in
2490 3796 2687 3852 eadem
2734 3797 2962 3854 basilica
2991 3815 3057 3855 ex
3097 3801 3207 3857 ictu
3237 3802 3486 3861 fulminis

175 3900 256 3956 itlo
283 3901 447 3957 multa
472 3899 716 3962 scelera,
742 3896 913 3951 multa
939 3895 1133 3951 illicita
1172 3903 1226 3950 et
1258 3893 1535 3967 ﬂagitiosa
1563 3899 1776 3964 patrata
1879 3884 2199 3941 acciderunt
2229 3902 2243 3950 ;
2285 3884 2384 3940 sed
2425 3883 2710 3941 sufﬁeiunt
2756 3885 2859 3941 ista
2913 3888 2984 3942 ad
3013 3893 3481 3964 cognoscendum,

179 3995 290 4044 sunt
308 3989 373 4044 ab
390 3989 494 4055 eis,
522 3991 583 4043 et
604 3985 676 4041 ob
711 3985 815 4040 hoc
837 3983 917 4038 ira
946 3982 1041 4037 Dei
1098 3981 1434 4036 ascendente
1464 3995 1632 4051 super
1658 3994 1772 4047 eos,
1876 3984 2118 4050 quantus
2145 3978 2217 4031 sit
2269 3983 2447 4033 terror
2491 3977 2693 4032 divinat
2739 3977 3122 4036 districtionis.
3153 3982 3483 4041 Cameracus

186 4082 346 4136 omnis
376 4086 615 4138 conatus
645 4092 833 4133 eorum
869 4076 923 4130 in
957 4089 1192 4130 vacuum
1237 4073 1419 4129 cessit.
1477 4072 1587 4127 Nec
1618 4069 1779 4125 facile
1880 4068 2072 4123 civitas
2102 4082 2167 4123 ex
2198 4084 2396 4143 magna
2426 4077 2578 4140 parte
2609 4069 2693 4123 sui
2743 4068 3003 4126 incendio
3029 4070 3409 4146 conﬂagravit,
3435 4082 3491 4130 et

188 4169 417 4227 invenies
444 4172 568 4225 sive
588 4162 647 4222 in
662 4166 939 4237 hystoriis,
966 4165 1153 4221 sivein
1184 4163 1500 4231 annalibus,
1532 4161 1681 4234 quod
1711 4159 1779 4215 ab
1880 4155 2207 4227 principalis
2234 4156 2483 4211 aecclesia
2509 4171 2634 4211 cum
2653 4156 2890 4214 claustro
2919 4166 2975 4213 et
2995 4157 3199 4229 palatio
3229 4159 3492 4232 episcspi,

185 4264 388 4318 exordio
414 4259 838 4318 christianitatis
865 4273 1041 4329 usque
1094 4257 1163 4312 ad
1212 4264 1430 4327 tempus
1460 4253 1603 4309 istud
1634 4258 1784 4307 tanta
1882 4248 2279 4305 monasterium
2311 4250 2473 4305 etiam
2514 4250 2655 4305 beati
2708 4250 2978 4307 Autberti.
3036 4252 3146 4308 Hoc
3174 4252 3339 4308 etiam
3393 4270 3498 4309 an-

187 4353 457 4410 multitudo
482 4350 682 4425 populi
714 4350 808 4405 Dei
839 4348 1146 4405 tamsubito
1176 4355 1231 4403 et
1261 4355 1367 4402 tam
1393 4344 1786 4401 miserabiliter
1806 4401 1861 4425 n
1886 4358 1959 4398 no
1987 4342 2057 4376 3“
2079 4342 2425 4397 combustum
2469 4350 2552 4397 est
2595 4343 2914 4399 caanobium
2944 4345 3118 4401 sancti
3147 4345 3393 4417 Sepulcri
3442 4346 3499 4400 in
3548 4396 3555 4407 ,

190 4401 454 4410 _-__._____,
483 4401 681 4425 μμ--
714 4401 808 4405 ,η
1046 4401 1049 4402 ν
1186 4401 1225 4403 -.
1304 4401 1309 4402 ,
3221 4401 3233 4417 ,
3330 4401 3337 4402 ,

187 4441 489 4512 deperierit,
532 4441 678 4496 sicut
716 4454 866 4494 nunc
897 4437 1100 4493 factum
1156 4445 1257 4491 est.
1312 4434 1587 4510 Eugenius
1643 4449 1786 4505 papa
1806 4401 1863 4470 D
1889 4430 2084 4485 eadem
2114 4429 2273 4486 urbe.
2294 4433 2487 4502 paucis
2511 4432 2672 4487 annis
2701 4449 2732 4487 a
2762 4432 2929 4503 priori
2959 4433 3079 4503 ejus
3105 4434 3500 4491 combustione

194 4529 409 4587 collecta
432 4528 687 4607 generali
740 4527 951 4600 synodo
982 4526 1189 4593 Remis,
1248 4524 1420 4580 multa
1449 4539 1615 4596 super
1646 4530 1791 4578 statu
1892 4521 2204 4578 transactis.

1502 4621 1721 4676 VARI/ﬁ
1770 4619 2152 4676 LECTIONES.

258 4699 324 4735 ³⁸⁸
348 4703 446 4756 Hic
479 4700 689 4755 desinit
720 4698 809 4755 F3.
844 4699 1035 4753 ultimo
1052 4698 1187 4764 folio
1213 4696 1429 4750 amisso.

207 4900 447 4911 -—-—————-

612 5020 1654 5166 AUCTARIUM
1766 5020 3104 5152 GEMBLACENSE.

268 5254 356 5319 1ζ,
381 5269 584 5309 manus
609 5270 656 5308 δ.
688 5257 779 5306 XII
796 5254 1009 5320 scripsit
1027 5254 1143 5319 post
1173 5265 1226 5303 α.
1254 5248 1419 5320 1131.
1446 5255 1501 5320 et
1526 5254 1654 5302 ante
1690 5263 1743 5302 a.
1918 5249 1991 5303 tia
2017 5249 2282 5305 orationis
2309 5249 2465 5315 adiit,
2514 5254 2569 5304 et
2623 5255 2746 5319 post
2775 5247 2992 5319 expleta
3050 5248 3157 5319 piae
3214 5249 3528 5306 devotionis

488 5324 650 5381 “37-
680 5325 875 5377 εαάειη
892 5318 1090 5376 habent
1122 5321 1249 5374 33"-
1278 5319 1365 5373 1³1·
1397 5319 1451 5372 2·
1476 5318 1529 5374 3-
1917 5337 2211 5409 obsequia,
2238 5336 2486 5413 angelica
2507 5318 3260 5406 allocutioneicommOnitus,
3292 5336 3530 5393 Alexan-

267 5432 391 5486 771.
433 5431 611 5502 Caput
651 5430 917 5486 Johannis
966 5428 1219 5499 baptistae
1276 5425 1344 5480 ab
1394 5426 1722 5482 Alexandria
1760 5424 1817 5481 in
1918 5426 2092 5481 driam
2123 5426 2406 5498 expetivit,
2438 5434 2493 5483 et
2512 5433 2678 5498 caput
2706 5426 2961 5497 baptistae
2991 5426 3220 5482 Joannis
3250 5443 3281 5481 a
3307 5426 3531 5492 loco,in

205 5519 552 5591 Aquitaniam
603 5517 925 5573 transfertur
964 5518 1067 5572 hoc
1095 5515 1283 5570 modo.
1342 5514 1570 5579 Quidam
1604 5514 1818 5570 Lauda-
1916 5534 2026 5591 quo
2051 5517 2183 5574 olim
2213 5535 2244 5572 a
2268 5519 2595 5589 TheOphilo,
2645 5519 2894 5588 ejusdem
2934 5520 3089 5575 urbis
3113 5520 3401 5592 episc0po,
3435 5533 3530 5572 re-

204 5612 329 5667 bilis
355 5613 488 5667 vitae
508 5611 835 5677 monachus,
890 5609 1115 5665 nomine
1171 5606 1497 5675 Felicianus,
1529 5622 1595 5662 ex
1621 5607 1819 5664 Gallia-
1920 5607 2207 5665 conditum
2263 5605 2461 5673 fuerat,
2493 5607 2690 5663 eodem
2717 5609 2917 5682 angelo
2971 5608 3250 5666 revelante
3290 5605 3533 5671 sustulit,

208 5721 321 5761 rum
362 5706 638 5779 partibus,
678 5720 803 5761 cum
832 5704 1020 5777 paucis
1050 5702 1218 5760 sociis
1248 5701 1822 5778 Hierosolimam‘gra-
1922 5705 1978 5753 et
2011 5696 2081 5752 ad
2104 5694 2452 5767 Aquitaniam
2498 5695 2556 5750 in
2612 5696 2885 5753 territorio
2937 5696 3257 5770 Engolismo
3313 5692 3533 5749 detulit.

508 5838 809 5901 PATROL.
862 5834 1057 5900 CLX.
3170 5825 3207 5887 9
