3876 6208
365 373 465 425 267

1572 343 1919 402 SlGEBERTl
1961 339 2471 394 GEMBLACENSIS.

3589 342 3701 398 268

364 497 627 567 Pippinus
654 508 751 548 rex
769 499 901 546 tunc
938 483 1255 542 morabatur
1275 479 1482 534 ibidem
1511 478 1566 531 in
1589 467 1965 567 palatio-,quod
1999 471 2045 537 Α
2268 465 2346 535 (ν.
2375 463 2770 567 Lamb..)-G-ens.
2812 463 3310 567 Thessandrorum,
3512 481 3700 536 usque

365 555 716 660 Angiriacum
749 579 971 643 dicitur,
1003 585 1370 641 cernensque,
1402 583 1503 638 per
1539 580 1665 619 eum
1695 560 1973 660 cotidiana
2173 557 2234 655 id.
2260 555 2826 660 temporis-idolatria
2854 557 3139 660 erroribus
3168 564 3315 656 esset
3341 558 3554 625 dedita,
3580 572 3702 660 pre:

368 644 647 748 indigenis
690 665 981 727 beneﬁcia,
1039 662 1254 731 sibique
1318 656 1540 711 crebras
1597 668 1662 706 ex
1722 647 1972 704 hostibus
2073 646 2349 700 dicatione
2380 645 2553 698 sancti
2596 644 2867 699 Lamberti
2907 645 3277 716 Trajectensis
3317 647 3578 718 episcopi
3629 646 3701 700 ad

367 735 706 830 Aquitanicis
757 754 1016 810 victorias
1047 746 1356 822 provenire,
1392 743 1530 818 regii
1560 738 1745 811 operis
1783 735 1974 791 basili-
2075 736 2238 791 fidem
2273 735 2464 790 Christi
2498 736 2837 791 convertitur
2879 736 2967 792 ³9⁸.

371 827 489 905 eam
545 848 868 913 construxit,
919 860 1028 900 non
1065 845 1288 913 longea
1336 834 1585 891 Vulturni
1639 827 1974 885 fluminisli-

2145 826 2269 882 710.
2305 825 2686 900 ExtuncLegia
2716 827 2976 895 exaltata,
3024 835 3080 883 et
3109 828 3164 882 in
3221 827 3420 884 urbem
3464 836 3552 883 est
3582 844 3707 883 am-

372 948 507 1006 tore,
538 938 669 994 etin
689 953 754 991 ea
774 936 982 991 ciborio
1031 934 1348 987 constructo
1395 921 1614 979 miriﬁci
1648 919 1855 991 operis,
1884 933 1977 972 ca—
2081 916 2248 988 pliata
2268 915 2356 971 3”.

374 1042 470 1105 put
499 1035 760 1089 decenter
781 1032 1100 1086 adornatum
1137 1022 1446 1080 recondidit
1477 1016 1816 1092 precursoris
1863 1014 1980 1105 Illio-

2152 1007 2272 1061 711.
2310 1006 2385 1073 (S.
2420 1006 2558 1062 Oda.
2583 1050 2592 1060 .
2618 1050 2628 1061 .
2653 1049 2665 1062 .
2706 1006 2938 1078 quievit)
2993 1007 3050 1061 in
3102 1008 3231 1063 villa
3264 1024 3434 1079 super
3488 1008 3702 1063 Mosam

379 1093 678 1184 nachorum
707 1125 874 1178 etiam
891 1119 1204 1177 caanobium
1234 1115 1346 1170 illic
1366 1109 1670 1174 constituit,
1698 1112 1752 1162 et
1773 1103 1983 1176 prediis
2083 1094 2207 1160 Sila,
2239 1109 2360 1165 quae
2381 1093 2583 1148 ἀὶοίιυῐ·
2611 1094 2957 1149 Ammanium
2983 1095 3079 1144 ³⁹⁰η

375 1222 522 1294 regis
539 1216 827 1292 magnifice
859 1211 1050 1268 ditavit
1074 1209 1163 1262 ³⁸⁷.
1567 1290 1577 1294 Α
1803 1290 1810 1294 Δ
1921 1281 1931 1291 ⁸

444 1287 568 1366 376.
605 1287 758 1364 R'ollo
791 1305 898 1359 dux
929 1297 1318 1357 Normanniam
1340 1309 1463 1349 cum
1496 1290 1612 1346 suis
1651 1287 1979 1358 penetravit,

375 1412 429 1458 et
458 1404 524 1458 53
544 1399 704 1456 annis
730 1399 786 1452 in
805 1413 869 1451 ea
906 1393 1175 1468 regnavit.
1225 1389 1300 1442 Ab
1334 1387 1438 1441 hoc
1469 1382 1750 1468 derivatur
1777 1389 1983 1468 genea-

376 1493 522 1568 logia
547 1492 748 1546 ducum
797 1487 1237 1541 Normannorum
1289 1485 1344 1532 et
1380 1489 1594 1549 regum,
1653 1467 1746 1540 qui
1805 1480 1870 1518 ex
1902 1461 1984 1516 eis
2084 1471 2140 1519 tu

377 1562 509 1648 nati,
535 1580 857 1652 profuerunt
877 1570 1226 1645 postmodum
1267 1565 1419 1641 genti
1461 1562 1778 1636 Anglorum.

381 1717 442 1780 1η
493 1715 715 1767 natione
738 1707 1064 1784 deieasjs,‘
1083 1704 1176 1784 qui
1203 1706 1254 1784 et
1282 1715 1336 1753 a.
1368 1687 1982 1784 1‘13‘1-J1tgmexara3ig.

449 1755 1159 1843 Εὲἷᾶἑὶἦὶῖαῐὲἓιῖῇέέέζ¹<ἕαί
1195 1763 1602 1843 aes-anilem.“
1617 1761 1756 1843 991‘.
1828 1755 1982 1843 ψη.

2156 1186 2278 1242 714.
2311 1186 2543 1245 Sanctus
2575 1185 2848 1240 Hubertus
2877 1186 3184 1242 construxit
3221 1192 3276 1241 et
3306 1186 3582 1241 reditibus
3611 1185 3704 1239 di-

2086 1276 2217 1331 tavit
2242 1275 2633 1329 monasterium
2667 1275 2841 1329 sancti
2867 1274 3004 1328 Petri
3037 1276 3090 1328 in
3115 1275 3318 1331 Leodio
3347 1274 3438 1340 3F”.

2155 1373 2278 1429 735.
2310 1373 2472 1442 (Obiit
2508 1379 2734 1427 sanctus
2771 1371 3066 1442 Hubertus)
3131 1371 3388 1427 Succedit
3441 1371 3708 1426 Florber-

2145 1481 2171 1519 s
2191 1465 2279 1518 389.

2154 1552 2276 1608 771.
2312 1552 2460 1605 Idem
2493 1567 2585 1605 rex
2618 1551 2917 1622 (Pippinus)
2957 1551 3300 1608 fecitfontem
3334 1553 3706 1618 lacunarium,

2087 1642 2154 1695 de
2193 1656 2302 1712 quo
2334 1657 2363 1694 a
2389 1641 2607 1694 duobus
2645 1639 2761 1694 fere
2793 1640 3134 1695 milibussub
3151 1647 3315 1707 terra,
3348 1657 3448 1711 per
3477 1641 3704 1696 edificia

2087 1732 2444 1797 cementaria,
2488 1732 2542 1785 in
2574 1731 2833 1802 palatium
2874 1732 2995 1799 ejus
3026 1732 3371 1802 aqueductus
3404 1732 3700 1797 influebat,

453 1803 1034 1910 itii-iiiiliii'lai1iii'o‘is.
1827 1803 1986 1898 ('JéeEi
2015 1803 2064 1871 Β
2085 1831 2138 1878 et
2169 1823 2341 1894 ipsam
2365 1822 2622 1877 dividens
2649 1838 2870 1893 aquam,
2901 1823 2956 1876 in
2981 1822 3268 1878 basilicam
3299 1823 3476 1878 sancti
3497 1823 3713 1878 Johan-

453 1925 594 1980 ma
624 1924 638 1994 )
679 1922 732 1979 3.

450 2055 575 2108 465.
608 2052 796 2118 (Gneo.
838 2048 996 2115 Tun.)
1027 2047 1215 2098 Annus
1247 2055 1496 2113 presens,
1532 2036 1624 2108 qui
1651 2041 1734 2089 est
1759 2049 1790 2087 a
1816 2038 1989 2087 trans-

382 2148 458 2200 itu
501 2142 672 2198 sancti
701 2136 916 2195 Martini
959 2137 1049 2203 64,
1104 2127 1533 2188 reverentissimi
1587 2122 1835 2194 corporis
1872 2119 1992 2190 ejus

381 2234 736 2292 translatione
787 2227 1102 2301 insignitur.
1139 2224 1269 2278 Cum
1315 2220 1461 2275 enim
1519 2233 1586 2270 ea
1623 2210 1987 2285 prerogativa,

385 2342 491 2397 qua
509 2325 721 2387 vivens,
751 2319 914 2374 etiam
946 2320 1194 2370 mortuus
1248 2303 1669 2378 incomparabili
1701 2302 1984 2397 signorum

384 2390 686 2490 fulguraret
725 2409 970 2467 claritate
1009 2426 1025 2461 :
1089 2405 1283 2459 beatus
1341 2401 1670 2490 Perpetuus,
1704 2390 1990 2490 Turonica:

383 2483 618 2562 civitatis
645 2503 894 2568 antistes,
921 2515 1020 2570 pro
1053 2497 1223 2569 priori
1258 2492 1475 2549 edicula
1507 2488 1771 2560 templum
1800 2483 1989 2539 multze

383 2596 720 2661 ambitionis,
749 2594 966 2648 adeout
992 2596 1211 2645 centum
1233 2593 1288 2640 et
1324 2581 1529 2659 vigenti
1574 2580 1988 2647 columpnarum

384 2687 518 2741 mira
549 2682 913 2754 dispositione
962 2676 1257 2733 subnixum
1317 2680 1490 2728 totum
1548 2672 1987 2754 concamerarct,

381 2789 549 2844 snper
568 2751 694 2826 eum
743 2767 1041 2832 edificavit,
1092 2777 1403 2834 corpusque
1461 2763 1762 2814 sanctuma
1800 2751 1991 2823 sepul-

384 2866 515 2918 chro
540 2863 833 2926 elevatum,
872 2860 906 2913 Δ
943 2857 1124 2912 Nonas
1154 2853 1305 2920 Julii,
1353 2865 1538 2906 annuo
1566 2846 1828 2903 videlicet
1852 2857 1988 2897 con-

381 2952 706 3008 secrationis
733 2950 852 3019 ejus
896 2948 953 3001 in
983 2947 1304 3016 episcOpum
1355 2943 1467 3007 die,
1501 2940 1557 2993 in
1612 2938 1760 3002 loco,
1792 2934 1848 2988 in
1881 2947 1990 3004 quo

383 3057 532 3096 nunc
560 3047 872 3102 veneratur,
933 3034 1184 3110 angelico
1238 3031 1410 3086 fretus
1461 3027 1663 3082 auxilio
1691 3021 1988 3087 transtulit,

383 3134 677 3203 ipsumque
708 3127 972 3197 templum
992 3125 1187 3180 eodem
1219 3118 1615 3177 nichilominus
1641 3116 1730 3170 die
1745 3121 1988 3184 postmo-

383 3225 513 3278 dum
545 3219 837 3275 dedicavit.
861 3215 1015 3270 Undc
1047 3215 1126 3281 fit,
1159 3221 1218 3269 ut
1246 3213 1349 3267 sub
1406 3225 1518 3265 uno
1547 3208 1637 3262 die
1661 3204 1863 3276 triplici
1896 3217 1991 3257 oc-

385 3320 642 3370 currente
661 3309 978 3369 festivitate,
1009 3305 1358 3362 ordinatione
1398 3298 1992 3369 scilicetepiscopatus,

387 3401 748 3459 translatione
775 3395 1042 3466 corporis,
1084 3392 1431 3448 dedicatione
1487 3386 1730 3442 basilicae
1773 3391 1927 3447 suae,
1961 3381 1995 3433 4

389 3495 570 3549 Nonas
589 3490 718 3546 Julii
777 3487 1059 3542 annuatim
1112 3485 1308 3539 beatus
1336 3481 1598 3537 Martinus
1640 3473 1995 3545 sollempnis-

389 3584 531 3637 sima
557 3581 726 3635 totius
754 3573 1225 3647 comprovintialis
1256 3570 1446 3643 populi
1496 3569 1878 3640 frequentetur
1904 3562 1999 3616 de-

388 3675 630 3731 votione.
664 3673 838 3727 Locus
868 3678 1071 3735 autem,
1095 3667 1153 3722 in
1193 3682 1302 3738 quo
1329 3663 1762 3721 sacratissimum
1794 3671 1997 3728 corpus

389 3769 509 3836 ejus
528 3764 781 3838 quiescit,
807 3762 876 3818 ab
924 3761 1061 3816 urbe
1105 3759 1374 3814 Turonica
1432 3757 1776 3813 occidentem
1803 3764 1996 3807 versus

386 3859 536 3914 brevi
564 3855 922 3925 interjacente
945 3851 1366 3924 campiplanitie
1387 3850 1721 3920 disparatus,
1753 3851 1992 3900 castrum

386 3963 586 4004 novum
604 3952 848 4010 vocatur,
881 3943 974 3998 ubi
998 3943 1054 3996 in
1098 3942 1346 4013 predicto
1375 3940 1603 4011 templo,
1637 3937 1740 3992 sub
1779 3933 1994 3990 ciborio

384 4055 541 4106 auro,
574 4044 824 4111 argento,
856 4034 1205 4107 gemmisque
1261 4032 1480 4096 vestito,
1525 4031 1789 4084 decenter
1823 4025 1996 4080 collo-

384 4137 584 4195 catum,
617 4135 767 4184 tanta
795 4127 1181 4181 miraculorum
1230 4125 1534 4179 illustratur
1558 4117 1991 4194 magniﬁcentia,

384 4229 443 4277 ut
467 4229 582 4277 toto
603 4217 1017 4275 christianitatis
1054 4216 1189 4272 orbe
1207 4214 1573 4287 apostolicam
1600 4210 1832 4286 gloriam
1857 4207 1995 4279 opti-

386 4317 514 4367 neat
530 4311 620 4362 ³⁸⁸.

2090 1913 2176 1966 nis
2204 1912 2476 1981 baptistze,
2517 1926 2618 1980 per
2644 1910 2846 1965 ferrum
2914 1917 2968 1965 et
3013 1927 3090 1965 aes
3141 1911 3466 1977 introduxit,
3511 1912 3590 1966 ita
3653 1920 3713 1966 ut

2087 2003 2190 2058 sub
2251 2002 2458 2057 ciborio
2516 2017 2614 2072 per
2670 2017 3035 2057 marmoream
3091 2002 3410 2057 columnam
3467 2003 3709 2058 interius

2088 2107 2382 2147 concavam
2415 2090 2691 2154 ebulliret,
2720 2089 2908 2161 ibique
2939 2090 3079 2144 sacri
3107 2090 3459 2161 baptismatis
3491 2091 3706 2145 ablutio

2093 2179 2146 2234 in
2170 2181 2378 2235 honore
2402 2179 2615 2234 domini
2649 2179 2820 2233 nostri
2859 2178 2988 2234 Jesu
3004 2177 3270 2232 Christiet
3289 2179 3466 2234 sancti
3499 2178 3713 2233 Johan-

2090 2271 2178 2325 nis
2203 2271 2452 2340 baptistae
2484 2270 2662 2337 fieret,
2708 2277 2873 2341 atque
2936 2271 3130 2325 iterum
3189 2271 3245 2324 in
3276 2271 3397 2341 ipsa
3426 2271 3710 2326 lacunaria

2091 2367 2380 2413 remearet.
2425 2359 2536 2414 Hoc
2565 2357 2860 2413 cenobium
2889 2358 3142 2430 Angelisz
3169 2366 3398 2414 vocatur
3412 2359 3506 2414 ’3’.

2161 2451 2285 2504 849.
2319 2450 2411 2519 (De
2436 2455 2487 2505 S.
2516 2451 2732 2521 Helena)
2802 2449 3089 2505 recondita
3147 2450 3203 2504 in
3245 2449 3487 2506 cenobio
3528 2450 3704 2505 sancti

2093 2548 2261 2614 Petri,
2294 2548 2443 2619 quod
2477 2547 2848 2618 Altumvyleyr
2886 2547 3106 2602 dicitur.

2161 2639 2267 2695 890
2297 2640 2502 2694 Franco
2529 2639 2828 2709 episc0pus
2857 2637 3158 2710 adquisivit
3210 2637 3563 2709 episcopatui
3622 2639 3714 2693 Le-

2091 2731 2268 2806 giensi
2301 2731 2577 2785 abbatiam
2605 2730 2934 2785 Lobiensem
2961 2738 3015 2785 et
3047 2729 3462 2801 preposituram
3496 2731 3717 2786 Fossen-

2092 2835 2209 2874 sem
2237 2835 2360 2874 cum
2385 2817 2738 2889 appendiciis
2763 2818 2900 2873 suis.

2159 2910 2265 2965 958
2308 2910 2581 2981 (Erluinus
2618 2927 2675 2980 p.
2735 2926 2784 2963 a.
2826 2909 2911 2976 G.)
2943 2924 2975 2963 a
3032 2907 3363 2979 quibusdam
3424 2910 3714 2965 contrariis

2091 3012 2294 3060 sancta:
2323 3004 2580 3078 religioni
2611 3003 2682 3038 ⁸⁰⁰
2709 3004 2771 3075 (l.
2806 3020 2862 3070 o,
2892 3003 2989 3074 p.).

2161 3097 2263 3151 987
2316 3095 2572 3150 Succedit
2602 3095 2950 3149 Heriwardus
2970 3093 3140 3162 (376.1

2162 3186 2288 3239 991.
2349 3183 2495 3240 Obiit
2552 3183 2860 3238 Hervardus
2906 3183 3123 3249 abbas;
3175 3182 3427 3238 succedit
3456 3183 3708 3240 Erluinus

2090 3272 2304 3342 junior.

2169 3365 2326 3420 1012.
2360 3363 2543 3418 Abbas
2576 3362 2832 3417 Erluiuus
2856 3361 3044 3430 junior
3070 3361 3207 3417 obit.

2167 3453 2326 3506 1037.
2387 3457 2466 3517 (Α.
2523 3452 2694 3521 Leod.)
2745 3450 2892 3506 Obiit
2951 3449 3297 3525 Reginardus
3357 3449 3706 3522 episcopus;

2099 3543 2348 3599 succedit
2372 3542 2677 3598 Nihardus.

2169 3631 2326 3686 1042.
2355 3633 2474 3698 (1b.)
2503 3631 2646 3686 Obiit
2667 3629 2937 3684 Nihardus
2963 3629 3281 3700 episcopus.

2166 3719 2325 3774 1048.
2358 3718 2553 3773 Abbati
2569 3718 2790 3774 Olberto
2816 3718 3065 3772 succedit
3091 3716 3269 3788 Mysac
3296 3717 3466 3788 (376).

2169 3809 2325 3866 1072.
2363 3809 2505 3864 Obiit
2535 3809 2708 3864 abbas
2738 3810 2917 3881 Mysac
2947 3827 2962 3870 ς
2994 3808 3248 3864 succedit
3277 3809 3606 3864 Tietmarus.

2166 3902 2327 3956 1092.
2358 3901 2502 3957 Obiit
2552 3901 2864 3957 'Iietmarus
2913 3901 3132 3966 abbas;
3185 3901 3440 3956 succedit
3497 3901 3700 3955 Lietar-

2097 3995 2219 4050 dus.

2205 4107 2282 4162 10.
2310 4124 2510 4164 manus
2538 4123 2582 4163 δ.
2637 4111 2734 4162 XII
2755 4107 2947 4232 aged?
2975 4107 3165 4232 geriem
3211 4105 3415 4161 habent
3471 4103 3598 4162 83‘.

2167 4291 2325 4348 1010.
2371 4293 2428 4346 ln
2469 4290 2704 4346 cenobio
2735 4290 3043 4345 Florinensi
3100 4305 3200 4360 pro
3229 4288 3473 4351 clericis,
3513 4289 3604 4360 qui
3635 4286 3696 4342 ad

452 4400 559 4454 564
616 4397 712 4452 Hic
741 4395 1029 4452 Lotharius
1091 4393 1388 4449 cenobium
1445 4389 1620 4445 sancti
1650 4385 1892 4442 Medardi
1933 4386 1990 4439 in
2017 4449 2058 4454 _
2095 4380 2199 4435 hoc
2228 4395 2404 4452 usque
2441 4386 2657 4450 tempus
2688 4378 3078 4435 deserviebant
3129 4378 3228 4446 ibi,
3287 4377 3548 4432 monachi
3580 4383 3696 4431 sunt

381 4491 697 4547 Suessionis
723 4489 942 4545 civitate
969 4485 1274 4542 construxit
1317 4491 1372 4539 et
1429 4483 1582 4557 regia
1612 4477 1994 4536 munificentia
2017 4449 2074 4518 D
2093 4472 2396 4528 constituti.

381 4579 608 4646 dolavit,
635 4586 690 4633 et
721 4579 776 4632 in
796 4593 863 4632 eo
882 4576 1177 4647 sepulturae
1208 4575 1389 4630 locum
1421 4572 1640 4643 accepit
1659 4571 1750 4624 33°.

451 4671 574 4724 592.
620 4670 715 4723 llic
740 4670 1066 4740 (Gregorius)
1099 4666 1362 4732 decrevit,
1395 4673 1456 4720 ut
1481 4663 1738 4720 monachi
1770 4663 1827 4717 in
1856 4660 1988 4718 offi-

381 4759 468 4814 cio
497 4757 856 4812 sacerdotalis
879 4757 1081 4831 gradus
1109 4764 1337 4811 utantur
1363 4761 1632 4826 potestate
1671 4751 1882 4827 ligandi
1917 4758 1994 4806 at-

383 4865 493 4921 que
529 4847 873 4904 solvendi”.

453 4942 582 4997 651.
616 4941 709 4996 Cui
749 4943 1032 5014 (Remeato)
1061 4940 1326 4996 successit
1390 4939 1448 4994 in
1506 4937 1810 5011 pontificali
1844 4937 1992 5012 regi-

383 5038 533 5092 mine
559 5042 782 5091 sanctus
805 5035 1160 5090 Theodardus
1191 5035 1260 5068 ³⁸9
1299 5033 1399 5102 (Cf.
1435 5038 1576 5088 Ann.
1610 5032 1818 5103 Laub.).

452 5131 577 5186 688.
614 5129 966 5184 Innocentius
991 5128 1118 5182 38us
1160 5127 1312 5197 pacis
1342 5126 1592 5197 osculum
1625 5125 1868 5181 decrevit
1896 5126 1993 5180 da-

387 5223 430 5276 ri
461 5222 552 5277 390.

2164 4560 2320 4616 1015.
2348 4560 2629 4615 Baldricus
2667 4560 2964 4630 episcopus
3013 4558 3393 4613 Florincnsem
3425 4557 3689 4612 abbatiam

2095 4649 2393 4721 adquisivit
2417 4649 2467 4704 ei
2491 4649 2579 4703 cui
2599 4656 2816 4718 preerat
2859 4647 3184 4703 Leodicensi
3225 4647 3594 4718 episcopatui.

2165 4738 2322 4793 1088.
2355 4737 2742 4792 Monasterium
2795 4736 2967 4791 sancti
3023 4735 3292 4792 Johannis
3358 4734 3414 4789 in
3473 4732 3688 4790 Florinis

2093 4837 2474 4887 concrematur
2501 4845 2647 4885 anno
2676 4827 3018 4903 sexagesimo
3058 4827 3303 4883 secundo
3355 4843 3471 4882 suae
3513 4839 3690 4882 conse-

2094 4925 2378 4980 cratiouis.

2215 5035 2283 5090 1ι.
2316 5050 2516 5090 manus
2542 5049 2586 5089 s.
2617 5037 2713 5087 XII
2759 5047 2828 5087 ex
2855 5031 3053 5085 Eadem
3076 5031 3276 5086 habent
3312 5030 3406 5087 F1.
3447 5030 3502 5084 2.
3530 5027 3562 5084 3

2664 5107 2773 5174 (cui
2783 5104 2922 5158 deest
2955 5101 3134 5173 1133).

2165 5219 2324 5274 1133.
2353 5219 2467 5274 Rex
2505 5216 2800 5292 Anglorum
2853 5210 3142 5270 Heinricus
3195 5213 3336 5269 obiit
3379 5228 3566 5268 mense
3594 5211 3684 5264 De-

1738 5320 1956 5376 VARIIE
1979 5320 2353 5376 LECTIONES.

452 5423 518 5457 ³³7
557 5424 763 5492 partim
801 5425 860 5475 in
910 5437 1106 5474 rasura
1147 5420 1379 5474 duarum
1435 5419 1722 5485 linearum,
1763 5423 1976 5491 reliqua
2031 5424 2090 5474 in
2119 5424 2380 5488 margine.
2447 5423 2578 5475 Tum
2628 5420 2716 5483 1η.
2762 5419 3000 5488 adjecit:
3038 5419 3199 5492 γωδ
3229 5416 3421 5472 folium
3454 5412 3672 5492 ad‘i‘stud

380 5494 600 5567 signum
633 5499 682 5556 0,
708 5499 772 5567 et
817 5498 874 5546 in
925 5494 1050 5567 folii
1086 5495 1232 5567 versi
1258 5492 1502 5567 margine
1552 5495 1756 5560 pergit:
1787 5494 1989 5567 (iidem
2018 5497 2110 5547 etc.
2141 5498 2198 5546 ut
2227 5495 2415 5547 statim
2445 5492 2696 5545 dabimus
2724 5492 2822 5544 sub
2857 5494 2941 5553 1η.

379 5564 646 5633 margine.
678 5565 748 5599 ³⁹⁰
785 5567 926 5618 inter
947 5565 1134 5618 lineas.
1169 5564 1232 5596 39'
1261 5565 1319 5615 in
1360 5579 1555 5616 rasura
1597 5568 1761 5616 unius
1792 5565 1946 5618 linea:

3037 5490 3105 5524 ³⁵⁸
3127 5492 3184 5542 in
3228 5505 3452 5542 rasura.
3522 5487 3584 5520 ³⁸³
3620 5486 3670 5536 in

1945 5656 2150 5718 NOTAE.

451 5737 594 5810 (376)
619 5733 1052 5791 Gemblacensis.
