3876 6208
373 360 471 416 271
1578 338 1926 399 SIGEBERTI
1965 337 2478 393 GEMBLACENSIS.
3602 346 3709 402 272

376 485 686 555 Omnesque
718 480 846 536 huic
869 479 1092 535 decreto
1124 475 1361 532 rebelles
1399 467 1898 532 anathematizavit,
1927 473 1982 520 et
2006 468 2059 536 Α
2079 480 2275 555 manus
2306 464 2391 519 vel
2415 479 2597 537 genua
2624 479 2723 519 seu
2749 466 2857 521 alio
2907 468 3156 538 quolibet
3185 470 3374 536 modo,
3417 487 3548 526 cum
3570 488 3709 545 qua-

376 576 487 632 nisi
515 552 931 645 resipiscerent,
961 570 1111 625 bona
1139 584 1328 624 eorum
1349 564 1619 638 publicari
1645 562 1733 616 ‘03.
2084 553 2207 607 dam
2236 552 2715 608 animadversione
2738 554 3091 623 prohibebat,
3139 557 3331 613 dicens
3357 574 3418 614 se
3450 560 3533 615 eis
3565 561 3710 617 hunc

446 664 606 721 1048.
635 661 853 717 Odiloni
881 657 1226 715 Cluniacensi
1265 656 1417 731 Hugo
1468 650 1819 709 venerandus
1844 648 1982 703 sub-
2085 663 2290 704 morem
2334 647 2648 721 indulgere,
2680 647 3003 721 futurosque
3053 658 3177 721 post
3205 668 3264 707 sc
3294 654 3586 709 asserebat
3613 655 3713 709 huc

380 753 629 810 stituitur
657 751 746 805 ‘0‘.

2175 752 2237 791 ce
2265 742 2549 791 exactores
2571 737 2905 792 reverentie.
2937 738 3048 794 Nec
3061 738 3165 794 ista
3192 746 3377 796 tamen
3399 740 3709 797 referentes

453 844 613 902 1076.
664 841 972 899 Lietbertus
1016 840 1307 911 episcOpus
1379 830 1790 891 Cameracensis
1845 826 1984 891 obit,
2089 827 2147 881 in
2173 842 2270 882 eos
2296 826 2626 892 invehimur,
2659 826 2754 898 qui
2815 827 2932 884 haec
2970 844 3122 884 more
3174 830 3570 887 aecclesiastico
3599 831 3709 886 sibi

381 939 472 996 cui
516 934 786 992 Gerardus
832 931 1077 988 succedit
1115 931 1204 985 ‘05.
1262 928 1562 984 Balduinus
1614 939 1773 995 puer,
1824 920 1992 975 frater
2090 925 2463 993 congruenter
2490 918 2680 972 sinunt
2709 917 2852 972 fieri.
2891 919 3139 975 Prefatus
3192 921 3443 992 pontifex
3470 939 3711 980 cernens

384 1025 590 1084 Amulli
612 1024 779 1081 occisi
823 1024 891 1077 ad
930 1020 1301 1095 Doncngium,
1355 1016 1580 1072 bellavit
1608 1019 1800 1070 contra
1827 1026 1986 1065 exer-
2092 1013 2316 1068 eosdem
2346 1012 2537 1067 fratres
2559 1011 2706 1066 haud
2737 1012 2980 1086 segniter
3019 1013 3223 1070 instare
3267 1018 3434 1071 rebus
3481 1018 3709 1089 coeptis,

384 1119 551 1174 citum
586 1112 760 1185 patrui
818 1111 902 1166 sui
963 1109 1211 1175 Roberti,
1252 1122 1419 1177 quem
1451 1101 1747 1176 pugnando
1783 1098 1991 1154 devicit
2091 1102 2323 1155 eandem
2376 1100 2681 1155 mcclesiam
2741 1101 3078 1158 omnimodis
3129 1111 3392 1175 quantum
3429 1106 3708 1176 prevaluit

384 1213 471 1265 ωδ.
523 1210 676 1281 (Gelu
718 1251 727 1260 .
769 1250 778 1260 .
826 1250 837 1261 .
885 1242 896 1256 .
936 1204 1132 1274 usque)
1187 1202 1241 1255 in
1287 1199 1472 1253 medio
1513 1195 1714 1267 Aprilis
1763 1193 1989 1260 mensis,
2092 1192 2610 1262 libertavit,przeter
2630 1192 2787 1263 quod
2827 1193 3085 1248 baculum
3136 1195 3426 1270 regimiuis
3451 1197 3511 1251 in
3544 1214 3713 1252 manu

382 1279 541 1372 cujus
570 1299 819 1356 soliditas
847 1295 1062 1351 duravit
1093 1308 1267 1364 usque
1288 1291 1401 1345 Kal.
1435 1287 1635 1360 Aprilis
1651 1287 1740 1341 ‘07.
2095 1296 2196 1337 sua
2226 1279 2470 1346 retinuit,
2494 1288 2554 1335 ut
2573 1280 2624 1335 ei
2674 1280 2851 1347 daret,
2893 1297 3058 1352 quem
3095 1282 3204 1337 sibi
3229 1286 3595 1358 congregatio
3625 1302 3719 1341 ca-

453 1370 613 1449 1079.
673 1391 784 1446 Hoc
812 1403 958 1443 anno
998 1386 1275 1455 inceptum
1328 1390 1411 1437 est
1458 1379 1771 1436 coenobium
1817 1376 1993 1432 sancti
2099 1370 2295 1427 nonice
2328 1370 2577 1444 eligeret.
2611 1370 2865 1425 Preterea
2893 1371 3129 1427 contulit
3169 1373 3254 1427 eis
3301 1373 3549 1445 quedam
3581 1374 3719 1431 alta-

384 1481 700 1547 Salvatoris,
742 1479 799 1534 in
855 1476 1037 1532 insula
1087 1489 1210 1546 quae
1270 1472 1471 1527 dicitur
1528 1467 1905 1539 Aquicinctus.
1966 1482 1997 1518 a
2096 1462 2218 1526 ria;
2254 1460 2352 1515 sed
2389 1468 2448 1515 et
2472 1460 2760 1515 innumera
2806 1460 3388 1532 impenditbeneﬁcia.
3416 1464 3544 1519 Erat
3564 1466 3714 1520 enim

384 1571 521 1627 viris
579 1566 885 1624 illustribus
918 1565 1146 1619 Sichero
1209 1559 1474 1615 videlicet
1529 1564 1695 1627 atque
1752 1553 1995 1609 Waltero
2097 1553 2154 1607 in
2182 1552 2432 1608 ascclesia
2475 1560 2677 1630 sanctas
2732 1551 2914 1607 Maria:
2969 1553 3376 1622 Cameracensi,
3425 1557 3515 1611 cui
3570 1557 3717 1614 idem

386 1662 476 1716 ⁴⁰⁸.
510 1661 610 1725 Qui
641 1660 899 1715 Sicherus
928 1653 1169 1710 habebat
1222 1665 1449 1706 uxorem
1499 1646 1724 1704 nomine
1778 1643 1998 1699 Matbil-
2098 1640 2369 1696 Gerardus
2398 1647 2618 1711 preerat
2655 1640 2972 1712 episcopus,
3004 1642 3342 1698 venerabilis
3359 1644 3720 1703 decanusno-

389 1755 540 1819 dem,
591 1750 836 1807 nobilem
901 1747 1124 1819 quidem
1168 1741 1465 1807 natalibus,
1519 1739 1618 1794 sed
1668 1736 1995 1793 nobiliorem
2021 1782 2069 1819 ι)
2097 1733 2248 1788 mine
2288 1733 2461 1806 llugo,
2492 1733 2588 1804 qui
2618 1742 2729 1787 tam
2758 1734 2999 1788 eundem
3028 1735 3355 1805 episcopum
3383 1752 3555 1806 quam
3579 1737 3718 1792 alios

390 1782 540 1819 uuln,
593 1782 836 1807 ιιυυιιῦιιι
901 1782 1124 1819 quium--
1170 1782 1465 1807 ιιαιυιιιυυυν
1520 1782 1618 1794 υνν-
1671 1782 1995 1793 --ν-η--ν-ν---
2100 1782 2244 1788 ------ν
2289 1782 2461 1806 ---υνι
2498 1782 2588 1804 -ι--
2622 1782 2729 1787 --η-
2763 1782 2999 1788 --ν--ν---
3032 1782 3355 1805 Ἶτ--ν-κσ-..η
3386 1782 3555 1806 ..ι-..-η
3579 1782 3718 1792 -..νυ

390 1844 642 1901 moribus
673 1861 687 1908 ;
718 1857 841 1914 quae
890 1839 1182 1913 conjugem
1233 1851 1396 1890 suum
1427 1830 1675 1887 crebrius
1717 1828 1997 1885 monendo
2021 1782 2072 1851 Β
2097 1824 2292 1880 fideles
2317 1825 2464 1880 viros
2485 1824 2909 1881 Cameracenses
2931 1825 3223 1897 utriusque
3253 1826 3471 1882 ordinis
3501 1828 3718 1883 anima-

392 1937 461 1992 ad
482 1937 590 1991 hoc
618 1949 759 2004 opus
788 1928 1224 2006 aggrediendum
1275 1924 1542 1989 incitavit,
1584 1922 1709 1977 ideo
1739 1920 1995 1984 maxime,
2097 1916 2211 1982 bat,
2240 1924 2299 1971 ut
2325 1916 2585 1972 liberales
2617 1917 2920 1971 existerent
2949 1917 3255 1988 prescripto
3284 1918 3553 1975 cenobio.
3588 1921 3715 1991 Ipse

394 2024 545 2098 quod
572 2005 1126 2091 sanctumiquendam
1181 2014 1516 2071 Gordanium
1551 2011 1687 2066 inibi
1717 2009 1998 2082 quondam
2099 2020 2323 2076 quoque
2352 2019 2574 2060 omnem
2603 2020 2746 2076 pene
2773 2005 3136 2060 substantiam
3197 2022 3352 2061 suam
3385 2007 3484 2062 illo
3510 2023 3718 2064 conve-

396 2092 769 2173 lieremiticam
820 2113 989 2169 vitam
1041 2109 1262 2165 duxisse
1294 2106 1591 2163 ferebatur.
1609 2101 1765 2157 Unde
1796 2100 1996 2156 factum
2100 2092 2304 2159 hebat;
2337 2093 2484 2148 unde
2517 2093 2919 2153 monasterium
2939 2093 3570 2151 ethabitaculafratrum
3593 2113 3719 2153 cum

395 2213 499 2274 est,
523 2214 583 2261 ut
609 2202 803 2276 prefati
833 2201 938 2257 viri
963 2198 1296 2255 hinccrebro
1326 2196 1708 2266 colloquentes
1731 2208 1792 2246 se
1812 2199 2003 2245 mutuo
2103 2183 2452 2239 xenodochio
2485 2183 2741 2255 primitus
2765 2184 3075 2241 aedificavit.

398 2300 792 2361 hortarentur;
834 2299 889 2349 et
913 2291 1309 2354 deliberantes,
1338 2286 1616 2342 Ansellum
1663 2285 1734 2339 de
1777 2282 2007 2339 Ribodi-

396 2392 584 2442 monte
604 2381 1011 2439 nobilissimum
1038 2379 1213 2434 virum
1236 2377 1465 2442 adeunt,
1491 2380 1545 2429 et
1576 2372 1645 2428 ab
1682 2386 1749 2427 co
1769 2371 2003 2426 insulam

398 2479 567 2544 illam,
599 2475 729 2548 quia
790 2473 877 2528 sui
919 2480 1037 2528 erat
1071 2469 1237 2539 juris,
1285 2468 1610 2538 deposcunt.
1668 2467 1732 2519 At
1757 2463 2011 2518 Ansellus

397 2570 585 2625 audita
614 2565 896 2639 peticione
934 2579 1126 2620 eorum
1182 2560 1407 2637 gavisus
1463 2566 1550 2614 est
1603 2558 1785 2623 valde,
1815 2563 1870 2611 et
1891 2556 2010 2610 sine

397 2660 663 2716 dilatione
687 2657 857 2733 gratis
878 2654 1026 2729 quod
1066 2653 1362 2726 petebatur
1389 2649 1691 2706 concessit.
1726 2649 1913 2719 Itaque
1944 2662 2010 2701 ex

397 2751 653 2807 condicto
684 2750 891 2820 pariter
919 2752 1301 2818 pr0perantes,
1361 2742 1670 2798 Gerardum
1696 2740 2009 2795 Cameracaz

399 2839 552 2893 urbis
598 2838 871 2908 presulem
933 2834 1349 2910 aggrediuntur,
1401 2831 1471 2885 ad
1525 2830 1685 2899 cujus
1739 2827 2007 2883 diocesim

400 2935 529 2981 tunc
559 2926 713 2980 locus
737 2924 831 2978 ille
850 2922 1159 2994 pertinebat
1189 2938 1204 2984 ;
1236 2919 1371 2991 quid
1421 2918 1605 2973 animo
1623 2923 1840 2991 gerant,
1871 2931 2010 2987 pau-

400 3020 539 3074 dunt
570 3036 586 3084 ;
617 3024 673 3073 et
702 3016 831 3088 quia
862 3014 985 3083 ejus
1009 3011 1353 3085 parrochiani
1376 3016 1550 3077 erant,
1591 3015 1798 3064 utvoto
1818 3022 2007 3063 eorum

401 3110 689 3174 assentiat,
748 3112 1071 3178 exposcunt.
1128 3103 1338 3168 Quibus
1394 3100 1602 3157 auditis
1654 3099 2009 3155 venerandus

405 3198 652 3273 pontifex
680 3195 1043 3252 libentissime
1089 3193 1307 3259 annuit,
1360 3199 1694 3263 receptoque
1742 3190 1913 3245 fundo
1940 3190 2010 3246 de

407 3304 573 3344 manu
599 3284 828 3351 Ansclli,
859 3283 1008 3355 quod
1054 3282 1124 3337 ab
1166 3296 1235 3336 eo
1290 3281 1346 3335 in
1384 3278 1723 3335 beneﬁcium
1764 3280 2009 3347 tenebat,

408 3392 532 3432 cum
622 3370 992 3429 harundineta
1067 3369 1355 3441 adjacente
1422 3369 1505 3424 eis
1579 3368 1824 3423 tradidit.
1895 3368 2011 3433 Quo

409 3473 658 3538 accepto,
742 3462 1058 3521 coenobium
1134 3461 1245 3518 illic
1316 3467 1636 3517 construere
1702 3468 2009 3531 ceperunt,

409 3566 465 3614 et
496 3557 566 3611 de
580 3554 696 3611 suis
722 3552 946 3610 allodiis
965 3557 1346 3622 competenter
1374 3556 1537 3622 prout
1579 3556 1832 3621 poterant
1871 3550 2016 3605 dita-

408 3652 621 3703 verunt.
655 3643 1040 3718 Adgregantur
1090 3640 1167 3695 ibi
1212 3641 1322 3695 Deo
1376 3639 1563 3695 devoti
1624 3639 1754 3708 viri,
1800 3655 1859 3694 se
1889 3655 2013 3694 cum

410 3734 742 3792 facultatulis
768 3732 884 3788 suis
939 3731 1148 3786 Christo
1189 3730 1546 3795 devoventes,
1606 3729 1726 3797 ejus
1747 3744 1877 3802 grex
1909 3745 2015 3799 pu-

408 3830 565 3887 sillus
593 3844 715 3884 esse
771 3824 1091 3899 gestientes.
1146 3822 1388 3888 Quorum
1433 3837 1620 3877 curam
1676 3828 2018 3877 memoratus

406 3919 589 3992 presul
620 3931 844 3992 gerens,
870 3913 1011 3969 duos
1038 3928 1106 3967 ex
1134 3911 1419 3967 monachis
1477 3908 1875 3965 Hasnoniensis
1899 3923 2011 3964 cm-

406 4008 560 4064 nobii
591 4008 835 4061 honestae
856 4002 982 4057 vita;
1007 4002 1075 4055 ad
1100 3999 1469 4055 instituendos
1498 4014 1594 4053 eos
1618 3998 1700 4053 eis
1729 3997 1877 4051 misit
1909 4014 1924 4063 ;
1981 4013 2012 4052 e

409 4094 721 4169 quibusuni
758 4092 954 4147 Alardo
985 4090 1208 4145 nomine
1255 4104 1440 4144 curam
1491 4103 1681 4143 eorum
1715 4086 2013 4156 commisit,

408 4186 659 4242 abbatem
678 4181 975 4239 ordinavit.
1000 4180 1075 4234 De
1099 4193 1211 4250 quo
1260 4177 1390 4249 quia
1436 4192 1496 4231 se
1525 4178 1743 4232 occasio
1776 4178 2018 4249 prebuit,

408 4276 545 4333 libet
591 4273 784 4347 paucis
839 4269 1076 4342 aperire,
1140 4267 1298 4337 cujus
1325 4266 1694 4338 simplicitatis
1749 4267 2019 4338 cujusque

406 4366 672 4423 bonitatis
717 4362 901 4417 fuerit.
937 4362 985 4415 ls
1031 4358 1261 4427 etenim,
1292 4356 1340 4410 si
1371 4372 1458 4411 res
1487 4356 1751 4429 exigeret,
1781 4365 1841 4411 ut
1874 4372 2017 4429 quo-

2175 2272 2336 2329 1080.
2370 2272 2612 2348 Contigit
2635 2274 2797 2328 etiam
2829 2275 2935 2331 hoc
2963 2283 3210 2345 tempore
3224 2274 3336 2332 Deo
3354 2277 3719 2348 permittente

2106 2368 2447 2423 concremari
2507 2368 2878 2439 Aquicinense
2937 2369 3259 2424 ccenobium
3321 2386 3424 2441 per
3453 2372 3729 2428 incuriam

2110 2461 2335 2516 fratrum
2367 2462 2458 2527 “’9,
2486 2462 2615 2533 quia
2655 2463 2881 2534 quidam
2910 2479 2942 2518 e
3003 2462 3265 2519 fratribus
3317 2480 3560 2537 vespere
3591 2467 3735 2522 lecto

2110 2568 2213 2609 suo
2242 2553 2462 2610 incaute
2513 2553 2909 2611 circumferens
2964 2556 3172 2623 lumen,
3212 2564 3446 2629 repente
3475 2559 3739 2615 accendit

2109 2653 2372 2712 stramen,
2425 2645 2857 2717 moxqueparies
2915 2647 3197 2717 proximus
3264 2648 3461 2704 stratui
3513 2649 3737 2705 ﬂamma

2110 2735 2387 2791 lambente
2412 2736 2680 2802 aduritur,
2714 2744 2767 2791 et
2798 2753 2865 2791 ex
2893 2752 2960 2792 eo
2991 2746 3195 2793 caetera
3217 2738 3304 2809 (cf.
3324 2745 3470 2795 Ann.
3504 2742 3631 2811 Aq.)

2182 2825 2341 2882 1084,
2378 2826 2574 2882 Comes
2604 2826 2909 2882 Montensis
2974 2827 3277 2884 Balduinus
3307 2844 3544 2885 uxorem
3585 2830 3740 2886 duxit

2112 2917 2262 2973 Idam
2293 2918 2384 2972 “0.

2180 3012 2318 3067 1086
2372 3012 2638 3069 Richildis
2663 3013 2944 3070 comitissa
2995 3013 3134 3070 obit.
3186 3015 3400 3086 m(1b.)
3442 3016 3560 3072 Hoc
3583 3033 3733 3073 anno

2108 3111 2426 3161 consecrata
2456 3111 2541 3158 est
2561 3103 2811 3159 aecclesia
2848 3104 3013 3174 hujus
3038 3103 3428 3175 Aquicinensis
3457 3105 3727 3173 coanobii,

2112 3194 2168 3248 in
2201 3193 2408 3247 honore
2438 3191 2648 3247 domini
2710 3192 2881 3247 nostri
2924 3192 3053 3247 Jesu
3109 3192 3305 3247 Christi
3355 3192 3730 3266 ejusdemque

2033 3244 2084 3314 C
2112 3280 2394 3353 genitricis
2439 3287 2643 3335 sancta:
2696 3280 2899 3348 Mariae,
2931 3296 2962 3334 a
2994 3280 3199 3336 domno
3254 3280 3501 3337 Gerardo
3524 3244 3725 3338 Carne-

2114 3368 2324 3424 racensi
2355 3368 2640 3439 episcopo,
2671 3368 3067 3439 decretumque
3104 3369 3173 3423 ab
3217 3369 3419 3425 eodem
3461 3371 3728 3440 praesule,

2113 3467 2173 3515 ut
2220 3458 2486 3514 festivitas
2541 3458 2762 3513 illorum
2817 3465 3158 3524 sanctorum,
3215 3473 3451 3530 quorum
3506 3461 3741 3535 pignera

2117 3550 2225 3604 huc
2303 3547 2466 3603 allata
2534 3547 2771 3614 fuerant,
2836 3546 2987 3602 omni
3053 3561 3199 3603 anno
3254 3556 3452 3619 agatur
3518 3548 3577 3602 in
3637 3549 3743 3605 hoc

2117 3637 2240 3693 loco
2269 3638 2358 3692 ⁴¹².

2185 3729 2343 3784 1087.
2377 3728 2523 3784 Obiit
2585 3727 2834 3787 Alardus,
2903 3725 3113 3797 primus
3139 3725 3313 3780 abbas
3365 3726 3535 3797 hujus
3566 3728 3744 3798 Aqui-

2117 3817 2360 3874 cinensis
2391 3816 2655 3872 aacclesiae
2708 3814 2870 3886 :(Ib.)
2929 3814 3017 3869 cui
3059 3814 3328 3870 successit
3388 3814 3635 3870 Alelmus
3664 3831 3729 3870 ex

2117 3907 2451 3962 Normannia
2479 3906 2549 3961 de
2578 3904 2836 3961 ccenobio
2878 3903 3032 3959 Becci
3056 3904 3146 3960 “3.

2184 3998 2323 4053 1088
2343 3996 2489 4052 Obiit
2516 3995 2757 4051 Alelmus
2792 3993 3072 4050 secundus
3108 3991 3281 4047 abbas
3336 3992 3730 4063 Aquicinensis

2114 4086 2375 4143 cmnobii.
2405 4084 2527 4155 (1b.)
2584 4083 2685 4148 Qui
2739 4091 2957 4153 quantae
3011 4080 3275 4136 bonitatis
3303 4079 3495 4147 fuerit,
3520 4081 3733 4151 experti

2120 4185 2250 4233 sunt
2276 4176 2674 4242 febricitantes,
2705 4174 2837 4228 dum
2888 4173 2958 4227 ad
2983 4173 3251 4228 tumulum
3282 4173 3409 4242 ejus
3441 4173 3735 4229 dormien-

2118 4276 2223 4338 tes,
2263 4267 2472 4323 febrem
2502 4283 2628 4323 cum
2669 4280 2864 4322 somno
2916 4264 3122 4336 saepius
3174 4264 3577 4335 deposuerunt.
3642 4263 3737 4318 Cui

2118 4356 2387 4414 successit
2415 4355 2753 4411 Haimericus
2776 4352 3151 4409 Atrebatensis
3176 4355 3509 4418 monachus,
3546 4353 3739 4408 litteris

406 4474 571 4531 quam
605 4453 865 4529 progredi
897 4450 1198 4516 debuisset,
1232 4465 1341 4505 non
1375 4448 1660 4503 meliorem
1683 4464 1884 4519 equum
1907 4449 2014 4503 sibi
2039 4486 2099 4556 D
2122 4450 2373 4506 eruditus
2391 4449 2481 4503 ‘1‘.

407 4547 669 4622 eligebat,
699 4545 821 4614 sed,
850 4551 906 4598 et
930 4557 1079 4613 saepe
1134 4539 1359 4606 animal,
1406 4553 1517 4610 quo
1543 4538 1869 4605 vehebatur,
1919 4553 2017 4593 ca-

408 4642 581 4712 pistro
608 4656 705 4711 pro
732 4640 888 4693 freno
912 4636 1157 4709 regebat.
1203 4633 1595 4689 Residentibus
1647 4631 1936 4686 monachis
1966 4632 2023 4687 in

2194 4540 2336 4596 1090
2389 4540 2459 4595 Ea
2502 4543 2826 4609 tempestate
2869 4537 3021 4593 venit
3080 4536 3472 4608 Aquicincturn
3515 4536 3735 4609 quidam

2124 4632 2428 4688 monachus
2456 4629 2681 4685 nomine
2709 4627 3036 4697 Gelduinus,
3075 4627 3172 4699 qui
3195 4643 3261 4683 ex
3286 4628 3567 4683 monacho
3604 4628 3740 4683 Lau-

411 4730 671 4795 claustro,
702 4728 757 4780 in
784 4726 968 4782 medio
999 4740 1189 4781 eorum
1216 4723 1466 4790 sedebat,
1493 4732 1548 4777 et
1584 4722 1752 4776 veluti
1786 4722 2026 4792 quilibet
2124 4723 2358 4779 dunensi
2390 4722 2561 4777 abbas
2618 4720 2805 4775 Sancti
2854 4718 3136 4775 Michaelis
3162 4719 3246 4774 .de
3289 4718 3593 4785 Terrascia,
3645 4735 3738 4773 re-

411 4836 479 4875 ex
507 4819 590 4873 eis
618 4834 744 4873 cum
770 4819 1071 4873 sobrietate
1091 4833 1151 4872 se
1168 4818 1387 4891 agebat,
1413 4814 1758 4869 familiariter
1777 4815 1859 4869 eis
1907 4814 2024 4869 col-

413 4908 740 4979 loquens,et
761 4907 1045 4962 dominum
1073 4921 1262 4961 eorum
1312 4919 1372 4958 se
1421 4919 1543 4958 esse
1569 4901 1923 4958 oblivisccns.
1966 4904 2020 4957 Si

412 4998 538 5070 quis
566 4997 616 5054 ei
639 4998 1049 5053 venerationem
1079 4996 1400 5068 impendere
1423 4993 1691 5049 voluisset
1715 4994 2019 5050 osculando

2123 4817 2252 4871 licta
2298 4815 2521 4869 abbalia
2571 4813 2643 4868 ob
2701 4827 2943 4868 amorem
3003 4810 3120 4879 Dei,
3178 4811 3431 4866 reclusus
3502 4810 3736 4867 efﬁcitur

2124 4903 2432 4977 Aquicincti
2474 4903 2562 4955 “5.

2193 4995 2354 5050 1092.
2385 4994 2655 5049 Gerardus
2682 4992 2977 5064 epiSCOpus
3003 4990 3420 5047 Cameracensis
3449 4992 3570 5048 obit
3599 4992 3738 5061 (αλ),

1765 5124 1984 5180 VARI/13
2002 5125 2384 5181 LECTIONES.

484 5231 555 5270 ωε
574 5230 788 5292 addunt
843 5230 938 5291 BI.
971 5230 1025 5289 2.
1058 5231 1176 5289 4".

411 5311 550 5362 recte
576 5307 829 5373 ostendit,
870 5307 1133 5361 Karolum
1161 5321 1217 5359 eo
1237 5299 1388 5359 'amto
1424 5299 1974 5373 nequaquamRomw
2009 5302 2182 5373 fuisse
2199 5316 2223 5373 ;_
2245 5299 2340 5373 sed
2367 5302 2533 5359 errat,

1616 5362 1850 5443 izuodam
1903 5362 2423 5443 moﬁqchoﬂclemm
2444 5362 2621 5443 ναιειῖ-
2665 5367 2981 5443 βίαςζλενιξιξ
3012 5378 3291 5443 "united":
3339 5364 3511 5443 “13"”.
3523 5362 3731 5443 ζιεδυέὲ

412 5382 573 5434 m'con
601 5383 888 5448 receptum,
920 5378 990 5431 ab
1038 5379 1354 5448 insequenti!
1385 5380 1574 5448 autem

417 5452 662 5506 Ceterum
690 5440 765 5517 cf.
797 5440 936 5504 Non.
971 5451 1099 5516 Leg.
1153 5440 1219 5513 ΙἸ,
1246 5446 1300 5501 2.
1334 5445 1456 5517 160.
1507 5440 2135 5517 ποτξέ-ίοῇᾳὰἀωῃνϐμ
2163 5441 2249 5517 2]
2284 5442 2337 5517 β.
2396 5441 2483 5517 ᾆξ.
2539 5440 2600 5517 _D_.

1230 5230 1314 5305 (in
1335 5246 1538 5287 rasura
1563 5244 1750 5297 manu,
1776 5229 1943 5305 paulo
1979 5231 2115 5305 altu,
2169 5228 2263 5283 sed
2313 5228 2475 5305 plane
2505 5225 2707 5305 comm)
2749 5224 2841 5305 C_1_.
2885 5224 2973 5305 ἓξ.
3030 5223 3084 5279 3.
3136 5220 3283 5305 Qui}.
3322 5222 3531 5305 μίξεοῇ
3555 5236 3598 5291 p

3680 5219 3714 5255 ε)

2569 5225 2707 5294 ma)
2749 5224 2841 5280 C1.
2885 5224 2973 5278 2*.
3030 5223 3084 5279 3.
3136 5222 3197 5275 D.
3225 5221 3283 5275 E.
3327 5222 3531 5277 Hirsch
3555 5236 3598 5291 ρ
3646 5221 3732 5272 42.

2569 5313 2737 5367 quum
2766 5296 2919 5350 illum
2934 5296 3106 5349 locum
3129 5309 3163 5346 a
3189 5293 3465 5367 εἰσδὺς·το
3493 5296 3552 5367 in
3581 5291 3730 5367 chaos

2663 5430 2829 5493 E."°-"
2859 5437 3071 5490 addunt
3123 5430 3216 5489 BI.
3257 5433 3313 5487 2.
3359 5433 3450 5488 Ci.
3481 5432 3550 5488 2*
3577 5432 3629 5486 3.
3670 5430 3739 5463 ‘°‘

415 5502 838 5577 magis;
870 5502 1072 5575 άίαῗδῖ
1102 5502 1314 5575 01.’2*.
1347 5516 1490 5572 3.1).
1525 5517 1581 5571 E.
1623 5515 1690 5549 ιοτ
1721 5515 1933 5569 addunt
1966 5512 2237 5570 Cl.2*.3.
2269 5512 2358 5565 υ.
2400 5510 2692 5564 ⁴⁰⁸αίίίίαηί
2733 5508 2825 5562 82.
2866 5508 2959 5562 c1.
2988 5507 3077 5560 ευ.
3113 5506 3172 5577 p.
3208 5504 3266 5577 Ἐξ.
3309 5503 3517 5577 Eodem
3545 5502 3738 5577 habent

414 5574 627 5649 0—1.1".
657 5574 778 5647 μά.
801 5591 854 5648 5.
898 5590 1013 5651 03..
1047 5574 1229 5645 Sedrhi
1252 5588 1463 5642 addunt
1490 5588 1652 5642 etiam
1673 5588 2128 5655 sequentia"un
2155 5584 2269 5655 illis
2298 5583 2514 5655 desunt.
2567 5580 2635 5655 “"3
2651 5580 2868 5655 αᾴᾴιινξι
2901 5578 2999 5655 Bg;
3024 5574 3197 5655 5.91.

415 5641 642 5736 ᾇῦἶειό-ί-
668 5641 1369 5736 ὲωὶρῖ-ξιξνῖἀῑιέίᾴὶιῄίεμθδ.
1416 5641 1673 5736 eoadd.
1729 5641 2354 5736 I31.5_._Cf.2*.‘D..E.
2410 5652 2491 5736 fu
2524 5651 2650 5704 add.
2692 5647 3169 5736 sinsttasf‘f‘.
3233 5641 3739 5736 5:‘CIJ.J2‘EE3.F‘:'

573 5710 876 5792 82Ϊεῖἆῖ
902 5710 1424 5800 2'E'é.)i"'ifiijiis',’e¢
1463 5728 1518 5783 in
1549 5710 2121 5800 honore}rl_ti_ari_ze,_
2146 5728 2196 5780 et
2236 5723 2635 5794 decretumque
2693 5751 2758 5761 —
2803 5719 2926 5776 loco
2973 5718 3165 5773 desunt
3247 5716 3465 5769 “‘add.
3499 5713 3592 5769 85.
3643 5710 3735 5766 C1.

412 5807 494 5864 3‘.
528 5808 597 5842 ⁴¹⁴
618 5808 746 5862 add.
784 5807 877 5861 81.
910 5806 1000 5859 (11.
1034 5805 1104 5839 "5
1133 5796 1266 5857 add.
1291 5802 1383 5854 B5.
1418 5801 1506 5855 4³⁵.
1535 5800 1655 5854 4“.
1681 5798 1733 5852 5.
1770 5796 1968 5851 Cl.2"'.
1999 5796 2051 5849 3.
2094 5797 2153 5851 D.
