3876 6208
174 325 265 381 273

1122 312 1475 370 CHRONICA.
1517 340 1587 354 -
1625 306 2007 365 AUCTARIUM
2047 305 2511 371 AQUlClNENSE.

3378 307 3484 365 274

179 448 276 520 [qui
304 452 547 501 nostrum
578 441 895 499 coenobium
953 439 1111 495 valde
1142 439 1333 495 dilexit
1361 444 1418 494 et
1465 436 1765 494 sublimare
1790 438 1846 506 Α
1871 432 2043 505 patrie
2073 432 2213 506 legis
2238 431 2408 499 ducti,
2439 446 2498 486 se
2521 431 2733 487 multuo
2765 430 3044 488 trucidant
3077 451 3091 499 ;
3124 432 3216 488 alii
3245 433 3314 489 ad
3340 440 3483 489 tem-

175 538 379 594 studuit.
411 534 568 590 Unde
595 539 856 589 statutum
909 539 1016 599 est,
1063 538 1123 585 ut
1167 530 1236 585 ad
1289 529 1510 583 missam
1541 526 1769 583 matuti-

180 629 339 684 nalem
370 625 600 692 cotidie,
635 624 679 680 si
705 623 1089 680 defunctorum
1130 627 1233 687 est,
1291 619 1525 675 collecta
1582 634 1679 690 pro
1706 632 1772 673 eo

177 724 224 772 et
247 716 358 783 ejus
385 712 736 784 coepiscopis
765 711 1012 767 secundo
1060 710 1181 765 loco
1212 709 1429 765 dicatur
1459 709 1571 776 “6.1
1608 707 1774 763 Gual-

182 806 361 860 cherus
385 804 435 859 ei
493 802 745 859 succedit
806 801 896 855 “7.
951 802 1010 856 In
1037 800 1307 856 suburbio
1337 797 1675 856 Tornacensi
1701 798 1771 853 ad

180 890 650 971 septentrionalem
700 897 918 971 plagam
972 895 1126 951 urbis
1174 895 1568 951 monasterium
1596 892 1769 949 sancti

175 987 365 1043 Martini
430 995 753 1043 construere
804 986 1004 1058 incipit
1048 984 1164 1041 Odo
1219 984 1630 1041 Aurelianensis
1658 1026 1671 1051 ,
1735 983 1769 1036 6

179 1074 301 1131 Non.
360 1073 510 1141 Maii,
562 1074 655 1129 die
710 1073 1012 1129 dominico.
1076 1073 1147 1127 Ex
1211 1072 1465 1129 condicto
1524 1086 1769 1143 namque

180 1163 401 1235 predicta
429 1163 521 1218 die
548 1178 618 1218 eo
648 1162 972 1231 adveniens,
1004 1161 1299 1218 comitante
1335 1160 1441 1217 sibi
1473 1159 1766 1231 sollempni

181 1253 518 1326 processione
564 1252 771 1309 domno
832 1252 1099 1308 Radbodo
1146 1251 1399 1320 ejusdem
1449 1249 1604 1304 urbis
1650 1249 1771 1320 epi-

180 1359 349 1415 scopo,
380 1352 435 1398 et
458 1343 680 1399 clericis
710 1342 819 1398 sibi
845 1341 1108 1412 subjectis
1155 1339 1419 1396 azcclesiaa
1471 1338 1646 1394 beata:
1676 1337 1771 1392 Dei

180 1431 440 1505 genitricis
494 1430 684 1486 Mariae
730 1446 854 1487 cum
881 1430 1073 1502 populi
1121 1428 1358 1484 maxima
1396 1426 1770 1493 multitudine,

180 1524 340 1579 locum
370 1522 438 1577 ab
463 1523 665 1579 eodem
696 1521 940 1593 suscepit
997 1521 1282 1593 episcOpo,
1313 1535 1427 1575 una
1454 1535 1577 1574 cum
1635 1534 1772 1591 qua-

183 1620 287 1666 tuor
311 1609 571 1666 fratribus
609 1627 798 1667 secum
827 1610 1032 1666 ibidem
1085 1611 1195 1666 Deo
1243 1607 1559 1664 militaturis
1580 1605 1769 1680 regula

1874 543 1975 598 pus
2016 542 2078 581 se
2132 526 2361 581 credere
2434 524 2780 591 simulantes,
2828 533 2950 596 post
3011 528 3081 581 ad
3137 528 3479 584 Judaismum

1871 617 2223 674 revolvuntur
2293 616 2382 683 η’,
2455 618 2617 683 (inter
2675 621 2944 687 principes
3011 633 3168 674 cruce
3229 620 3482 689 signatos)

1871 707 2123 762 Ansellus
2179 706 2250 761 de
2321 704 2736 771 Ribodimonte,
2794 704 3052 761 fundator
3099 705 3483 777 Aquicinensis

1871 800 2135 857 mcclesiae
2163 799 2251 863 ⁸³³,

1942 889 2099 944 1899.
2136 886 2457 943 Christianis
2513 887 2716 943 Turcos
2781 886 2997 943 fortiter
3048 886 3479 958 debellantibus,

1869 999 2171 1056 eorumque
2209 983 2376 1039 urbes
2420 989 2475 1038 et
2531 990 2710 1038 castra
2762 982 2867 1037 sibi
2896 982 3152 1039 bellando
3182 984 3483 1042 vendican-

1868 1077 2036 1135 tibus.
2068 1073 2297 1145 contigit
2322 1074 2469 1145 apud
2491 1074 2767 1146 quoddam
2781 1074 3211 1130 munitissimum
3243 1083 3480 1132 castrum

1870 1168 2095 1222 nomine
2151 1166 2484 1233 Archas,cis
2538 1165 2881 1222 Hierusalem
2935 1173 3060 1223 octo
3100 1168 3484 1224 mansionibus

1869 1257 2055 1323 situm,
2083 1255 2284 1310 multos
2333 1255 2513 1325 perire
2572 1270 2764 1310 eorum
2791 1274 2805 1321 ;
2834 1271 2957 1311 cum
2986 1256 3190 1327 quibus
3210 1265 3266 1313 et
3286 1258 3489 1313 Ansel-

1870 1348 1957 1403 lus
1984 1348 2053 1402 de
2112 1346 2501 1403 Bibodimontc
2532 1347 2718 1418 lapide
2748 1363 3046 1419 percussus
3078 1350 3134 1404 in
3166 1351 3347 1421 capite
3382 1366 3484 1407 oc-

1871 1437 2104 1504 cumbit,
2148 1436 2251 1492 hoc
2299 1436 2648 1492 solummodo
2707 1446 2830 1508 post
2859 1445 3148 1510 acceptum
3175 1439 3373 1495 vulnus
3409 1447 3490 1496 ter

1873 1539 2131 1601 repetens
2154 1528 2382 1584 verbum
2417 1545 2431 1583 :
2464 1535 2599 1585 Deus
2630 1531 2830 1599 adjuva
2858 1546 2945 1586 me
2966 1530 3056 1585 m.

1939 1617 2079 1673 1100
2128 1617 2427 1673 Rotbertus
2483 1632 2668 1672 comes
2715 1617 3134 1673 Flaudrensium
3166 1619 3489 1676 aHieroso-

184 1702 426 1758 canonica
449 1702 555 1757 Sth
589 1703 783 1759 habitu
834 1702 1095 1758 Clericali-
1147 1701 1247 1767 QHi
1303 1700 1417 1757 0άο
1467 1698 1844 1776 Αυΐθιὶειηὶεη
1874 1705 2018 1760 limis
2074 1704 2401 1776 repatrians,
2451 1704 2648 1759 detulit
2728 1721 2916 1761 secum
2966 1707 3252 1763 brachium
3310 1710 3485 1764 sancti

189 1751 425 1758 --η-η-
450 1751 550 1757 ___
589 1751 783 1759 --η----
836 1751 1094 1758 -_----_---
1153 1751 1247 1767 ην-
1312 1751 1411 1757 ,η
2076 1751 2401 1776 .-,._---.----,
2454 1751 2648 1759 πη.--
2728 1751 2916 1761 ηπ...
2967 1751 3252 1763 η.-ν........
3310 1751 3485 1764 ..........

182 1793 447 1861 oriundus,
497 1792 732 1850 Tornaci
781 1802 909 1850 tunc
949 1793 1217 1865 temporis
1246 1792 1593 1861 scolasticus,
1620 1751 1848 1845 nulloB
1875 1796 2092 1870 Georgii
2120 1795 2379 1864 mann-is,
2404 1796 2552 1868 quod
2609 1795 2877 1852 mcclesiag
2921 1797 3278 1869 Aquicinensi
3311 1806 3491 1856 ιωηε-

183 1880 560 1953 Cisalpinorum
600 1882 833 1939 inferior
855 1882 998 1939 fama
1058 1882 1444 1939 celebrabatur
1471 1880 1775 1937 dialecticas

182 1974 296 2027 artis
311 1980 745 2046 caeterarumque
800 1974 1113 2030 liberalium
1166 1974 1419 2031 scientia.
1455 1974 1569 2040 Qua
1611 1989 1678 2028 ex
1716 1988 1775 2027 re

182 2061 531 2135 undequaque
578 2064 653 2119 ad
684 2079 809 2118 eum
852 2064 1069 2120 clericis
1110 2063 1543 2131 conﬂuentibus,
1575 2078 1720 2117 unus
1743 2076 1773 2116 e

182 2151 441 2227 peregrina
466 2153 872 2224 superveniens
902 2153 1128 2229 regione
1182 2152 1408 2209 anulum
1436 2166 1667 2207 aureum
1693 2150 1772 2205 illi

181 2243 378 2313 optulit,
430 2244 485 2298 in
543 2261 659 2317 quo
711 2246 1061 2302 monosticon
1099 2246 1205 2302 hoc
1244 2245 1570 2316 inscriptum
1620 2242 1772 2299 fuit:

180 2336 365 2389 Anulus
391 2337 624 2392 Odonem
678 2338 822 2393 decet
870 2354 1071 2394 aureus
1110 2338 1494 2393 Aurel-iensem.
1538 2336 1664 2391 Haec
1692 2350 1778 2390 re-

182 2423 399 2493 tulimus,
439 2433 499 2481 ut
524 2443 590 2482 ex
644 2427 731 2481 his
770 2427 1114 2499 conjiciatur,
1145 2435 1411 2499 quantum
1439 2425 1585 2497 apud
1613 2440 1777 2480 unam

182 2512 422 2584 regalium
443 2515 824 2572 aecclesiarum
856 2534 871 2584 ;
913 2516 1189 2573 honorem
1230 2514 1440 2571 habere
1492 2520 1701 2585 posset,
1732 2512 1778 2569 si

182 2600 263 2657 illo
284 2604 656 2672 tetendisset;
716 2606 847 2662 dum
890 2606 1087 2662 maluit
1143 2605 1360 2661 Christo
1416 2604 1684 2660 adherere
1724 2603 1779 2658 in

184 2696 288 2753 loco
314 2701 575 2770 pauperie
605 2707 662 2756 et
690 2700 997 2775 indigentia
1022 2701 1111 2754 δίε.

246 2794 389 2851 1093.
419 2796 697 2853 Ecclesia
749 2796 926 2853 sancti
977 2794 1196 2870 Georgii
1242 2792 1620 2850 Hesdiniensis
1669 2800 1781 2846 tra-

186 2885 314 2941 ditur
339 2888 612 2944 zecclesia:
659 2888 1016 2961 Aquicinensi
1055 2888 1145 2943 “9.
1206 2886 1320 2942 Odo
1371 2883 1782 2940 Aurelianensis

186 2974 529 3034 invalescente
570 2978 855 3051 religionis
888 2977 1104 3034 fervore
1121 2975 1506 3032 monachicum
1532 2973 1779 3029 habitum

187 3083 280 3122 una
313 3085 432 3125 cum
461 3070 674 3126 ceteris
703 3069 963 3125 fratribus
985 3068 1218 3140 suscipit
1243 3083 1430 3123 secum
1462 3067 1516 3121 in
1540 3067 1645 3121 hoc
1668 3080 1782 3121 mo-

187 3159 405 3215 nasterio
449 3159 636 3216 sancti
689 3159 903 3214 Martini
960 3156 1326 3215 Tornacensis
1364 3154 1694 3212 constitutis.
1724 3154 1785 3209 Et

188 3250 299 3321 quia
325 3261 471 3308 tanta
506 3253 664 3308 fama
697 3252 821 3320 viri,
854 3258 912 3307 ut
961 3249 1322 3323 prediximus,
1354 3249 1785 3320 circumquaque

188 3344 382 3415 diffusa,
412 3356 744 3419 tantumque
774 3347 963 3402 lumen
1003 3346 1106 3401 sub
1139 3344 1326 3401 modio
1357 3344 1526 3399 latere
1563 3343 1656 3397 diu
1670 3356 1783 3398 non

190 3434 350 3502 potuit
381 3452 394 3489 :
426 3436 526 3491 Dei
561 3435 931 3501 ordinatione,
987 3433 1083 3505 qui
1140 3449 1265 3489 eum
1315 3432 1478 3489 altius
1510 3447 1564 3485 tn
1596 3437 1784 3501 poste-

194 3537 297 3576 rum
324 3524 630 3579 sublimare
661 3523 1012 3594 disponebat,
1053 3530 1252 3579 cuncta
1302 3520 1659 3595 congregatio
1675 3518 1787 3589 jam

192 3608 287 3666 Deo
314 3611 589 3687 largiente
617 3611 971 3667 numerosior
988 3610 1195 3676 adulta,
1228 3609 1479 3665 unanimi
1506 3607 1789 3664 voluntate

194 3700 399 3774 parique
436 3709 574 3759 voto
630 3702 871 3757 eundem
921 3701 1167 3757 Odoncm
1194 3699 1449 3756 abbatem
1474 3698 1581 3754 sibi
1607 3695 1792 3769 prefe-

194 3788 272 3856 cit,
299 3806 527 3847 assensu
558 3790 808 3846 Radbodi
850 3791 963 3860 jam
1021 3788 1256 3861 predicti
1312 3786 1582 3860 episc0pi.
1614 3784 1709 3840 Cui
1734 3784 1790 3838 in

193 3885 378 3935 tantum
409 3881 606 3937 divina
629 3880 804 3953 gratia
833 3877 1009 3945 aﬂ‘uit,
1040 3885 1101 3935 ut
1130 3894 1254 3934 cum
1277 3884 1404 3932 ante
1431 3876 1553 3945 ejus
1584 3874 1791 3930 adven-

193 3978 292 4026 tum
316 3973 456 4029 idem
483 3976 646 4030 locus
676 3989 775 4045 per
802 3972 905 4030 300
922 3972 1037 4027 fere
1087 3987 1267 4028 annos
1293 3970 1548 4026 desertus
1576 3967 1789 4033 fuisset,

194 4067 600 4140 necquicquam
621 4065 849 4122 omnino
895 4064 1340 4137 appenditiorum
1381 4062 1632 4128 haberet,
1664 4060 1789 4131 plus

195 4165 339 4221 quam
375 4155 444 4210 7O
472 4154 784 4210 monachos
846 4153 989 4209 infra
1018 4156 1084 4210 12
1112 4168 1288 4208 annos
1306 4153 1363 4207 in
1392 4167 1459 4208 eo
1487 4166 1789 4224 congrega-

196 4242 334 4311 verit,
371 4243 712 4323 cpnstructis
765 4242 1170 4299 sufficientibus
1223 4241 1303 4296 eis
1348 4239 1609 4307 officinis,
1638 4245 1788 4293 tanta

196 4350 423 4409 agrorum
454 4337 829 4410 amplitudine
858 4338 1132 4410 adquisita
1159 4343 1417 4409 tantaque
1456 4335 1784 4400 substantia,

1874 1885 2026 1941 misit
2079 1885 2148 1921 "5
2211 1888 2331 1955 [per
2382 1884 2762 1940 venerandum
2808 1884 3172 1941 Haimericum
3231 1887 3489 1944 abbatem

1877 1974 2052 2045 ipsius
2076 1972 2187 2030 loci
2232 1972 2441 2027 illatum
2490 1972 2798 2045 Aquicincti
2850 1973 2918 2028 12
2966 1973 3081 2029 Kal.
3135 1974 3266 2030 Julii
3294 1975 3365 2011 ⁸⁸⁸
3397 1975 3484 2047 (cf.

1873 2070 2015 2121 Ann.
2058 2070 2219 2123 Aa.ll.

1952 2065 2293 2228 110;.q(311nn.
2328 2156 2448 2227 Aq.)
2505 2155 2650 2211 Obiit
2690 2156 3028 2213 llaimericus
3054 2158 3260 2214 tercius
3320 2158 3491 2215 abbas

1876 2252 2282 2324 Aquicinensis,
2307 2251 2398 2307 cui
2424 2250 2693 2307 successit
2720 2251 3023 2307 Gelduinus
3044 2252 3135 2307 “7.

1950 2365 2108 2423 1105.
2167 2366 2417 2423 Manasse
2475 2365 2854 2423 Cameracensi
2920 2367 3185 2438 episcopo
3265 2375 3492 2439 accepto

1879 2454 2206 2512 monachico
2265 2454 2477 2521 habitu,
2552 2455 2688 2523 Odo,
2740 2455 2951 2527 primus
3008 2455 3178 2511 abbas
3233 2456 3491 2513 coenobio

1879 2546 2055 2602 sancti
2084 2545 2301 2602 Martini
2326 2546 2689 2603 Tornacensis
2748 2546 3037 2614 (ecclesiae,
3080 2547 3135 2602 in
3166 2546 3491 2620 episcopatu

1882 2639 1932 2694 ei
1962 2638 2208 2694 succedit
2238 2638 2326 2691 ιη.

1951 2751 2110 2806 1109.
2143 2750 2292 2806 Obiit
2320 2749 2487 2805 etiam
2540 2748 2832 2804 Anselmus
2869 2748 3326 2820 archiepiscopus
3356 2749 3497 2805 Can-

1880 2839 2071 2897 tuariaz
2110 2857 2125 2906 ;
2158 2845 2213 2894 et
2243 2838 2396 2910 Hugo
2423 2837 2595 2892 abbas
2644 2836 3019 2892 Cluniacensis
3051 2854 3067 2904 ;
3109 2837 3198 2893 cui
3223 2837 3494 2893 successit

1882 2929 2106 2986 Pontius
2133 2930 2223 2982 ⁴²⁹.
2255 2928 2367 2984 lloc
2388 2926 2555 2983 etiam
2579 2941 2725 2983 anno
2772 2926 3098 2994 Gelduinus,
3131 2933 3324 2998 quarto
3372 2927 3494 2983 loco

1881 3021 2187 3094 Aquicincti
2224 3020 2418 3088 abbas,
2439 3018 2726 3075 fastidiens
2772 3033 2913 3074 onus
2951 3017 3498 3093 regiminis,potius-

1808 3100 1858 3171 C
1884 3128 1994 3184 que
2022 3111 2240 3186 eligens
2296 3110 2479 3166 ocium
2536 3109 2671 3164 olim
2714 3116 2850 3165 acta:
2883 3107 3233 3175 reclusionis,
3273 3108 3499 3182 reliquit

1883 3218 2073 3258 curam
2123 3202 2451 3264 animarum,
2512 3208 2569 3256 et
2608 3199 2808 3255 iterum
2859 3197 3091 3256 effectus
3128 3207 3211 3255 est
3247 3199 3498 3257 reclusus

1885 3290 2031 3362 apud
2055 3290 2322 3346 Sanctum
2364 3289 2646 3345 Bertinum
2690 3287 2780 3359 (cf.
2834 3289 2949 3359 ἰὰ).
2993 3287 3088 3344 Cui
3144 3289 3413 3345 successit
3440 3289 3499 3344 in

1885 3398 2015 3437 cura
2046 3380 2302 3453 pastorali
2332 3378 2651 3447 Rotbertus,
2705 3378 2959 3448 ejusdem
3008 3377 3248 3435 crenobii
3295 3393 3498 3434 mona-

1887 3471 2043 3533 chus,
2074 3469 2169 3541 qui
2201 3467 2439 3540 qualiter
2467 3466 3239 3538 electusfuerit,supersedeo
3252 3481 3496 3535 narrare,

1889 3577 1960 3617 ne
1982 3560 2286 3632 quemlibet
2344 3557 2587 3616 offendat
2641 3573 2825 3614 sermo
2863 3558 3151 3614 relationis
3178 3565 3379 3615 nostrae
3409 3557 3499 3622 "0,

1892 3654 2002 3708 Hoc
2020 3666 2167 3707 anno
2220 3666 2378 3706 sacro
2429 3650 2556 3724 igne
2594 3649 2753 3705 multi
2812 3650 3216 3716 accenduntur,
3241 3651 3504 3708 membris

1892 3746 2065 3800 instar
2094 3742 2398 3799 carbonum
2421 3740 2867 3816 nigrescentibus
2887 3741 2975 3795 ‘3‘.

1962 3856 2128 3914 1111.
2156 3855 2426 3911 Robertus
2455 3852 2844 3925 Aquicinensis
2873 3854 3115 3909 ccenobii
3146 3855 3374 3925 quintus
3406 3856 3503 3910 ab-

1892 3955 2009 4020 bas,
2040 3968 2184 4026 aegre
2204 3950 2407 4013 ferens,
2465 3947 2832 4004 insectatione
2879 3948 3248 4020 quorumdam
3272 3949 3505 4006 saecula-

1894 4044 2034 4100 rium
2065 4042 2249 4099 vexari
2296 4039 2602 4097 aacclesiam
2645 4032 2753 4094 Sibi
2819 4038 3109 4110 creditam,
3158 4039 3331 4096 simul
3375 4041 3506 4114 quia

1891 4141 1995 4196 hoc
2012 4139 2063 4195 ei
2085 4138 2476 4211 imputabatur,
2528 4134 2759 4192 consilio
2809 4140 3037 4207 accepto
3094 4135 3303 4191 dimisit
3336 4135 3509 4193 abba-

1891 4231 2048 4294 tiam,
2097 4227 2432 4284 succedente
2484 4225 2537 4282 ei
2586 4225 2794 4281 domno
2853 4224 3038 4281 Alviso
3095 4225 3166 4260 ⁸³³
3207 4224 3500 4296 [monacho

1888 4320 2170 4388 Sithiensi,
2201 4327 2393 4392 postea
2418 4318 2683 4390 episcopo
2737 4315 3084 4373 Atrebatensi
3125 4317 3194 4353 ⁴⁸³
3231 4315 3322 4387 (cf.
3357 4317 3501 4388 ib.)].

197 4444 291 4498 que
318 4430 838 4502 superhabundaret
893 4431 963 4485 ad
1003 4430 1351 4486 necessarios
1392 4445 1524 4484 usus
1557 4436 1665 4484 tam
1697 4444 1790 4483 su-
1811 4416 1870 4486 Ι)
1962 4434 2120 4490 1130.
2150 4434 2393 4488 Domnus
2421 4431 2678 4489 Aibertus
2708 4447 2775 4485 ex
2815 4430 3088 4485 monacho
3119 4428 3507 4498 Crispiniensis

199 4519 622 4581 pervenientium
683 4520 981 4590 hospitum,
1015 4535 1180 4591 quam
1213 4517 1639 4574 inhabitantium
1670 4532 1789 4572 mo-

197 4608 477 4664 nachorum
512 4609 603 4662 "0.

260 4695 404 4752 1095.
448 4698 689 4769 Expulso
728 4697 796 4751 ab
849 4697 1171 4769 episc0patu
1221 4697 1596 4753 Cameracensi
1645 4696 1795 4752 Wal-

199 4784 349 4841 chero
373 4787 653 4843 Manasses
685 4789 734 4840 ei
759 4787 1005 4842 succedit
1042 4788 1131 4842 ‘2‘.

261 4879 405 4936 1096.
439 4879 773 4952 (eliminant)
809 4878 987 4952 Aliqui
1041 4879 1344 4952 Judeorum
1393 4882 1511 4937 zelo
1556 4881 1795 4938 tenendo

1893 4522 2129 4580 coenobii
2158 4522 2303 4589 (376)
2337 4536 2571 4575 assensu
2602 4526 2657 4575 et
2712 4532 2987 4574 consensu
3035 4515 3309 4572 Lamberti
3333 4516 3508 4572 abba-

1892 4612 1963 4667 tis
2002 4610 2170 4666 claret
2196 4610 2251 4664 in
2285 4607 2455 4663 Gallia
2488 4606 2739 4663 reclusus
2772 4623 2786 4672 ;
2818 4605 2903 4661 vir
2930 4604 3132 4662 nostris
3160 4604 3507 4676 temporibus

1895 4705 2052 4770 nulli,
2076 4710 2167 4759 aut
2195 4702 2308 4759 fere
2361 4702 2643 4757 rarissimo
2706 4699 3131 4772 comparandus.
3186 4698 3283 4754 llic
3311 4698 3507 4773 viginti

1895 4802 2130 4866 quatuor
2153 4791 2313 4846 annis
2351 4790 2422 4846 ob
2465 4789 2617 4846 omni
2672 4804 2815 4861 pane
2871 4786 3159 4855 abstinuit,
3192 4796 3249 4844 et
3277 4788 3508 4844 totidem

1896 4885 1965 4940 ab
1990 4883 2141 4940 omni
2174 4889 2328 4954 potu,
2358 4880 2603 4952 exceptis
2634 4879 2855 4937 duobus
2884 4896 2899 4946 ;
2932 4878 3081 4952 quod
3111 4878 3266 4935 dictu
3305 4879 3508 4934 mirum

1530 5016 1750 5071 VARUE
1781 5016 2060 5072 LECTION
2068 5014 2167 5071 ES.

269 5141 333 5215 ἦ¹⁶
361 5146 747 5215 qui-dicatur
777 5143 931 5198 habet
956 5160 1099 5199 unus
1132 5145 1222 5199 B3.
1257 5146 1321 5180 “7
1353 5146 1485 5201 add.
1518 5147 1609 5202 Bt.
1642 5148 1698 5212 2,
1730 5148 1814 5201 4*.
1845 5146 1964 5200 4‘”.
1999 5146 2050 5202 5.
2086 5144 2177 5199 01.
2207 5143 2295 5199 2*.
2328 5145 2380 5197 3.
2416 5142 2476 5199 D.
2506 5143 2599 5215 F3.
2633 5143 2700 5215 ξ¹⁸
2726 5143 2857 5215 add.
2893 5142 2987 5215 Bt.
3029 5142 3089 5215 _2.
3125 5142 3139 5211 (
3169 5144 3259 5215 cui
3279 5142 3515 5215 fortasse

206 5210 475 5287 defuerunt
507 5216 580 5269 Ex
606 5215 934 5269 condicto—
959 5216 1302 5287 indigentiae)
1333 5219 1401 5270 4*
1454 5218 1574 5273 4“.
1610 5217 1658 5272 (Σ

1660 5221 1698 5270 1.
1737 5219 1804 5252 “9
1830 5220 1959 5271 add.
1996 5218 2154 5271 B4".
2189 5220 2246 5270 in
2274 5230 2448 5282 marg.
2495 5214 2589 5268 BS.
2628 5212 2691 5268 01
2749 5213 2818 5247 ⁴²⁰
2859 5213 2991 5267 add.
3027 5213 3121 5267 Β1.
3155 5213 3240 5266 4*.
3266 5212 3387 5266 4".
3422 5211 3491 5265 C3

205 5253 580 5355 agimus?
603 5253 1367 5355 affini"...stratam“:
1388 5253 1521 5343 υςτε
1562 5253 1798 5343 ἰςῖιλεια.
1830 5253 1963 5345 ῑξςξίῖ
1996 5253 2105 5352 ‘Ei,
2142 5253 2246 5342 at."
2267 5253 2448 5341 ἔῖᾜζ
2495 5253 2742 5339 fama
2784 5253 3122 5339 mittatis
3155 5253 3301 5355 ea:
3326 5253 3393 5355 βε
3425 5253 3513 5355 ξεῖ

204 5350 263 5425 ξιι
288 5358 407 5411 add.
437 5356 563 5413 B3?
595 5358 795 5411 (τιον.
843 5359 897 5413 3.
929 5360 1016 5411 ιν.
1069 5360 1129 5412 ι).
1165 5360 1232 5392 ηδ
1264 5350 1391 5413 add.
1455 5359 1623 5415 31.2.
1674 5360 1791 5415 4“.
1850 5361 1909 5413 in
1950 5350 2127 5425 marg.
2169 5359 2219 5413 5.
2280 5356 2369 5412 Ct.
2409 5357 2498 5412 2*.
2559 5356 2613 5411 3.
2656 5355 2715 5410 ι).
2776 5355 2834 5410 E.

204 5420 247 5476 3.
278 5426 340 5459 "7
369 5429 501 5492 add,
562 5429 657 5484 BF).

2889 5355 2957 5389 ⁵³⁸
3003 5354 3136 5409 add.
3194 5353 3291 5408 Β1.
3323 5352 3377 5407 5.
3418 5351 3512 5406 01.

727 5428 822 5491 05,
897 5429 966 5463 ⁴²⁸
1022 5430 1154 5484 add.
1188 5430 1280 5485 Β1.
1311 5432 1366 5487 2.
1410 5433 1497 5487 4⁸.
1552 5432 1672 5492 4",
1714 5432 1763 5485 5.
1838 5429 1928 5484 01.
1963 5430 2033 5483 2*
2064 5422 2116 5486 3.
2170 5430 2259 5485 β.
2288 5429 2342 5495 5,
2393 5428 2462 5463 “9
2500 5428 2717 5482 addunt
2772 5426 2865 5480 Β1.
2922 5424 2975 5480 2.
3022 5426 3075 5481 5.
3139 5424 3231 5480 01.
3265 5423 3320 5478 3.
3359 5424 3394 5476 5
3450 5422 3511 5474 D.

208 5492 268 5527 ⁵³⁰
297 5499 422 5554 add.
457 5499 550 5554 ΒΞ.
584 5501 637 5554 5.
673 5498 925 5556 01.5.⁴³¹
962 5501 1091 5555 add.
1130 5501 1221 5555 Β1.
1249 5500 1304 5556 ﬁ.
1330 5502 1382 5558 5.
1412 5502 1502 5557 01.
1533 5501 1601 5556 2*
1641 5502 1768 5557 3.5'
1802 5502 1861 5555 D.
1895 5501 2106 5556 madd.
2145 5500 2237 5554 8‘2.
2269 5492 2337 5553 5.,
2366 5497 2459 5554 01.
2499 5499 2556 5554 5.
2589 5497 2657 5533 ⁵³³
2681 5497 2812 5553 add.
2839 5497 2932 5552 01.
2962 5497 3013 5552 ὅ.

1746 5639 1958 5695 NOTAE.

273 5740 403 5809 {377;
439 5743 683 5818 Crespin,
708 5745 876 5815 diwc,
898 5745 1327 5803 Cameracensis.
