3876 6208
369 241 477 301 275

369 478 542 519 conus
563 462 813 535 diligenti
838 462 965 518 stilo
992 462 1290 518 elucidavit
1308 462 1397 516 ⁸³⁸.

1578 238 1924 294 SIGEBERTI
1961 236 2473 297 GEMBLACENSIS.

369 377 469 427 est.
503 371 666 442 Cujus
690 372 853 425 vitam
906 371 1175 426 Robertus
1220 369 1674 426 Ostrevandensis
1701 367 1978 425 archidia-
2000 370 2054 439 Α
2152 367 2311 423 1152.

3593 243 3696 302 276

2567 368 2653 424 15.
2931 369 3020 424 16.
3294 372 3380 424 16.

2152 369 2311 423 1152.
2567 369 2653 424 15.
2931 369 3020 425 16.
3294 372 3380 426 16.
3636 378 3688 431 8.

2152 462 2313 526 (Ann.
2350 460 2566 527 Bland.)
2608 458 2889 515 Conradus
2918 458 3224 531 imperator
3263 461 3416 517 diem
3446 464 3687 523 ultimum

440 555 570 610 1131
589 595 602 609 .
633 554 902 610 Defuncto
934 554 1140 610 domno
1197 552 1438 609 Roberto
1489 553 1829 609 Atrebatensi
1858 552 1982 624 epi-
2079 552 2284 608 claudit
2315 569 2330 617 ;
2361 552 2450 606 cui
2476 551 2744 607 successit
2774 551 3119 619 Fredericus,
3149 554 3527 611 consobrinus
3579 557 3690 628 ejus

372 647 858 718 scopo,successit
897 647 947 701 ei
988 647 1044 701 in
1104 644 1423 718 pontiﬁcatu
1480 646 1718 702 domnus
1747 646 1978 712 Alvisus,

2083 642 2142 697 In
2168 640 2417 696 aecclesia
2470 640 2643 695 sancti
2698 640 2929 709 Nicolai,
2981 656 3104 712 quae
3145 650 3464 699 constructa
3522 654 3603 702 est
3637 649 3688 703 in

373 737 759 810 Aquicinensis
796 738 1064 793 aecclesiae
1095 743 1281 791 sextus
1317 736 1487 790 abbas
1515 736 1604 803 ⁸³³,
1646 736 1727 790 vir
1764 749 1979 809 magnae
2082 733 2250 805 Opido
2280 733 2635 799 Brusellensi,
2675 740 2866 787 sancta
2927 732 3093 788 Maria
3124 733 3295 789 Mater
3319 736 3459 791 Jesu
3503 736 3686 792 Christi

379 829 665 902 religionis
695 836 749 883 et
807 827 1104 901 singularis
1152 826 1462 882 severitatis
1510 826 1601 892 (cf.
1643 827 1759 892 ἰὰ).
1805 825 1898 881 Cui
1927 827 1982 881 in

380 920 731 993 Aquicinensi
762 919 1014 975 mcclesia
1081 917 1429 973 substituitur
1454 918 1690 974 domnus
1716 919 1988 975 Gozvinus

382 1010 649 1080 septimus
676 1008 848 1063 abbas
872 1007 959 1063 ⁸³⁸.

452 1101 610 1155 1134.
646 1100 756 1155 Hoc
781 1107 1028 1169 tempore
1058 1097 1290 1169 capella,
1324 1114 1355 1153 a
1393 1098 1599 1155 domno
1629 1099 1850 1155 Aiberto
1874 1100 1987 1170 jam

383 1189 596 1261 pridem
628 1196 807 1259 cepta,
850 1189 960 1242 Deo
978 1187 1196 1243 volente
1226 1194 1280 1242 et
1306 1188 1602 1244 auxiliante
1634 1196 1719 1244 est
1750 1196 1988 1260 peracta.

382 1280 457 1334 Ad
476 1279 634 1346 cujus
691 1276 1138 1333 benedictionem
1183 1276 1471 1331 Lietardus
1519 1277 1990 1333 Cameracensium

384 1369 678 1440 episcopus
720 1366 1002 1434 invitatur,
1054 1374 1109 1421 et
1165 1381 1288 1420 cum
1339 1380 1539 1440 magno
1569 1366 1814 1437 tripudio
1872 1382 1992 1422 eam

385 1461 581 1516 devote
607 1458 911 1514 benedixit.
942 1458 1068 1522 Quae
1088 1472 1190 1527 per
1215 1456 1285 1510 40
1318 1455 1438 1510 dies
1463 1456 1531 1510 ab
1557 1456 1820 1511 omnibus
1850 1471 1993 1527 pene

388 1549 639 1620 partibus
678 1547 833 1623 regni
876 1548 970 1601 Dei
1000 1546 1261 1601 instinctu
1289 1545 1365 1600 ita
1392 1545 1792 1617 frequentatur,
1826 1553 1883 1600 ut
1907 1547 1994 1600 vix

390 1645 483 1692 aut
510 1653 810 1708 numquam
838 1635 1019 1691 adhuc
1043 1635 1109 1669 ⁴³τ
1140 1633 1419 1689 hominem
1451 1634 1737 1689 mortalem
1772 1635 1901 1690 huic
1921 1635 1998 1690 si-

395 1728 578 1783 milem
610 1740 774 1779 nemo
821 1723 1041 1778 viderit.
1095 1723 1211 1788 Quo
1256 1730 1503 1793 tempore
1556 1723 1811 1778 similiter
1854 1723 1997 1795 apud

393 1818 701 1873 Oscannum
741 1812 810 1867 ab
842 1812 1104 1883 episc0po
1137 1811 1393 1866 Remensi
1422 1811 1670 1867 aacclesia
1711 1828 2004 1868 consecra-

398 1923 486 1967 tur
514 1906 1383 1979 ,cuiarchiepiscopus,episc0pi
1406 1913 1459 1962 et
1488 1906 1718 1962 abbates
1750 1923 2003 1979 compro-

396 2002 651 2058 vintiales
689 2000 955 2065 faventes,
978 1998 1411 2065 multitudinem,
1433 1999 1698 2055 domuum
1723 2000 2001 2055 Aibertum

402 2094 863 2166 frequentantcm,
905 2089 1196 2161 prohibere
1224 2100 1516 2160 ceperunt,
1558 2098 1614 2146 et
1642 2091 1712 2147 de
1738 2106 1805 2147 eo
1836 2090 2005 2145 multa

400 2184 717 2241 infamando
753 2182 959 2245 dicere,
991 2195 1113 2251 quae
1160 2179 1391 2234 reticere
1441 2178 1639 2235 melius
1670 2180 2004 2250 putavimus.

403 2280 460 2332 in
493 2283 700 2330 tantum
733 2273 880 2329 enim
914 2287 1104 2327 eorum
1125 2270 1395 2341 prevaluit
1421 2272 1724 2336 contentio,
1756 2282 1816 2329 ut
1844 2290 2009 2330 causa

401 2355 749 2439 probationis
801 2362 867 2417 ad
939 2377 1065 2416 eum
1144 2360 1428 2415 mitterent
1507 2360 1763 2417 abbatem
1824 2364 2008 2423 Sancti

388 2457 923 2516 *Amandidomnum
953 2456 1220 2523 Absalou,
1268 2465 1322 2511 et
1351 2456 1606 2513 abbatem
1659 2459 1840 2516 Sancti
1908 2462 2011 2517 Se-

400 2551 575 2626 pulcri
618 2551 756 2620 (3'78)
788 2547 1101 2613 Parviuum,
1143 2553 1323 2601 utrum
1392 2548 1517 2603 talis
1546 2565 1610 2604 ac
1641 2556 1823 2606 tantus
1846 2561 2011 2619 esset,

402 2646 618 2719 qualem
648 2643 789 2697 fama
815 2641 881 2693 de
912 2655 980 2695 eo
1023 2638 1222 2695 diffusa
1263 2657 1424 2695 aures
1454 2641 1701 2696 omnium
1734 2646 2013 2713 percelle-

404 2747 486 2792 rat
538 2736 637 2799 Qui
671 2733 791 2800 ejus
832 2732 1122 2787 sanctitate
1178 2739 1482 2802 comperta,
1518 2749 1617 2803 per
1656 2736 1840 2789 omnia
1889 2736 2015 2792 lau-

407 2830 603 2882 dantes
646 2828 840 2892 Deum,
892 2824 959 2879 ad
1019 2840 1117 2879 eos
1165 2841 1195 2879 a
1225 2824 1428 2895 quibus
1475 2826 1626 2880 missi
1662 2827 1881 2884 fuerant
1931 2847 2018 2886 re-

410 2918 563 2971 diere
597 2915 686 2970 ‘3‘.

2086 830 2310 895 operata
2331 830 2416 879 est
2442 824 2614 879 multa
2635 823 2920 894 miracula.
2942 824 3061 894 (1b.)
3085 824 3353 881 Ecclesia
3373 828 3554 883 sancti
3579 830 3691 884 Ber-

2087 913 2187 967 tini
2221 929 2343 968 cum
2378 912 2639 968 omnibus
2669 899 3017 983 appendiciis
3048 913 3163 967 suis
3216 914 3510 970 combusta
3537 924 3616 972 est
3639 918 3689 972 in

2090 1004 2211 1075 ipso
2241 1003 2379 1059 festo
2409 1003 2585 1058 sancti
2614 1003 2844 1070 Dertini,
2885 1002 3017 1059 dum
3071 1004 3470 1062 matutinorum
3501 1007 3693 1063 solem-

2092 1095 2223 1167 pnia
2250 1095 2572 1169 agebantur.

2163 1186 2322 1242 1153.
2602 1187 2654 1241 1.
2937 1189 3023 1243 17.
3302 1189 3393 1243 17.
3642 1191 3688 1245 9.

2166 1278 2395 1349 Eclipsis
2410 1278 2543 1334 solis
2589 1278 2731 1334 facta
2760 1287 2846 1334 est
2897 1281 2930 1333 7
2963 1279 3076 1335 Kal.
3109 1280 3265 1337 Febr.
3301 1281 3360 1335 in
3389 1279 3426 1336 2
3458 1279 3591 1336 feria
3619 1300 3633 1347 ;
3660 1285 3690 1336 5

2095 1368 2225 1422 ldus
2246 1366 2527 1421 Februarii
2558 1367 2613 1421 in
2633 1368 2668 1421 2
2690 1366 2825 1422 feria
2856 1368 3157 1423 tonitruum
3188 1369 3440 1424 auditum
3456 1378 3563 1426 est.
3588 1372 3694 1439 Ub.)

2098 1458 2377 1533 Eugenius
2398 1474 2540 1529 papa
2567 1458 2711 1513 diem
2751 1458 3004 1513 ultimum
3053 1458 3257 1514 claudit
3283 1460 3432 1526 (379,
3464 1477 3479 1526 ;
3508 1476 3689 1516 succe-

2097 1550 2178 1605 dit
2206 1550 2257 1605 ei
2280 1549 2569 1605 Konradus
2600 1550 2764 1604 158ιιε
2784 1566 2947 1621 papa,
2988 1551 3203 1605 Sanctae
3243 1550 3469 1606 Sabine
3497 1552 3692 1622 episco-

2099 1655 2221 1710 pus,
2270 1638 2587 1693 Anastasius
2633 1638 2960 1709 appellatus;
3000 1638 3237 1694 vicarius
3287 1639 3501 1695 domini
3554 1655 3691 1710 papa:

2104 1728 2513 1800 predecessoris
2540 1727 2649 1782 sui.
2668 1728 2911 1783 Domnus
2927 1743 3148 1799 quoque
3184 1728 3520 1794 Bernardus,
3542 1728 3694 1782 abbas

2102 1821 2543 1888 Clarevallensis,
2594 1820 2689 1893 qui
2718 1821 2875 1893 quasi
2926 1820 3122 1876 lucifer
3169 1827 3417 1888 exortus,
3463 1820 3691 1877 ordinem

2104 1926 2349 1973 nostrum
2390 1917 2716 1984 illustrabat,
2760 1917 3014 1991 migravit
3057 1918 3127 1972 ad
3175 1918 3474 1974 Dominum
3525 1917 3692 1986 (380);

2105 2010 2264 2079 cujus
2287 2010 2398 2064 vita
2427 2016 2483 2064 et
2507 2009 2759 2065 doctrina
2813 2009 2870 2063 in
2904 2017 3115 2065 tantum
3169 2010 3415 2075 excellit,
3454 2016 3512 2064 ut
3541 2009 3699 2062 minus

2107 2100 2199 2165 sit,
2255 2098 2520 2170 quicquid
2570 2098 2624 2153 in
2674 2097 2794 2167 ejus
2858 2097 3023 2153 laude
3066 2098 3274 2152 dictum
3314 2097 3496 2153 fuerit.
3541 2096 3697 2152 Turbo

2109 2190 2448 2265 gravissimae
2466 2190 2808 2261 tempestatis
2862 2205 2961 2260 per
3001 2188 3140 2245 ﬁnes
3178 2199 3403 2246 nostros
3431 2189 3567 2244 viam
3598 2204 3698 2243 mo-

2108 2281 2260 2346 litus,
2293 2279 2449 2351 quasi
2482 2278 2692 2334 sulcum
2711 2278 2942 2343 ducens,
2974 2277 3141 2332 unius
3179 2277 3293 2332 diei
3326 2277 3527 2333 itinere
3554 2292 3691 2347 quae-

2109 2389 2218 2445 que
2240 2372 2390 2427 velut
2426 2370 2660 2425 ﬂammis
2690 2369 2918 2440 depasta
2947 2384 3308 2433 consumens,
3363 2367 3596 2442 lugenda
3621 2381 3700 2420 ve-

2111 2462 2272 2535 stigia
2321 2460 2563 2531 reliquit.
2614 2460 2773 2529 (Aug.
2840 2459 2951 2529 19.)
3013 2460 3246 2514 Ascalon
3306 2465 3466 2529 capta
3516 2464 3591 2512 est
3641 2453 3697 2508 ab

2116 2552 2356 2609 exercitu
2386 2551 2623 2617 Domini,
2656 2550 2749 2622 qui
2782 2559 2865 2605 est
2898 2549 3306 2616 Jherosolimis,
3339 2556 3394 2604 et
3420 2563 3653 2618 possessa
3675 2561 3700 2597 a

2118 2642 2324 2699 nostris
2352 2660 2364 2696 :
2394 2641 2563 2696 multo
2591 2650 2775 2695 tamen
2807 2640 2997 2696 labore
3017 2655 3083 2693 ac
3102 2639 3368 2695 diuturno
3400 2638 3558 2696 bello.
3586 2634 3698 2689 mul-

2120 2736 2189 2791 tis
2207 2735 2372 2791 etiam
2407 2732 2668 2804 periculis
2697 2739 2752 2787 et
2797 2730 3058 2803 gravibus
3101 2730 3320 2784 damnis
3376 2730 3525 2801 prius
3566 2742 3699 2781 exer-

2119 2827 2229 2882 citu
2256 2824 2482 2880 afﬂicto.
2516 2823 2763 2894 Namque
2793 2823 2860 2857 ’διο
2881 2821 3302 2877 diebussanctae
3321 2821 3417 2875 Dei
3446 2815 3697 2893 genitricis

2120 2916 2487 2992 puriﬁcationi
2518 2914 2801 2986 proximis,
2830 2930 2923 2968 rex
2977 2912 3481 2983 Hierosolymorum
3502 2908 3697 2980 procin-

482 3007 641 3063 1135.
682 3004 828 3060 Obiit
878 3003 1114 3059 domnus
1166 3004 1417 3059 Aibertus
1474 3004 1578 3074 piae
1627 3007 1933 3071 memoriae,
1965 3019 2021 3064 et
2055 3057 2097 3077 η
2120 3014 2267 3063 ctum
2298 3020 2546 3071 movens,
2579 3002 2854 3058 civitatem
2886 2999 3087 3056 diffuso
3116 3000 3364 3055 exercitu
3394 2997 3615 3061 vallavit,
3657 3000 3702 3046 ct

412 3098 575 3152 nobis
606 3100 931 3167 perpetuum
982 3108 1254 3147 mererem
1314 3092 1538 3164 reliquit
1582 3095 1849 3151 absentiae
1880 3114 2018 3166 suae,

411 3204 557 3245 anno
589 3185 985 3241 incarnationis
1023 3184 1235 3240 Domini
1288 3185 1447 3253 1135,
1487 3185 1812 3243 inclusionis
1835 3196 2018 3246 autem

412 3298 526 3339 sua:
553 3279 642 3347 25,
668 3278 758 3333 die
787 3283 975 3334 sancto
1007 3277 1223 3348 paschae
1254 3276 1342 3334 δυο.

490 3460 651 3515 1149.
838 3457 899 3512 R.
941 3456 1029 3512 12.
1180 3456 1238 3513 Ρ.
1290 3457 1379 3514 13.
1524 3460 1585 3515 Α.
1628 3459 1713 3516 13.
1865 3460 1925 3518 H.
1966 3462 2021 3519 5.

492 3549 772 3605 Conradus
823 3563 914 3602 rex
962 3545 1426 3601 Theutonicorum
1477 3555 1532 3603 et
1574 3548 1901 3606 Ludowicus
1932 3568 2023 3606 rex

421 3646 750 3700 Francorum
775 3640 1118 3713 procinctum
1144 3638 1380 3706 solvunt,
1405 3647 1459 3695 et
1498 3640 1620 3696 sine
1652 3642 1763 3699 ullo
1794 3659 2025 3715 prospe-

420 3734 598 3790 ritatis
627 3737 827 3788 eventu
848 3729 917 3784 ab
945 3729 1139 3784 itinere
1184 3728 1675 3787 Jherosolimorum
1730 3742 2024 3789 revertun-

422 3836 528 3891 tur,
553 3840 852 3894 numquam
888 3822 1077 3877 audita
1116 3830 1265 3877 tanta
1295 3821 1617 3879 infelicitate
1652 3826 1785 3880 tanti
1824 3826 2036 3881 exerci-

2051 3059 2100 3123 C

2122 3117 2303 3172 usque
2343 3100 2401 3154 in
2432 3099 2624 3153 festum
2657 3094 3052 3166 assumptionis
3079 3093 3330 3163 ejusdem
3362 3088 3702 3147 sacratissima:

2123 3192 2361 3267 Virginis
2404 3205 2588 3246 moras
2647 3187 2930 3259 protraxit.
2963 3185 3215 3241 Proxima
3267 3200 3403 3260 ergo
3458 3182 3542 3237 die
3582 3179 3703 3233 illius

2123 3284 2481 3343 sacratissimi
2537 3282 2662 3338 festi
2713 3281 2903 3336 turrim
2952 3296 3076 3335 cum
3132 3279 3249 3334 suis
3276 3271 3703 3334 machinamentis

2125 3397 2286 3438 muro
2319 3379 2565 3435 admovit
2604 3394 2619 3444 ς
2652 3386 2708 3433 et
2753 3374 2986 3432 artiﬁcio
3022 3374 3386 3431 subterraneo
3416 3380 3581 3427 actum
3615 3371 3699 3429 est,

2125 3478 2185 3526 ut
2213 3484 2401 3524 murus
2434 3466 2828 3523 cadenslatum
2860 3464 3167 3538 ingressum
3211 3462 3418 3518 nostris
3447 3457 3702 3532 praaberet,

2124 3562 2338 3618 Primus
2360 3558 2674 3631 prepositus
2727 3564 2783 3611 et
2821 3556 2931 3610 dux
2994 3554 3141 3609 illius
3166 3554 3466 3617 exercitus,
3496 3548 3579 3621 qui
3608 3545 3695 3600 fra-

2127 3666 2295 3712 ternae
2325 3652 2607 3709 societatis
2645 3649 2992 3722 professione
3046 3648 3256 3718 templo
3306 3646 3553 3707 militant,
3595 3652 3695 3694 cum

2127 3763 2226 3803 suo
2292 3760 2470 3801 cuneo
2529 3741 2750 3814 irrupit,
2810 3746 2866 3796 et
2902 3757 3081 3813 usque
3128 3740 3198 3794 ad
3234 3739 3470 3810 plateam
3500 3727 3698 3790 civitatis

2137 3835 2355 3911 agmine
2386 3848 2612 3889 suorum
2646 3830 2885 3902 stipatus
2938 3828 3292 3901 perveniens,
3324 3825 3544 3902 gradum
3571 3816 3701 3877 ﬁxit;

421 3929 526 3974 tus.
587 3917 751 3987 (Ann.
797 3915 1009 3985 Bland.)
1080 3914 1318 3995 Hyemps
1400 3916 1726 3990 gravissima
1776 3925 2005 3988 quattuo

2134 3928 2216 3983 ibi
2242 3932 2450 3982 artatus
2494 3923 2762 3998 angustiis
2826 3922 3155 3993 platearum,
3211 3919 3465 3976 maceriis
3508 3914 3701 3998 cinctus.

422 4008 706 4065 mensibus
736 4006 966 4062 invaluit
991 4013 1046 4061 et
1068 4005 1337 4076 prevaluit

495 4098 633 4154 1150
908 4095 996 4149 13.
1269 4094 1354 4148 14.
1636 4096 1722 4154 14.
1975 4096 2029 4153 6.

495 4194 620 4251 Orta
642 4198 724 4247 est
753 4189 1037 4248 contentio
1063 4187 1210 4243 inter
1235 4188 1527 4244 Henricum
1558 4190 1877 4262 episcopum
1904 4191 2034 4247 Leo-

424 4287 707 4342 dicensem
722 4291 776 4338 et
799 4280 1110 4337 Heinricum
1139 4278 1394 4334 comitem
1424 4280 1843 4335 Namucensem.
1879 4280 2035 4336 Unde

2138 4025 2191 4073 et
2221 3994 2822 4087 superimminentibus
2849 4020 3118 4068 tectorum
3150 4010 3485 4071 domatibus,
3511 4012 3560 4058 et
3581 3994 3700 4055 omni

2138 4115 2292 4179 parte
2331 4104 2647 4161 conﬂuente
2670 4102 2828 4158 turba
2854 4101 3286 4165 circumventus,
3312 4092 3635 4171 Opprimitur,
3660 4090 3703 4139 et

2137 4213 2259 4253 cum
2293 4195 2446 4251 omni
2501 4194 2658 4248 turba
2713 4207 2937 4246 suorum
2967 4190 3343 4246 obtruncatur.
3378 4187 3596 4251 Quorum
3622 4189 3699 4230 ca-

2136 4291 2252 4364 pita
2272 4290 2325 4344 in
2348 4304 2519 4344 unum
2550 4286 2832 4343 cumulum
2852 4292 2981 4341 sunt
3001 4292 3286 4359 congesta,
3323 4289 3381 4338 ut
3414 4277 3523 4353 regi
3559 4270 3703 4339 Baby-

424 4382 764 4451 congregato
816 4370 1072 4442 utrinque
1130 4368 1376 4424 exercitu
1426 4370 1729 4443 congressi,
1777 4370 2035 4440 superior
2065 4340 2300 4442 υἶοηίρρ
2327 4399 2428 4456 pro
2456 4383 2616 4457 signo
2665 4379 2910 4437 victoriae
2949 4384 3290 4435 ostentarent
3320 4395 3337 4442 ;
3366 4385 3579 4445 corpora
3595 4374 3697 4421 vero

426 4469 600 4526 factus
624 4467 943 4539 episcopus,
975 4478 1083 4518 non
1128 4460 1249 4516 sine
1304 4461 1599 4518 multorum
1627 4462 1764 4517 cede
1808 4461 2036 4518 victoria
2138 4477 2196 4532 in
2234 4491 2392 4531 mum
2422 4473 2858 4544 suspenderunt,
2882 4469 3518 4538 ηοδίείτηρι-ορει-δηιθε,
3541 4464 3588 4513 ει
3612 4466 3704 4544 γετ-

428 4561 634 4630 politus
663 4568 765 4614 est.

499 4667 660 4722 1151.
949 4664 1040 4718 14.
1277 4660 1367 4718 15.

1659 4661 1745 4716 15.
1981 4661 2036 4713 7.

503 4760 880 4815 Fructusterra
906 4757 1100 4811 habuit
1129 4755 1330 4811 uberes
1356 4773 1372 4821 ;
1405 4753 1503 4809 sed
1538 4753 1845 4825 pluviarum
1875 4752 2039 4807 inun-

2139 4566 2224 4620 bis
2250 4540 2606 4635 blasphemiae
2628 4560 2929 4616 exercitum
2958 4557 3055 4612 Dei
3087 4562 3464 4627 provocantes.
3500 4540 3699 4635 Tandem

2140 4655 2311 4713 nostri
2344 4632 2402 4708 in
2436 4653 2665 4710 Domino
2711 4648 3028 4717 confortati,
3062 4644 3434 4703 devotissimis
3468 4632 3700 4707 supplica-

2143 4748 2388 4805 tionibus
2411 4762 2472 4801 se
2504 4744 2736 4800 Domino
2767 4740 3198 4805 committentes,
3231 4746 3286 4793 et
3316 4739 3506 4791 sancta:
3533 4722 3701 4793 Πείθε-

434 4849 658 4904 datione
681 4864 713 4902 a
756 4847 1047 4902 festivitate
1093 4845 1267 4900 sancti
1326 4823 1596 4899 Johannis
1623 4858 1796 4914 usque
1827 4842 1896 4896 ad
1926 4857 2044 4897 me-
2145 4839 2322 4895 uitrici
2356 4846 2482 4894 vota
2515 4836 2798 4900 facientes,
2832 4832 2992 4887 tertia
3027 4829 3120 4885 die
3151 4829 3219 4884 ad
3262 4840 3468 4914 murum
3482 4823 3701 4914 saces“?

434 4937 583 4992 dium
608 4936 834 5010 Augusti
877 4934 1063 4989 omnia
1092 4942 1360 4999 vastante,
1418 4933 1505 4987 vix
1557 4932 1624 4986 ad
1676 4930 2041 4986 maturitatem
2145 4934 2292 4993 runt,
2326 4927 2689 4981 instrumenta
2734 4921 2955 4987 bellica,
3016 4918 3299 4973 machinas
3325 4922 3379 4972 et
3408 4895 3698 5010 balistflsa‘:

438 5024 713 5096 perduxit.
745 5025 878 5079 Nam
901 5023 1086 5086 vinum
1120 5032 1175 5078 et
1203 5023 1374 5079 ceteri
1431 5023 1638 5077 fructus
1666 5038 1731 5076 ex
1762 5028 1918 5092 parte
1946 5021 2044 5076 de-

2148 5028 2459 5084 moverunt,
2491 5015 2599 5070 ﬁde
2648 5020 2990 5070 constantes.
3040 5010 3176 5066 Crux
3217 5023 3347 5064 vero
3391 4994 3697 5059 dominicam

437 5119 691 5175 fecerunt
718 5135 733 5186 ;
761 5127 816 5173 et
848 5116 996 5190 quod
1028 5117 1097 5171 de
1130 5117 1249 5172 uvis
1277 5117 1565 5173 collectum
1595 5122 1697 5182 est,
1740 5115 1796 5170 in
1827 5130 2046 5171 acorem
2149 5114 2404 5171 manibus
2458 5109 2779 5183 patriarchae
2831 5121 3027 5181 agmen
3084 5099 3431 5175 procedebat.
3460 5093 3573 5147 Tum
3600 5088 3698 5190 fcio

437 5227 655 5268 versum
685 5220 790 5267 081.

2148 5208 2348 5263 virtute
2374 5182 2591 5261 Domini
2622 5199 2931 5266 manifesta,
2976 5193 3221 5270 percussi
3267 5198 3392 5248 sunt
3429 5191 3598 5243 omnes
3618 5182 3699 5225 (π’

1810 5310 2030 5365 VARle
2068 5307 2342 5365 LECTION
2352 5307 2449 5362 ES.

508 5413 576 5449 ‘3‘
628 5414 761 5472 add.
824 5412 920 5467 B1.
979 5411 1035 5464 5.
1099 5411 1168 5446 ⁸³³
1222 5412 1353 5467 add.
1417 5410 1514 5466 B3.
1569 5411 1624 5466 5.
1692 5411 1763 5447 ‘3‘
1818 5412 1949 5468 add.
2011 5412 2079 5447 ⁸³⁷
2136 5413 2218 5467 ita
2272 5410 2503 5481 conjicio

437 5483 508 5519 διο
546 5485 867 5557 Namque—
895 5496 1155 5554 possessa
1177 5482 1372 5538 desunt
1404 5483 1500 5538 85.

2562 5424 2578 5472 ;
2626 5404 2696 5461 ad
2760 5405 2855 5459 Bt.
2922 5400 2991 5436 ιδε
3047 5398 3178 5455 add.
3237 5396 3332 5451 B1.
3389 5388 3452 5425 ιε’
3497 5376 3607 5437 add-
3646 5365 3695 5422 Β¹

1997 5552 2207 5608 NOTAE.

506 5626 650 5689 (378)
682 5621 1117 5682 Cameracensis.

504 5698 656 5764 (379)
690 5698 752 5752 D.
780 5700 811 5753 7
842 5693 1001 5752 Julii.

2227 5622 2374 5693 (380)
2405 5623 2463 5677 ι).
2496 5621 2559 5675 21
2597 5618 2733 5690 Aug.
