3876 6208
182 277 290 331 2⁴¹Π

1227 276 1572 333 CHRONICA.
1618 308 1684 317 —
1725 274 2103 332 AUCTARIUM
2142 276 2594 340 AQUICINENSE.

3455 287 3563 341 278

197 405 385 471 citate,
409 403 515 472 ita,
548 411 619 460 ut
644 419 777 461 cum
832 403 1067 460 morales
1120 403 1333 475 lapides
1387 403 1582 460 balista
1611 418 1712 460 suo
1737 403 1842 459 im-
1864 407 1920 476 Α
1942 402 2201 459 omnibus
2216 420 2351 475 pace
2375 406 2718 477 compositis,
2770 410 3051 468 contentio
3101 412 3266 487 longo
3304 424 3556 486 tempore

206 509 336 573 petu
364 500 422 554 in
456 499 657 555 medio
687 515 883 555 eorum
925 497 1222 565 emitteret,
1253 497 1437 553 nullus
1475 496 1716 569 lapidem
1746 513 1840 553 ve-

214 593 455 647 nientem
492 590 734 657 viderit,
756 598 818 645 ut
842 589 1011 644 aloco
1061 588 1306 655 cederet,
1339 588 1621 661 ictumque
1643 588 1848 661 lapidis

214 683 543 739 declinaret.
580 681 869 737 Postremo
890 679 1065 736 coacti
1099 679 1378 735 civitatem
1447 681 1504 734 in
1532 696 1728 736 manus
1767 695 1846 735 re-

214 776 303 847 gis
339 774 589 840 tradunt,
625 778 683 828 et
711 789 780 827 ex
813 770 907 827 illo
938 779 1186 843 tempore
1236 770 1467 828 Ascalon
1495 777 1681 828 nostra
1708 771 1849 827 facta

215 872 326 932 est,
350 872 405 920 et
423 881 453 919 a
487 864 693 921 nostris
718 878 976 935 possessa
1008 863 1073 898 “l
1097 880 1111 927 ;
1146 862 1280 918 urbs
1308 863 1408 918 150
1434 863 1679 919 turribus
1708 878 1847 934 prae-

217 954 420 1010 validis
448 954 691 1023 munita,
722 960 778 1009 et
800 953 1101 1009 caanacnlis
1125 953 1406 1009 domatum
1438 954 1495 1008 in
1528 953 1851 1024 plateissuis

216 1045 375 1117 quasi
406 1051 598 1114 crypta
628 1042 905 1115 laquearia
957 1048 1295 1113 supertecta,
1336 1048 1392 1099 et
1439 1042 1849 1115 quodammodo

224 1135 705 1211 inexpugnabilis.

293 1226 460 1281 1154·
611 1224 676 1279 R.
716 1223 769 1279 2.
911 1222 970 1278 F.
1022 1223 1108 1279 18.
1251 1223 1310 1276 A.
1346 1223 1430 1278 18.
1584 1223 1645 1278 H.
1687 1223 1775 1279 10.

299 1316 629 1373 Anastasius
654 1332 796 1387 papa
827 1330 894 1371 ex
923 1315 1025 1371 hac
1061 1314 1174 1371 vita
1202 1314 1441 1371 decessit
1472 1332 1487 1381 ;
1520 1315 1769 1371 succedit
1798 1316 1849 1371 ei

217 1414 487 1470 Nicolaus
527 1419 692 1467 antea
734 1412 913 1467 dictus
962 1410 1262 1483 episcopus
1306 1411 1653 1477 Albanensis,
1692 1412 1851 1481 cujus

220 1520 436 1561 nomen
478 1509 747 1558 mutatum
792 1508 875 1557 est
920 1500 1194 1556 Adrianus
1246 1517 1387 1572 papa
1426 1501 1587 1557 159m
1620 1500 1709 1571 (cf.
1740 1506 1845 1558 An.

220 1594 445 1660 Bland)
499 1591 612 1646 Rex
668 1591 725 1645 in
780 1589 976 1665 Anglia
1031 1589 1360 1645 constitutus
1413 1596 1498 1644 est
1538 1589 1850 1657 Heinricus,

223 1685 392 1753 cujus
418 1699 555 1738 avus
593 1681 695 1736 fuit
723 1680 817 1735 ille
872 1695 1105 1753 magnus
1132 1685 1187 1733 et
1236 1677 1480 1733 famosus
1512 1679 1722 1753 Anglia
1753 1696 1844 1735 rex

1949 501 2221 566 protracta
2260 512 2327 551 ea
2380 497 2699 554 conditione
2740 498 2897 555 finita
2939 509 3042 569 est,
3112 513 3171 559 ut
3222 506 3557 563 Godefridus

1948 581 2328 639 confirmatum
2360 583 2467 639 sibi
2499 585 2781 654 ducatum,
2823 589 3163 645 advocatiam
3225 594 3406 650 Sancti
3435 596 3562 651 Tru-

1948 671 2132 740 donis,
2161 672 2444 728 castellum
2505 674 2654 730 Rede
2694 675 2841 745 (382)
2896 677 3163 746 obtineat,
3222 690 3386 753 atque
3434 700 3558 739 om-

1950 760 2123 823 nium,
2147 778 2271 833 quae
2291 763 2535 833 possidet
2556 763 2702 819 idem
2722 780 2911 821 comes
2969 775 3091 838 post
3120 769 3407 825 decessum
3436 774 3557 841 ejus

1950 852 2304 908 medietatem
2353 852 2631 923 accipens,
2701 854 3045 913 haereditario
3109 858 3235 928 jure
3273 877 3561 919 successor

1951 941 2064 998 fiat.
2086 943 2174 997 “¹.

2022 1034 2180 1090 1156.
2328 1036 2381 1089 4.
2526 1034 2616 1091 20.
2761 1036 2816 1092 2.
2964 1039 3051 1093 12.

2020 1124 2327 1197 Philippus,
2350 1124 2495 1180 filius
2521 1125 2843 1183 Theoderici
2876 1129 3094 1186 comitis
3123 1131 3558 1193 Flandrensium.

1950 1215 2118 1271 tiliam
2165 1215 2379 1272 Rodulli
2428 1217 2948 1274 Viromandensium
3010 1222 3225 1278 comitis
3280 1224 3561 1280 Elizabeth

1953 1320 2180 1361 uxorem
2208 1305 2361 1360 ducit
2380 1306 2596 1362 Belvaei
2624 1306 2718 1377 (cl‘.
2752 1312 2855 1362 An.
2888 1309 3104 1376 Bland.)

2020 1397 2181 1451 1157.
2329 1396 2382 1451 5.
2529 1397 2620 1453 21.
2802 1399 2858 1452 3.
3044 1399 3127 1456 13.

2025 1484 2184 1556 (Ann.
2215 1485 2432 1556 Bland.)
2459 1484 2831 1541 Theodericus
2859 1502 3049 1542 comes
3093 1487 3349 1545 Flandrie
3390 1490 3561 1546 tercio

1950 1577 2373 1633 Jherosolimam
2430 1576 2568 1647 petit
2629 1593 2751 1633 cum
2794 1578 2984 1633 Sibilla
3036 1595 3223 1635 uxore.
3279 1582 3406 1638 Post
3430 1598 3563 1654 quo-

1955 1690 2075 1729 rum
2123 1672 2429 1728 discessum
2486 1674 2797 1746 Philippus,
2853 1674 3002 1730 filius
3045 1692 3256 1743 eorum,
3299 1678 3565 1733 adversus

229 1726 392 1753 υυιδυιυ
418 1726 555 1738 *νυ-υ
593 1726 695 1736 --ι-
724 1726 816 1735 ·-·ν
874 1726 1103 1753 -··-ῃ---
1136 1726 1187 1733 τ’
1236 1726 1478 1733 σ-ττ--ν--ν
1512 1726 1721 1753 --κυυ-ν
1753 1726 1844 1735 --η-
1958 1726 1969 1727 ί
1990 1726 2073 1729 νηίε
2132 1726 2142 1728 -
2190 1726 2295 1728 --τί
2318 1726 2324 1727 ν
2346 1726 2354 1727 ί
2488 1726 2505 1728 ἡ
2529 1726 2797 1746 ""'r|""1
2853 1726 2999 1730 νῆν-α
3049 1726 3256 1743 νν--σ--ι
3300 1726 3562 1733 ——-~-v—-

229 1775 547 1830 Heinricus.
581 1774 715 1829 Filia
738 1787 975 1844 namque
1006 1772 1146 1841 ejus,
1178 1786 1302 1843 quae
1334 1770 1655 1841 imperatori
1681 1778 1854 1843 nupta
1880 1726 1930 1793 Β
1954 1765 2211 1838 Symonis
2247 1764 2316 1820 de
2362 1765 2483 1821 Orzi
2519 1766 2625 1821 sibi
2657 1767 2858 1838 subjici
2887 1768 3130 1823 nolentis
3159 1770 3562 1825 contumaciam

228 1865 556 1937 imperatrix
584 1865 868 1920 dicebatur
895 1870 951 1918 et
984 1872 1120 1930 erat,
1163 1861 1350 1917 comiti
1375 1861 1762 1935 Andegavensi
1795 1861 1850 1917 in

225 1957 501 2031 conjugio
527 1963 652 2027 post
680 1956 801 2024 ejus
833 1970 1118 2010 excessum
1158 1952 1435 2024 c0pulata,
1489 1952 1636 2007 hunc
1684 1952 1754 2008 de
1785 1968 1853 2010 eo

226 2052 504 2123 suscepit,
525 2058 581 2106 et
605 2051 800 2105 fratres
828 2050 965 2118 ejus.
1008 2048 1109 2114 Qui
1135 2064 1260 2103 cum
1290 2047 1477 2103 adhuc
1510 2047 1720 2103 lactens
1748 2047 1851 2104 sub

227 2140 411 2196 ubere
460 2129 689 2195 nutricis
727 2145 893 2203 esset,
942 2135 1206 2191 defuncto
1260 2151 1362 2192 avo
1417 2135 1538 2205 ejus
1599 2135 1854 2192 Heinrico

226 2244 385 2301 rege,
420 2227 479 2282 in
505 2226 1110 2300 Angliamdeportatus,
1133 2223 1412 2280 electione
1428 2224 1674 2279 omnium
1706 2225 1856 2296 prin-

226 2320 417 2391 cipum
446 2318 591 2373 datis
636 2316 962 2388 juramentis
1019 2314 1077 2369 in
1133 2331 1305 2392 regno
1337 2314 1693 2371 conﬁrmatus
1747 2326 1850 2373 est.

228 2410 451 2464 Electus
482 2414 570 2462 est
598 2422 787 2462 comes
811 2405 1142 2476 Stephanus,
1171 2411 1441 2477 cognatus
1472 2404 1616 2473 ejus,
1643 2405 1736 2477 qui
1766 2422 1856 2462 re-

224 2516 401 2575 gnum
436 2505 654 2574 regeret
681 2505 737 2553 ct
766 2514 893 2553 eum
922 2498 1186 2553 educaret
1211 2496 1303 2565 (cf.
1351 2501 1452 2552 An.
1487 2498 1725 2565 Bland.).
1751 2498 1849 2563 Qui

228 2592 550 2663 Stephanus
578 2608 610 2646 a
637 2589 980 2662 principibus
1009 2604 1330 2661 persuasus,
1396 2604 1626 2664 regnum
1655 2590 1854 2646 invasit

226 2687 285 2735 et
314 2679 508 2734 tenuit.
553 2677 664 2733 Hoc
717 2686 1023 2748 comperto,
1080 2676 1398 2748 imperatrix
1435 2677 1686 2752 Angliam
1726 2692 1851 2732 cum

229 2770 477 2826 exercitu
508 2768 855 2843 ingreditur;
888 2768 1079 2823 multis
1108 2768 1445 2843 etgravibus
1474 2767 1668 2840 preliis
1697 2784 1854 2824 com-

232 2858 440 2925 missis,
472 2858 647 2912 multa
676 2857 938 2912 audacter
977 2872 1148 2928 opera
1178 2857 1432 2928 patravit.
1489 2858 1569 2912 Ad
1596 2858 1852 2914 ultimum

234 2953 361 3019 post
382 2946 654 3018 plurimos
704 2962 903 3014 annos,
939 2947 1054 3017 jam
1085 2946 1272 3003 adulto
1319 2947 1415 3004 illo
1458 2949 1687 3019 juvene,
1740 2948 1854 3006 tilio

1952 1857 2320 1914 edomandam
2344 1858 2639 1914 exercitum
2669 1858 2841 1926 ducit,
2876 1869 2931 1915 et
2963 1860 3074 1915 lnci
3098 1861 3385 1916 castellum
3416 1860 3565 1917 obsi-

1953 1947 2048 2002 det
2068 1955 2124 2002 et
2152 1947 2317 2018 capit.

2024 2035 2181 2091 1158.
2364 2036 2417 2090 6.
2601 2035 2691 2090 22.
2874 2038 2927 2091 4,
3114 2036 3202 2091 14.

2024 2124 2312 2196 Philippus
2357 2139 2543 2180 comes
2597 2124 2869 2191 Flandrie,
2902 2123 3050 2180 ﬁlius
3085 2125 3434 2193 Theoderici,
3469 2142 3562 2181 na-

1951 2214 2129 2269 valem
2175 2212 2586 2284 expeditionem
2649 2212 2800 2268 ducit
2849 2213 3114 2269 adversus
3154 2213 3560 2269 Theodericum

1953 2300 2208 2361 comitem
2263 2304 2552 2359 Hollandie
2583 2310 2636 2359 et
2685 2304 2888 2375 piratas
2917 2305 3018 2359 sub
3041 2305 3161 2373 ejus
3192 2305 3423 2361 tuitione
3472 2307 3566 2360 de-

1954 2406 2168 2471 gentes,
2213 2404 2269 2453 et
2314 2398 2556 2468 acceptis
2611 2397 2899 2453 obsidibus
2929 2398 3102 2454 victor
3154 2399 3462 2465 revertitur,
3511 2407 3567 2454 et

1956 2490 2200 2546 Beverne
2227 2489 2366 2558 (383)
2391 2488 2686 2544 comburit.

2023 2583 2183 2639 1159.
2374 2581 2404 2637 7
2607 2581 2699 2634 23.
2881 2579 2933 2635 5.
3119 2582 3188 2637 15

2022 2672 2398 2728 Theodericus
2426 2686 2614 2727 comes
2643 2670 2895 2726 Flandrie
2930 2671 3090 2727 tertia
3118 2672 3237 2728 vice
3268 2672 3567 2728 Jherosoli-

1952 2765 2363 2822 marevertitur.

2025 2856 2187 2910 1160.
2333 2854 2387 2909 8.
2535 2852 2625 2908 24.
2775 2853 2826 2908 6.
2975 2854 3063 2910 16.

2026 2948 2511 3019 (An.1159,Sept.)
2555 2947 2680 3002 Post
2721 2947 2943 3002 Adriani
2976 2964 3134 3020 papae
3187 2956 3419 3004 mortem
3450 2958 3569 3004 orta

231 3054 360 3103 suo,
390 3038 678 3109 Stephano
726 3038 890 3094 etiam
940 3037 1147 3106 subito,
1178 3054 1282 3095 nec
1334 3040 1467 3095 satis
1520 3047 1650 3096 nota
1681 3049 1857 3098 morte
1884 3067 1933 3135 C
1959 3048 2042 3097 est
2068 3040 2340 3097 dissensio
2369 3039 2552 3111 gravis
2582 3038 2635 3092 in
2666 3039 2918 3094 aacclesia
2955 3040 3197 3095 Romana
3235 3041 3305 3094 de
3338 3048 3566 3111 papatu,

232 3126 525 3191 defuncto,
549 3125 723 3181 filium
753 3142 913 3182 suum
977 3126 1291 3183 Heinricum
1341 3127 1398 3182 in
1443 3143 1615 3204 regno
1645 3129 1854 3185 consti-
1892 3125 1932 3135 ν
1953 3131 2248 3187 Frederico
2278 3131 2614 3200 imperatore
2645 3145 2767 3183 cum
2798 3128 3163 3184 orientalibus
3189 3128 3566 3194 Octavianum,

232 3216 360 3271 tuit.

309 3308 469 3365 1155.
740 3306 795 3364 3.
1076 3309 1161 3365 19.
1419 3311 1469 3364 1.
1761 3313 1849 3367 11.

308 3402 618 3471 Imperator
651 3398 992 3467 Frederieus,
1052 3400 1330 3471 praeterito
1360 3417 1507 3457 anno
1551 3403 1848 3473 profectus,

232 3495 340 3550 hoc
370 3508 524 3548 anno
547 3492 775 3547 Romam
827 3491 1102 3563 pervenit,
1146 3492 1335 3548 multis
1374 3493 1430 3547 in
1463 3494 1660 3549 itinere
1690 3495 1851 3552 labo-

230 3586 389 3640 ribus
413 3582 650 3649 attritus,
705 3589 761 3638 et
791 3582 1022 3637 diversis
1072 3583 1348 3639 hostiliter
1398 3585 1801 3642 obsistentibus
1834 3601 1849 3655 ;

232 3693 375 3750 quos
402 3690 602 3733 omnes
624 3675 695 3729 ad
726 3674 1068 3730 deditionem
1092 3682 1257 3746 atque
1269 3676 1672 3746 subjectionem
1705 3693 1855 3735 com-

229 3767 392 3838 pulit.
423 3766 535 3821 Sed
565 3781 689 3821 cum
720 3780 752 3820 a
801 3764 1063 3819 Romanis
1118 3765 1467 3837 principibus
1513 3768 1741 3824 minime
1764 3785 1853 3823 re-

228 3859 536 3930 ciperetur,
558 3858 787 3914 Romam
817 3868 1025 3916 armata
1061 3876 1229 3915 manu
1278 3860 1586 3933 ingreditur
1614 3877 1629 3928 ;
1653 3877 1851 3933 papam

228 3947 533 4001 Adrianum
592 3947 829 4003 amicum
883 3948 990 4003 sibi
1048 3958 1103 4004 et
1176 3955 1362 4020 aptum
1423 3949 1740 4018 inveniens,
1799 3951 1852 4006 in

231 4039 490 4094 {ecclesia
519 4039 695 4095 sancti
738 4040 879 4095 Petri
934 4040 1325 4096 benedictione
1354 4040 1626 4113 imperiali
1659 4041 1858 4098 conﬁr-

229 4137 417 4187 matur
442 4137 497 4186 et
523 4140 837 4187 coronatur.
871 4132 1096 4187 Interim
1138 4132 1412 4189 exercitus
1440 4133 1584 4203 ejus,
1616 4134 1854 4191 hostium

234 4239 349 4279 non
381 4223 647 4297 ignorans
693 4223 946 4293 insidias,
1003 4230 1177 4280 totum
1212 4225 1563 4294 procinctum
1593 4227 1861 4284 aecclesiaa

234 4313 416 4369 sancti
438 4314 582 4369 Petri
606 4321 847 4370 armatus
878 4313 1339 4383 circumdederat,
1370 4316 1549 4373 donec
1595 4318 1857 4374 omnibus

1953 3221 2127 3293 quiet
2159 3219 2363 3286 Yictor,
2406 3216 2757 3273 ltaliensibus
2810 3232 2940 3273 vero
2979 3217 3333 3285 Rollandum,
3374 3218 3469 3291 qui
3511 3228 3569 3276 et

1951 3315 2278 3381 Alexander,
2325 3330 2523 3385 papam
2577 3313 2682 3367 sibi
2736 3312 3081 3384 rapientibus
3107 3314 3195 3367 ⁸⁸³.
3236 3313 3385 3369 Obiit
3413 3315 3566 3370 Guil-

1952 3409 2151 3464 lelmus
2177 3408 2365 3482 Longa
2390 3406 2556 3477 Speie
2584 3420 2772 3461 comes
2802 3405 3151 3462 Boloniensis
3177 3406 3300 3462 sine
3329 3407 3559 3462 herede.

1950 3497 2200 3552 Matheus
2262 3509 2415 3559 vero,
2447 3492 2594 3548 filius
2635 3492 2963 3549 Theoderici
3023 3494 3242 3549 comitis
3273 3493 3560 3561 Flandrie,

1953 3581 2117 3637 tiliam
2141 3580 2405 3653 Stephani
2433 3581 2581 3655 regis
2600 3580 2921 3656 Anglorum,
2946 3580 3016 3637 de
3057 3583 3390 3638 monasterio
3423 3584 3569 3652 (384)

1952 3677 2047 3732 ubi
2078 3682 2194 3731 erat
2223 3676 2332 3731 Deo
2358 3682 2682 3730 consecrata
2711 3685 2946 3745 raptam,
3005 3674 3160 3731 duxit
3227 3694 3476 3745 uxorem,
3514 3686 3570 3733 et

1952 3785 2054 3841 per
2096 3785 2217 3824 eam
2263 3766 2476 3823 obtinet
2513 3767 2833 3822 comitatum
2885 3767 3292 3823 Boloniensem.
3350 3771 3461 3834 Qua
3499 3773 3568 3827 de

1953 3878 2170 3919 causaa
2199 3861 2466 3915 Samsone
2527 3859 2819 3914 Remorum
2878 3858 3299 3930 archiepiscopo
3331 3861 3568 3933 ejusque

1953 3952 2317 4028 suﬂ'raganeis
2345 3951 2623 4024 episcopis
2672 3949 2934 4006 omnibus
2961 3952 3488 4021 excommunicatns,
3510 3963 3568 4009 et

1956 4063 1990 4103 a
2019 4053 2172 4119 patre
2227 4060 2327 4100 suo
2367 4043 2707 4100 Theoderico
2746 4042 2946 4098 comite
3003 4049 3059 4098 et
3113 4042 3277 4099 fratre
3307 4044 3566 4117 Philippo

1962 4135 2256 4193 obsidione
2280 4134 2478 4189 bellica
2508 4132 2739 4189 nimium
2761 4132 2976 4188 attritus
2997 4140 3100 4188 est.

2034 4228 2191 4283 1161.
2305 4226 2360 4280 9.
2471 4226 2542 4281 25
2708 4226 2763 4280 7.
2911 4227 2997 4283 17.

2033 4316 2190 4389 (Sept.
2210 4315 2325 4382 21.)
2355 4313 2502 4369 Obiit
2556 4316 2786 4372 Samson
2848 4317 3141 4373 Remorum
3180 4318 3564 4391 archiepisco-

232 4405 619 4476 expletiscum
638 4405 973 4477 imperatore
1012 4408 1385 4482 egrederetur.
1440 4408 1671 4464 Romani
1731 4405 1936 4481 qui-l7
1958 4427 2081 4483 pus.
2131 4409 2391 4465 Succedit
2440 4407 2706 4464 Henricus
2773 4408 3187 4465 Belvacensium
3242 4410 3565 4481 epiSCOpus,

231 4493 472 4549 busdam
525 4493 782 4562 residuis,
823 4509 961 4566 quos
1003 4494 1252 4551 incautos
1296 4504 1718 4568 occupaverant,
1770 4498 1857 4553 in-
1959 4498 2125 4554 frater
2185 4497 2461 4554 Ludowici
2517 4497 2663 4570 regis
2730 4496 3054 4552 Francorum
3148 4499 3564 4557 Belvacensium

232 4587 647 4656 terfectis,cum
700 4588 1035 4659 imperatore
1085 4589 1697 4664 congrediuntur;sed
1732 4608 1857 4648 mox
1957 4587 2342 4659 opisc0patum
2365 4586 2598 4656 suscipit
2646 4584 3084 4654 Bartholomeus,
3138 4586 3425 4643 Remensis
3450 4606 3565 4645 aec-

232 4678 291 4731 in
334 4676 522 4749 fugam
548 4676 709 4738 versi,
742 4676 811 4731 ad
832 4676 1043 4731 Tiberis
1072 4678 1288 4732 alveum
1324 4688 1619 4753 coguntur.
1655 4681 1854 4746 Quanti
1956 4679 2140 4735 elesiaa
2209 4678 2648 4734 archidiaconus.
2709 4677 2899 4732 Fames
2955 4677 3133 4733 valida
3189 4679 3310 4747 (An.
3387 4682 3568 4752 1162.)

231 4769 292 4823 in
323 4784 629 4843 congressu
666 4768 988 4835 ceciderint,
1015 4769 1205 4841 quanti
1237 4770 1296 4825 in
1324 4770 1554 4828 flumine
1581 4773 1853 4830 submersi
1959 4770 2283 4827 Fredericus
2309 4770 2606 4841 imperator
2634 4754 3001 4825 Médiolanum
3048 4771 3180 4826 vicit
3221 4780 3276 4827 et
3307 4772 3362 4826 in
3396 4775 3563 4829 dedi-

230 4856 369 4923 sint,
420 4856 640 4928 scriptis
702 4857 1048 4913 committere
1107 4874 1217 4914 non
1271 4859 1471 4916 audeo.
1552 4861 1858 4932 Imperator
1960 4862 2166 4919 tionem
2197 4861 2651 4936 coegit,5annis
2677 4860 2980 4917 obsessam.

231 4944 414 4999 victor
463 4944 791 5018 regreditur.
848 4945 1175 5001 Godefridus
1214 4947 1428 5019 junior,
1485 4950 1597 5004 dux
1648 4951 1850 5007 Lotha-
2028 4953 2184 5008 1162.
2338 4953 2425 5007 10.
2575 4952 2666 5007 26.
2811 4954 2863 5006 8.
3015 4954 3102 5008 18.

231 5035 451 5110 ringiaa,
484 5034 651 5091 ﬁliam
682 5035 919 5091 Heinrici
950 5037 1169 5092 comitis
1217 5039 1645 5114 Lemburgensis
1692 5041 1855 5113 (281),
2032 5041 2337 5096 Alexander
2386 5057 2528 5113 papa
2584 5040 2881 5097 concilium
2933 5042 3166 5098 Turonis
3214 5052 3366 5100 tenet
3406 5046 3576 5115 (285)-

233 5128 295 5182 in
326 5126 587 5202 conjugio
634 5126 865 5182 sortitus
888 5134 971 5182 est
1014 5145 1029 5194 ;
1083 5145 1181 5199 per
1227 5130 1375 5201 quod
1430 5130 1651 5186 tandem
1687 5132 1857 5189 rebus
1961 5133 2133 5205 (Febr.
2166 5135 2279 5205 10.)
2307 5133 2451 5190 Obiit
2482 5134 2781 5189 Balduinus
2813 5152 2905 5190 rex
2931 5136 3423 5193 Jherosolimorutn
3455 5138 3576 5193 sine

1530 5274 1538 5283 .
1592 5236 1814 5292 VARl/E
1846 5237 2118 5294 LECTION
2131 5240 2221 5294 ES.

311 5329 374 5412 ξ”ί
392 5328 701 5412 §eq_uentia
725 5329 924 5412 gamus
949 5346 1016 5412 ea:
1294 5349 1422 5389 nam
1460 5333 1553 5390 B3.
1584 5337 1780 5392 abhinc
1800 5339 2033 5405 vestigia
2054 5339 2217 5408 hujus
2250 5341 2669 5396 continuationis
2710 5356 2939 5412 prorsus
2987 5342 3204 5398 deserit.
3237 5343 3305 5377 ιη
3335 5344 3416 5396 ita
3447 5342 3575 5395 ΒΨ.

234 5401 358 5455 4‘“.
383 5401 594 5458 Eadem
622 5401 794 5456 multo
820 5402 1108 5472 ampliavit
1135 5402 1232 5459 B5.
1811 5401 2003 5533 ΝΟΤῌΈ

307 5574 451 5648 1381)
482 5574 871 5648 Margaretam.

301 5646 449 5717 (382)
476 5645 703 5708 Βὺοὶίθ,
738 5660 913 5716 prope
936 5645 1233 5703 Waterloo.

303 5718 446 5789 (383)
486 5718 678 5788 PrOpe
708 5716 1100 5787 Antwerpiam.

2039 5579 2187 5649 (384)
2222 5580 2580 5637 Rummesiae.

2037 5650 2181 5720 (385)
2216 5651 2275 5705 A.
2315 5650 2472 5708 1163.
