3876 6208
169 327 250 383 281

1078 320 1426 379 CHRONICA.
1472 353 1532 361 ——
1574 320 1957 377 AUCTARIUM
1995 320 2508 377 AFFLIGEMENSE.

3348 321 3455 376 282

174 454 425 525 mysteriis.
462 452 615 507 Unde
637 454 718 520 ﬁt,
739 456 800 505 ut
825 452 1055 506 Romana
1072 452 1292 506 ecclesia
1315 451 1507 520 offerat
1548 452 1748 505 azimos
1771 453 1827 521 Α
1925 448 2080 507 1033.
2115 452 2174 504 In
2202 448 2399 504 diebus
2440 449 2695 524 Ragineri
2746 450 3044 523 Longicolli
3086 449 3345 506 traditum
3376 455 3465 506 est

168 559 329 613 partes,
356 546 575 613 propter
604 542 749 612 quod
787 544 1045 597 Dominus
1082 544 1197 596 sine
1238 544 1354 597 ulla
1383 545 1751 597 commissione

170 636 369 702 mcepit
396 647 638 697 carnem,
669 634 807 685 sicut
842 632 1105 700 scriptum
1134 636 1237 686 est:
1274 652 1301 680 α
1338 632 1569 687 Verbum
1626 646 1751 685 caro

168 727 346 789 factum
381 726 475 790 est,
536 723 808 777 habita-vit
845 724 904 776 in
968 723 1141 776 nobis.
1174 742 1204 772 ι)
1262 724 1348 778 Sic
1386 722 1561 778 azimo
1612 738 1753 792 pane

165 814 372 880 tfﬁcitur
398 826 591 880 corpus
633 811 856 867 Christi.
923 810 1053 865 Nam
1091 816 1255 865 cetere
1301 813 1511 866 ecclesie
1563 827 1751 881 supra-

164 905 281 960 dicte
311 902 545 973 offerunt
579 903 963 969 fermentatum
988 918 1091 971 pro
1118 919 1194 960 eo.
1228 904 1371 974 quod
1397 905 1616 959 ferbum
1636 920 1748 974 pa-

165 999 246 1050 tris
272 996 517 1049 indutum
544 1000 627 1049 est
649 1011 811 1049 came
838 1000 887 1049 et
914 1002 992 1049 est
1034 1011 1187 1051 verus
1226 998 1364 1051 Deus
1391 1001 1441 1049 et
1466 1011 1623 1050 verus
1656 996 1752 1049 lio-

164 1103 247 1152 mo,
274 1088 350 1140 ita
376 1090 436 1140 ut
471 1087 861 1154 fermentatum
907 1089 1280 1142 commiscetur
1303 1089 1517 1154 farina,
1545 1093 1594 1141 et
1632 1090 1753 1156 efﬁ-

160 1177 280 1229 citur
323 1190 512 1244 corpus
540 1176 759 1229 Domini
810 1178 982 1230 nostri
1011 1177 1135 1230 Jesu
1168 1177 1371 1230 Christi
1402 1193 1605 1231 verum.
1648 1177 1753 1231 Sed

160 1272 316 1322 tamen
351 1272 460 1321 tam
482 1269 731 1322 Romanu
760 1269 992 1321 ecclesia.
1029 1284 1195 1337 quam
1220 1273 1383 1322 cetere
1412 1270 1752 1338 supranomi—

159 1362 266 1411 nate
288 1359 490 1411 ecclesie
512 1372 617 1425 pro
665 1357 971 1410 inviolabili
1016 1358 1141 1425 ﬁde,
1184 1362 1293 1411 tam
1323 1359 1557 1412 azimum
1586 1374 1750 1428 quam

156 1447 502 1511 fermentatum
533 1445 669 1499 dum
697 1448 979 1511 sumimus,
1010 1462 1177 1499 unum
1202 1462 1396 1515 corpus
1428 1447 1640 1500 Domini
1662 1462 1751 1500 no-

158 1536 245 1588 stri
288 1536 406 1587 Iesu
443 1534 657 1589 Christi
711 1536 964 1602 efﬁcitur.
1000 1536 1373 1591 Certissimum
1410 1540 1585 1589 autem
1614 1538 1751 1589 sicut

157 1625 370 1677 diutinus
424 1623 682 1678 divinum
720 1625 941 1678 interest
993 1629 1409 1691 sacramentum,
1464 1626 1750 1679 secundum

160 1711 282 1781 quod
296 1714 514 1779 legimus
536 1714 598 1766 in
621 1713 929 1780 evangelio:
965 1732 986 1763 ι
1020 1714 1219 1767 Mulier
1247 1714 1365 1775 illa,
1397 1730 1501 1782 que
1539 1718 1749 1783 accepto

157 1804 386 1867 fermento
409 1802 701 1856 abscondit
737 1803 796 1856 in
814 1803 998 1868 farine
1023 1806 1149 1856 sata
1169 1804 1298 1856 tria.
1325 1802 1487 1857 donec
1516 1805 1751 1869 fermen-

159 1896 307 1944 tatum
338 1896 413 1945 est
437 1894 610 1945 totum
647 1914 693 1945 υ.
738 1891 937 1945 Mulier
973 1891 1187 1944 videtur
1230 1892 1365 1945 mihi
1398 1907 1507 1946 esse
1534 1896 1749 1960 aposto-

157 1986 245 2039 lica
262 1986 576 2055 predicalio,
606 1986 694 2041 vel
721 1987 960 2054 ecclesia,
992 2002 1092 2057 que
1116 1986 1182 2041 de
1239 1988 1469 2041 diversis
1489 1987 1747 2057 partibus

159 2084 451 2148 congregata
484 2086 582 2135 est.
620 2083 734 2135 Hec
773 2081 913 2135 tollit
941 2082 1284 2148 fermentum,
1315 2082 1372 2135 id
1397 2084 1475 2134 est
1492 2083 1750 2135 noticiam

160 2168 648 2234 velintelligentiam
671 2173 984 2223 sanctarum
1010 2172 1432 2239 scripturarum,
1463 2174 1510 2223 et
1531 2169 1748 2224 abscon.

162 2254 229 2309 dit
256 2255 383 2309 illud
405 2257 465 2310 in
491 2258 684 2323 farine
720 2261 842 2311 sata
872 2260 1002 2325 tria,
1042 2263 1105 2312 ut
1133 2261 1364 2328 spiritus
1403 2263 1453 2313 et
1491 2261 1675 2313 anima
1701 2263 1752 2313 et

161 2361 323 2414 corpus
352 2349 410 2401 in
447 2362 618 2402 ultum
639 2348 863 2403 redacta
884 2354 1023 2404 inter
1052 2365 1107 2404 se
1142 2365 1252 2404 non
1290 2351 1616 2419 discrepent,
1658 2351 1752 2405 sed

163 2438 409 2505 impetrent
433 2454 468 2492 a
490 2443 676 2509 patre,
707 2442 974 2509 quicquid
996 2442 1278 2510 petierint.
1314 2443 1485 2495 Amen

224 2528 361 2584 1005.
395 2530 497 2584 lste
523 2530 638 2585 dux
678 2530 1006 2587 Godefridus
1044 2531 1222 2587 dictus
1259 2542 1342 2587 est
1380 2532 1744 2587 Eihamensis.

168 2615 267 2671 Erat
292 2625 462 2671 autem
521 2618 717 2672 Eiham
757 2619 1021 2690 oppidum
1056 2628 1109 2675 et
1147 2628 1383 2675 castrum
1443 2621 1753 2675 munitissi-

167 2719 287 2758 mum
310 2705 467 2773 (389),
494 2716 551 2762 et
604 2707 771 2762 sedes
806 2708 1134 2779 principalis
1188 2708 1416 2764 ducatus
1449 2709 1602 2782 regni
1636 2709 1748 2764 Lo-

168 2796 344 2851 tliarici.
378 2798 474 2863 Qui
504 2799 618 2853 dux
651 2798 977 2855 Codefridus
1004 2801 1157 2855 duxit
1194 2801 1529 2868 Mathildem,
1575 2801 1748 2856 tiliam

169 2886 443 2943 Herimanni
484 2889 649 2946 ducis
697 2890 998 2958 Saxonum,
1053 2892 1272 2947 viduam
1331 2893 1575 2948 relictam
1619 2894 1746 2948 Bal-

167 2978 336 3033 dewiui
372 2981 611 3049 comitis,
670 2982 767 3052 qui
805 2990 924 3038 erat
952 2981 1099 3038 filius
1138 2983 1342 3039 Arnulfi
1376 2986 1561 3058 magni
1593 3002 1751 3040 mar-

166 3071 368 3127 cbionis.
404 3074 473 3129 De
506 3091 623 3147 qua
664 3075 809 3130 idem
840 3076 1170 3133 Godefridus
1203 3079 1395 3152 genuit
1425 3087 1534 3134 tres
1583 3079 1749 3147 tilios,

168 3141 931 3233 Godefridum,—Gozcelonem,
976 3141 1350 3225 chcelonem.
1406 3170 1631 3226 llezcelo
1664 3141 1822 3228 colc

167 3267 280 3319 mes,
315 3264 430 3325 post
466 3263 709 3313 mortem
741 3257 921 3325 ducis,
963 3267 1201 3316 castrum
1243 3262 1430 3316 Eiham
1460 3277 1583 3316 cum
1615 3278 1751 3333 pro-

166 3343 316 3399 vincia
341 3347 708 3403 Brabantensi
740 3351 989 3419 suscepit
1015 3360 1069 3405 et
1100 3352 1193 3407 diu
1229 3352 1422 3407 tenuit.
1469 3353 1561 3409 Hic
1606 3354 1753 3408 enim

168 3435 329 3501 genuit
359 3436 520 3491 tilium
549 3438 782 3493 nomine
808 3438 1222 3507 llerimannum,
1247 3450 1301 3496 et
1326 3440 1497 3496 filium
1529 3441 1753 3498 nomine

170 3524 497 3596 Berthildem;
531 3532 636 3604 qui
666 3532 799 3587 dum
821 3533 1001 3589 adhuc
1018 3534 1253 3602 juvenes
1278 3545 1480 3603 essent,
1505 3536 1752 3592 defuncti

167 3621 286 3679 sunt,
312 3617 433 3671 etin
465 3618 709 3674 ecclesia
737 3620 884 3691 apud
910 3621 1131 3677 Felseka
1169 3623 1395 3694 sepulti.
1430 3625 1530 3690 Qui
1564 3632 1758 3696 postea

168 3706 330 3760 multis
368 3708 765 3765 miraculorum
796 3712 971 3783 signis
1026 3713 1365 3782 claruerunt,
1399 3717 1493 3770 sed
1538 3733 1567 3770 a
1615 3717 1756 3770 Ver-

169 3796 475 3857 dnnensibus
536 3803 825 3858 monachis
867 3804 1062 3860 furtive
1105 3807 1270 3862 ablati
1325 3816 1470 3863 sunt.
1521 3809 1755 3864 Alteram

170 3903 360 3961 quoque
391 3891 563 3949 filiam
628 3895 856 3950 tradidit
902 3898 1099 3968 nuptui
1144 3899 1439 3975 Reginero,
1487 3901 1756 3956 Montensi

168 3981 348 4049 comiti,
374 3985 547 4041 simul
577 4003 703 4041 cum
735 3994 846 4043 tota
876 3989 1158 4074 provincia
1212 3992 1593 4047 Brabantensi.
1654 3993 1756 4048 De-

170 4072 274 4129 inde
301 4093 416 4133 cum
440 4080 636 4135 omnia
661 4098 760 4136 sua
785 4083 852 4137 ad
882 4092 1065 4139 votum
1103 4072 1434 4151 ordinasset,
1467 4086 1657 4142 relicto
1701 4087 1756 4141 in

169 4177 334 4222 manus
361 4168 625 4246 Regineri
655 4178 833 4226 castro
863 4182 916 4228 et
941 4175 1229 4244 comitatu,
1260 4177 1406 4247 apud
1440 4177 1757 4232 Verdunum

174 4252 371 4312 effectus
398 4269 479 4314 est
511 4262 840 4317 monachus.

230 4345 366 4403 1807.
411 4350 467 4403 lu
501 4349 766 4406 Gandavo
819 4352 1091 4408 adventus
1146 4355 1392 4425 corporis
1431 4358 1604 4411 sancti
1668 4356 1758 4410 Li-

1777 1769 1826 1837 B

1846 535 2234 593 fraudulenter
2261 546 2499 592 castrum
2532 537 2680 609 quod
2712 537 2915 593 dicitur
2941 538 3149 605 Bitiam,
3182 545 3237 593 et
3268 537 3458 594 datum

1851 637 1934 685 est
1988 630 2257 687 Balduino
2314 629 2568 696 Barbato,
2629 629 2719 701 qui
2773 638 3007 686 castrum
3054 629 3302 685 funditus
3362 631 3462 685 de-

1852 723 2067 777 struxit.

1925 814 2082 869 1063.
2128 814 2235 870 Hoc
2266 813 2322 866 in
2369 828 2513 867 anno
2562 814 2853 868 cenobium
2913 812 3236 867 Eihamense
3266 829 3296 866 a
3337 811 3462 866 Bal-

1852 903 2022 958 duino
2045 902 2246 958 comite
2278 908 2331 956 et
2358 901 2545 955 Athela
2574 901 2856 957 comitissa
2883 905 3256 956 constructum
3287 905 3391 953 est.

1923 992 2061 1049 1083
2096 994 2257 1063 (Hist.
2307 993 2465 1061 Afﬂ.)
2533 992 2927 1065 Afﬂigeinense
2984 989 3275 1046 cenobium
3333 988 3463 1054 tale,

1854 1085 2149 1140 auxiliante
2181 1084 2314 1149 Deo,
2368 1084 2605 1154 sumpsit
2634 1084 2940 1138 exordium.
2986 1082 3307 1137 Predicante
3343 1081 3467 1135 We-

1853 1177 2084 1242 therico,
2113 1191 2272 1232 servo
2306 1176 2422 1239 Dei,
2456 1175 2549 1246 qui
2581 1176 2737 1245 quasi
2768 1174 2924 1229 stella
2958 1173 3228 1229 matutina
3258 1172 3314 1226 in
3345 1187 3465 1227 me-

1851 1268 2204 1334 dio'nebule,
2238 1266 2546 1339 eﬂ'ugandis
2575 1267 3006 1322 obscuritatibus
3055 1264 3259 1320 erroris
3288 1279 3465 1334 appa-

1852 1358 1980 1425 ruit,
2040 1357 2289 1412 conversi
2323 1357 2566 1427 quinque
2598 1356 2802 1410 milites
2858 1356 2972 1410 suis
3003 1354 3215 1425 integre
3256 1368 3465 1407 renun-

1854 1452 2005 1506 tiant.
2035 1453 2181 1505 Inter
2210 1466 2349 1521 quos
2377 1450 2650 1504 Gerardus
2681 1450 2862 1521 Niger,
2919 1449 3012 1520 qui
3045 1448 3244 1502 ceteris
3281 1446 3462 1502 excel-

1851 1541 2054 1595 lentior
2094 1540 2402 1604 videbatur,
2463 1538 2703 1593 doctoris
2748 1538 2832 1592 sui
2885 1537 3118 1592 consilio
3169 1536 3463 1602 animatus,

1850 1645 1974 1683 cum
1999 1629 2163 1683 sociis
2188 1628 2368 1682 locum
2405 1625 2652 1697 Affligcm
2679 1627 2908 1691 dictum,
2947 1625 3089 1679 sicut
3114 1624 3361 1691 nomine,
3386 1624 3467 1679 sic

1850 1717 2001 1771 omni
2042 1714 2292 1769 barbarie
2325 1714 2613 1776 incultum,
2644 1713 2850 1784 quippe
2881 1713 2971 1785 qui
3009 1712 3458 1768 latrocinantium

1849 1810 2057 1859 tantum
2087 1802 2492 1858 conventiculis
2520 1810 2678 1872 aptus
2718 1808 2852 1864 erat,
2901 1801 3163 1857 editicare
3207 1806 3261 1853 et
3308 1800 3464 1854 clau-

1844 1900 2018 1947 strum
2046 1892 2100 1945 in
2130 1907 2197 1947 eo
2226 1899 2505 1946 exstruere
2535 1890 2962 1963 aggreditur“.

1924 2004 2077 2059 1086.
2111 2004 2227 2066 (1b.)
2261 2000 2666 2074 Affligemensis
2695 2001 2932 2056 emnobii
2991 1999 3330 2066 fundatores,
3366 1999 3460 2071 qui

1850 2094 2107 2150 omnibus
2132 2092 2384 2162 abjectis,
2420 2091 2491 2146 ita
2514 2092 2647 2146 nudi
2665 2093 2732 2146 ad
2760 2090 3129 2146 editicandum
3158 2090 3457 2146 claustrum

1851 2192 2243 2248 convenerant,
2267 2192 2325 2237 ut
2354 2182 2526 2236 nichil
2557 2198 2768 2248 secum,
2800 2190 2980 2253 preter
3007 2195 3178 2252 panes
3209 2191 3342 2247 tres,
3375 2180 3460 2234 di-

1851 2273 2080 2328 midium
2110 2288 2331 2327 caseum
2363 2280 2417 2326 et
2443 2286 2618 2340 pauca
2648 2270 2983 2325 ferramenta
3012 2269 3332 2335 detulerint,
3375 2268 3464 2323 vix

1852 2369 2026 2423 tribus
2062 2367 2222 2422 annis
2279 2366 2503 2428 exactis,
2547 2382 2578 2420 a
2623 2365 2863 2420 Gerardo
2922 2364 3298 2419 Cameracensi
3353 2364 3469 2434 cpi-

1851 2474 2020 2529 scopo
2052 2459 2106 2513 iu
2147 2459 2355 2513 honore
2384 2456 2761 2527 apostolorum
2795 2456 2939 2511 Petri
2990 2464 3045 2510 et
3085 2454 3234 2509 Pauli
3287 2455 3469 2509 eccle-

1852 2550 1988 2604 siam
2027 2549 2269 2604 dedicari
2301 2548 2528 2624 faciunt.
2562 2547 2848 2603 Comitissa
2894 2548 3060 2602 Adela
3090 2563 3215 2602 cum
3252 2547 3469 2601 duobus

1855 2639 1980 2695 filiis
2008 2640 2145 2707 suis,
2171 2640 2423 2695 Heinrico
2450 2648 2504 2695 et
2533 2638 2848 2703 Godcfrido,
2882 2640 2948 2694 ad
2983 2637 3352 2693 ediﬁcandum
3382 2637 3468 2691 in-

1852 2733 1925 2787 ibi
2005 2731 2319 2787 crenobium
2372 2730 2608 2785 eundem
2658 2729 2857 2791 locum
2905 2730 3159 2785 libertate
3210 2728 3463 2784 donavit.

1852 2825 2085 2880 Predicti
2134 2824 2327 2879 fratres
2376 2824 2700 2889 monachos,
2741 2839 2772 2877 a
2818 2822 3022 2895 quibus
3081 2820 3467 2876 monachicum

1850 2916 2099 2972 ordinem
2133 2914 2425 2976 discerent,
2486 2912 2587 2966 sibi
2645 2912 3065 2967 adsociaverunt
3098 2911 3172 2981 (V.
3207 2909 3467 2981 Arnulﬁ.)

1852 3006 2130 3071 Arnulfus,
2175 3005 2522 3061 Suessonicaa
2588 3003 2824 3060 civitatis
2880 3003 3200 3074 episcOpus.
3270 3000 3468 3071 spiritu

1802 3140 1820 3160 η
1854 3099 2165 3170 prephetie,
2192 3097 2425 3167 puritate
2465 3096 2598 3160 vite,
2623 3095 2975 3151 etmiraculis
2991 3092 3328 3151 venerabilis
3356 3091 3467 3146 cla-

1854 3191 1993 3256 ruit;
2034 3188 2333 3244 Aldenbort
2391 3188 2538 3259 (390)
2581 3188 2637 3241 in
2695 3186 2927 3242 ecclesia
2959 3186 3132 3242 sancti
3187 3184 3330 3240 Petri
3372 3183 3468 3237 Dei

1855 3291 1992 3341 nutu
2031 3283 2313 3355 sepelitur.

1929 3401 2085 3456 1087.
2114 3401 2358 3456 Domnus
2398 3400 2722 3473 Fulgentius
2780 3399 2944 3467 hujus
3000 3396 3220 3453 cenobii
3264 3395 3474 3467 primus

1855 3491 2029 3545 abbas
2056 3492 2160 3546 hoc
2189 3494 2335 3545 anno
2367 3491 2577 3545 electus
2609 3499 2693 3546 est
2723 3490 2780 3545 in
2801 3490 3094 3545 festivitate
3121 3487 3299 3543 sancti
3330 3485 3474 3541 Mar-

1857 3581 1958 3635 tini
1987 3581 2055 3615 “5
2085 3581 2219 3649 (Hist
2245 3580 2398 3648 Afﬂ.)
2429 3580 2584 3653 Hugo
2626 3580 2798 3635 abbas
2828 3579 3225 3635 Chuniacensis
3271 3577 3475 3648 pietate

1858 3670 2112 3742 insignis,
2141 3670 2475 3725 discretione
2500 3671 2817 3741 precipuus,
2846 3672 3133 3726 sanctitate
3165 3676 3218 3725 et
3249 3669 3475 3744 religio-

1861 3776 1931 3815 ne
1958 3760 2138 3815 clarus
2158 3759 2411 3813 habetur.

1931 3869 2242 3943 10884112.)
2284 3870 2395 3924 Hoc
2434 3884 2579 3924 anno
2613 3869 2851 3923 domnus
2898 3868 3234 3941 Fulgentius,
3264 3867 3475 3937 primus

1861 3960 2037 4029 hujus
2075 3957 2297 4014 cenobii
2338 3956 2529 4024 abbas;
2586 3964 2941 4013 consecratus
2969 3964 3050 4011 est
3095 3957 3147 4010 in
3181 3954 3475 4012 festivitate

1860 4055 2035 4109 sancti
2051 4053 2289 4127 Georgii.

1936 4165 2089 4222 lO9l.
2126 4166 2243 4237 (1b.)
2276 4164 2484 4222 Nobilis
2514 4164 2598 4221 vir
2630 4163 2981 4219 Herbrandus
3035 4162 3219 4217 divina
3262 4163 3473 4218 revela-

1861 4258 2009 4313 tione
2065 4257 2398 4314 ammonitus
2425 4273 2456 4310 a
2493 4263 2682 4311 sancto
2714 4255 2893 4319 Petro,
2954 4270 3014 4308 se
3045 4270 3077 4307 a
3121 4254 3475 4310 damnatione

1860 4345 2055 4400 videns
2083 4345 2418 4411 absolutum,
2447 4344 2593 4416 apud
2616 4342 2909 4418 Aftlighem
2949 4342 3016 4397 ad
3057 4341 3475 4398 conversionem

169 4436 262 4491 vini
294 4441 648 4499 Hibernensis
675 4446 1082 4518 archiepiscopi
1114 4455 1169 4503 et
1216 4450 1467 4521 martyris
1498 4450 1754 4522 piissimi,
1778 4432 1837 4501 D
1858 4435 2025 4491 Venit.
2059 4436 2157 4501 Qui
2190 4435 2469 4490 tricesimo
2514 4433 2606 4489 die
2654 4449 2774 4489 mox
2808 4451 2839 4488 a
2872 4435 2980 4488 Deo
3036 4438 3274 4487 vocatur.
3307 4432 3475 4494 Quem

176 4526 227 4579 l6
260 4529 363 4584 Kal.
398 4534 554 4606 Sept.
590 4536 678 4592 ιιιι.

229 4620 367 4678 1030.
404 4626 602 4682 Comes
650 4628 969 4695 Balduinus,
1001 4630 1095 4700 qui
1149 4629 1327 4685 dictus
1358 4639 1440 4686 est
1473 4632 1757 4699 Barbatus,

170 4714 489 4784 congregatis
540 4716 846 4771 marchisia:
884 4732 998 4771 suae
1038 4725 1353 4775 sanctorum
1411 4721 1757 4790 corporibus,

172 4792 395 4864 Bavonis,
444 4802 860 4878 Wandregisili,
919 4806 1169 4872 Amandi,
1230 4807 1468 4873 Vedasti,
1526 4808 1754 4877 Bertini,

173 4881 419 4959 Winnoci,
499 4913 623 4953 cum
697 4897 821 4952 aliis
901 4900 1357 4956 innumerabilius
1440 4910 1756 4959 sanctorum

173 4975 391 5049 reliquiis
442 4994 700 5056 presente
772 4990 997 5062 Hugone
1081 4992 1434 5048 Noviomensi
1493 4994 1757 5066 episc0po

171 5082 274 5125 cum
312 5075 429 5130 aliis
460 5078 713 5147 pluribus
743 5082 1021 5152 epistcopis
1070 5091 1125 5137 ct
1152 5084 1467 5153 abbatibus,
1524 5101 1757 5158 congre-

172 5158 474 5226 gatistotins
505 5167 660 5241 regni
693 5169 778 5223 sui
813 5170 1140 5240 primatibus
1189 5172 1336 5243 apud
1387 5173 1755 5229 Aldenardum

172 5262 338 5313 pacem
367 5256 434 5309 ab
457 5261 610 5314 omni
642 5260 848 5331 pepulo
875 5262 1217 5331 conjuratam
1245 5262 1447 5319 firmari
1476 5264 1624 5322 fecit.

1857 4529 2032 4584 secuti
2079 4529 2326 4600 quinque
2357 4527 2453 4581 filii
2502 4528 2641 4597 ejus,
2675 4526 2842 4581 frater
2870 4541 3089 4597 quoque
3131 4524 3315 4595 magni
3366 4540 3475 4580 no-

1858 4617 2024 4671 minis
2058 4625 2112 4671 et
2160 4616 2426 4687 potentie,
2460 4615 2686 4672 nomine
2721 4615 3090 4690 lggelbertus,
3129 4629 3325 4669 omnes
3360 4622 3478 4670 ton-

1858 4708 2024 4765 sorati
2079 4708 2147 4762 ad
2211 4706 2445 4762 celestes
2506 4707 2800 4763 thesauros
2872 4716 3089 4760 terrena
3148 4705 3477 4776 patrimonia

1859 4799 2275 4855 transtulerunt.

1929 4908 2087 4965 1093.
2122 4906 2479 4976 Lanfrancus,
2539 4907 2947 4964 Cantuariensis
2999 4907 3233 4963 ecclesie
3285 4906 3477 4963 archi-

1859 4997 2154 5068 episcopus
2185 4996 2335 5051 diem
2366 4995 2617 5052 ultimum
2650 4996 2875 5052 claudit.
2926 4997 3021 5053 Cui
3064 4996 3312 5053 succedit
3369 4997 3480 5051 An-

1859 5089 2085 5155 selmus,
2117 5088 2226 5143 vita
2253 5094 2307 5143 et
2344 5087 2597 5143 doctrina
2644 5089 2961 5160 precipuus,
3011 5088 3113 5144 ﬂos
3168 5087 3478 5159 presulum,

1862 5181 1949 5234 lux
1992 5180 2187 5251 patrie,
2224 5196 2323 5251 per
2348 5181 2533 5235 omnia
2582 5181 2824 5237 imitator
2873 5181 3144 5258 magistri,
3185 5180 3279 5253 qui
3313 5187 3370 5237 et
3395 5180 3484 5236 di-

1860 5285 2020 5324 versa
2049 5270 2317 5341 opuscula
2347 5270 2675 5342 conscripsit
2705 5270 2847 5343 (39t)

1494 5364 1715 5420 VARUE
1754 5366 2129 5425 LECTIONES.

235 5448 442 5542 ‘f’f‘yzec
468 5460 527 5512 in
556 5460 673 5542 eod.
708 5462 866 5542 addit
896 5478 1089 5542 manus
1112 5465 1277 5533 paulo
1315 5468 1590 5523 recentior.
1633 5468 1701 5503 “5
1748 5473 1865 5524 Hec
1889 5474 1940 5524 et
1976 5470 2152 5525 codice
2176 5472 2543 5528 Gemblucensi
2567 5487 2761 5527 manus
2793 5475 2843 5525 ιλ
2873 5472 3094 5527 addidit
3140 5474 3211 5542 (et
3238 5471 3361 5525 inde
3382 5467 3477 5525 F3.

1713 5610 1918 5665 ΝΟΤᾸΞ.

175 5524 224 5568 ιιι
255 5526 453 5593 opinor,
480 5545 545 5583 ea:
574 5532 692 5600 ipso
712 5538 892 5587 nostro
922 5533 1050 5588 133*.

408 5695 642 5776 ﬁenham
673 5700 787 5757 sive
818 5703 1076 5776 Eenaem.
1100 5719 1269 5776 pr0pe
1300 5707 1685 5766 Oudenaarde.

236 5759 363 5833 (390)
402 5764 735 5848 Oudenburg
764 5789 936 5872 prope
966 5759 1263 5846 Ostende?
1299 5759 1758 5839 chVC'on‘tinjvb'r-

1860 5712 2911 5854 s'i‘i?8"hii"€i§3§7msicampinam
2939 5796 2995 5837 ³·
3032 5779 3191 5838 ¹⁰9⁷’
