3876 6208
146 302 236 358 285

1101 302 1446 359 CHRONICA.
1488 335 1557 343 —
1595 305 1975 360 AUCTARIUM
2018 305 2528 361 AFFLIGEMENSE.

3344 301 3451 358 286

149 430 272 484 brevi
302 444 553 499 respersa
583 447 597 494 ;
648 443 759 484 non
789 429 966 484 solum
998 443 1062 484 ex
1089 431 1312 496 nostris,
1343 431 1640 501 sedletiam
1667 450 1731 488 ex
1759 442 1808 506 Α
1834 434 2098 506 quicquid
2129 434 2185 488 in
2219 434 2340 502 ejus
2363 434 2522 487 laude
2552 431 2758 486 dictum
2789 432 2970 486 fuerit.
3007 431 3114 485 Nec
3150 447 3312 502 parva
3342 431 3448 484 mi-

147 522 286 578 valde
314 521 539 576 remotis
571 521 816 592 partibus
871 520 1048 576 factus
1096 530 1182 577 est
1236 537 1537 578 concursus
1593 524 1730 579 divi-

147 620 241 666 tum
261 617 312 664 et
338 626 683 680 pauperum;
717 610 931 664 diverse
959 610 1136 666 aetatis
1165 619 1220 666 et
1258 613 1542 684 utriusque
1570 630 1734 668 sexus

147 700 314 756 fideles
363 715 485 754 cum
547 701 927 756 oblationibus
1011 702 1125 756 suis
1188 711 1608 771 convenerunt,
1679 712 1735 760 et

145 795 322 844 tantam
352 788 667 858 pecuniam,
700 805 810 860 que
853 805 963 845 non
996 789 1157 847 facile
1196 792 1470 848 numerari
1531 800 1730 864 potest,

147 878 229 931 hac
254 877 461 932 ratione
501 877 858 932 dividendam
887 878 1234 945 obtulerunt;
1293 881 1492 950 partim
1523 882 1732 937 scilicet

145 970 189 1021 in
213 969 602 1024 sustentatione
633 986 959 1040 pauperum,
995 971 1189 1042 partim
1237 972 1291 1026 in
1337 973 1732 1029 restauratione

146 1061 500 1129 ecclesiarum,
558 1064 755 1133 partim
807 1065 862 1117 in
920 1080 1051 1119 usus
1113 1065 1338 1120 fratrum
1395 1067 1452 1120 in
1499 1067 1733 1122 ecclesia

147 1152 524 1226 llpflligemensi
570 1154 658 1209 vel
675 1154 995 1210 Waverensi
1017 1156 1127 1210 Deo
1157 1157 1536 1212 servientium.
1552 1157 1736 1212 Abbas

143 1245 280 1297 etiam
312 1244 752 1320 Haflligemensis
772 1253 827 1300 et
859 1246 1055 1302 fratres
1079 1247 1200 1316 ejus
1225 1248 1442 1318 pedites
1468 1265 1643 1320 usque
1664 1248 1732 1304 ad

143 1333 300 1402 ipsum
345 1333 576 1403 cpidum
635 1342 1052 1397 convenerunt,
1108 1336 1203 1390 ubi
1247 1336 1388 1390 albis
1434 1337 1613 1392 vestiti
1679 1344 1734 1392 et

143 1424 309 1492 cappis
343 1423 538 1489 induti,
575 1427 983 1495 processiouem
1023 1427 1384 1483 multitudine
1431 1429 1733 1484 monacho-

145 1524 246 1561 rum
270 1511 568 1580 composite
600 1521 656 1566 et
685 1514 914 1568 honeste
941 1515 1365 1582 ordinaverunt;
1396 1523 1450 1572 et
1489 1517 1571 1572 sic
1599 1533 1732 1572 can-

145 1599 307 1666 tando,
338 1603 503 1656 Deum
547 1613 603 1658 et
633 1605 754 1673 ejus
787 1607 1111 1680 genitricem
1165 1608 1552 1677 collaudando,
1609 1626 1732 1664 cum

147 1708 318 1766 magna
344 1693 517 1766 gloria
558 1702 614 1749 et
641 1698 910 1767 applausu
952 1700 1122 1754 totius
1152 1701 1366 1772 populi,
1417 1701 1510 1773 qui
1543 1717 1607 1756 ea
1646 1701 1737 1756 die

147 1785 372 1838 dicuntur
400 1785 514 1839 fere
547 1787 618 1841 ad
669 1787 738 1842 30
783 1788 936 1843 milia
995 1792 1344 1859 convenisse,
1400 1792 1456 1846 in
1503 1792 1738 1847 ecclesia

145 1875 295 1929 sancti
348 1875 554 1930 Nicolai
596 1878 967 1934 intraverunt.
1032 1881 1283 1936 Attestati
1336 1890 1467 1936 sunt
1523 1882 1737 1947 fideles,

146 1983 413 2038 numquam
465 1985 527 2022 se
559 1968 748 2040 aliquo
793 1977 1090 2038 conventu,
1124 1974 1216 2044 qui
1280 1973 1456 2028 factus
1509 1973 1578 2028 sit
1639 1974 1739 2028 ali-

147 2060 361 2129 quando,
378 2060 862 2132 siveimperatoris
877 2063 1163 2132 sivejussu
1184 2065 1412 2120 Romani
1434 2063 1735 2136 pontificis,

147 2163 235 2208 lam
265 2143 539 2211 honestam
579 2163 634 2211 ct
661 2165 767 2210 tam
800 2157 946 2214 bene
977 2160 1287 2215 ordinatam
1322 2160 1735 2231 processiouem

148 2244 341 2300 vidisse.
371 2247 662 2311 Quoddam
696 2248 923 2320 insuper
944 2250 1300 2319 beneficium,
1343 2252 1491 2323 quod
1515 2267 1624 2307 non
1655 2259 1737 2306 est

148 2333 337 2389 silentio
369 2337 828 2405 pretereundum,
860 2336 969 2393 imo
1001 2355 1167 2409 super
1205 2348 1389 2394 cetera
1448 2356 1735 2396 commen-

148 2425 379 2492 dandnm,
439 2426 565 2497 ipsa
611 2428 852 2501 gloriosa
893 2431 1122 2484 Domina
1170 2432 1405 2486 contulit
1462 2439 1576 2488 toto
1639 2432 1734 2487 illo

147 2526 358 2587 tempore
389 2518 653 2575 fidelibus
681 2522 824 2588 suis;
878 2539 974 2593 per
1003 2527 1151 2595 quod
1209 2525 1352 2579 bella
1402 2525 1592 2589 multa,
1626 2541 1736 2596 que

145 2607 236 2671 jam
278 2607 574 2682 instigante
605 2611 847 2685 maligno
887 2612 1161 2668 concitata
1205 2611 1444 2679 fuerant,
1480 2622 1536 2668 et
1588 2613 1736 2667 sedi-

149 2697 301 2753 tiones
327 2702 618 2771 consopite
650 2702 998 2773 quieverunt.
1049 2705 1183 2758 Dum
1217 2704 1366 2758 enim
1407 2721 1472 2760 ex
1504 2704 1737 2758 diversis

150 2786 360 2854 partibus
411 2789 575 2843 multi
633 2790 1044 2856 convenissent,
1097 2792 1167 2845 de
1232 2791 1435 2863 quibus
1490 2793 1733 2846 auditum

151 2881 234 2939 est,
260 2875 395 2945 quod
455 2875 672 2930 inimici
716 2884 904 2932 essent
955 2879 1021 2932 ad
1075 2878 1334 2945 invicem,
1393 2880 1575 2934 statim
1618 2880 1738 2934 sine

149 2963 240 3016 ulla
281 2965 570 3021 exactione
623 2968 860 3037 pecunie
918 2969 1003 3023 vel
1044 2970 1290 3041 qualibet
1334 2971 1729 3036 satisfactione,

149 3072 235 3125 que
259 3056 392 3110 inter
415 3057 703 3112 seculares
729 3059 785 3112 in
818 3060 1134 3129 hujusmodi
1167 3063 1406 3136 negotiis
1431 3063 1569 3117 solet
1593 3062 1731 3130 fieri,

147 3144 244 3199 solo
271 3146 358 3199 Dei
389 3147 590 3202 timore
632 3155 686 3202 et
732 3164 919 3204 amore
968 3150 1214 3220 piissime
1257 3151 1447 3206 matris
1477 3153 1732 3222 correpti,

150 3235 426 3292 interventu
462 3237 718 3292 fidelium
753 3239 805 3293 in
864 3255 998 3310 pace
1047 3241 1388 3296 reconciliati
1439 3251 1587 3297 suut.
1632 3244 1742 3300 lloc

152 3327 280 3386 linito
310 3339 555 3403 tempore
583 3333 812 3388 relatum
856 3341 937 3389 est
960 3334 1224 3391 feretrum
1273 3337 1329 3390 in
1371 3353 1536 3408 supra
1567 3339 1743 3394 nomi-

151 3431 303 3478 natam
341 3427 636 3481 ecclesiam
673 3442 796 3481 cum
843 3427 1112 3498 reliquiis,
1146 3445 1248 3484 nec
1289 3436 1472 3486 tamen
1497 3437 1611 3486 toto
1645 3431 1737 3486 illo

151 3529 274 3570 anno
309 3517 466 3571 desiit
510 3525 696 3572 mater
726 3519 1100 3575 misericordie
1131 3537 1162 3574 a
1191 3521 1366 3590 ceptis
1394 3521 1541 3576 circa
1578 3520 1738 3576 infir-

154 3621 251 3661 mos
284 3607 596 3665 beneficiis.
643 3611 828 3682 (Ibid)
869 3612 1111 3667 Ecclesia
1147 3613 1323 3668 sancti
1363 3613 1570 3668 Bertini
1616 3631 1738 3670 cum

153 3699 374 3754 omnibus
427 3701 788 3773 appendiciis
835 3703 951 3758 suis
1011 3704 1294 3759 combusta
1343 3712 1425 3759 est
1499 3705 1550 3758 in
1621 3707 1740 3777 ipso

155 3786 451 3848 festosaucti
487 3793 724 3858 Bertini,
776 3794 904 3848 dum
955 3796 1350 3851 matutinorum
1406 3795 1742 3868 sollempnia

153 3878 445 3947 agebantur.

211 3966 346 4022 1153,
495 3970 565 4023 lt.
609 3970 660 4023 1.
813 3971 869 4024 F.
907 3971 990 4026 17.
1144 3974 1203 4028 Α.
1233 3974 1323 4027 17.
1471 3974 1531 4029 H.
1574 3977 1624 4030 9.

208 4054 371 4121 (Auct.
419 4058 655 4127 Aquic.)
717 4058 946 4128 Eclipsis
1010 4059 1144 4115 solis
1185 4060 1326 4116 facta
1385 4071 1468 4116 est
1520 4063 1549 4116 7
1620 4064 1733 4118 Kal.

154 4141 259 4197 Feb.
290 4147 341 4200 in
393 4149 428 4202 2
481 4149 651 4214 feria;
692 4150 726 4202 ὅ
765 4150 892 4204 Idus
925 4151 1200 4206 Februarii
1248 4153 1304 4207 in
1340 4155 1375 4207 2
1415 4154 1551 4209 feria
1594 4155 1739 4209 toni-

155 4245 306 4292 truum
351 4242 603 4296 auditum
652 4251 753 4296 est.
788 4242 1167 4298 Brusellenses
1206 4246 1431 4315 epidani
1481 4247 1735 4315 injuriam

153 4341 288 4396 quam
325 4332 590 4399 preterito
614 4346 761 4385 anno
801 4331 985 4386 abbati
1018 4339 1072 4386 et
1113 4333 1371 4390 fratribus
1397 4335 1517 4402 ejus
1545 4346 1738 4407 utpote

155 4418 374 4474 homines
411 4423 554 4476 dura
603 4421 817 4478 cervice
864 4431 922 4476 et
967 4423 1022 4478 in
1082 4440 1181 4479 sua
1221 4428 1498 4482 sententia
1539 4403 1816 4484 mentisD

153 4503 394 4564 obstinate
423 4511 749 4574 intulerant,
783 4512 885 4566 hoc
915 4528 1060 4567 anno
1089 4524 1463 4582 correxerunt,
1501 4517 1602 4572 hoc
1639 4519 1741 4574 sci-

156 4597 261 4651 licet
294 4603 484 4657 modo:
551 4603 678 4674 quia
737 4604 841 4673 ipsi
902 4605 1185 4661 Dominam
1233 4617 1473 4663 nostram
1539 4641 1608 4651 —-
1660 4613 1742 4668 sic

156 4683 286 4746 enim
315 4695 464 4750 aiunt
503 4697 653 4767 (394)
709 4729 770 4738 —
801 4698 870 4752 de
911 4700 1145 4755 ecclesia
1183 4701 1500 4757 Waverensi
1541 4705 1740 4762 devote

155 4791 198 4834 et
225 4784 492 4842 humiliter
536 4789 809 4855 tollentes,
855 4806 978 4844 cum
1026 4792 1235 4847 honore
1268 4804 1654 4865 susceperunt,
1686 4803 1739 4852 et

156 4887 238 4924 suo
289 4882 533 4946 tempore
584 4876 812 4947 pacifice
860 4887 914 4932 et
962 4896 1083 4934 cum
1144 4883 1347 4955 gaudio
1391 4885 1737 4941 remiserunt.

157 4960 313 5032 (Ibid)
347 4964 626 5037 Eugenius
658 4982 798 5036 papa
847 4968 993 5022 diem
1043 4970 1295 5025 ultimum
1327 4973 1566 5040 claudit;
1614 4991 1742 5030 suc-

155 5051 280 5106 cedit
307 5056 354 5108 ei
382 5056 671 5111 Konradus
720 5059 894 5125 158%,
945 5061 1140 5115 Sancte
1190 5063 1391 5118 Sabine
1421 5067 1741 5136 episcopus,

156 5142 450 5203 Anastasius
479 5151 814 5229 appellatus,
857 5153 1092 5209 vicarius
1130 5156 1339 5211 domini
1371 5174 1509 5230 pape
1543 5161 1745 5230 prede-

154 5239 366 5293 cessoris
395 5241 503 5297 sui.
536 5242 782 5297 Domnus
811 5261 1035 5317 quoque
1075 5247 1386 5304 Bernardus
1413 5249 1587 5305 abbas
1625 5251 1744 5307 Cla-

157 5327 469 5396 revallensis,
523 5334 617 5404 qui
692 5335 848 5404 quasi
933 5337 1127 5391 lucifer
1200 5347 1441 5406 exortus,
1492 5342 1740 5399 ordinem

158 5426 376 5505 nostrum
438 5423 770 5493 illustrabat,
816 5429 1071 5502 migravit
1110 5431 1176 5484 ad
1219 5432 1544 5501 Dominum;
1594 5435 1752 5505 cujus

156 5501 248 5558 vita
301 5515 353 5563 et
402 5511 655 5569 doctrina
704 5515 757 5570 in
792 5501 1001 5573 tantum
1036 5520 1274 5589 excellit,
1334 5529 1393 5578 ut
1443 5523 1625 5578 minus
1657 5501 1747 5592 sit,

1760 3108 1807 3176 C

1832 527 2002 581 raculi
2047 526 2226 596 portio
2283 531 2388 591 est,
2429 523 2578 595 quod
2645 523 2749 577 hoc
2803 537 2948 576 anno
2998 529 3146 576 tanta
3185 522 3449 577 sterilitas

1833 619 1977 691 agris
2020 617 2220 672 nostris
2283 615 2553 680 incubuit,
2602 614 2752 686 quod
2803 614 2891 668 vix
2957 613 3190 668 duorum
3244 614 3327 666 vel
3379 613 3446 667 ad

1833 708 1994 762 trium
2038 707 2310 761 mensium
2344 704 2502 760 nobis
2552 703 2753 758 victum
2802 699 3017 756 suffecit
3063 698 3242 754 omnis
3290 696 3448 765 cepia

1834 795 2040 850 mensis
2084 802 2289 850 nostre.
2324 793 2510 863 (lbid.)
2542 792 2728 846 Turbo
2786 787 3112 863 gravissime
3154 793 3446 856 tempesta-

1833 885 1902 940 tis
1956 900 2053 954 per
2105 883 2243 938 fines
2275 889 2491 937 nostros
2539 881 2682 935 viam
2742 877 2985 942 molitus,
3020 873 3176 946 quasi
3237 872 3447 926 sulcum

1833 975 2061 1039 ducens,
2083 974 2246 1028 unius
2271 972 2380 1026 diei
2417 971 2612 1025 itinere
2653 982 2873 1040 queque
2903 965 3054 1020 velut
3085 960 3322 1016 flammis
3353 961 3450 1014 de-

1834 1074 1990 1135 pasta
2029 1078 2383 1128 consumens,
2424 1058 2665 1134 lugcnda
2711 1054 2938 1129 vestigia
2980 1051 3222 1123 reliquit.
3276 1048 3451 1119 (Ibid)

1834 1157 2062 1212 Ascalon
2095 1165 2254 1227 capta
2286 1161 2370 1209 est
2395 1153 2463 1207 ab
2495 1151 2738 1206 exercitu
2794 1145 3033 1212 Domini,
3075 1145 3169 1216 qui
3203 1150 3285 1198 cst
3327 1141 3452 1196 Hie-

1835 1246 2145 1316 rosolymis,
2199 1253 2253 1298 et
2294 1258 2548 1314 possessa
2580 1257 2610 1293 a
2649 1238 2888 1301 nostris;
2941 1235 3115 1290 multo
3149 1244 3327 1287 tamen
3370 1231 3453 1284 la-

1833 1336 1964 1392 bore
2013 1353 2076 1392 ac
2127 1337 2386 1390 diuturno
2436 1332 2601 1397 bello,
2656 1328 2845 1384 multis
2875 1326 3040 1382 etiam
3090 1320 3354 1394 periculis
3398 1324 3454 1372 et

1835 1428 2096 1500 gravibus
2147 1426 2364 1480 damnis
2424 1423 2578 1496 prius
2636 1419 2877 1476 exercitu
2917 1417 3144 1473 afflicto.
3207 1413 3452 1481 Namque

1832 1521 2031 1576 diebus
2058 1527 2246 1574 sancte
2278 1517 2373 1572 Dei
2413 1513 2697 1590 genitricis
2746 1507 3117 1583 purificationi
3166 1502 3451 1576 proximis,

1835 1629 1928 1668 rex
1967 1611 2468 1680 Hierosolymorum
2512 1606 2854 1678 procinctum
2911 1600 3101 1663 movit,
3145 1604 3328 1669 portas
3355 1595 3454 1650 ob-

1839 1705 2002 1771 sedit,
2032 1711 2087 1758 et
2128 1718 2314 1756 muros
2353 1699 2590 1754 civitatis
2656 1695 2856 1750 diffuso
2913 1690 3155 1747 exercitu
3216 1687 3454 1750 vallavit,

1842 1792 2125 1850 nocturnis
2181 1790 2448 1856 excubiis,
2497 1789 2696 1843 diurno
2774 1783 2920 1837 bello
2975 1781 3055 1835 eis
3111 1780 3456 1832 incessanter

1843 1883 2160 1946 imminens,
2193 1897 2366 1951 usque
2407 1880 2460 1932 in
2496 1878 2691 1932 festum
2737 1869 3133 1942 assumptionis
3195 1864 3477 1961 ejusdem-

1841 1972 2210 2028 sacratissime
2251 1968 2489 2042 Virginis
2536 1981 2717 2020 moras
2767 1961 3109 2032 pertrahens,
3170 1965 3223 2010 et
3271 1952 3455 2051 infati-

1838 2063 2036 2137 gabilis
2066 2061 2387 2132 perdurans.
2423 2056 2673 2111 Proxima
2701 2068 2830 2125 ergo
2886 2050 2975 2104 die
3018 2048 3163 2102 illius
3194 2048 3449 2099 sacratis-

1837 2155 1961 2208 simi
2022 2153 2165 2219 festi,
2200 2150 2387 2205 turrim
2433 2165 2555 2204 cum
2605 2146 2721 2200 suis
2766 2137 3228 2197 machinamentis
3291 2147 3448 2188 muro

1837 2245 2112 2311 admovit;
2156 2251 2210 2298 et
2231 2241 2460 2297 artificio
2492 2239 2855 2294 subterraneo
2895 2239 3075 2287 actum
3111 2238 3213 2294 est,
3247 2233 3305 2281 ut
3331 2241 3452 2278 mu-

1837 2355 1929 2392 rus
2015 2336 2221 2392 cadens
2283 2333 2451 2387 latum
2537 2331 2848 2403 ingressum
2914 2321 3114 2377 nostris
3175 2316 3433 2389 preberet

1839 2431 2027 2500 Itaque
2075 2426 2244 2481 nostri
2299 2429 2465 2478 ruunt
2508 2431 2563 2476 et
2611 2421 2863 2481 irrunnt;
2897 2406 3456 2508 primusprepositus

1837 2526 1894 2573 et
1921 2519 2030 2571 dux
2070 2515 2219 2570 illius
2256 2512 2552 2576 exercitus,
2585 2508 2678 2580 qui
2724 2506 2965 2560 fraterne
3015 2505 3296 2554 societatis
3327 2508 3456 2566 pro—

1841 2608 2321 2678 fessionetemplo
2377 2605 2631 2670 militant,
2665 2617 2788 2656 cum
2848 2613 2948 2652 suo
3009 2606 3186 2648 cuneo
3245 2587 3453 2658 irrepit,

1839 2715 1895 2760 et
1947 2718 2124 2774 usque
2184 2701 2252 2753 ad
2314 2698 2550 2769 plateam
2623 2691 2879 2755 civitatis,
2951 2686 3180 2782 agmine.
3229 2695 3451 2734 suorum

1839 2773 2118 2862 stipatus,
2176 2787 2508 2860 perveniens
2542 2825 2556 2850 ,
2615 2781 2844 2857 gradum
2904 2776 3047 2840 fixit;
3107 2773 3184 2826 ibi
3251 2775 3456 2822 artatus

1838 2880 2106 2954 augustiis
2189 2878 2492 2949 platearum
2526 2916 2541 2944 ,
2610 2870 2868 2927 maceriis
2931 2867 3147 2922 cinctus
3182 2903 3194 2927 ,
3253 2865 3308 2913 et
3367 2873 3455 2956 su:

1836 2968 2356 3043 perimminentibus
2427 2972 2692 3020 tectorum
2764 2959 3099 3022 domatibus,
3302 2964 3452 3052 omni

1838 3041 1987 3132 parte
2020 3057 2337 3113 confluente
2367 3054 2525 3109 turba
2565 3053 2996 3111 circumventus,
3028 3041 3359 3115 Opprimitur
3401 3041 3456 3090 et

1841 3171 1962 3211 cum
1994 3153 2144 3209 omni
2205 3150 2366 3206 turba
2395 3163 2619 3203 suorum
2661 3145 3037 3201 obtruncatur.
3093 3139 3330 3225 Quorum
3360 3148 3458 3225 ca—

1845 3245 1955 3316 pita
1986 3244 2041 3297 in
2067 3259 2238 3298 unum
2270 3238 2552 3296 cumulum
2573 3241 2700 3291 sunt
2721 3237 3004 3305 congesta,
3035 3235 3094 3282 ut
3126 3224 3239 3299 regi
3275 3221 3459 3290 Baby-

1844 3333 1989 3389 lonie
2022 3348 2119 3403 pro
2163 3332 2322 3406 signo
2360 3328 2590 3384 victorie
2629 3330 3000 3386 ostentarent;
3057 3329 3288 3386 corpora
3330 3323 3458 3364 vero

1847 3428 1902 3481 in
1957 3441 2112 3482 muro
2170 3423 2604 3494 suspenderunt,
2664 3417 2827 3472 nobis
2881 3415 3366 3504 improperantes;
3407 3408 3462 3455 et

1842 3515 2024 3570 verbis
2057 3491 2408 3584 blasphemie
2441 3509 2742 3565 exercitum
2793 3504 2888 3560 Dei
2919 3503 3305 3574 provocantes.
3328 3491 3462 3544 Tan-

1841 3605 1966 3659 dem
1999 3603 2169 3658 nostri
2187 3583 2257 3654 in
2314 3599 2545 3656 Domino
2576 3593 2868 3652 confortati
2921 3589 3034 3662 regi
3067 3583 3345 3645 dicebant,
3404 3589 3463 3634 ut

1842 3696 2070 3753 viriliter
2099 3700 2391 3766 pugnaret,
2419 3699 2473 3746 et
2523 3689 2594 3742 de
2625 3687 2721 3742 Dei
2753 3679 3133 3739 miserlcordia
3190 3689 3302 3729 non
3352 3672 3451 3723 de-

1841 3800 2129 3862 speraret,
2224 3787 2380 3854 cujus
2482 3793 2613 3840 tunc
2707 3780 2941 3835 maxime
3045 3775 3238 3828 adesse
3322 3766 3462 3862 solet

1842 3855 2127 3946 auxilium,
2160 3895 2282 3934 cum
2327 3878 2483 3931 deest
2513 3891 2615 3930 nec
2643 3878 2897 3943 speratur
2943 3870 3266 3922 humanum.
3301 3855 3455 3922 Quod

1840 3991 1972 4046 ergo
2011 3972 2436 4029 christianorum
2479 3967 2698 4040 proprie
2733 3961 3036 4033 presidium
3091 3962 3194 4019 est,
3243 3948 3462 4046 confes-

1839 4039 1996 4121 sione
2030 4069 2403 4136 peccatorum,
2456 4059 2880 4115 elemosinarum
2944 4049 3228 4140 largitate,
3265 4048 3326 4140 et
3353 4039 3456 4140 de-

1840 4134 2143 4209 votissi'mis
2174 4148 2677 4222 supplicationibus
2697 4163 2756 4200 se
2782 4143 3009 4199 Domino
3028 4134 3461 4226 committentes,

1840 4252 1895 4298 et
1923 4251 2111 4299 sancte
2139 4214 2522 4313 Dei-genitrici
2548 4246 2672 4293 vota
2723 4235 3012 4291 facientes,
3067 4223 3226 4282 tertia
3274 4214 3462 4317 die‘ad

1841 4351 2054 4388 murum
2116 4308 2490 4397 accesserunt,
2558 4332 2918 4384 instrumenta
2969 4318 3191 4381 bellica,
3254 4308 3460 4364 machi-

1843 4440 1941 4478 nas
1968 4432 2021 4479 et
2069 4425 2296 4478 balistas
2327 4424 2711 4487 admoverunt,
2775 4416 2882 4470 fide
2932 4414 3265 4468 constantes.
3329 4399 3467 4453 Crux

1842 4533 1969 4573 vero
1999 4518 2276 4573 dominica
2309 4518 2364 4570 in
2397 4516 2650 4571 manibus
2681 4510 2989 4584 patriarcha
3021 4517 3219 4576 agmen
3266 4507 3462 4567 prece-

1842 4612 2026 4676 debat,
2067 4611 2432 4665 certissimum
2463 4608 2692 4664 victorie
2748 4605 2968 4676 pignus,
3036 4593 3184 4668 quod
3239 4601 3463 4690 semper

1843 4703 2048 4758 nostris
2100 4704 2154 4757 in
2183 4703 2444 4758 omnibus
2498 4700 2687 4772 preliis
2746 4697 2864 4752 fuit.
2928 4693 3061 4746 Tum
3119 4701 3248 4741 vero
3292 4688 3466 4736 virtus

1844 4795 2058 4850 Domini
2129 4794 2419 4850 manifesta
2478 4793 2602 4861 fuit,
2657 4793 2871 4863 linguas
2928 4783 3280 4853 blasphemas
3325 4774 3464 4830 edo-

1843 4888 2002 4952 muit,
2037 4896 2090 4944 et
2110 4903 2329 4944 omnem
2363 4886 2755 4943 confidentiam
2774 4868 3384 4965 superborumdejecil,
3409 4872 3466 4965 et

1842 4979 2077 5035 consilio
2117 4977 2427 5047 dissipavit.
2456 4976 2547 5029 Vir
2576 4975 2668 5029 ille
2700 4973 2796 5044 qui
2826 4983 3055 5042 presens
3076 4964 3198 5029 fuit,
3229 4969 3283 5058 et
3312 4964 3465 5058 omni

1848 5078 2093 5140 tempore
2124 5068 2434 5123 obsidionis
2478 5067 2532 5120 in
2576 5064 2821 5121 exercitu
2854 5058 3087 5124 duravit,
3131 5052 3277 5126 quod
3308 5048 3468 5111 vidit,

1848 5165 2009 5219 nobis
2041 5163 2297 5217 narravit.
2332 5161 2578 5216 Percussi
2633 5157 2987 5229 suntﬁomnes
3026 5151 3277 5212 cecilate,
3309 5146 3380 5200 ita
3412 5150 3472 5197 ut

1848 5273 1972 5311 cum
2002 5258 2245 5313 molares
2294 5254 2507 5326 lapides
2545 5252 2740 5307 balista
2781 5265 2882 5305 suo
2924 5248 3134 5316 impetu
3167 5242 3220 5295 in
3285 5238 3470 5292 medio

1853 5363 2050 5402 eorum
2083 5347 2380 5408 emitteret,
2411 5343 2596 5398 nullus
2627 5341 2868 5413 lapidem
2903 5337 3216 5392 venientem
3249 5326 3470 5386 viderit.

1850 5443 1910 5490 ut
1940 5453 1971 5490 a
1999 5435 2121 5491 loco
2155 5435 2399 5500 cederet,
2433 5434 2714 5504 ictumque
2745 5429 2945 5501 lapidis
2977 5425 3296 5482 declinaret.
3331 5417 3469 5483 Quid

1851 5526 2026 5583 multa
2050 5527 2271 5583 ?coacti
2311 5534 2458 5590 sunt,
2491 5542 2655 5598 quam
2697 5528 3057 5598 negaverant,
3095 5516 3192 5572 Dei
3220 5511 3470 5570 confiteri

1687 5654 1895 5712 NOTIE.

217 5704 347 5777 (394)
378 5711 539 5769 Notre
549 5715 759 5770 -Dame.
