3876 6208
379 334 482 387 287

1592 340 1933 396 SlGEBERTl
1973 338 2483 396 GEMBLACENSIS.

3605 348 3725 406 288

376 457 661 528 virtutem,
717 467 772 518 et
826 478 991 533 quem
1049 464 1530 535 blasphemabant,
1602 482 1827 523 suorum
1867 482 1987 522 esse
2013 467 2331 537 Ahostium
2388 482 2498 523 non
2554 469 2814 542 ignorans
2851 469 3109 539 insidias,
3146 477 3320 528 totum
3364 475 3726 545 procinctum

379 549 600 605 ﬁdelem
630 561 994 623 protectorem
1017 564 1071 613 et
1101 558 1424 627 adjutorem.
1451 561 1586 635 Ergo
1608 561 1749 615 ultra
1769 560 1988 617 differre

382 654 494 695 non
520 642 789 711 valentes,
827 645 1102 701 civitatem
1145 647 1202 701 in
1232 666 1428 704 manus
1466 651 1613 725 regis
1648 650 1891 718 tradunt,
1933 658 1987 707 et

383 749 447 787 ex
478 735 571 790 illo
598 744 845 808 tempore
876 740 1107 797 Ascalon
1140 749 1322 798 nostra
1353 742 1493 799 facta
1524 751 1625 813 est,
1657 754 1716 801 et
1735 763 1766 801 a
1786 748 1989 802 nostris

389 840 664 895 possessa.
726 830 876 884 Istud
941 831 1083 887 inter
1135 834 1367 891 maxime
1425 836 1674 891 miranda
1727 838 1990 892 miracula

388 913 712 971 miraculum
753 935 873 974 esse
919 922 1154 986 videtur,
1213 925 1360 995 quod
1408 924 1540 980 urbs
1596 926 1701 980 130
1749 927 1989 981 turribus

389 1011 685 1079 prevalidis
712 1017 942 1083 munita,
994 1023 1048 1071 et
1091 1019 1367 1074 cenaculis
1397 1020 1677 1076 domatum
1710 1022 1763 1075 in
1794 1022 1989 1093 plateis

387 1100 504 1155 suis
545 1103 701 1173 quasi
733 1114 920 1176 crypta
951 1106 1245 1178 laqueariis
1273 1117 1603 1180 supertecta,
1627 1118 1681 1165 et
1718 1112 1990 1183 quodam-

390 1190 554 1244 modo
600 1191 1066 1265 inexpugnabilis,
1122 1197 1342 1250 tandem
1377 1198 1673 1269 aliquando
1702 1200 1848 1256 vinci
1891 1215 1989 1269 po-

390 1283 513 1348 tuit,
571 1289 717 1357 quod
758 1288 813 1342 in
852 1290 1106 1361 hystoriis
1151 1301 1396 1348 veterum
1450 1310 1717 1367 nusquam
1769 1295 1988 1370 legitur.

460 1376 597 1431 1154
705 1381 863 1435 ΚΞ.
976 1383 1031 1438 F.
1077 1385 1161 1439 18.
1274 1387 1332 1441 Α.
1382 1387 1463 1441 18.
1578 1386 1768 1443 Η.10.

460 1469 634 1539 (Auct.
685 1474 897 1545 Aquic.)
960 1476 1274 1531 Anastasius
1330 1495 1473 1549 papa
1531 1495 1598 1534 ex
1628 1483 1731 1534 hac
1755 1480 1868 1534 vita
1897 1480 1997 1534 de-

2087 564 2318 619 ecclesie
2341 564 2514 620 sancti
2536 564 2677 619 Petri
2711 571 2950 620 armatus
2994 566 3474 634 circumdederat;
3532 568 3729 626 donec

2086 657 2347 714 omnibus
2377 657 2610 728 expletis
2641 672 2764 712 cum
2807 657 3139 729 imperatore
3181 661 3566 732 egrederetur.
3612 661 3725 717 Ro-

2090 748 2259 814 mani,
2310 755 2419 803 tam
2471 747 2681 819 pudore
2720 764 2884 820 quam
2935 748 3127 805 dolore
3166 751 3351 806 animo
3405 751 3724 818 concitato,

2090 844 2419 916 quibusdam
2475 844 2736 911 residuis,
2779 858 2918 916 quos
2976 844 3226 901 incautos
3278 854 3726 918 occupaverant,

2092 938 2412 1005 interfectis,
2488 954 2612 994 cum
2682 939 3015 1010 imperatore
3090 939 3557 1016 congrediuntur;
3621 942 3731 997 sed

2089 1041 2219 1082 mox
2246 1028 2301 1080 in
2328 1025 2513 1097 fugam
2559 1026 2725 1092 versi,
2766 1026 2835 1081 ad
2880 1026 3091 1083 Tiberis
3139 1028 3358 1084 alveum
3400 1037 3719 1104 coguntur.

2090 1115 2286 1180 Quanti
2321 1115 2377 1168 in
2432 1130 2733 1189 congressu
2771 1114 3096 1181 ceciderint,
3136 1118 3332 1189 quanti
3380 1118 3436 1172 in
3470 1118 3715 1173 flumine

2090 1206 2362 1260 submersi
2410 1206 2538 1273 sint,
2583 1205 2803 1277 scriptis
2831 1208 3174 1263 committere
3219 1224 3331 1265 non
3359 1210 3565 1266 audeo.
3601 1211 3724 1264 Im-

2099 1303 2320 1365 perator
2364 1296 2540 1351 victor
2566 1295 2893 1370 regreditur.
2957 1297 3137 1352 Floret
3162 1297 3479 1370 imperium,
3507 1306 3564 1355 et
3606 1299 3729 1356 do-

2098 1386 2282 1440 minus
2332 1401 2514 1439 rerum
2563 1385 2819 1440 sublimis
2858 1386 3142 1442 attollitur.
3176 1388 3357 1444 Multis
3388 1389 3552 1444 annis
3605 1398 3729 1445 ste-

2099 1474 2301 1528 rilitate
2330 1480 2476 1528 terre
2530 1484 2588 1528 et
2636 1473 3070 1529 necessariorum
3098 1476 3329 1546 penuria
3366 1477 3535 1533 nobis
3560 1477 3733 1535 labo-

388 1560 584 1626 cessit;
633 1564 888 1618 succedit
931 1565 981 1618 ei
1027 1566 1296 1621 Adrianus
1339 1569 1521 1635 159ιιε,
1554 1578 1715 1625 antea
1745 1571 2000 1626 Nicolaus
2101 1569 2369 1637 rantibus,
2401 1569 2509 1624 hoc
2555 1583 2699 1623 anno
2725 1568 2904 1624 tritico
2944 1570 3171 1626 omnino
3198 1570 3519 1638 deﬁciente,
3548 1573 3609 1627 in
3645 1575 3732 1628 ul-

389 1647 588 1716 dictus,
623 1651 919 1722 episcOpus
946 1653 1288 1710 Albanensis.
1319 1658 1429 1711 Rex
1478 1659 1534 1713 in
1577 1659 1770 1732 Anglia
1797 1660 2001 1716 consti-
2101 1663 2230 1719 timo
2288 1662 2627 1729 discrimine,
2673 1662 2807 1734 quid
2846 1662 3120 1736 agendum
3168 1673 3334 1732 esset,
3387 1666 3480 1721 vix
3543 1667 3732 1721 anxiis

390 1749 540 1795 tutus
575 1750 657 1797 est
696 1744 999 1813 Heinricus,
1031 1748 1187 1815 cujus
1215 1765 1348 1804 avus
1398 1750 1498 1805 fuit
1540 1751 1632 1806 ille
1686 1769 1918 1827 magnus
1946 1760 2077 1854 etB
2101 1756 2277 1827 potuit
2304 1771 2611 1811 occurrere.
2675 1756 2733 1810 In
2765 1756 2871 1811 hoc
2903 1764 3085 1810 tamen
3140 1757 3210 1810 ad
3248 1757 3506 1814 ultimum
3566 1759 3727 1815 stetit

395 1834 638 1890 famosus
691 1838 882 1912 Anglic
930 1855 1021 1894 rex
1054 1841 1361 1898 Heinricus.
1406 1844 1541 1900 Filia
1588 1863 1825 1918 namque
1858 1848 1996 1918 ejus,

392 1942 498 1996 que
536 1927 852 1998 imperatori
883 1937 1070 2002 nupta,
1108 1933 1421 2004 imperatrix
1448 1937 1751 2005 dicebatur,
1783 1946 1837 1994 et
1885 1947 2002 1994 erat

398 2016 584 2071 comiti
618 2019 999 2091 Andegavensi
1031 2023 1083 2078 in
1122 2026 1381 2100 conjugio
1422 2035 1544 2098 post
1568 2029 1688 2098 ejus
1715 2046 1998 2085 excessum

397 2104 672 2174 copulata,
753 2108 897 2164 hunc
955 2112 1049 2182 qui
1121 2113 1287 2169 modo
1336 2122 1530 2187 regnat
1596 2116 1758 2185 (295),
1816 2118 1884 2171 de
1935 2134 2000 2173 eo

397 2199 661 2268 suscepit,
695 2208 749 2254 et
772 2199 967 2257 fratres
1004 2205 1141 2273 ejus.
1173 2206 1414 2270 Quicum
1443 2206 1623 2263 adhuc
1661 2210 1867 2264 lactens
1896 2210 1998 2263 sub

393 2285 562 2340 ubere
620 2288 850 2344 nutricis
893 2299 1037 2347 esset
1080 2294 1341 2350 defuncto
1407 2312 1507 2351 avo
1554 2297 1674 2365 ejus
1744 2297 1998 2353 Heinrico

394 2392 544 2451 rege,
577 2395 698 2434 cum
731 2381 1008 2438 cunabulo
1039 2384 1095 2438 in
1130 2386 1375 2459 Angliam
1421 2388 1744 2459 deportatus
1799 2397 1900 2455 est,
1946 2398 2001 2446 ct

392 2468 465 2523 ibi
504 2470 774 2527 electione
814 2475 1060 2529 omnium
1094 2477 1429 2548 principum,
1486 2480 1627 2536 datis
1650 2482 2003 2551 juramentis,

394 2559 450 2612 in
481 2575 651 2632 regno
681 2561 1036 2619 conﬁnnatus
1088 2574 1190 2619 est.
1222 2567 1283 2620 Et
1308 2567 1437 2639 quia
1477 2570 1579 2623 sub
1618 2587 1783 2625 manu
1815 2587 2007 2642 procu-

394 2653 589 2708 ratoris
615 2672 790 2727 usque
817 2657 886 2711 ad
916 2657 1191 2731 legitimos
1230 2677 1406 2716 annos
1436 2678 1562 2716 eum
1590 2665 1794 2719 servari
1826 2679 1999 2735 opor-

395 2743 566 2811 tebat,
608 2747 819 2801 electus
872 2757 956 2803 est
989 2765 1177 2804 comes
1207 2752 1518 2822 Stephanus
1563 2761 1827 2827 cognatus
1858 2756 1999 2824 ejus,

395 2835 490 2905 qui
523 2852 751 2908 regnum
783 2847 1019 2911 regeret,
1067 2849 1122 2896 et
1154 2858 1281 2896 eum
1305 2843 1584 2899 educaret.
1620 2845 1719 2909 Qui
1770 2846 2002 2917 Stepha-

392 2940 496 2979 nus
538 2942 570 2979 a
609 2927 955 2997 principibus
995 2946 1309 2999 persuasus,
1357 2939 1415 2986 et
1455 2948 1645 2987 eorum
1678 2934 2004 2990 adulationi-

395 3014 497 3069 bus
527 3014 691 3069 nimis
738 3032 913 3087 prono
945 3018 1127 3075 favore
1165 3036 1227 3075 se
1279 3021 1572 3088 inclinans,
1622 3027 2009 3096 supplantator

398 3114 453 3159 et
488 3106 737 3175 proditor
796 3106 992 3174 factus,
1034 3125 1265 3185 regnum
1322 3111 1524 3167 invasit
1552 3122 1609 3168 et
1664 3116 1858 3172 tenuit.
1896 3119 2005 3175 Hoc

400 3199 682 3262 comperto
736 3202 910 3250 mater
946 3214 1112 3269 supra
1164 3199 1389 3255 modum
1422 3201 1668 3257 mulieris
1705 3205 1890 3261 animo
1929 3217 2006 3263 at-

404 3282 613 3337 tollitur
639 3294 694 3339 et
724 3286 1002 3357 efferatur,
1020 3307 1127 3347 nec
1155 3308 1309 3348 mora
1330 3292 1731 3363 intercedente,
1758 3298 2005 3372 Angliam

400 3387 523 3426 cum
557 3377 801 3432 exercitu
832 3382 1167 3452 ingreditur;
1222 3387 1409 3443 multis
1434 3398 1489 3445 et
1517 3390 1775 3464 gravibus
1816 3392 2008 3464 preliis

403 3465 735 3537 commissis,
786 3472 954 3529 multa
984 3475 1245 3533 audacter
1281 3496 1449 3552 opera
1479 3484 1727 3553 patravit.
1762 3483 1840 3537 Ad
1879 3484 2007 3538 ulti-

406 3566 576 3642 mum,
608 3563 733 3625 post
761 3560 1026 3629 plurimos
1071 3583 1266 3637 annos,
1307 3570 1415 3639 jam
1447 3571 1636 3627 adulto
1680 3572 1774 3628 illo
1802 3573 2011 3642 juvene

404 3641 520 3697 tilio
566 3662 687 3714 suo,
740 3650 1018 3724 Stephano
1072 3660 1236 3717 etiam
1285 3663 1488 3732 subito,
1541 3680 1645 3719 nec
1696 3666 1830 3721 satis
1884 3676 2013 3721 uota

406 3741 578 3828 morte
619 3736 901 3828 defuncto,
947 3746 1117 3804 tilium
1149 3767 1308 3807 suum
1366 3753 1678 3811 Heinricum
1734 3755 1791 3809 in
1841 3770 2013 3828 regno

405 3823 705 3881 constituit.

481 3914 637 3972 1155.
857 3927 909 3982 3.
1136 3934 1223 3988 19.
1443 3938 1493 3991 1.
1717 3938 1802 3992 11.

475 4010 662 4078 (Auct.
716 4019 936 4094 Aquic.)
1001 4028 1307 4099 Imperator
1355 4031 1701 4100 Frcdericus,
1752 4032 2015 4103 preterito

408 4117 556 4196 fumo
603 4109 903 4183 profectus,
944 4117 1047 4174 hoc
1075 4136 1221 4177 anno
1253 4123 1479 4179 Romam
1520 4125 1774 4196 pervenit
1830 4123 2015 4179 multis

410 4192 464 4247 in
514 4194 711 4255 itinere
750 4203 1035 4265 laboribus
1072 4214 1310 4282 attritus,
1363 4226 1420 4272 et
1459 4192 1693 4273 diversis
1743 4217 2017 4273 hostiliter

408 4283 836 4381 obsistentibus;
894 4315 1035 4369 quos
1084 4316 1279 4359 omnes
1341 4312 1448 4361 tam
1504 4307 1796 4381 sagacitate
1851 4322 2015 4377 quam

408 4377 609 4469 virtute
636 4383 705 4417 “3
754 4392 1052 4459 superavit,
1094 4402 1149 4449 et
1185 4396 1253 4450 ad
1294 4377 1633 4453 deditionem
1683 4404 1848 4469 atque
1889 4397 2017 4452 sub-

2100 1845 2394 1912 sententia,
2424 1851 2482 1899 ut
2503 1844 2740 1915 pecunia
2776 1851 2969 1900 mutuo
2999 1845 3301 1902 amicorum
3332 1846 3443 1903 ﬁde
3473 1856 3722 1919 sumpta,

2101 1948 2411 1988 emeremus
2459 1931 2628 1988 victui
2681 1932 3010 1988 necessaria.
3058 1933 3302 1989 Misimus
3340 1950 3475 2011 ergo
3525 1936 3731 1992 fratres

2101 2031 2319 2080 nostros
2340 2023 2397 2077 in
2427 2024 2591 2077 aliam
2646 2024 2950 2097 regionem,
2985 2025 3080 2096 qui
3136 2026 3370 2083 sollicite
3400 2027 3722 2097 injunctum

2102 2115 2385 2190 negotium
2407 2123 2802 2188 exsequuntur,
2835 2124 2890 2171 et
2914 2132 3166 2172 remenso
3197 2117 3421 2184 itinere,
3462 2129 3729 2176 ornerata

2104 2223 2243 2262 nave
2282 2207 2388 2262 iter
2415 2214 2704 2277 carpentes
2743 2207 2811 2261 ad
2839 2208 3069 2278 cpidum
3100 2208 3470 2265 Aldenardum
3514 2211 3729 2267 dictum

2100 2302 2493 2366 pervenerunt.
2524 2294 2613 2348 Est
2635 2294 2711 2348 ibi
2742 2294 2918 2363 locus,
2952 2295 3007 2349 in
3037 2311 3147 2367 quo
3186 2297 3512 2353 molendina
3543 2307 3602 2355 et
3630 2316 3724 2355 ca-

2100 2391 2328 2449 tarecte,
2362 2399 2468 2455 que
2508 2400 2772 2455 aquarum
2814 2385 3103 2440 transitum
3130 2386 3442 2457 suscipiunt
3491 2394 3548 2443 et
3596 2390 3734 2444 red-

2106 2476 2264 2541 dunt,
2296 2476 2369 2529 ita
2412 2484 2706 2548 angustum
2761 2483 2817 2531 et
2856 2476 3229 2547 periculosum
3265 2477 3517 2534 efﬁciunt
3542 2480 3728 2550 ipsum

2107 2569 2309 2634 locum,
2351 2573 2409 2622 ut
2435 2566 2590 2622 navis
2644 2573 2827 2623 nostra
2886 2568 3200 2637 transitura,
3261 2568 3594 2626 ﬁrmissimis
3642 2570 3733 2626 tu-

2104 2660 2271 2715 nibus
2296 2656 2547 2729 ligaturis
2578 2657 2719 2727 posti
2745 2656 2969 2711 astricta
3002 2664 3309 2726 teneretur,
3341 2659 3520 2715 donec
3546 2660 3725 2731 ipsam

2103 2749 2367 2807 caribdim
2426 2748 2686 2803 evaderet
2731 2754 2785 2803 et
2809 2747 3184 2818 pertransiret.
3229 2748 3368 2824 Ergo
3392 2756 3544 2805 tanta
3598 2767 3733 2806 cau-

2103 2840 2230 2906 tela,
2258 2844 2410 2893 tanto
2432 2836 2725 2893 conamine
2775 2835 2931 2890 navis
2968 2836 3038 2890 ad
3072 2835 3221 2891 illam
3274 2837 3598 2911 voraginem
3663 2846 3717 2895 et

2107 2934 2429 3008 precipitem
2483 2947 2701 2987 cursum
2755 2946 2900 3002 aque
2948 2929 3237 2985 frementis
3283 2930 3544 2999 adducta,
3608 2932 3723 2988 imo

2107 3025 2362 3096 impulsa,
2408 3023 2463 3076 in
2516 3020 2704 3076 medio
2744 3019 2957 3077 fervore
3013 3020 3192 3076 insani
3221 3029 3372 3076 estus
3396 3021 3512 3076 suis
3544 3023 3726 3094 presi-

2107 3115 2216 3170 diis
2263 3113 2598 3169 destituitur.
2654 3111 2954 3167 Solvuntur
3011 3111 3332 3178 retinacula,
3396 3121 3733 3183 rumpuntur

2106 3205 2288 3271 funes,
2319 3202 2611 3274 omnisque
2641 3211 2871 3256 conatus
2901 3200 3209 3255 frustratur.
3256 3199 3419 3254 Navis
3458 3202 3720 3272 precipiti

2108 3309 2271 3348 cursu
2322 3291 2550 3347 violenti
2591 3290 2771 3345 amnis
2820 3296 2995 3359 rapta,
3051 3303 3197 3343 nunc
3253 3303 3469 3343 sursum
3530 3289 3736 3360 ejecta,

2110 3380 2329 3437 nuncin
2363 3380 2472 3433 imo
2503 3377 2843 3449 precipitata,
2875 3376 3095 3430 tandem
3123 3375 3192 3430 ad
3227 3383 3455 3446 pontem
3476 3377 3573 3447 qui
3605 3394 3737 3448 pro-

2111 3476 2286 3531 ximus
2306 3480 2441 3541 erat,
2465 3472 2738 3528 undarum
2760 3470 3123 3526 concursione
3150 3477 3205 3526 et
3225 3470 3469 3525 violenta
3486 3486 3730 3527 concus-

2110 3568 2269 3623 sione
2295 3566 2575 3637 prepulsa,
2601 3564 2832 3637 impegit
2858 3562 2913 3616 in
2945 3567 3157 3633 postem
3183 3560 3400 3617 ﬁrmum
3425 3569 3483 3618 et
3508 3561 3730 3630 fortem,

2114 3656 2561 3730 quisustentabat
2580 3662 2834 3726 pontem;
2864 3669 3031 3725 quem
3049 3653 3580 3728 pontemconfregit,
3612 3655 3729 3727 ipsa

2115 3748 2327 3804 nullum
2373 3744 2723 3816 dispendium
2777 3758 2936 3814 passa
2992 3742 3167 3798 libero
3226 3748 3280 3798 et
3335 3758 3534 3799 securo
3564 3760 3727 3800 cursu

2118 3834 2454 3908 pertransiit.
2497 3832 2637 3898 Quid
2667 3832 2736 3887 ad
2776 3833 2881 3887 hoc
2930 3830 3223 3886 dicemus?
3260 3831 3511 3907 largitori
3553 3832 3734 3889 bono-

2119 3945 2238 3985 rum
2286 3927 2533 3983 omnium
2586 3925 2791 4000 gratias
2847 3939 3092 3998 agamus.
3149 3924 3330 3993 (Ibid)
3386 3924 3718 3981 Godefridus

2112 4023 2321 4095 junior,
2378 4022 2488 4075 dux
2551 4018 2935 4091 Lotharingiae,
2992 4015 3160 4072 ﬁliam
3220 4017 3461 4074 Heinrici
3517 4021 3737 4075 comitis

2117 4116 2542 4192 Lemburgensis
2580 4115 2637 4169 in
2677 4114 2934 4188 conjugio
2965 4113 3192 4169 sortitus
3239 4119 3363 4178 est;
3428 4130 3531 4185 per
3592 4116 3736 4187 quod

2116 4212 2337 4268 tandem
2395 4208 2561 4263 rebus
2588 4206 2848 4262 omnibus
2881 4220 3015 4276 pace
3054 4203 3399 4275 compositis,
3448 4207 3731 4263 contentio

2116 4306 2282 4378 longo
2314 4309 2564 4372 tempore
2596 4305 2890 4370 protracta,
2943 4313 3007 4351 ea
3054 4296 3378 4351 conditione
3443 4295 3597 4352 ﬁnita
3636 4306 3732 4358 est.

2117 4401 2177 4449 ut
2207 4388 2535 4447 Godefridus
2571 4386 2957 4443 conﬁrmatum
2997 4385 3100 4439 sibi
3148 4384 3435 4450 ducatum,
3478 4386 3599 4440 sine
3629 4388 3733 4442 ulla

402 4467 705 4536 jectionem
754 4480 1060 4551 compulit;
1096 4483 1359 4540 Romanis
1400 4467 2015 4559 principibus—manda-
2040 4471 2572 4544 Dcontradictione,
2614 4476 2957 4532 advocatiam
2990 4476 3163 4532 sancti
3212 4476 3511 4544 Trudonis,
3545 4479 3736 4533 castel-

411 4562 507 4629 vit,
537 4571 596 4619 ut
621 4580 745 4622 eum
778 4586 903 4626 cum
935 4590 1070 4644 pace
1100 4576 1466 4648 susciperent,
1522 4585 1576 4633 et
1619 4577 2022 4648 subjectionem

413 4668 524 4710 non
550 4670 833 4733 negarent.
867 4666 1023 4730 Quod
1060 4667 1139 4723 illi
1168 4670 1404 4740 pecunie
1444 4671 1718 4726 inhiantes
1744 4678 2024 4725 contuma-

414 4748 552 4804 citer
574 4765 938 4824 rennuerunt,
970 4758 1245 4828 dicentes,
1291 4759 1440 4832 quod
1471 4760 1577 4816 nisi
1616 4761 1685 4815 ad
1733 4776 1869 4831 quas
1907 4758 2024 4815 vel-

416 4840 531 4896 lent
555 4845 903 4904 conditiones
928 4850 1329 4923 acquiesceret,
1386 4854 1537 4925 ipsos
1582 4869 1694 4909 non
1722 4853 2021 4922 subjectos,

411 4935 512 4988 sed
537 4934 722 4992 hostes
758 4941 1006 4997 sentiret.
1050 4943 1351 5015 Imperator
1378 4961 1599 5017 semper
1643 4961 1832 5002 eorum
1877 4946 2026 5001 inex-

416 5027 621 5099 pletam
666 5034 956 5097 avariciam
1011 5053 1298 5110 reSpuens,
1330 5039 1557 5095 Romam
1602 5044 1809 5093 armata
1857 5054 2024 5094 manu

415 5119 758 5193 ingreditur;
808 5140 1004 5196 papam
1063 5126 1359 5184 Adrianum
1422 5130 1659 5184 amicum
1717 5135 1773 5182 et
1833 5136 2022 5198 aptum

418 5216 527 5270 sibi
558 5214 870 5287 inveniens,
904 5221 960 5274 in
987 5222 1219 5277 ecclesia
1249 5224 1421 5280 sancti
1460 5223 1609 5279 Petri
1640 5221 2033 5278 benedictione

420 5309 777 5369 conﬁrmatur
827 5321 883 5370 et
930 5322 1242 5372 coronatur.
1292 5318 1510 5374 Interim
1571 5317 1843 5372 exercitus
1887 5319 2028 5385 ejus,

2126 4578 2236 4632 lum
2281 4572 2433 4628 Rede
2480 4570 2750 4636 obtineat,
2796 4575 2959 4640 atque
3013 4567 3285 4634 omnium,
3340 4584 3454 4639 que
3495 4569 3738 4639 possidet

2126 4670 2268 4725 idem
2301 4681 2510 4729 comes,
2542 4670 2666 4735 post
2704 4663 2990 4718 decessum
3048 4660 3168 4730 ejus
3208 4661 3569 4717 medietatem
3601 4662 3736 4718 acci-

2127 4761 2305 4833 piens,
2329 4754 2659 4813 hereditario
2682 4753 2809 4822 jure
2843 4767 3130 4808 successor
3179 4750 3291 4808 ﬁat.
3336 4754 3613 4811 Arnoldus
3644 4756 3741 4811 he-

2127 4850 2330 4908 reticus
2355 4853 2409 4902 et
2438 4843 2781 4901 scismaticus
2811 4842 2881 4896 de
2947 4840 3142 4896 Brixia.
3197 4841 3513 4913 discipulus
3572 4844 3742 4917 magi-

2125 4938 2220 4993 stri
2248 4937 2391 4992 Petri
2418 4934 2682 4999 Abailart,
2713 4949 2745 4987 a
2783 4931 3030 5004 quinque
3060 4931 3392 5001 apostolicis
3423 4948 3737 4989 excommu-

2128 5031 2366 5085 nicatur:
2398 5027 2619 5082 tandem
2642 5025 2744 5079 sub
2795 5023 3031 5078 Adriano
3084 5039 3227 5094 papa
3268 5023 3474 5095 laqueo
3506 5039 3738 5096 suspen-

2128 5122 2294 5187 ditur,
2340 5134 2539 5190 corpus
2568 5118 2690 5186 ejus
2719 5116 2848 5189 igne
2878 5122 3154 5170 crematur
3179 5120 3235 5169 et
3279 5115 3558 5171 combusti
3589 5115 3740 5169 cine-

2138 5228 2223 5267 res
2252 5210 2308 5265 in
2333 5207 2569 5265 Tiberim
2598 5204 2983 5277 projiciuntur.

1771 5426 1988 5482 VARUE
2022 5426 2390 5483 LECTIONES.

491 5527 561 5561 ⁸⁸⁸
586 5541 683 5582 sea:
718 5531 931 5599 priores
963 5529 1125 5599 hujus
1150 5535 1294 5587 cocis
1341 5535 1549 5587 litteras
1577 5535 1636 5585 in
1665 5532 1843 5587 codice
1868 5534 2035 5587 erasit
2072 5533 2327 5591 Mirans;
2372 5528 2710 5581 restituimus
2739 5539 2826 5578 cas
2871 5539 2936 5576 ea:
2978 5520 3257 5586 Alberz'co,
3294 5522 3449 5592 cujus
3480 5521 3745 5575 lectionem

1979 5671 2184 5728 ΝΟΤᾹΞ.

418 5598 730 5669 conjectura
767 5604 1040 5655 assecutus
1065 5606 1180 5655 erat
1220 5604 1278 5657 V.
1314 5607 1378 5658 D.
1404 5604 1527 5659 Car.
1564 5605 1871 5670 Grotefend.

499 5740 643 5813 (395)
667 5741 810 5799 Obiit
841 5758 891 5796 a.
923 5741 1079 5795 uso.
