3876 6208
122 349 207 405 289

183 467 323 522 1156.
464 466 529 520 R.
566 468 622 519 4.
752 465 806 521 F.
844 464 934 519 20.
1048 466 1107 519 Α;
1138 466 1193 518 2.
1307 465 1366 519 II.
1409 465 1488 518 12.

181 553 490 612 Fredcricus
523 556 825 626 imperator
866 553 1077 624 judicio
1121 560 1174 608 et
1222 553 1454 608 consilio
1487 552 1702 623 episco-

123 664 293 721 porum
316 655 370 704 et
395 647 869 717 archiepiscorum
923 646 1111 700 relicta
1168 662 1336 700 uxore
1402 661 1520 713 sua,
1552 643 1705 698 duxit

125 738 267 794 ﬁliam
289 738 505 794 comitis
530 735 1011 811 Burgundionum,
1064 736 1315 791 Reinaldi
1357 735 1601 800 nomine,
1635 735 1705 789 de

124 832 245 888 ultra
262 831 490 889 Saonam
525 849 540 896 ;
575 846 739 902 quam
765 836 989 899 patruus
1027 844 1157 883 suus
1179 827 1707 883 comesWilhelmus

126 932 224 980 arta
272 922 432 979 turris
468 922 723 979 custodia
777 920 870 974 diu
916 919 1155 974 clausam
1194 924 1468 987 tenuerat,
1500 925 1559 973 ut
1587 934 1705 974 eam

126 1014 354 1085 perderet
372 1020 426 1067 et
453 1012 820 1067 hereditatem
851 1012 971 1079 ejus
983 1009 1363 1065 fraudulenter
1386 1010 1706 1080 preriperet;

128 1103 207 1157 sed
234 1103 338 1157 Deo
368 1102 667 1155 miserante
697 1101 766 1154 de
807 1099 1063 1153 manibus
1094 1100 1217 1167 ejus
1255 1098 1507 1163 liberata,
1531 1100 1707 1169 impe-

131 1198 268 1251 ratori
295 1196 350 1250 in
379 1195 700 1266 conjugium
739 1194 995 1264 cepulata
1032 1199 1133 1247 est.
1190 1192 1479 1248 Heinricus
1519 1193 1711 1261 junior

130 1300 207 1338 rex
221 1284 532 1358 Anglorum,
561 1282 863 1338 exercitum
886 1282 1172 1351 copiosum
1217 1289 1273 1336 et
1302 1297 1560 1354 magnum
1579 1281 1711 1335 belli

130 1382 423 1446 apparatum
450 1389 619 1446 quem
639 1380 1001 1444 proposuerat
1025 1374 1228 1429 ducere
1278 1372 1334 1427 in
1375 1374 1711 1441 Hiberniam,

130 1475 181 1522 ut
200 1482 309 1521 eam
340 1482 441 1522 suo
472 1466 727 1522 dominio
778 1466 1118 1541 subjugaret,
1176 1464 1510 1537 fratremque
1553 1484 1713 1522 suum

133 1558 341 1613 consilio
385 1557 779 1628 episcOporum
841 1564 896 1612 et
946 1556 1327 1630 religiosorum
1374 1558 1613 1613 virorum
1637 1558 1713 1612 illi

1044 343 1387 399 CHBONICA.
1428 370 1497 381 —
1535 338 1913 395 AUCTARIUM
1954 334 2470 391 AFFLIGEMENSE.

3312 342 3420 400 290

1731 464 1779 531 Α
1804 458 1954 512 milia
1981 458 2048 511 de
2080 457 2194 511 suis
2222 458 2542 523 amiserant,
2601 473 2798 531 magna
2831 460 3090 516 instantia
3123 467 3177 515 et
3199 461 3423 518 fortitu'

1805 550 1936 603 dine
1968 554 2304 618 superatum,
2331 547 2523 617 positis
2552 548 2688 603 ineo
2718 549 2986 604 militibus
3003 552 3259 609 obtinuit.
3290 554 3422 608 Inde

1804 640 1950 695 circa
1992 640 2172 694 natale
2220 639 2434 693 Domini
2493 638 2837 693 Antiochiam
2892 642 3147 709 veniens,
3189 644 3298 699 duo
3336 662 3427 698 ca-

1804 733 1964 788 stella
1984 733 2193 787 Harenc
2209 739 2264 787 et
2292 733 2476 787 chie
2508 733 2819 804 acquisivit,
2851 734 3073 790 tertium
3113 736 3422 803 destruxit;

1806 833 1862 880 et
1889 840 2243 896 quocumque
2279 824 2540 895 princeps
2573 825 2747 895 ipsius
2778 826 3118 881 Raimundus
3146 827 3425 882 ineuriact

1807 916 2068 972 insolenti
2124 916 2434 971 temeritate
2489 916 2775 984 amiserat,
2835 917 3023 973 Turcis
3084 919 3426 974 irruentibus

1810 1027 1935 1065 cum
1966 1010 2201 1064 maxima
2228 1016 2381 1080 parte
2430 1012 2704 1066 exercitus
2756 1012 2839 1066 sui
2865 1012 3100 1078 occisus,
3144 1012 3264 1083 ipse
3295 1012 3433 1068 viri-

1812 1102 1937 1157 liter
1965 1118 2136 1176 agens
2159 1103 2523 1172 recuperavit.
2569 1102 2777 1157 Deinde
2820 1120 3144 1178 progressus
3200 1104 3256 1158 in
3283 1104 3430 1161 ulte-

1812 1193 1979 1259 riora,
2036 1192 2319 1247 Cesaream
2393 1192 2738 1264 Cappadocia
2817 1196 3058 1261 obsidet,
3131 1196 3424 1251 obsessam

1813 1289 2008 1351 quarto
2027 1280 2117 1335 die
2148 1281 2318 1351 cepit,
2351 1288 2405 1335 et
2435 1281 2564 1352 quia
2596 1282 2836 1336 retinere
2860 1297 2969 1336 non
2993 1283 3192 1353 potuit,
3223 1291 3420 1355 utpote

1814 1374 2075 1429 anostris
2130 1376 2294 1449 longe
2340 1376 2597 1445 positam,
2655 1376 2966 1442 dextruxit;
3002 1384 3056 1431 et
3112 1377 3194 1449 sic
3247 1378 3433 1433 omnia

1816 1480 2079 1535 prospere
2108 1481 2299 1538 agens,
2323 1466 2391 1519 ad
2418 1480 2547 1521 suos
2580 1466 2993 1522 Hierosolimam
3060 1483 3184 1523 cum
3228 1483 3430 1543 magna

1817 1556 1994 1629 gloria
2048 1562 2104 1610 et
2155 1556 2359 1630 gaudio
2408 1557 2830 1613 christianorum
2891 1574 3161 1625 reversus,
3224 1558 3432 1615 ibidem

136 1646 289 1701 insule
317 1662 501 1721 regem
534 1646 923 1713 censtitueret,
981 1646 1255 1701 convertit
1309 1654 1500 1702 contra
1531 1663 1716 1720 regem
1819 1644 2047 1700 biennio
2095 1655 2466 1702 commoratus
2518 1655 2620 1702 est.
2682 1648 2823 1703 Uxor
2863 1648 2981 1719 ejus
3009 1649 3272 1704 Bethanie
3300 1650 3436 1704 reli-

137 1732 435 1790 Francorum
459 1735 599 1797 :hac
635 1734 846 1789 scilicet
876 1734 946 1789 de
985 1750 1170 1802 causa,
1187 1734 1317 1805 quia
1346 1749 1569 1789 uxorem
1601 1735 1720 1803 ejus
1751 1803 1786 1806 _
1820 1732 2004 1806 gionis
2026 1732 2274 1788 habitum
2313 1734 2580 1803 suscepit.
2632 1734 3022 1790 Brandeburch
3054 1737 3340 1791 castellum
3383 1739 3437 1791 in

137 1822 194 1875 ab
251 1837 312 1877 eo
372 1823 621 1877 relictam
681 1822 737 1875 in
794 1803 1220 1877 matrimonium“
1258 1823 1511 1889 duxerat,
1568 1803 1967 1891 cujutherra
2024 1827 2343 1883 Sclavorum
2401 1837 2548 1884 trans
2609 1829 2812 1897 Albim,
2864 1845 2961 1900 per
3018 1832 3168 1901 quod
3216 1831 3437 1905 pagani,

138 1911 501 1980 patrimonium
562 1910 700 1965 satis
748 1926 1009 1986 magnum
1060 1918 1117 1965 et
1163 1912 1430 1982 amplum,
1464 1912 1722 1967 ducatum
1825 1916 2158 1972 christianos
2208 1917 2446 1988 graviter
2496 1917 2842 1992 afﬂigebant,
2898 1919 3149 1974 Albertus
3198 1920 3443 1976 marchio

138 1998 323 2053 scilicet
350 1998 647 2070 Aquitanie
676 2005 732 2053 et
782 1999 971 2053 omnia
1018 1999 1123 2069 ipsi
1181 1999 1546 2070 subjacentia,
1594 2016 1725 2075 rege
1827 2024 2016 2063 comes
2063 2009 2120 2063 in
2151 2009 2388 2064 Saxonia
2443 2010 2682 2075 obsedit,
2717 2011 2887 2081 cepit,
2939 2012 3249 2082 positisque
3288 2013 3345 2066 in
3377 2028 3444 2067 eo

142 2087 552 2150 contradicente,
611 2086 899 2157 possidere
952 2087 1346 2142 contendebat.
1389 2088 1522 2143 Inde
1545 2089 1729 2161 gravis
1829 2096 2097 2151 militibus
2126 2096 2348 2152 Sclavos
2380 2098 2709 2164 humiliavit,
2735 2116 2799 2153 ac
2838 2115 2937 2169 per
2967 2100 3069 2155 hoc
3112 2100 3445 2156 christianos

143 2189 189 2234 et
210 2180 356 2252 longa
370 2179 659 2235 contentio
685 2179 830 2233 inter
860 2194 959 2234 eos
987 2186 1175 2234 exorta
1201 2187 1306 2246 est,
1338 2182 1412 2234 ita
1441 2188 1500 2235 ut
1528 2181 1583 2235 in
1608 2196 1732 2250 par-
1833 2187 1972 2242 ﬁnes
1998 2188 2230 2243 multum
2259 2190 2523 2245 dilatavit.
2544 2190 3435 2262 Fredericusimperatorsecundo

145 2270 271 2326 tibus
287 2271 571 2344 utriusque
598 2272 757 2344 regni
794 2270 1117 2326 viderentur
1158 2271 1325 2326 urbes
1347 2272 1576 2340 destrui,
1602 2272 1731 2327 villc
1835 2279 1891 2333 in
1923 2281 2155 2348 Italiam,
2188 2281 2409 2351 plenius
2450 2298 2573 2337 eam
2619 2282 3034 2357 subjugaturus,
3068 2284 3238 2339 movit
3276 2300 3436 2339 exer-

147 2372 192 2417 et
213 2362 364 2433 cpida
409 2362 672 2429 cremari,
715 2361 1033 2426 homicidia,
1086 2362 1515 2433 depredationes
1544 2379 1726 2417 rerum
1832 2367 2000 2422 citum
2032 2385 2152 2423 cum
2196 2370 2337 2424 duce
2376 2371 2639 2426 Bohemie
2670 2379 2727 2426 et
2751 2372 2950 2427 ceteris
2983 2373 3138 2446 regni
3172 2372 3260 2427 sui
3290 2374 3444 2444 prin-

148 2454 368 2509 omninm
397 2453 676 2509 violenter
706 2452 844 2517 fieri,
864 2459 919 2507 et
946 2469 976 2507 a
1003 2452 1268 2524 Pyreneis
1286 2455 1570 2509 montibus
1585 2471 1729 2525 pene
1828 2458 2049 2529 cipibus
2091 2461 2257 2530 (397).
2318 2461 2619 2517 Cenobium
2673 2462 3092 2529 Gemblacensc,
3144 2465 3293 2535 quod
3324 2471 3450 2519 ante

150 2549 205 2602 ad
225 2547 350 2603 ﬁnes
370 2547 630 2603 Flandrie
659 2548 763 2603 hoc
791 2548 995 2603 malum
1035 2549 1190 2620 quasi
1222 2550 1395 2619 pestis
1408 2550 1731 2622 gravissima
1831 2564 2007 2604 annos
2036 2550 2254 2605 circiter
2270 2550 2340 2605 20
2371 2538 2697 2607 succensum
2736 2553 2876 2622 (398)
2906 2554 3004 2608 sed
3036 2553 3131 2607 Dei
3154 2554 3453 2610 clementia

153 2642 545 2700 intolerabiliter
568 2644 833 2718 grassari.
1833 2646 1888 2695 et
1945 2639 2220 2712 suffragiis
2274 2649 2587 2697 sanctorum
2656 2659 2888 2716 quorum
2929 2644 3165 2716 reliquie
3229 2646 3285 2698 in
3354 2646 3447 2699 illa

212 2734 351 2789 1157,
496 2734 532 2787 5
779 2734 866 2790 21.
1088 2736 1141 2791 3.
1358 2735 1446 2792 43,
1838 2731 2192 2787 continentur
2212 2732 2468 2801 ecclesia,
2505 2734 2665 2805 aquis
2713 2736 2781 2789 de
2826 2736 2982 2791 alveo
3009 2735 3175 2789 vicini
3206 2734 3449 2791 ﬂuminis

212 2826 567 2883 Theodericus
594 2841 785 2882 comes
811 2827 1085 2899 Flandrie,
1105 2829 1219 2898 jam
1249 2830 1410 2885 tertio
1459 2830 1738 2901 profectus
1838 2822 2069 2878 elevatis
2096 2829 2150 2877 et
2180 2824 2515 2879 monasterio
2554 2823 2865 2895 superfusis
2898 2826 3243 2891 restinctum,
3274 2827 3443 2881 modo

158 2932 261 2972 cum
289 2918 615 2990 quibusdam
664 2919 1010 2991 principibus
1051 2926 1196 2976 terre
1222 2936 1344 2987 sue,
1385 2920 1549 2977 ducta
1574 2923 1738 2977 etiam
1840 2913 1934 2968 tali
1986 2914 2226 2985 presidio
2280 2914 2622 2983 destitutum,
2666 2918 2885 2973 occulto
2924 2917 3019 2972 Dei
3062 2918 3275 2988 judicio
3333 2934 3456 2973 cum

158 3023 301 3063 uxore
319 3025 415 3064 sua
466 3010 587 3067 zelo
632 3010 725 3083 pio
775 3011 1087 3068 devotionis
1134 3028 1386 3080 accensa,
1439 3029 1562 3068 cum
1596 3031 1739 3085 qua-
1842 3006 2148 3062 claustroet
2171 3006 2371 3062 ceteris
2390 3005 2630 3063 ofﬁcinis
2685 3015 2912 3079 totoque
2961 3008 3170 3080 Oppido
3228 3010 3456 3065 combu-

159 3097 435 3175 dringentis
458 3100 739 3156 militibus
768 3108 823 3156 et
846 3101 1070 3172 copioso
1102 3100 1237 3156 belli
1271 3111 1534 3173 apparatu
1553 3102 1746 3158 Hiero-
1779 3165 1817 3175 Α
1844 3105 1986 3154 stum
2009 3105 2111 3155 est.

161 3165 402 3255 solidiam,
435 3189 729 3259 Philippus
766 3165 931 3243 filius-
949 3189 1070 3257 ejus
1099 3165 1417 3246 comitatum
1456 3191 1743 3261 suscepit;
1770 3165 1820 3234 Ο
1922 3188 2075 3243 1158.
2279 3190 2331 3244 6.

162 3295 301 3349 quem
318 3281 553 3349 justicia,
578 3280 843 3336 fortitudo
873 3286 927 3335 et
956 3280 1261 3335 liberalitas
1293 3281 1554 3336 omnibus
1581 3282 1745 3338 bonis
1915 3277 2207 3335 Frederico
2240 3279 2569 3350 imperatore
2614 3282 2672 3337 in
2702 3281 2858 3337 Italia
2898 3281 3097 3352 posito,
3138 3282 3455 3339 civitatibus

165 3368 466 3428 laudabilem
500 3371 865 3428 etamabilem
922 3370 1070 3427 fecit.
1130 3373 1302 3437 Quam
1343 3372 1487 3443 (396)
1517 3389 1583 3427 ea
1604 3381 1746 3429 tem-
1846 3377 1903 3426 et
1946 3373 2174 3428 urbibus
2236 3374 2496 3442 subactis,
2552 3375 2746 3441 duces,
2796 3376 3026 3431 comites
3075 3383 3130 3431 et
3191 3376 3471 3448 principes

168 3471 351 3531 pestate
373 3464 426 3518 in
457 3471 613 3519 tanta
640 3464 1056 3534 perturbatione
1076 3472 1131 3520 et
1173 3465 1563 3536 desperatione
1592 3467 1748 3522 inve-
1850 3470 1995 3518 terre
2026 3464 2096 3518 ad
2130 3470 2255 3520 eum
2292 3467 2488 3536 partim
2541 3468 2738 3523 timore
2783 3467 2980 3538 partim
3021 3484 3210 3523 amore
3258 3483 3461 3524 conve-

2516 3191 2606 3246 22.
2816 3192 2872 3247 4.
3090 3193 3178 3246 14.

169 3552 252 3621 nit,
299 3563 356 3610 ut
403 3557 519 3627 jam
574 3556 835 3611 timerent
875 3571 934 3611 se
981 3554 1186 3611 finibus
1215 3556 1330 3611 suis
1375 3557 1597 3628 expelli,
1630 3557 1751 3613 loca

168 3653 332 3700 sancta
354 3646 618 3718 gentibus
635 3646 1058 3717 prephananda,
1080 3652 1360 3718 totamque
1396 3653 1597 3702 terram
1630 3663 1754 3719 pos-

171 3736 429 3793 sidendam
458 3738 727 3810 relinqui.
760 3738 1000 3794 Noradin
1032 3739 1201 3807 enim,
1258 3740 1545 3814 Sanguinii
1582 3740 1749 3803 filius.

172 3832 309 3895 rupto
338 3827 485 3898 pacis
516 3826 732 3881 {cedere
774 3828 952 3897 primo
996 3828 1309 3898 improvisis
1334 3830 1751 3900 superveniens,

171 3917 238 3971 eis
269 3935 596 3993 congressus
625 3920 923 3990 superavit.
959 3920 1213 3977 Secundo
1244 3922 1299 3976 in
1329 3922 1517 3993 vigilia
1559 3930 1753 3993 pente-

168 4013 323 4062 costes
340 4008 734 4084 congrediens,
768 4007 881 4063 fere
942 4015 1228 4064 sexcentos
1260 4008 1315 4063 in
1342 4010 1591 4065 exercitu
1625 4025 1752 4080 pro-

171 4096 327 4165 batos,
358 4100 629 4171 quosdam
658 4100 870 4170 templi,
896 4101 1165 4171 quosdam
1190 4101 1336 4174 regis
1351 4101 1554 4156 milites
1583 4101 1751 4171 cepit,

173 4188 366 4251 occidit,
401 4205 593 4265 regem
625 4189 715 4243 vix
760 4187 888 4263 fuga
943 4190 1190 4259 elapsum
1220 4195 1544 4261 ceterosque
1569 4190 1626 4244 in
1665 4207 1761 4245 ca-

177 4282 323 4331 strum
344 4278 568 4334 Belinas
630 4277 868 4348 impulit,
922 4283 1255 4349 terramque,
1285 4293 1462 4349 usque
1490 4278 1764 4333 maritima

177 4361 311 4416 nullo
332 4365 623 4419 resistente
645 4363 1029 4438 pregrediens,
1060 4365 1228 4419 multa
1258 4380 1323 4420 ex
1344 4366 1480 4420 cede
1511 4366 1742 4420 vastavit

1852 3559 2071 3618 nerunt,
2105 3552 2346 3607 debitam
2375 3554 2425 3608 ei
2482 3554 2885 3626 subjectienem
2929 3562 2983 3611 et
3030 3555 3393 3611 reverentiam
3417 3556 3470 3610 ei

1854 3643 2224 3699 exhibuerunt
2254 3645 2420 3715 (Aug.
2451 3646 2528 3713 6)
2555 3645 2803 3717 exceptis
2818 3643 3345 3714 Mediolanensibus,
3370 3646 3465 3718 qui

1853 3734 1993 3788 sicut
2019 3734 2513 3806 predecessoribus
2561 3736 2704 3805 ejus,
2752 3735 2957 3805 itaipsi
2986 3752 3209 3808 quoque
3232 3737 3473 3792 rebelles

1856 3825 2167 3881 extiterunt.
2224 3826 2345 3897 Ipse
2399 3826 2609 3896 absque
2674 3824 2785 3878 ulla
2832 3823 3096 3880 dilatione
3174 3842 3273 3881 sua
3337 3842 3474 3882 usus

1855 3915 2183 3982 constantia,
2212 3915 2492 3972 civitatem
2550 3913 2789 3980 obsedit,
2822 3922 2878 3969 et
2952 3914 3204 3985 quamvis
3232 3915 3465 3970 interius

1855 4004 2143 4070 haberent,
2191 4011 2251 4060 ut
2290 4004 2509 4072 dicitur,
2562 4002 2632 4060 60
2681 4001 2835 4057 milia
2900 4008 3255 4070 armatorum,
3288 4003 3468 4073 primo

1860 4103 2048 4152 tamen
2078 4106 2132 4153 et
2154 4097 2401 4152 secundo
2431 4110 2738 4171 congressu
2760 4093 2930 4149 multa
2958 4100 3138 4167 strage
3162 4093 3481 4151 humiliatos

1863 4186 1931 4240 ad
1959 4185 2303 4241 deditionem
2359 4184 2647 4255 compulit,
2693 4192 2753 4238 ut
2815 4183 2922 4237 200
2979 4182 3049 4237 de
3112 4181 3482 4237 nobilioribus

1864 4277 2101 4333 civitatis
2122 4278 2274 4348 pacis
2309 4276 2536 4333 obsides
2565 4277 2785 4342 darent,
2814 4281 2869 4330 et
2899 4289 3306 4346 quamcumque
3345 4285 3481 4328 con-

1864 4372 2130 4428 ditionem
2169 4372 2273 4427 sibi
2298 4371 2367 4427 ab
2399 4385 2465 4426 eo
2497 4369 2807 4441 impositam
2873 4369 3239 4439 susciperent.
3273 4366 3485 4432 Quibus

180 4452 230 4506 In
256 4464 393 4512 tanto
423 4458 624 4513 timore
656 4457 865 4528 positos
892 4458 1158 4514 Dominus
1210 4458 1430 4527 adjutor
1460 4459 1515 4513 in
1537 4466 1763 4531 eporlu-
1788 4449 1846 4519 D
1867 4460 2108 4532 acceptis
2158 4467 2214 4515 et
2269 4458 2683 4515 conditionibus
2740 4466 3082 4514 sacramento
3144 4454 3485 4512 conﬁrmatis

179 4538 445 4614 nitatibus,
475 4544 534 4598 in
568 4544 943 4611 tribulatione,
972 4562 1073 4616 per
1092 4546 1350 4601 comitem
1389 4548 1767 4618 supradictum

180 4631 269 4688 hoc
288 4636 447 4691 modo
476 4636 795 4692 consolatus
825 4642 926 4691 est.
945 4638 1066 4708 Ipse
1121 4653 1364 4709 namque
1408 4639 1504 4693 Dei
1529 4639 1770 4695 confisus

181 4724 450 4795 adjutorio,
482 4737 541 4784 et
567 4735 755 4783 sancte
809 4730 989 4783 crucis
1029 4745 1159 4801 que,
1201 4731 1258 4785 in
1288 4731 1528 4787 exercitu
1548 4731 1767 4788 fereba-

182 4822 275 4883 tur,
304 4820 546 4875 munitus
574 4818 879 4892 signaculo,
912 4818 1170 4888 adjuncto
1200 4819 1308 4874 sibi
1334 4836 1465 4895 rege
1506 4821 1768 4878 audacter

183 4920 512 4982 congressus,
544 4910 782 4966 Noradin
828 4926 951 4966 cum
991 4911 1110 4966 suis
1149 4913 1445 4983 superavit,
1479 4921 1768 4983 superatos

184 4992 490 5067 humiliavit,
523 4998 841 5054 humiliatos
867 4999 935 5053 ad
958 5015 1149 5069 pacem
1171 5001 1506 5071 poscendam
1537 5018 1766 5074 compu-

183 5080 252 5137 lit.
279 5086 589 5153 Castellum,
657 5087 804 5158 quod
862 5086 1033 5143 Cavea
1091 5088 1314 5155 dicitur,
1344 5091 1554 5146 nostris
1606 5093 1766 5148 valde

185 5169 440 5244 infestum,
465 5176 673 5249 quippe
693 5176 787 5247 qui
820 5192 921 5248 per
950 5177 1087 5233 illud
1115 5178 1255 5233 intra
1284 5180 1316 5233 7
1350 5196 1525 5237 annos
1554 5181 1667 5238 fere
1698 5183 1767 5239 15

1869 4554 2032 4625 (Sept.
2082 4552 2137 4621 8)
2183 4552 2338 4623 quasi
2399 4566 2648 4617 securus,
2714 4550 3017 4606 exercitum
3075 4548 3345 4619 quosdam
3414 4548 3472 4602 in

1869 4639 2113 4711 prepria,
2146 4637 2415 4711 quosdam
2449 4637 2505 4692 in
2538 4636 2775 4693 hiberna
2814 4636 3022 4691 dimisit
3052 4655 3068 4701 ;
3101 4635 3223 4707 ipse
3253 4636 3309 4690 in
3329 4635 3486 4691 Italia

1868 4747 1927 4787 se
1951 4732 2219 4799 retinens,
2250 4733 2374 4803 pius
2399 4739 2454 4788 et
2487 4731 2669 4801 justus
2697 4730 2766 4786 ab
2797 4729 3056 4785 omnibus
3093 4728 3491 4800 appellatus,et
3544 4792 3559 4805 ,

1869 4823 2149 4879 secundus
2179 4830 2301 4894 post
2348 4822 2604 4878 Karolum
2658 4822 2913 4897 Magnum
2954 4818 3169 4889 justitia
3194 4818 3483 4891 etpietate

1869 4919 1953 4968 est
1981 4912 2224 4967 habitus.
2254 4911 2478 4967 Interim
2507 4917 2691 4966 tamen
2734 4925 2832 4965 sua
2852 4909 2975 4965 ocia
3013 4908 3121 4980 piis
3152 4908 3234 4963 rei
3262 4907 3487 4980 publice

1869 5016 2180 5076 perornans
2209 5001 2475 5074 negociis,
2534 5000 2773 5056 Laudam
2841 4998 3142 5063 civitatem,
3169 5013 3335 5069 quam
3361 4997 3478 5052 Me-

1866 5092 2223 5147 diolanenses
2251 5089 2654 5158 destruxerant,
2699 5088 2756 5142 in
2786 5086 2972 5142 tutiori
3008 5085 3129 5141 loco
3158 5085 3478 5141 translatam

1865 5183 2143 5241 restruxit.
2175 5181 2394 5237 Cumam
2452 5195 2695 5253 quoque,
2739 5196 2903 5251 quam
2936 5178 3082 5233 idem
3108 5177 3207 5232 Dei
3227 5183 3282 5233 et
3305 5177 3373 5213 “9
3400 5176 3489 5233 sui

1507 5290 1732 5348 VARIA'Z
1771 5292 2145 5351 LECTIONES.

250 5384 312 5466 ﬁ"
336 5386 428 5466 Dei
458 5394 513 5447 et
535 5393 701 5447 erasit
754 5388 993 5460 Hircus,
1053 5398 1114 5449 ut
1138 5393 1374 5463 videtur,
1434 5400 1528 5466 qui
1581 5398 1769 5455 laudes
1822 5399 2089 5455 Friderict'
2138 5400 2188 5451 et
2225 5399 2285 5450 in
2348 5395 2525 5452 codice
2554 5394 2728 5449 delere
2747 5392 3001 5456 studuit;
3042 5389 3376 5445 restituimus
3411 5398 3485 5441 ea:

1723 5539 1763 5594 Ν
1771 5538 1931 5596 ΟΤᾹΞ.

190 5455 419 5516 Alberico

258 5626 395 5708 (§9§(
424 5631 857 5708 Ilierosolymam
889 5633 1101 5695 scilicet

259 5700 395 5771 1397i
423 5706 529 5778 Hoc
570 5700 775 5763 factum
835 5709 1055 5763 demum
1086 5708 1246 5776 1158,
1312 5725 1502 5765 mense
1563 5711 1724 5767 Iunio
1759 5729 1772 5778 ;

198 5781 326 5826 anno
370 5776 510 5832 enim
555 5778 694 5833 1157
726 5778 1025 5849 imperator
1057 5781 1200 5836 ultra
1239 5782 1605 5855 Burgundiam
1673 5776 1783 5838 non

1888 5638 2175 5711 processit.

1956 5711 2098 5781 (398)
2127 5711 2186 5763 A.
2220 5707 2378 5762 1136.
