3876 6208
393 346 492 400 291

395 470 733 536 hostespene
764 462 1166 523 destruxerant,
1205 455 1488 510 renovavit
1519 461 1571 508 et
1603 455 1852 509 munivit.

463 559 622 613 1159.
699 554 858 609 11.7.
973 551 1029 605 Ρ.
1069 550 1158 604 25.
1272 550 1330 603 Λ.
1372 549 1420 601 ὕ.
1540 546 1596 601 Η.
1645 547 1729 600 15.

463 652 632 718 (Sept.
674 648 698 700 1
740 648 754 713 )
800 643 1070 699 Adrianus
1126 657 1268 710 papa
1310 640 1456 693 diem
1490 639 1743 693 ultimum
1772 638 1994 692 claudit.

393 742 672 797 Rolandus
697 737 1064 794 cancellarius
1111 742 1164 788 et
1204 733 1530 788 Octavianus
1564 732 1851 802 presbyter
1880 748 1997 786 car-

390 834 590 888 dinalis
619 833 902 902 depapatu
953 827 1316 883 contendunt.
1363 825 1574 878 Bellum
1613 823 1994 896 gravissimum

389 932 570 979 ortum
629 933 748 978 erat
813 929 938 975 ante
987 935 1162 973 annos
1201 917 1417 971 circiter
1475 915 1546 970 20
1600 915 1747 970 inter
1800 915 1994 969 ducem

393 1012 613 1068 Lovanii
641 1009 997 1065 Godefridum
1023 1006 1321 1074 juniorem,
1379 1011 1432 1058 et
1458 1004 1753 1057 Walterum
1787 1018 1998 1075 cogno-

390 1109 576 1156 mento
599 1099 818 1154 Bertold
880 1097 1022 1150 Puer
1061 1094 1284 1165 quidem
1335 1091 1664 1147 Godefridus
1717 1091 1895 1144 adhuc
1945 1091 2000 1143 in

389 1194 546 1247 cunis
570 1191 786 1259 jacebat
814 1208 828 1253 ;
854 1188 1011 1242 turba
1061 1195 1240 1241 autem
1300 1182 1998 1253 seditiosorumutriusque

394 1285 778 1355 partispacem
810 1279 1087 1334 turbabat.
1138 1277 1294 1331 Unde
1325 1291 1584 1346 magnum
1627 1273 1830 1328 malum
1870 1289 2000 1343 pro-

385 1376 566 1439 cessit,
600 1382 654 1429 et
680 1373 834 1444 quasi
867 1371 1142 1443 quoddam
1165 1368 1694 1442 contagiumterram
1712 1365 1998 1436 utriusque

389 1466 604 1521 invasit.
637 1464 884 1537 Agricole
906 1463 1052 1517 enim
1082 1461 1247 1516 bonis
1277 1461 1392 1514 suis
1438 1458 1678 1529 spoliati,
1725 1456 1912 1511 miseri
1945 1461 2000 1509 et

385 1557 602 1611 exsules
641 1557 709 1610 de
738 1554 940 1609 ﬁnibus
995 1554 1111 1608 suis
1141 1561 1270 1607 sunt
1318 1550 1524 1622 egressi
1561 1568 1575 1614 ;
1609 1555 1753 1603 terra
1779 1549 1997 1603 deserta

386 1645 787 1700 habitatoribus
818 1643 1020 1698 inculta
1080 1641 1359 1696 remansit.
1427 1641 1545 1694 Erat
1574 1656 1803 1695 cernere
1832 1641 1998 1694 mise-

387 1735 544 1799 riam,
574 1732 853 1797 incendia,
875 1729 1194 1795 homicidia,
1240 1745 1417 1783 rerum
1446 1729 1690 1783 omnium
1720 1728 1996 1798 depreda-
2019 1770 2070 1840 Β

389 1825 422 1840 ,ι
518 1839 524 1840 ,
632 1823 858 1840 °-I,,-.A,.
893 1819 1006 1840 (2-..?
1075 1819 1184 1840 l‘-_-
1222 1835 1320 1840 μ-..
1363 1819 1629 1840 -.,,.--ΩΛ
1689 1819 1856 1840 J-_--
1892 1819 1992 1840 ι---

387 1825 566 1878 tiones
594 1823 861 1877 violenter
893 1819 1032 1885 ﬁeri,
1075 1819 1189 1874 fere
1222 1835 1321 1889 per
1359 1835 1533 1874 annos
1559 1819 1647 1886 ‘20,
1684 1819 1860 1873 donec
1892 1819 1996 1873 hoc

386 1929 533 1968 anno
553 1918 748 1983 quarto
787 1911 936 1964 bello
995 1910 1417 1982 Grinbergensis
1445 1910 1590 1978 (399)
1615 1911 1746 1964 urbs
1771 1910 1996 1980 antiqua

386 2001 493 2056 ruit
524 2001 690 2065 (VIRG.
725 2003 848 2054 En.
889 2017 944 2064 ιι,
965 1997 1110 2063 363),
1133 1998 1335 2053 multos
1359 1999 1638 2054 dominata
1671 2014 1768 2069 per
1796 2013 1993 2062 annos;

387 2096 732 2160 castrumque
796 2103 1052 2161 magnum
1111 2093 1166 2141 et
1212 2086 1479 2142 famosum
1560 2089 1709 2158 quod
1759 2090 1998 2142 humana

385 2184 584 2237 virtute
612 2183 696 2235 vix
729 2182 1126 2251 poterat,justo
1151 2180 1255 2234 Dei
1309 2181 1519 2249 judicio
1559 2183 1902 2237 combustum
1944 2192 1999 2237 et

382 2274 448 2328 ad
473 2273 840 2343 solumusque
869 2272 1111 2325 dirutum
1175 2280 1275 2326 est.
1321 2273 1528 2328 Accidit
1585 2273 1687 2327 hoc
1754 2273 1809 2326 in
1862 2272 1998 2329 festo

379 2368 552 2424 sancti
590 2368 840 2440 Remigii.
901 2368 1085 2438 Itaque
1134 2367 1283 2422 omni
1330 2368 1534 2422 auxilio
1594 2369 1909 2432 destitutus,
1967 2385 1997 2422 a

379 2464 580 2520 comite
623 2463 872 2517 Flandric
902 2461 1223 2527 derelictus,
1247 2461 1452 2516 cuisoli
1485 2461 1842 2527 innitebatur,
1871 2478 1994 2517 cum

381 2553 542 2615 duce,
575 2567 697 2607 sero
729 2558 937 2616 tamen,
976 2550 1030 2603 in
1082 2566 1271 2620 pacem
1334 2550 1514 2605 rediit.
1549 2550 1998 2605 Mcdiolanenses

379 2643 597 2699 violatis
636 2641 1002 2696 sacramentis
1040 2648 1300 2705 castrum,
1342 2641 1519 2712 inquo
1551 2641 1851 2711 imperator
1875 2642 1999 2696 the-

384 2752 577 2791 sauros
611 2751 741 2789 suos
768 2734 1122 2804 deposuerat,
1164 2731 1456 2797 invadunt,
1503 2731 1708 2791 milites
1737 2731 1998 2786 custodes

384 2823 595 2878 castelli
649 2823 892 2892 capiunt,
958 2821 1244 2875 thesauros
1303 2819 1592 2889 diripiunt,
1655 2819 1996 2890 ulteriusque

386 2913 832 2988 progredientes,
865 2912 1073 2966 amicos
1119 2912 1240 2980 ejus
1289 2919 1346 2965 et
1384 2910 1794 2966 confcederatos
1832 2910 2011 2979 impu-

1603 329 1943 384 SIGEBERTI
1993 328 2506 388 GEMBLACENSIS.

3620 307 3728 404 292

2015 457 2070 527 Α
2101 456 2203 510 bus
2227 457 2399 528 regni,
2424 466 2684 529 preterito
2705 477 2850 518 anno
2882 463 2950 517 ab
2995 464 3326 536 imperatore
3360 475 3445 524 ter
3474 479 3726 527 vocatus.

2099 544 2335 608 Quorum
2361 546 2598 601 adventu
2639 549 2846 619 Oppido
2877 550 3104 620 letatus,
3136 555 3368 612 consilio
3404 559 3723 630 principum

2099 635 2281 690 statim
2314 637 2533 693 obsedit
2563 655 2626 693 ex
2681 642 2832 695 omni
2876 652 3031 713 parte
3084 645 3478 716 Mediolanum,
3539 659 3595 705 et
3652 651 3727 706 ita

2098 728 2363 781 coartavit
2404 744 2519 795 eos,
2562 736 2619 784 ut
2681 747 2790 786 non
2851 734 3121 791 haberent
3181 748 3512 808 potestatem
3549 743 3728 798 libere

2098 821 2418 891 egrediendi
2469 823 2551 878 vel
2595 825 2968 898 ingrediendi,
3023 831 3246 885 emendi
3297 834 3384 888 vel
3415 837 3723 894 vendendi.

2101 907 2466 965 Timuitenim
2529 923 2753 984 propter
2811 921 3174 975 reverentiam
3223 923 3586 981 ecclesiarum
3642 946 3731 984 ar-

2103 1006 2244 1054 mata
2274 1018 2438 1057 manu
2475 1004 2728 1078 ingredi;
2771 1016 2826 1062 et
2849 1016 2906 1063 ut
2927 1019 3179 1080 parceret
3211 1014 3506 1082 militibus,
3540 1020 3636 1090 qui
3669 1022 3723 1074 in

2102 1097 2818 1168 congressione,utassolet
2845 1100 2987 1170 ﬁeri,
3033 1105 3212 1161 occidi
3243 1118 3488 1178 possent,
3527 1114 3724 1167 maluit

2102 1184 2245 1238 fame
2263 1185 2532 1240 cruciatos
2561 1187 2628 1240 ad
2658 1188 2996 1246 deditionem
3029 1195 3307 1264 compelli.
3342 1198 3467 1268 Ipse
3502 1200 3730 1255 interim

2100 1273 2304 1327 cotidie
2332 1275 2656 1329 elemosinis
2701 1294 3004 1348 pauperum
3063 1282 3392 1350 insistebat;
3449 1288 3728 1344 decimam

2101 1372 2308 1434 partem
2341 1367 2586 1421 omnium
2632 1369 2908 1425 redituum
2947 1388 3169 1428 suorum
3214 1379 3558 1447 pauperibus
3600 1397 3730 1437 ero-

2099 1457 2280 1529 gabat,
2341 1457 2601 1512 cstimans
2656 1475 2715 1513 se
2769 1461 2967 1517 melius
3020 1464 3345 1521 elemosinis
3405 1485 3726 1540 pauperum

2098 1564 2262 1619 quam
2303 1549 2470 1602 armis
2524 1550 2756 1605 militum
2800 1569 2960 1622 posse
3011 1556 3250 1614 vincere.
3312 1561 3432 1629 Ipse
3475 1561 3604 1630 pius
3675 1572 3733 1618 et

2099 1636 2333 1691 dilectus
2367 1639 2624 1693 omnibus
2669 1640 2884 1695 habitus
2932 1651 3037 1707 est,
3092 1652 3151 1700 ut
3204 1646 3372 1702 duces
3410 1656 3467 1703 et
3498 1652 3734 1706 comites

2097 1727 2371 1780 Guillelmi
2406 1728 2551 1801 regis
2582 1729 2768 1784 Sicilie
2797 1732 3087 1788 dominum
3127 1751 3288 1790 suum
3321 1739 3653 1795 desererent
3679 1753 3731 1796 et

2097 1819 2164 1873 ad
2219 1820 2398 1890 ipsum
2458 1836 2516 1874 se
2559 1822 2896 1879 conferrent.
2947 1826 3292 1884 Baldewinus
3340 1831 3575 1901 quintus
3635 1850 3728 1888 rex

2096 1908 2442 1963 .Iherusalem
2485 1910 2593 1964 vita
2644 1911 2886 1968 decessit
2916 1932 2930 1978 ;
2963 1917 3268 1973 Amalricus
3322 1917 3493 1975 frater
3523 1923 3650 1990 ejus
3680 1925 3730 1977 ei

2097 2001 2381 2056 successit.

2175 2088 2337 2144 H62.
2503 2091 2587 2145 10.
2762 2093 2853 2145 24.
3072 2095 3124 2150 8.
3347 2098 3439 2153 18.

2169 2177 2615 2234 Mediolanenses
2662 2180 2973 2249 obsidione,
3015 2181 3180 2250 fame,
3231 2185 3440 2256 inapia,
3485 2195 3544 2244 et
3574 2191 3725 2261 quod

2099 2278 2180 2326 est
2209 2273 2449 2343 gravius,
2483 2274 2756 2329 seditione
2779 2277 3030 2343 coartati,
3085 2293 3183 2347 per
3215 2278 3595 2337 internuntios
3626 2301 3730 2354 pe-

2099 2363 2307 2418 tuntab
2343 2364 2672 2434 imperatore
2731 2366 3162 2423 misericordiam
3198 2384 3211 2436 ;
3253 2378 3465 2426 tantum
3516 2381 3578 2427 ut
3609 2375 3726 2430 vita

2098 2452 2390 2517 donentur,
2414 2467 2633 2507 omnem
2681 2454 3057 2510 conditionem
3104 2458 3172 2511 ab
3228 2459 3353 2529 ipso
3377 2463 3728 2531 prapositam

2098 2543 2425 2612 promittunt
2471 2560 2528 2598 se
2583 2545 2877 2599 sustinere.
2942 2546 3202 2602 Kalendis
3274 2550 3460 2622 itaque
3520 2552 3728 2620 Martii,

2097 2648 2290 2688 omnes
2333 2649 2431 2704 per
2484 2642 2690 2689 turmas
2734 2651 2863 2690 suas
2922 2646 3144 2704 exeunt,
3200 2639 3355 2708 prius
3415 2643 3725 2714 principes,

2100 2732 2222 2795 post
2247 2740 2346 2779 eos
2378 2723 2663 2779 nobileset
2700 2725 2925 2793 milites,
2975 2727 3192 2801 gladios
3236 2733 3492 2788 manibus
3521 2742 3723 2790 tenen-

2109 2823 2212 2880 tes,
2242 2815 2398 2885 quasi
2426 2823 2612 2870 essent
2637 2817 2714 2870 rei
2747 2818 3047 2886 majestatis
3087 2822 3496 2892 etproditores,
3521 2827 3727 2883 deinde

2111 2903 2484 2974 promiscuum
2511 2903 2728 2977 vulgus,
2793 2904 3017 2962 funibus
3075 2908 3217 2963 colla
3247 2909 3462 2966 innexit
3508 2914 3564 2967 in
3603 2916 3724 2970 cili-

380 3005 718 3083 gnanthse
767 3003 872 3057 hoc
922 3002 1130 3067 audito,
1187 3001 1329 3056 ultra
1398 3019 1562 3073 quam
1624 3001 1772 3056 credi
1827 3002 2013 3072 potest
2111 2992 2234 3083 ciis,
2272 2991 2459 3083 cinere
2479 2992 2754 3083 capitibus
2791 2995 3031 3064 aspersis
3050 2997 3120 3051 ad
3161 2998 3334 3068 pedes
3375 3001 3724 3072 imperatoris

382 3095 682 3152 ammirans
709 3100 763 3146 et
783 3091 1089 3145 exhorrens
1147 3106 1336 3145 eorum
1399 3090 1709 3162 perﬁdiam,
1750 3091 1997 3147 decrevit
2021 3133 2072 3202 Ο

384 3185 475 3202 rs,‘
519 3193 560 3202 Α.
602 3198 746 3202 -_____-
782 3180 1034 3202 2_!_-_:-...
1087 3178 1151 3202 ,ΙΑ
1187 3179 1412 3202 ..-ευ-2....
1438 3178 1775 3202 εκίξλλιειηιε-
1809 3179 1988 3202 ..ΙΑι-ἷι-

384 3185 478 3238 Dei
510 3193 566 3236 et
597 3198 750 3235 suam
782 3180 1038 3248 injuriam
1084 3178 1154 3232 de
1183 3179 1414 3232 crimine
1438 3178 1778 3232 infidelitatis
1805 3179 1993 3235 debito

382 3272 590 3326 talione
648 3268 1057 3325 vindicandam.
1118 3268 1251 3333 (An.
1313 3267 1493 3335 1160.)
1553 3266 1777 3322 Obsedit
1809 3268 1994 3339 itaque

384 3359 684 3414 Criminum
709 3358 848 3428 (400)
879 3365 1114 3411 castrum
1156 3356 1288 3410 satis
1337 3355 1629 3417 munitum,
1661 3355 1716 3408 in
1747 3371 1857 3426 quo
1879 3363 1996 3410 erat

379 3448 615 3502 maxima
645 3445 847 3500 ﬁducia
874 3452 930 3499 et
973 3443 1232 3499 fortitudo
1277 3458 1490 3510 eorum,
1517 3443 1804 3498 obsessum
1847 3444 1995 3514 cepit

375 3543 524 3608 (Jan.
557 3539 670 3608 26),
701 3544 922 3608 captum
955 3536 1243 3603 destruxit,
1276 3534 1478 3590 milites
1499 3535 1662 3606 quiin
1685 3550 1752 3590 eo
1782 3535 1991 3590 inventi

370 3642 522 3698 sunt,
549 3635 656 3688 vita
687 3634 920 3688 donatos
949 3632 1100 3685 abire
1129 3631 1398 3702 permisit,
1432 3630 1529 3685 sed
1558 3639 1613 3686 et
1639 3645 1991 3702 quocumque

379 3721 871 3777 Mediolauensium
931 3725 1108 3786 erant,
1152 3720 1584 3790 circumquaque
1640 3719 1841 3775 vastari
1863 3735 1988 3790 pre-

380 3811 544 3883 cepit.

451 3904 609 3958 1160.
793 3901 846 3956 8.
1029 3900 1119 3956 24.
1303 3901 1356 3956 6.
1545 3901 1630 3955 16.

451 3992 738 4048 Heinricus
776 4007 870 4045 rex
899 3992 1194 4064 Anglorum
1245 3989 1412 4044 tiliam
1444 3990 1734 4061 Stephani,
1767 3997 1986 4061 neptem

377 4100 534 4140 suam
589 4083 1062 4138 sanctimonialem
1117 4088 1172 4136 et
1246 4082 1575 4137 abbatissam
1644 4082 1701 4135 in
1753 4081 1988 4138 claustro

376 4183 776 4241 consecratam,
807 4181 996 4229 contra
1025 4173 1104 4227 Ias
1133 4173 1318 4244 legum
1367 4173 1581 4228 Matheo
1623 4171 1740 4228 ﬁlio
1771 4173 1988 4229 comitis

374 4272 625 4327 Flandrie
657 4271 810 4326 dedit
839 4285 1086 4335 uxorem,
1118 4275 1177 4324 ut
1225 4283 1324 4339 per
1352 4285 1474 4323 eam
1502 4269 1818 4324 comitatum
1844 4269 1980 4324 reti-

372 4373 532 4418 neret
562 4360 967 4417 Boloniensem.
1005 4360 1065 4413 Et
1085 4359 1215 4431 quia
1263 4375 1467 4430 sponsa
1502 4360 1612 4415 Deo
1640 4360 1842 4426 dicata,
1870 4376 1980 4416 non

369 4466 632 4524 sponsum
691 4448 789 4504 sed
838 4447 1144 4503 adulteram
1201 4463 1415 4502 summo
1465 4447 1582 4519 regi
1635 4447 1977 4518 superduxit,

372 4542 518 4598 bella
551 4549 603 4596 et
623 4541 931 4597 seditiones
977 4538 1234 4594 inimicus
1261 4539 1405 4594 inter
1430 4545 1637 4610 patrem
1681 4546 1735 4594 et
1781 4538 1974 4605 ﬁlium,

1995 4495 2052 4563 D

2111 3080 2167 3134 in
2229 3080 2452 3135 modum
2486 3080 2663 3136 crucis
2714 3097 2775 3136 se
2836 3091 3209 3153 prosternunt.
3265 3088 3592 3159 Imperator,
3631 3094 3722 3164 qui

2097 3178 2462 3241 proposuerat
2499 3187 2596 3227 eos
2627 3172 2694 3226 ad
2725 3181 2991 3229 terrorem
3037 3175 3270 3232 aliorum
3321 3180 3558 3236 diversis
3581 3199 3719 3254 sup-

2095 3260 2277 3331 pliciis
2306 3261 2647 3324 interimere,
2701 3263 2810 3317 vita
2842 3264 3095 3328 donatos,
3155 3267 3434 3340 rebusque
3459 3287 3720 3327 necessa-

2095 3350 2207 3412 riis,
2258 3358 2523 3422 quantum
2557 3367 2746 3407 secum
2806 3354 2952 3409 ferre
2995 3365 3272 3426 poterant,
3301 3363 3605 3425 concessis,
3625 3379 3719 3434 per

2094 3445 2348 3518 regiones
2380 3446 2658 3516 dispersit,
2684 3447 2763 3502 ita
2798 3455 2858 3503 ut
2899 3465 3010 3505 non
3061 3452 3328 3509 haberent
3353 3455 3636 3513 licentiam
3665 3460 3716 3512 in

2092 3533 2366 3588 civitatem
2415 3535 2651 3605 amplius
2699 3538 3012 3593 revertendi
3066 3540 3314 3604 ;deinde
3367 3544 3540 3614 jussit
3589 3565 3716 3602 suos

2092 3625 2367 3682 civitatem
2398 3627 2638 3699 ingredi,
2671 3645 2878 3696 muros,
2939 3636 3139 3698 turres,
3192 3634 3302 3688 alta
3345 3643 3401 3691 et
3466 3641 3707 3708 superba

2091 3717 2305 3788 fastigia
2367 3729 2424 3773 et
2443 3718 2660 3773 ediﬁcia
2718 3721 2926 3776 destrui
2947 3752 3016 3762 —
3045 3723 3219 3778 tribus
3240 3732 3429 3781 tamen
3458 3731 3708 3800 pepercit

2089 3813 2364 3880 ecclesiis,
2409 3822 2597 3869 sancte
2642 3814 2826 3881 Marie,
2880 3817 3054 3871 sancti
3101 3817 3368 3885 Mauricii,
3421 3832 3477 3876 et
3529 3826 3702 3880 sancti

2089 3900 2383 3969 Ambrosii,
2411 3917 2534 3956 cum
2561 3902 2802 3958 ofﬁcinis
2824 3904 3172 3975 clericorum,
3197 3907 3542 3966 ofticialibus
3568 3912 3708 3984 ipso-

2090 4010 2230 4063 rum,
2283 3995 2540 4050 domibus
2569 4001 2624 4049 et
2667 3995 3068 4067 indempnitate
3119 4015 3301 4054 rerum
3353 4017 3623 4059 concessa
3651 4036 3700 4044 -—

2089 4083 2327 4137 erarium
2371 4083 2649 4153 publicum
2693 4084 2800 4138 sibi
2842 4088 3131 4141 reservari.
3178 4087 3513 4156 Placentini,
3545 4093 3703 4148 Bolo-

2087 4171 2329 4238 nienses,
2358 4172 2684 4241 Brixienses,
2746 4173 3252 4230 Mediolanensibus
3299 4187 3493 4234 contra
3522 4180 3700 4252 impe-

2087 4272 2320 4322 ratorem
2347 4266 2732 4335 confoederati,
2789 4270 3041 4339 exemplo
3081 4285 3273 4325 eorum
3316 4273 3518 4338 territi,
3557 4291 3702 4329 eam-

2084 4354 2209 4410 dem
2238 4355 2560 4410 humilitatis
2596 4355 3024 4424 subjectionem,
3061 4359 3216 4431 quasi
3275 4361 3354 4414 rei
3402 4362 3699 4430 majestatis

2081 4447 2338 4501 substrati
2369 4446 2719 4517 imperatoris
2748 4449 3002 4518 pedibus,
3059 4451 3433 4507 exhibuerunt
3485 4454 3689 4524 ipsius-

2077 4554 2185 4609 que
2209 4536 2553 4610 indulgentia
2603 4540 2822 4594 veniam
2871 4541 3250 4612 optinuerunt.
3311 4541 3506 4600 Fames
3569 4563 3694 4621 gra-

371 4635 517 4689 inter
544 4633 767 4688 fratrem
811 4640 865 4687 et
903 4632 1126 4687 fratrem
1175 4630 1468 4686 concitavit
1537 4631 1845 4687 Fridericus
1876 4632 1980 4685 im-
2078 4627 2304 4682 vissima
2348 4627 2403 4681 in
2447 4634 2658 4682 tantum
2707 4629 2996 4699 prevaluit,
3017 4637 3072 4684 ut
3100 4631 3318 4686 modius
3353 4633 3528 4689 tritici
3559 4652 3692 4690 ven-

373 4733 594 4797 perator
621 4741 744 4779 cum
794 4724 1027 4790 videret,
1073 4729 1298 4794 pr0pter
1338 4722 1664 4792 paucitatem
1706 4723 1979 4778 exercitus

371 4813 807 4869 Mediolanenses
859 4820 1051 4868 contra
1106 4829 1164 4867 se
1223 4812 1551 4868 insolentius
1596 4828 1781 4883 agere,
1836 4813 1984 4867 misit

370 4925 468 4980 per
506 4924 704 4963 omnes
726 4907 865 4962 ﬁnes
886 4909 1041 4981 regni
1067 4908 1173 4974 sui,
1201 4907 1527 4963 utvenirent
1551 4906 1602 4962 ei
1622 4907 1676 4961 in
1697 4907 1978 4974 auxilium,

371 5003 426 5052 et
467 4997 688 5067 juravit.
747 5012 808 5050 se
859 5011 969 5051 non
1034 5011 1377 5051 recessurum
1424 5012 1455 5050 a
1514 4997 1755 5063 civitate,
1806 4996 1986 5050 donec

374 5094 596 5157 caperet
661 5100 805 5140 eam.
859 5083 924 5138 Ut
970 5093 1153 5140 autem
1235 5085 1341 5140 hoc
1387 5083 1757 5152 juramentum
1809 5090 1984 5138 ratum

370 5185 642 5244 maneret,
689 5175 1030 5249 designavit,
1080 5177 1125 5230 si
1178 5176 1313 5232 forte
1341 5177 1452 5232 vita
1504 5176 1819 5241 decederet,
1847 5175 1988 5231 duos

383 5267 761 5338 imperatores,
815 5264 988 5318 ﬁlium
1045 5265 1276 5320 Conradi
1321 5264 1731 5335 predecessoris
1781 5266 1887 5333 sui,
1933 5273 1988 5321 et

379 5361 506 5426 post
529 5370 654 5409 eum
686 5352 999 5410 Heinricum
1031 5352 1226 5408 ducem
1257 5352 1511 5407 Saxonie.

447 5442 610 5497 1161.
757 5442 811 5497 9.
995 5442 1089 5495 25.
1271 5441 1326 5493 7.
1510 5440 1599 5495 17.

439 5537 788 5592 Convenerat
825 5533 1097 5589 exercitus
1134 5547 1367 5607 magnus
1405 5548 1470 5586 ex
1511 5531 1772 5588 omnibus
1811 5535 1987 5604 parti-

2080 4717 2387 4774 deretur40
2411 4724 2465 4772 et
2494 4733 2561 4774 eo
2584 4719 2821 4790 amplius
2840 4719 3037 4774 solidis
3064 4719 3424 4777 Lovaniensis
3456 4732 3692 4788 monete,

2084 4808 2365 4880 multaque
2439 4809 2592 4864 milia
2657 4810 2951 4865 hominum
3011 4810 3154 4866 fame
3221 4812 3548 4882 periissent,
3604 4817 3694 4882 nisi

2085 4903 2349 4958 Dominus
2415 4904 2676 4974 pauperis
2749 4905 2940 4975 pOpuIi
2999 4905 3355 4963 afﬁictionem
3434 4911 3694 4981 respexis-

2041 5031 2044 5034 -
2084 4999 2187 5047 set.
2220 4993 2504 5062 lpsecnim
2526 4993 2621 5064 qui
2652 5000 2889 5064 percutit
2914 5001 2969 5049 et
3013 4995 3289 5063 medetur,
3351 4997 3511 5053 dedit
3541 4999 3694 5069 spiri-

2087 5091 2199 5138 tum
2228 5083 2432 5139 bonum
2477 5084 2531 5138 in
2574 5084 2841 5140 cordibus
2878 5083 3126 5140 fidelium
3167 5090 3694 5159 suorum,cujusin-

2086 5176 2288 5231 stinctu
2327 5175 2531 5248 largam
2599 5189 2824 5231 manum
2864 5176 2932 5230 ad
2976 5192 3250 5248 pauperes
3314 5182 3689 5244 extenderunt,

2087 5279 2390 5335 eorumque
2420 5263 2662 5336 inopiam
2699 5281 2800 5319 sua
2845 5263 3226 5321 babundantia
3278 5269 3686 5340 suppleverunt.

2089 5358 2143 5407 et
2173 5351 2376 5422 largius
2404 5367 2564 5423 quam
2594 5351 2895 5423 aliquando
2942 5352 3143 5408 nostris
3181 5357 3528 5425 temporibus
3555 5356 3686 5412 vidi—

2093 5460 2233 5511 mus,
2261 5460 2359 5498 sua
2379 5460 2474 5500 eos
2524 5445 2855 5500 liberalitate
2893 5453 3346 5503 sustentaverunt
3402 5452 3689 5521 Imperator

2092 5535 2412 5592 Fredericus
2449 5553 2479 5590 a
2528 5552 2660 5610 rege
2699 5537 3034 5593 Francorum
3084 5537 3369 5607 invitatus,
3404 5549 3464 5596 ut
3486 5541 3688 5598 sublato

1932 5635 2141 5693 NOTIE.

435 5732 587 5804 (399)
624 5732 799 5805 Prope
821 5730 1134 5786 Vilvordam
1165 5727 1510 5784 occidentem
1533 5744 1743 5785 versus.

2105 5734 2251 5802 (400)
2283 5733 2548 5790 Cremam.
