3876 6208
137 340 214 396 293
983 332 1332 389 CHRONICA.
1383 363 1447 370 ——
1487 329 1924 386 CONTINUATIO
1965 328 2428 393 AQUICINCTINA
3297 337 3402 392 294

135 467 378 520 schismate
402 463 638 518 Romane
683 459 916 516 ecclesie
983 476 1087 531 pax
1143 459 1297 514 firma
1337 459 1681 526 redderetur,
1710 464 1758 530 Α
1858 456 2016 511 1163.
2166 457 2332 510 Β.11.
2482 456 2536 512 F.
2566 458 2655 512 27.
2805 463 2864 514 A.
2888 459 2941 515 9.
3093 463 3153 516 Η.
3199 465 3254 519 1.

134 555 376 612 concilium
408 554 458 607 in
489 551 765 607 territorio
825 551 1219 606 Besuntionum
1270 550 1403 605 Dolo
1432 550 1559 606 villa
1588 567 1682 604 su-
1857 546 2092 618 Corpora
2136 548 2297 602 trium
2345 562 2626 621 magorum
2686 564 2717 602 a
2783 549 3046 606 Reinaldo
3089 552 3397 610 Coloniensi

137 660 209 715 per
230 644 442 696 Scnnam
467 641 710 705 fluvium,
769 640 824 693 in
856 639 1225 694 decollatione
1254 638 1426 692 sancti
1469 638 1682 694 Johan-
1783 637 1958 692 electo
1979 638 2048 691 de
2079 637 2312 692 ecclesia
2343 637 2580 708 quadam
2597 637 2806 693 civitati
2830 639 3229 697 Mediolanensi
3259 661 3395 700 con-

135 733 198 786 nis
222 729 433 801 baptiste
470 728 787 784 convocavit
820 746 835 791 ;
864 727 961 782 sed
1005 727 1061 781 in
1100 734 1251 782 tanto
1283 735 1557 782 conventu
1589 744 1679 783 re-
1784 725 1936 797 tigua
1974 725 2229 779 translata
2260 731 2407 791 sunt,
2440 732 2494 780 et
2523 741 2645 780 cum
2680 742 2880 800 magno
2913 729 3116 801 gaudio
3148 739 3206 784 et
3235 734 3390 786 exul-

132 840 249 897 gum.
292 823 498 891 ducum,
546 821 827 886 comitum,
873 820 1438 891 archiepiscoporum,
1463 821 1680 890 episco-
1783 816 1986 870 tatione
2014 815 2179 870 totius
2209 815 2513 885 provincie,
2543 818 2898 886 processiono
2952 819 3279 874 mirabiliter
3307 837 3400 876 or-

133 926 286 981 porum
334 918 384 964 et
431 909 706 972 abbatum,
785 907 1267 962 Clarevallensium
1333 908 1569 964 consilio
1629 917 1684 964 et
1785 906 1970 961 dinata
1993 921 2096 960 nec
2121 905 2288 960 simili
2319 907 2580 962 omnibus
2611 915 2753 964 retro
2795 909 2998 964 seculis
3028 913 3142 965 visa
3175 912 3259 965 vel
3301 929 3401 967 au-

134 1002 348 1056 instinctu
374 1017 494 1074 rege
527 999 746 1054 Francie
769 999 837 1054 ab
871 999 1202 1070 imperatore
1228 1015 1445 1065 averso,
1479 1001 1684 1072 quique
1786 998 1918 1064 dita,
1949 996 2154 1051 civitati
2185 997 2498 1054 Coloniensi
2533 999 2682 1054 illata
2733 1007 2788 1055 et
2826 1001 2880 1054 in
2941 1002 3176 1056 ecclesia
3222 1005 3399 1058 sancti

134 1094 225 1146 sine
250 1092 446 1158 effectu,
478 1092 670 1146 eadem
706 1098 759 1146 et
788 1092 970 1146 adhuc
1016 1092 1268 1165 graviore
1327 1101 1685 1163 permanente
1789 1088 1928 1142 Petri
1963 1089 2203 1159 reposita
2236 1097 2379 1144 sunt.
2414 1089 2468 1143 Si
2500 1091 2623 1161 quis
2655 1093 2770 1146 vult
2808 1093 2973 1158 scire.
3006 1096 3286 1164 quomodo
3319 1096 3387 1151 de

134 1182 378 1246 discordia,
410 1182 461 1234 in
511 1196 609 1234 sua
641 1181 940 1234 redierunt.
1003 1182 1342 1251 Desponsata
1400 1182 1510 1237 lilia
1542 1183 1688 1255 regis
1791 1180 2036 1250 partibus
2059 1180 2176 1234 suis
2208 1181 2470 1236 translata
2499 1182 2610 1236 sint
2643 1183 3201 1256 ConstantinOpolim,
3233 1197 3288 1242 et
3327 1188 3396 1241 de

133 1269 405 1324 Francorum
472 1267 583 1323 filio
634 1267 778 1341 regis
835 1269 1154 1341 Anglorum,
1199 1270 1484 1326 contentio
1554 1287 1688 1326 con-
1791 1271 2265 1343 ConstantinOpoli
2307 1273 2713 1342 Mediolanum,
2755 1276 2808 1330 id
2851 1276 2906 1330 in
2947 1277 3181 1332 ecclesia
3219 1281 3397 1334 sancti

132 1357 318 1427 quievit,
349 1364 397 1411 et
426 1373 524 1428 pax
557 1357 719 1427 plena
743 1356 887 1410 inter
909 1372 1006 1412 eos
1036 1357 1314 1412 convenit.
1792 1359 1936 1414 Petri
1967 1358 2309 1415 Coloniensis
2328 1361 2590 1418 inveniet.

136 1522 3392 1548 W—

439 1699 1661 1830 CONTINUATIO
1767 1705 3045 1860 AQUICINCTINA

187 1931 800 2018 ‘Denltt‘ac'continuatione,
829 1936 1066 1989 omnium
1088 1937 1573 2018 prast‘qntissima,
1630 1941 1700 2018 ei
1734 1940 1793 1992 in
1864 1941 2059 2018 ultima
2097 1942 2284 1996 saltem
2341 1943 2596 1998 decennio
2637 1946 2802 2018 factis
2831 1961 3025 2012 coaeva,
3059 1948 3180 2018 jam
3203 1951 3408 2016 egimus

130 2002 215 2123 ἇᾳι.
243 2001 318 2055 29.
345 2006 539 2128 [lngus
567 2007 747 2074 primi
776 2008 1043 2074 integram
1088 2001 1122 2060 ἒ
1164 2006 1344 2061 codice
1387 2001 1602 2075 egregio
1630 2008 1724 2076 85,
1765 2025 1920 2079 quem
1951 2016 2131 2068 tamen
2160 2029 2265 2068 non
2293 2029 2404 2070 esse
2432 2001 2828 2085 antogrciphum
2848 2001 3402 2089 (ιιιοιοῆἓξέίῳῖάῦἷξ

160 2087 270 2127 tmus
291 2089 343 2128 co
369 2117 378 2127 .
476 2113 490 2128 .

187 2208 341 2263 Brevis
370 2211 636 2283 epilogus.
672 2211 940 2268 Eusebius
1007 2214 1504 2288 hystoriographus
1537 2215 1772 2290 Casa-ﬂ
1800 2228 1904 2277 tus.
1947 2222 2078 2278 Nam
2131 2223 2430 2280 multorum
2481 2225 2686 2292 anime,
2745 2227 2836 2296 qui
2892 2228 2967 2283 ibi
3022 2246 3053 2284 a
3091 2231 3406 2290 Sarracenis

133 2294 290 2350 ricnsis
315 2298 599 2370 cpiscopus
651 2301 869 2371 scripsit
929 2302 1205 2372 principia
1269 2304 1432 2372 hujus
1470 2304 1699 2359 volumi-
1803 2313 2076 2368 interfecti
2107 2323 2236 2370 sunt
2262 2323 2317 2370 et
2347 2315 2490 2370 fame
2521 2317 2823 2386 perierunt,
2847 2335 2946 2388 per
2966 2320 3059 2373 Dei
3091 2321 3409 2380 misericor-

133 2386 211 2451 nis,
236 2389 393 2443 veraci
423 2391 544 2448 stilo
580 2391 781 2446 futuris
840 2392 1130 2448 insinuans
1167 2395 1576 2450 successionem
1611 2412 1699 2451 re-
1801 2403 1945 2457 diam
1999 2404 2149 2458 salve
2193 2403 2332 2460 facte
2385 2415 2513 2460 sunt
2584 2407 2729 2460 lnter
2787 2407 3114 2462 Balduinum
3147 2411 3403 2467 comitem

132 2493 230 2550 gum
255 2487 301 2534 et
325 2481 1212 2554 scriemtemporum,anativitate
1237 2486 1452 2540 Abrahe
1476 2487 1700 2558 patriar—
1801 2493 2138 2548 Montensem
2206 2504 2260 2549 et
2321 2495 2567 2550 Sibillam
2627 2497 2962 2552 eomitissam
3020 2500 3405 2557 Flandrenscm

131 2572 208 2625 che
231 2589 383 2645 usque
413 2577 479 2631 ad
522 2578 848 2633 vicesimum
911 2579 1255 2634 Constantini
1289 2581 1474 2655 magni
1533 2583 1694 2652 prin-
1798 2588 1916 2636 orta
1940 2581 2236 2649 discordia,
2263 2582 2466 2638 milites
2493 2583 2854 2640 Flandrenses
2906 2587 2962 2640 in
2995 2604 3134 2660 pago
3173 2590 3403 2645 Austro-

133 2662 241 2733 cipis
277 2681 483 2724 annum.
543 2669 780 2740 Scripsit
834 2677 1018 2725 autem
1083 2671 1253 2726 Grece
1303 2689 1316 2737 ;
1358 2678 1443 2726 set
1498 2671 1697 2727 beatus
1802 2669 2015 2725 batensi
2044 2670 2319 2726 incendiis
2356 2678 2410 2726 et
2457 2671 2665 2742 rapinis
2731 2674 2958 2743 patriam
3013 2675 3405 2733 demoliuntur.

133 2755 428 2816 Jheronimus
485 2763 766 2818 transtulit
823 2763 1028 2819 Latine.
1091 2767 1131 2818 A
1187 2765 1452 2821 vicesimo
1515 2773 1697 2821 autem
1801 2759 1878 2812 Ad
1913 2760 2052 2814 hanc
2082 2760 2409 2816 diSCOI‘diam
2468 2762 2863 2832 paCiﬁcandam
2923 2766 3132 2822 Sanson
3168 2784 3406 2823 venera-

135 2868 246 2910 anno
265 2855 584 2914 Constantini
617 2876 792 2930 usque
818 2860 887 2915 ad
925 2870 1158 2917 mortem
1225 2862 1468 2917 Valentis
1521 2863 1666 2932 impe

1885 2852 1929 2906 is
1956 2851 2243 2906 Remensis
2283 2853 2731 2925 archiepiscopus
2757 2871 2880 2910 cum
2930 2857 3263 2928 quibusdam
3292 2861 3411 2932 epi-

135 2947 289 3002 ratoris
311 2949 445 3005 idem
485 2952 685 3007 beatus
745 2951 1098 3008 Jheronimus
1149 2953 1397 3028 digessit.
1435 2955 1472 3008 A
1525 2953 1702 3025 primo
1803 2944 1988 3015 εοορὶε
2021 2944 2382 3018 suﬁraganeis
2411 2947 2528 3000 Silis
2557 2948 2745 3013 venit;
2815 2956 2870 3004 et
2915 2949 3250 3020 quibusdam
3295 2969 3413 3007 ma-

135 3053 233 3096 vero
253 3058 386 3099 anno
437 3045 680 3101 Gratiani
720 3062 900 3118 usque
955 3046 1022 3101 ad
1068 3052 1300 3102 mortem
1332 3047 1701 3102 Valentiniani
1803 3036 1984 3092 livolis
2016 3053 2207 3107 pacem
2235 3037 2607 3104 turbantibus,
2654 3054 2843 3109 parum
2890 3039 3143 3109 profecit.
3169 3041 3414 3098 Ecclesia

130 3126 321 3192 iunioris
344 3133 432 3188 ﬁlii
455 3135 722 3200 Placidie,
757 3136 992 3208 Prosper
1048 3137 1223 3192 sancti
1273 3136 1560 3211 Augustini
1591 3137 1702 3190 dis-
1804 3131 2198 3188 Hasnoniensis
2229 3141 2362 3188 tunc
2394 3134 2461 3186 ab
2491 3133 2682 3189 eodem
2716 3134 3135 3207 archiepiscopo
3157 3137 3411 3193 dedicata

135 3219 308 3289 cipulus
329 3227 655 3298 composuit.
692 3227 902 3282 Deinde
933 3228 1242 3301 Sigibertus
1297 3228 1704 3284 Gemblaucen-
1805 3235 1906 3280 est.
1951 3226 2340 3296 (1b.)l1yemps
2386 3225 2704 3300 gravissima
2735 3233 2969 3298 quatuor
3014 3227 3299 3283 mensibus
3329 3229 3415 3282 in-

134 3307 191 3360 sis
213 3314 507 3382 monachus,
539 3315 628 3369 vir
656 3317 791 3370 satis
829 3316 1124 3384 litteratus,
1157 3317 1319 3371 altius
1357 3325 1640 3388 repetens,
1673 3333 1705 3372 a
1803 3315 1974 3370 valuit
2002 3323 2057 3371 et
2077 3314 2368 3385 prevaluit.

137 3396 277 3462 primo
295 3417 428 3457 anno
459 3402 626 3474 primi
652 3403 948 3459 Theodosii
976 3419 1151 3475 usque
1182 3404 1250 3458 ad
1277 3405 1578 3475 septimum
1605 3421 1704 3459 an-
1878 3410 2034 3466 1250.
2223 3411 2307 3464 14.
2529 3411 2615 3465 15.
2836 3410 2921 3465 15.
3144 3410 3196 3467 7.

136 3502 238 3542 num
266 3490 466 3548 Henrici
493 3494 679 3566 quinti
712 3495 874 3563 hujus
932 3495 1174 3550 nominis
1228 3496 1576 3566 imperatoris
1606 3496 1705 3551 de-
1737 3552 1778 3566 η
1876 3499 2248 3555 Theodericus
2275 3514 2462 3554 comes
2492 3498 2842 3554 Flandrensis
2872 3500 3162 3556 revertitur
3187 3501 3257 3555 ab
3288 3502 3421 3558 Jhe-

137 3582 330 3653 scripsit.
361 3588 635 3644 Posthinc
659 3590 949 3644 Anselmus
993 3589 1166 3645 abbas
1200 3590 1516 3660 supradicte
1544 3582 1781 3646 Gem-h
1809 3588 2101 3644 rosolimis.
2150 3588 2248 3652 Qui
2299 3597 2607 3643 commotus
2661 3605 2759 3658 pro
2829 3589 3047 3657 injuria,
3087 3606 3251 3660 quam
3298 3593 3420 3647 Bal-

139 3671 402 3735 blaucensis
428 3681 688 3749 ecclesie,
723 3698 754 3736 a
784 3682 1023 3753 septimo
1078 3697 1224 3738 anno
1280 3681 1496 3737 Henrici
1527 3697 1707 3754 usque
1808 3678 2013 3732 duinus
2043 3691 2230 3732 comes
2253 3676 2554 3731 Montensis
2584 3678 2846 3748 pretcrito
2878 3695 3022 3733 anno
3061 3695 3160 3734 sue
3213 3680 3420 3736 fecerat

139 3762 188 3816 ad
212 3767 534 3825 undecimum
565 3786 775 3825 annum
805 3771 1042 3826 Lotharii
1099 3771 1448 3842 imperatoris
1483 3788 1591 3843 que
1615 3788 1707 3827 se-
1810 3771 1983 3835 uxori,
2018 3776 2206 3824 contra
2260 3784 2383 3823 eum
2414 3769 2712 3822 exercitum
2770 3770 2956 3824 movit.
3025 3773 3089 3825 At
3120 3771 3420 3828 Balduinus

137 3860 297 3910 cuntur
320 3860 588 3930 apposuit.
626 3860 856 3933 Reliqua
917 3877 1070 3928 vero,
1101 3878 1210 3933 que
1239 3861 1308 3917 ab
1365 3877 1510 3918 anno
1537 3862 1710 3916 unde-
1810 3862 1880 3917 de
1902 3861 2017 3916 suis
2054 3860 2263 3915 viribus
2289 3859 2568 3924 diffidens,
2602 3859 2892 3914 Henricum
2923 3860 3248 3931 episcopum
3281 3863 3420 3918 Leo-

137 3942 250 4000 cimo
277 3947 497 4006 Lotharii
552 3968 733 4024 usque
779 3953 846 4007 ad
899 3969 1101 4008 annum
1145 3953 1214 4009 12
1289 3953 1525 4010 Conradi
1556 3954 1704 4028 regis
1804 3951 2086 4006 dicensem
2118 3957 2172 4005 et
2201 3948 2488 4003 Henricum
2529 3947 2784 4002 comitem
2840 3947 3236 4002 Namucensem
3268 3965 3410 4006 con-

135 4034 297 4106 scripta
344 4049 482 4106 sunt,
528 4042 659 4114 quis
709 4043 994 4114 scripserit
1044 4043 1361 4116 ignoramus
1409 4046 1448 4098 A
1483 4045 1574 4099 13°
1605 4061 1706 4099 au-
1805 4049 1886 4096 tra
1939 4038 2304 4094 Flandrenses
2350 4035 2595 4090 adduxit.
2672 4037 2765 4091 Set
2824 4036 3254 4092 Flandrensibus
3315 4055 3416 4095 suo

134 4125 218 4175 tem
241 4140 368 4183 anno
396 4128 632 4185 Conradi
672 4131 819 4203 regis
843 4132 1351 4188 Theuthonicorum
1392 4139 1446 4188 et
1483 4133 1576 4188 14°
1597 4133 1706 4188 Lu-
1807 4149 1958 4189 more
1989 4132 2220 4187 viriliter
2274 4131 2732 4205 repugnantibus,
2794 4130 3012 4202 inglorii
3046 4131 3114 4184 ad
3148 4147 3247 4186 sua
3291 4141 3419 4189 sunt

135 4209 276 4271 dovici
303 4218 456 4290 hujus
495 4222 740 4278 nominis
769 4223 991 4294 septimi
1043 4225 1190 4298 regis
1222 4225 1577 4292 Francorum,
1614 4240 1704 4281 ro-
1806 4223 2012 4280 reversi
2072 4221 2432 4277 Namucensis
2507 4235 2694 4275 comes
2754 4226 2807 4274 et
2871 4219 3224 4275 Leodicensis
3292 4223 3418 4293 epi-

138 4311 239 4369 galu
267 4310 598 4376 quorundam
659 4309 884 4366 fratrum
932 4311 1409 4382 Aquicinensium,
1464 4319 1520 4367 et
1552 4320 1708 4384 post-
1805 4329 2026 4384 scopus.
2059 4312 2232 4383 (Auct.
2259 4309 2463 4380 Aquic.)
2496 4309 2621 4363 Orta
2641 4315 2723 4362 est
2778 4308 3061 4363 contentio
3097 4309 3241 4364 inter
3275 4310 3418 4364 Hen-

139 4390 318 4448 modum
339 4399 658 4454 auctoritate
686 4399 944 4470 Symonis
983 4401 1234 4469 ejusdem
1274 4401 1513 4457 ecclesie
1541 4402 1707 4460 abba-
1807 4407 1978 4462 ricum
2019 4404 2340 4475 episcOpum
2384 4401 2775 4456 Leodicensem
2830 4409 2885 4455 et
2925 4401 3215 4456 Henricum
3240 4403 3416 4456 comi-

137 4478 341 4553 ti51401)
370 4489 594 4559 quidam
635 4491 940 4546 monachus
979 4492 1230 4563 ejusdem
1271 4493 1506 4548 ecclesie
1545 4494 1706 4549 fami-
1808 4505 1916 4551 tem
1938 4494 2354 4549 Namucensem.
2388 4490 2542 4546 Unde
2570 4497 2904 4565 congregato
2959 4491 3240 4562 utrimque
3266 4507 3419 4546 exer-

137 4566 434 4646 liarissimus,
464 4581 822 4637 mediocriter
849 4582 1144 4650 litteratus,
1205 4599 1383 4655 usque
1410 4584 1465 4638 in
1497 4585 1703 4641 calcem
1806 4587 1916 4643 citu
1942 4585 2247 4659 congressi,
2278 4583 2532 4654 superior
2560 4582 2735 4638 factus
2773 4582 3092 4654 episcopus,
3150 4598 3260 4638 non
3291 4583 3415 4639 sine

135 4661 388 4724 voluminis
427 4673 717 4744 sequentia
763 4673 1043 4744 apposuit.
1076 4674 1274 4729 Audita
1302 4675 1481 4749 magis
1539 4692 1704 4746 quam
1807 4674 2105 4729 multorum
2127 4672 2261 4727 cede
2289 4671 2520 4727 victoria
2547 4670 2755 4742 potitus
2793 4677 2894 4726 est.

136 4751 228 4808 visa
253 4759 474 4831 scripsit,
502 4769 558 4818 et
585 4780 696 4834 que
726 4781 757 4818 a
812 4763 1071 4820 ﬁdelibus
1098 4766 1446 4834 grelatoribus
1475 4766 1705 4834 audivit,
1884 4767 2038 4821 1151.
2186 4764 2276 4821 15.
2516 4763 2599 4817 16.
2819 4763 2907 4816 16.
3125 4763 3178 4817 8.

135 4853 432 4910 posterorum
465 4853 650 4909 notice
683 4855 1001 4927 dereliquit.
1036 4856 1282 4912 Litterati
1329 4857 1477 4911 enim
1525 4855 1698 4912 nostri
1731 4905 1780 4927 η
1881 4856 2203 4915 Ludowicus
2255 4871 2346 4910 rex
2400 4855 2730 4910 Francorum
2777 4853 3008 4909 consilio
3061 4855 3250 4910 domni
3283 4856 3416 4911 Ber-

134 4905 272 4988 seculi
301 4938 381 4993 his
397 4905 812 5013 intendere—pro
818 4905 1026 5001 niiahilo
1047 4945 1274 5001 ducunt.
1299 4953 1353 5000 et
1380 4945 1697 5016 hujusmodi
1729 4905 1784 4972 θ
1810 4947 1966 5002 nardi
2019 4947 2234 5003 abbatis
2317 4946 2735 5002 Clarevallensis
2817 4947 3124 5004 Aanordem
3190 4963 3416 5004 uxorem

134 5026 417 5097 scripturam
449 5036 822 5107 vilipendunt.
1807 5057 1959 5096 suam
2009 5039 2344 5111 repudiavit,
2398 5046 2452 5093 et
2482 5039 2739 5094 ducatum
2788 5038 3076 5110 Aquitanie
3130 5039 3416 5110 provincie

193 5119 327 5179 1149.
437 5127 500 5182 R.
541 5129 630 5184 16.
745 5130 800 5184 F.
860 5131 946 5185 14.
1060 5131 1118 5185 A.
1165 5131 1252 5186 14.
1365 5129 1426 5184 Η.
1469 5130 1527 5185 6.
1809 5131 2012 5187 amisit.
2045 5131 2167 5186 Erat
2193 5129 2340 5185 enim
2372 5129 2482 5184 tilia
2513 5129 2671 5185 ducis
2700 5129 3012 5200 Aquitanie.
3047 5131 3254 5185 Aanors
3280 5146 3412 5186 vero

191 5212 569 5290 (Auct.Aquic.)
634 5225 789 5277 Anno
847 5222 902 5278 d.
964 5221 1000 5277 i.
1060 5221 1218 5278 1149.
1273 5221 1556 5277 Conradus
1614 5236 1708 5276 rex
1808 5219 2085 5292 quondam
2117 5219 2304 5292 regina
2334 5217 2589 5285 Henrico,
2622 5215 2736 5272 ﬁlio
2765 5216 3009 5271 Gaufridi
3041 5217 3255 5273 comitis
3303 5219 3414 5272 An-

133 5297 594 5369 Theuthonicorum
622 5324 678 5370 et
729 5317 1038 5372 Ludovicus
1077 5333 1171 5372 rex
1211 5317 1543 5371 Francorum
1575 5331 1706 5387 pro-
1806 5312 2160 5384 degavorum,
2184 5309 2280 5380 qui
2330 5314 2520 5379 postea
2560 5307 2615 5360 in
2664 5306 2856 5378 Anglia
2884 5307 3149 5380 regnavit,
3184 5308 3412 5378 nupsit;

134 5388 335 5451 cinctum
381 5402 620 5471 solvunt,
669 5413 724 5460 et
759 5405 880 5460 sine
927 5406 1041 5461 ullo
1072 5404 1457 5477 prosperitatis
1505 5403 1703 5459 effectu
1805 5406 1995 5477 sicque
2019 5404 2263 5475 predicta
2301 5401 2500 5457 mulier
2520 5400 2589 5455 de
2609 5415 2780 5475 regno
2812 5400 2881 5454 ad
2921 5415 3150 5474 regnum
3180 5399 3412 5454 transiit.

133 5483 187 5537 ab
211 5488 388 5550 itinere
440 5493 932 5557 Jherosolimorum
989 5507 1341 5557 revertuntur
1373 5519 1387 5568 ;
1421 5517 1702 5572 nunquam
1806 5492 2006 5548 Genuit
2044 5498 2226 5546 autem
2266 5505 2332 5544 ex
2352 5506 2417 5545 ea
2443 5497 2679 5562 quatuor
2704 5487 2869 5556 filios,
2903 5489 3193 5543 Henricum
3225 5503 3409 5558 regem

134 5575 286 5635 audita
312 5590 456 5641 tanta
487 5586 810 5646 infelicitate
858 5591 1130 5663 corporali
1161 5591 1444 5648 christiani
1477 5591 1700 5646 exerci-
1805 5587 1899 5660 qui
1940 5593 2066 5642 ante
2098 5593 2304 5654 patrem
2337 5583 2496 5650 obiit,
2553 5584 2881 5639 Richardum
2916 5598 3125 5656 regem,
3149 5581 3242 5651 qui
3271 5579 3408 5648 patri

1655 5687 1858 5746 NOTAE.

192 5750 320 5823 (401)
347 5757 406 5811 Α.
439 5759 777 5817 1135-1201.
