3876 6208
1647 310 1987 368 SIGEBERTI
2028 299 2536 369 GEMBLACENSIS.
3649 315 3763 371 296

425 447 709 513 successit,
767 444 1086 500 Gaufridum
1142 444 1403 498 comitum
1476 442 1774 510 Britannic,
1833 448 1890 497 et
1942 443 2035 498 «Ιο-
2057 448 2241 515 Atur.
2287 441 2420 496 Huic
2467 439 2802 501 Constantia,
2857 452 3016 494 soror
3079 437 3358 494 Ludowici
3414 437 3759 494 Francorum

425 538 664 592 hannem
694 535 790 608 qui
819 534 1020 589 dicitur
1066 533 1187 587 sine
1218 538 1363 586 terra
1410 549 1425 597 ;
1468 538 1579 585 tres
1619 546 1842 602 quoque
1870 529 2031 596 ﬁlias,
2136 534 2282 606 regis
2324 538 2608 602 nupserat.
2661 530 2870 586 Mortuo
2934 535 3116 585 autem
3193 529 3517 597 Eustachio,
3564 532 3763 587 comiti

424 650 654 705 quarum
688 647 797 686 una
828 629 1014 700 nupsit
1041 628 1155 702 regi
1190 627 1470 698 Hispanie,
1521 642 1764 697 sequens
1805 626 1917 698 regi
1944 625 2033 679 Si-
2134 621 2318 676 Sancti
2350 621 2520 695 Egidii
2548 620 2795 676 secundo
2811 619 3068 690 copulata
3088 619 3562 675 estmatrimonio.
3595 619 3763 675 Vario

424 723 762 787 cilie,tcrtia
788 722 915 776 duci
955 719 1213 775 Saxonie.
1271 719 1401 772 Nam
1453 717 1522 771 de
1583 732 1710 790 rege
1743 716 2035 771 Ludowico
2137 723 2336 770 eventu
2403 715 2694 769 adversum
2745 714 3087 783 Stephanum
3149 728 3338 787 regem
3394 714 3701 786 Anglorum
3733 730 3767 768 a

428 814 567 869 duas
599 820 867 887 genuerat
891 810 1050 880 ﬁlias,
1109 825 1340 882 quarum
1384 807 1562 879 prima
1591 807 1779 877 nupsit
1808 806 2036 862 Henrico
2141 805 2395 873 Henrico,
2427 805 2541 861 ﬁlio
2571 804 2791 860 comitis
2809 805 3251 879 Andegavorum,
3281 812 3581 878 pugnatur.
3643 805 3768 859 Stc-

427 902 617 958 comiti
670 900 1056 973 (lampanensi,
1105 914 1344 970 sequens
1405 896 1723 952 Theobaldo
1740 895 1891 951 fratri
1920 895 2040 963 ejus
2138 902 2357 972 phanus
2388 916 2479 955 rex
2521 900 2818 973 Anglorum
2876 900 3112 956 Henrico
3150 907 3388 974 cognato
3426 915 3531 956 suo
3554 914 3767 956 recen-

426 992 619 1048 comiti
651 990 916 1048 Bleseusi.
984 988 1294 1043 Ludovicus
1346 1002 1438 1040 rex
1470 986 1800 1040 Francorum
1839 1000 2041 1039 secun-
2141 989 2377 1045 ciliatur.

426 1082 551 1136 dam
579 1081 731 1136 duxit
757 1094 981 1134 uxorem
1040 1075 1409 1131 Constantiam
1470 1072 1636 1127 ﬁliam
1672 1074 1818 1147 regis
1849 1072 2041 1142 Hispa-
2211 1078 2369 1132 1151.
2551 1078 2605 1131 2.
2793 1079 2879 1133 19.
3064 1076 3152 1130 19.
3380 1079 3465 1133 Η,

426 318 536 376 295

426 1175 539 1242 uie,
587 1175 719 1229 satis
763 1172 1073 1243 religiosam
1110 1187 1124 1235 ;
1158 1185 1221 1223 ex
1279 1183 1387 1239 qua
1442 1167 1636 1239 genuit
1685 1166 1822 1219 duas
1876 1165 2036 1230 ﬁlias,

425 1280 654 1337 quarum
682 1279 793 1319 una
833 1262 1020 1333 nupsit
1073 1260 1305 1315 Henrico
1340 1258 1452 1332 regi
1475 1257 1706 1327 juniori,
1746 1255 1858 1311 ﬁlio
1889 1256 2036 1311 Hen-

425 1356 525 1409 rici
551 1354 847 1429 Anglorum
900 1352 1066 1426 regis,
1134 1351 1307 1405 altera
1341 1364 1472 1403 vero
1539 1346 1653 1401 ﬁlio
1686 1346 2040 1416 imperatoris

426 1439 1036 1512 Constantinopolitani.
1111 1442 1289 1505 (Auct.
1350 1436 1563 1505 Aquic.)
1616 1432 1857 1488 Fructus'
1895 1442 2039 1487 terra

425 1531 618 1585 habuit
642 1531 865 1597 uberes,
899 1536 985 1583 set
1010 1527 1322 1598 pluviarum
1368 1523 1735 1579 inundatione
1765 1539 1797 1576 a
1828 1521 2040 1577 festivi-

426 1629 537 1677 tate
563 1621 737 1676 sancti
767 1618 1037 1675 Johannis
1061 1633 1236 1688 usque
1292 1615 1362 1670 ad
1390 1614 1634 1669 medium
1665 1613 1888 1686 Augusti
1917 1628 2040 1667 om.-

428 1714 522 1767 nia
550 1718 819 1778 vastante,
840 1710 927 1766 vix
956 1709 1025 1765 ad
1073 1707 1447 1763 maturitatem
1500 1704 1772 1776 perduxit.
1802 1704 1934 1758 Nam
1957 1704 2040 1757 vi-

430 1822 561 1859 num
592 1812 647 1860 et
686 1802 855 1859 ceteri
886 1802 1094 1857 fructus
1123 1817 1191 1856 ex
1220 1806 1374 1871 parte
1432 1798 1774 1863 defecerunt,
1807 1806 1862 1851 et
1890 1796 2038 1867 quod

428 1897 497 1951 de
527 1897 649 1952 uvis
685 1895 973 1950 collectum
1020 1900 1124 1959 est,
1157 1892 1212 1946 in
1253 1906 1473 1946 acorem
1528 1903 1747 1944 versum
1788 1896 1874 1942 est
1921 1888 2040 1956 (11).)

428 1983 491 2036 1n
507 1982 725 2037 civitate
742 1980 1087 2035 Atrebatensi
1114 1985 1237 2050 post
1274 1978 1435 2033 beate
1482 1975 1746 2031 memorie
1774 1975 2037 2030 domuum

425 2072 667 2127 A‘lvisum
694 2073 1037 2142 episcopum,
1082 2071 1177 2142 qui
1200 2070 1255 2124 in
1274 2068 1630 2139 expeditione
1659 2064 2041 2121 Jherosolimi-

427 2172 555 2219 tana
584 2163 800 2219 obierat
855 2162 1025 2233 (402),
1067 2161 1355 2217 ordinatur
1410 2157 1777 2216 Godescalcus
1815 2163 2041 2227 quartus

426 2255 743 2326 episcopus.

501 2347 652 2402 H52.
768 2346 961 2401 11.16.
1073 2344 1128 2398 F.
1166 2345 1253 2399 17.
1365 2343 1425 2396 A.
1469 2342 1556 2396 17.
1672 2337 1819 2392 “.9.

499 2439 674 2503 (Auct.
700 2435 819 2503 Aq.)
852 2432 1133 2488 Couradus
1173 2448 1266 2486 rex
1305 2429 1453 2484 diem
1506 2429 1701 2483 clausit
1760 2426 2037 2482 ultimum.

427 2529 729 2601 Optimates
754 2543 886 2584 vero
917 2527 1073 2600 regni
1113 2533 1169 2581 et
1222 2524 1466 2596 episcopi
1528 2523 1584 2578 in
1639 2538 1809 2577 unum
1837 2535 2039 2576 conve-

425 2622 665 2688 nientes,
693 2620 985 2695 elegerunt
1010 2618 1186 2689 (Mart.
1240 2618 1319 2686 9.)
1358 2616 1707 2672 Fredericum
1758 2614 2039 2688 [illustrem

427 2713 647 2779 ducem,
700 2712 873 2768 ﬁlium
919 2710 1197 2766 Frederici
1270 2709 1427 2765 ducis
1497 2710 1821 2764 Suavorum.
1873 2707 2042 2777 Hujus

426 2804 684 2860 avunculi
725 2804 947 2859 fuerunt
1011 2802 1296 2859 Conradus
1334 2806 1839 2873 supramemoratus
1865 2799 2042 2869 impe-

429 2905 597 2966 rator,
629 2905 684 2952 ct
733 2898 999 2952 Henricus
1028 2898 1140 2952 dux
1196 2898 1622 2963 Austrasiorum,
1663 2902 1822 2967 pater
1851 2893 2043 2968 regine

428 2993 711 3067 Hungarii.
744 2996 867 3064 (1b.)
900 2996 957 3049 lu
988 2992 1226 3050 ecclesia
1254 2993 1427 3048 sancti
1456 2990 1728 3058 Nicholai,
1766 3005 1875 3061 que
1910 3003 2043 3043 con-

425 3093 633 3140 structa
662 3092 746 3140 est
770 3086 827 3139 in
857 3085 1063 3157 Oppido
1119 3084 1476 3150 Bruselleusi,
1526 3088 1713 3137 sancta
1733 3080 1899 3135 Maria
1926 3096 2045 3134 ma-

426 3178 514 3227 ter
542 3173 672 3228 Jcsu
705 3174 902 3228 Christi
924 3175 1097 3229 multa
1121 3173 1385 3228 miracula
1409 3178 1633 3243 Operata
1659 3176 1760 3225 est.
1803 3168 2047 3224 Ecclesia

426 3262 600 3316 sancti
634 3261 839 3315 Bertini
864 3262 1151 3317 combusta
1200 3267 1285 3316 est
1313 3276 1439 3315 cum
1478 3259 1739 3315 omnibus
1775 3256 2045 3327 appendi-

428 3349 521 3404 tiis
546 3350 682 3417 suis,
718 3350 775 3404 iu
808 3350 929 3421 ipso
985 3348 1126 3404 festo
1171 3349 1344 3403 sancti
1403 3347 1630 3415 Bertini,
1662 3346 1794 3401 dum
1819 3344 2047 3400 matuti-

429 3457 625 3497 norum
657 3443 987 3515 sollempnia
1016 3452 1334 3517 agerentur,
1363 3458 1487 3497 cum
1520 3457 1719 3514 magna
1749 3446 1901 3511 parte
1931 3453 2041 3508 op-

427 3533 570 3603 pidi.

498 3624 654 3684 1153.
849 3629 898 3683 1.
1118 3628 1208 3684 18,
1426 3626 1513 3681 18.
1733 3624 1824 3679 10.

492 3718 634 3790 (Aut.
667 3719 879 3790 Aquic.)
911 3718 1140 3791 Eclipsis
1167 3718 1301 3775 solis
1344 3717 1486 3772 facta
1518 3723 1600 3772 est
1646 3717 1698 3771 7.
1732 3715 1847 3770 Kal.
1877 3713 2033 3768 Febr.

418 3808 475 3863 in
515 3807 549 3864 2
575 3808 731 3863 feria.
764 3810 905 3866 51d.
939 3810 1185 3880 ejusdem
1241 3810 1452 3866 mensis
1509 3809 1562 3863 in
1590 3808 1625 3861 2
1669 3807 1806 3861 feria
1852 3804 2038 3859 audita

426 3905 555 3954 sunt
580 3900 839 3957 tonitrua.
865 3901 1143 3976 Eugenius
1172 3918 1315 3974 papa
1341 3901 1513 3957 obiit:
1540 3898 1789 3955 succedit
1820 3896 1872 3951 ei
1903 3895 2039 3949 Con-

427 3988 593 4043 radus
630 3989 792 4043 166ιιε
824 4006 964 4060 papa
992 3990 1316 4045 Sabinensis
1369 3988 1687 4059 episcOpus,
1721 3982 2040 4038 Anastasius

426 4082 756 4153 appellatus,
790 4090 935 4138 etate
994 4084 1330 4158 grandevus,
1372 4081 1611 4138 vicarius
1662 4078 1851 4134 domui
1900 4092 2040 4147 papc

426 4169 840 4241 predecessoris
865 4173 1228 4228 sui.Domnus
1278 4186 1502 4243 quoque
1550 4164 2042 4223 Bernardusabbas

424 4257 859 4327 Clarcvallcusis,
892 4261 985 4331 qui
1037 4260 1193 4332 quasi
1252 4258 1446 4314 lucifer
1497 4264 1719 4312 exortus
1751 4250 2039 4309 monachi-

421 4364 549 4405 cum
603 4350 856 4405 ordinem
906 4349 1234 4414 illustrabat,
1292 4346 1556 4421 migravit
1596 4346 1664 4399 ad
1722 4343 2036 4399 Dominum.

2065 1749 2117 1818 B

2067 3128 2118 3197 C

2211 1166 2384 1233 (Auct,
2415 1168 2619 1233 Aquic.)
2684 1165 2927 1220 Romane
2973 1164 3224 1219 arcelesie
3263 1165 3421 1220 167us
3471 1164 3773 1220 ordinatur

2139 1260 2434 1329 episcOpus
2488 1259 2778 1324 Adrianus,
2812 1258 2905 1330 qui
2955 1264 3009 1311 et
3071 1257 3387 1325 Nicholaus,
3430 1257 3776 1312 Albauensis

2140 1352 2435 1420 episc0pus
2459 1351 2619 1403 annis
2646 1350 2697 1405 6.
2769 1350 3083 1420 Stephanus
3139 1366 3230 1403 rex
3282 1349 3479 1424 Anglic
3523 1365 3771 1415 veneno,

2139 1443 2441 1513 utquidam
2475 1449 2747 1508 asserunt,
2791 1442 2844 1495 in
2875 1441 3000 1497 cibo
3040 1448 3259 1511 sumpto
3297 1442 3489 1497 subito
3533 1442 3776 1497 moritur

2141 1536 2269 1605 (Oct.
2300 1533 2390 1599 25)
2432 1553 2446 1598 ;
2481 1533 2567 1587 cui
2599 1534 2866 1588 successit
2908 1535 3194 1591 Heinricus
3256 1550 3437 1605 nepos
3464 1534 3590 1601 ejus
3621 1533 3771 1604 (£17.),

2140 1623 2297 1691 cujus
2325 1638 2458 1675 avus
2490 1620 2588 1675 fuit
2648 1620 2738 1674 ille
2805 1620 3049 1677 famosus
3104 1639 3195 1678 rex
3229 1621 3423 1695 Anglic
3471 1619 3771 1674 Henricus.

2143 1711 2276 1764 Filia
2306 1724 2540 1779 namque
2560 1710 2696 1777 ejus,
2728 1724 2835 1779 que
2866 1709 3185 1780 imperatori
3236 1715 3407 1780 nupta
3439 1707 3770 1778 imperatrix

2139 1803 2444 1869 dicebatur,
2479 1810 2532 1856 et
2562 1810 2679 1857 erat
2733 1803 2921 1858 comiti
2963 1803 3344 1878 Andegavensi
3404 1807 3581 1871 nupta
3642 1807 3769 1870 post

2140 1910 2428 1951 excessum
2484 1894 2853 1964 imperatoris,
2913 1894 3291 1965 supradictum
3347 1892 3652 1948 Henricum
3707 1900 3768 1945 et

2140 1986 2334 2040 fratres
2358 1985 2478 2054 ejus
2516 1985 2585 2039 de
2623 1999 2690 2040 eo
2720 1985 2982 2056 suscepit.
3044 1985 3143 2051 Qui
3191 2001 3317 2040 cum
3341 1985 3525 2039 adhuc
3555 1983 3773 2038 lacteus

2140 2077 2242 2130 sub
2274 2077 2444 2131 ubere
2476 2076 2704 2131 nutricis
2732 2083 2898 2139 esset,
2930 2076 3192 2132 defuncto
3240 2092 3342 2132 avo
3369 2076 3492 2144 ejus
3529 2075 3772 2130 Henrico

2140 2181 2272 2240 rege
2309 2166 2363 2218 in
2395 2165 2643 2237 Angliam
2675 2166 2995 2237 deportatus
3025 2166 3299 2222 electione
3323 2165 3571 2222 omnium
3612 2166 3767 2237 prin-

2139 2257 2505 2328 cipum,datis
2550 2257 2881 2327 juramcntis
2934 2259 2990 2313 in
3027 2274 3199 2333 regno
3256 2257 3624 2313 continuatus
3654 2265 3762 2313 est.

2138 2353 2355 2409 Electus
2393 2360 2477 2407 est
2503 2352 2668 2407 etiam
2696 2368 2884 2408 comes
2915 2353 3228 2423 Stephanus
3280 2363 3552 2428 cognatus
3611 2354 3768 2423 ejus,

2141 2440 2235 2512 qui
2262 2456 2490 2514 regnum
2522 2447 2740 2515 regeret
2766 2446 2819 2494 et
2849 2440 3115 2495 infantem
3164 2440 3446 2495 educaret.
3491 2439 3591 2505 Qui
3628 2439 3764 2493 Ste-

2139 2532 2354 2602 phanus
2383 2547 2414 2584 a
2442 2530 2787 2600 principibus
2814 2546 3130 2600 persuasus,
3190 2546 3424 2604 regnum
3454 2530 3659 2585 invasit
3698 2536 3765 2583 et

2142 2622 2337 2678 tenuit.
2396 2622 2505 2677 Hoc
2560 2629 2865 2694 comperto,
2948 2623 3270 2694 imperatrix
3329 2622 3578 2696 Angliam
3638 2637 3768 2677 cum

2142 2714 2385 2768 exercitu
2442 2714 2770 2787 ingreditur,
2828 2722 2885 2769 et
2934 2714 3138 2768 auxilio
3201 2714 3383 2769 fratris
3410 2715 3499 2769 sui
3542 2714 3773 2769 Roberti

2144 2806 2362 2861 comitis
2382 2806 2451 2861 de
2475 2804 2925 2871 Claudioccstria,
2985 2806 3173 2861 multis
3203 2813 3260 2861 et
3285 2807 3551 2878 gravibus
3573 2806 3773 2877 preliis

2144 2896 2476 2962 commissis,
2528 2894 2699 2949 multa
2749 2895 3012 2951 audacter
3063 2911 3234 2966 opera
3292 2897 3648 2967 perpetravit.
3688 2896 3772 2949 Ad

2143 2987 2399 3042 ultimum
2445 2994 2566 3058 post
2594 2986 2864 3057 plurimos
2923 3002 3099 3043 annos
3121 2985 3237 3042 ﬁlio
3284 3003 3387 3043 suo
3430 2987 3771 3057 juvenejam

2146 3079 2355 3145 adulto,
2384 3078 2659 3149 Stephano
2699 3078 2881 3133 subito
2911 3078 3191 3145 defuncto,
3226 3077 3399 3133 ﬁlium
3430 3095 3589 3134 suum
3624 3079 3776 3134 Hen-

2148 3171 2320 3226 ricum
2351 3186 2538 3244 regem
2570 3169 2875 3225 constituit.
2902 3169 3214 3225 Willclmus
3246 3169 3513 3240 Yprensis
3558 3185 3772 3245 cogno-

2146 3277 2334 3325 mento
2367 3269 2661 3324 Bastardus
2692 3285 2814 3324 cum
2846 3269 2963 3324 suis
3008 3269 3297 3337 militibus,
3327 3270 3459 3341 quia
3487 3270 3773 3341 Stephano

2146 3360 2260 3432 regi
2289 3359 2515 3424 faverat,
2548 3375 2579 3413 a
2611 3359 2843 3415 Henrico
2901 3375 3031 3434 rege
3080 3360 3149 3415 ab
3201 3359 3396 3432 Anglia
3447 3360 3770 3432 expellitur.

2143 3446 2454 3502 Willelmus
2481 3462 2667 3502 comes
2698 3446 3046 3522 Bolouicnsis
3070 3447 3134 3501 ad
3172 3448 3416 3521 graciam
3443 3449 3593 3522 regis
3626 3448 3773 3503 ch-

2144 3535 2241 3589 rici
2275 3543 2328 3590 ct
2359 3550 2552 3605 pacem
2585 3520 2888 3603 reducitur,
2923 3543 2976 3590 et
3024 3550 3221 3591 omnes
3276 3520 3553 3591 bellorum
3586 3545 3771 3592 motus

2143 3627 2197 3681 in
2240 3626 2433 3701 Anglia
2471 3626 2753 3682 sedantur.

2207 3716 2366 3771 H55.
2584 3716 2636 3769 3.
2818 3715 2911 3772 20.
3132 3718 3186 3770 1.
3415 3717 3501 3771 12.

2208 3811 2381 3882 (Auct.
2415 3814 2625 3881 Aquic.)
2657 3812 2979 3867 Fredericus
3023 3827 3117 3867 rex
3149 3812 3418 3883 preterito
3450 3827 3603 3868 anno
3635 3827 3763 3883 pro-

2138 3901 2313 3956 fectus
2341 3902 2566 3957 Romam
2623 3902 2892 3972 pervenit,
2928 3902 3117 3957 multis
3148 3902 3204 3956 in
3233 3902 3437 3958 itinere
3468 3902 3765 3960 laboribus

2140 3993 2375 4057 attritus,
2409 4000 2466 4047 et
2514 3993 2747 4047 diversis
2802 3992 3079 4048 hostiliter
3128 3992 3541 4048 obsistentibus
3580 4009 3768 4065 ;quos

2108 4091 2113 4096 ‘
2141 4097 2336 4137 omnes
2368 4081 2435 4135 ad
2464 4081 2864 4150 subjectionem
2892 4088 2946 4135 et
2984 4080 3327 4136 deditionem
3355 4082 3653 4153 compulit.
3674 4082 3770 4137 Set

2146 4192 2269 4231 cum
2322 4193 2354 4231 a
2420 4176 2678 4231 Romanis
2725 4174 3070 4246 principibus
3108 4175 3337 4230 minime
3395 4176 3764 4247 reciperetur,

2144 4266 2370 4321 Romam
2399 4271 2605 4319 armata
2633 4280 2799 4320 manu
2831 4264 3138 4337 ingreditur
3165 4282 3180 4330 ;
3207 4281 3409 4336 papam
3460 4265 3763 4321 Adrianum

2141 4357 2376 4414 amicum
2412 4357 2520 4411 sibi
2545 4364 2599 4413 et
2618 4364 2836 4428 captum
2866 4355 3181 4426 experiens,
3214 4356 3269 4411 in
3300 4356 3548 4413 ecclesia
3583 4359 3761 4413 sancti

425 4442 591 4512 Cujus
615 4444 729 4500 νίῑᾶ
756 4451 811 4499 et
836 4443 1089 4499 doctrina
1122 4444 1174 4496 in
1207 4449 1416 4498 tantum
1469 4440 1707 4505 excellit»
1742 4446 1802 4493 ιιι
1853 4438 2038 4491 minus
2058 4410 2113 4479 D
2138 4451 2281 4505 Petri
2310 4410 2708 4521 benedictione
2728 4410 3003 4519 imperiali
3042 4446 3407 4504 conﬁrmatur
3433 4459 3489 4506 ct
3522 4466 3767 4507 corona-

426 4537 526 4607 sit,
553 4536 821 4608 quicquid
842 4537 899 4591 in
930 4537 1050 4606 ejus
1080 4536 1243 4590 laude
1271 4536 1475 4590 dictum
1508 4534 1691 4591 fuerit.
1723 4531 1902 4588 Turbo
1916 4546 2033 4605 gra-

2136 4546 2242 4593 tur.
2276 4537 2497 4593 interim
2555 4537 2829 4593 exercitus
2876 4538 2997 4606 ejus
3051 4543 3229 4592 totum
3261 4539 3615 4608 procinctum
3672 4555 3765 4594 ec-

426 4630 651 4685 vissimc
711 4630 1056 4701 tempestatis
1101 4644 1201 4699 per
1248 4626 1390 4683 ﬁnes
1436 4628 1580 4683 viam
1624 4626 1848 4682 molitus
1876 4621 2033 4694 quasi
2133 4627 2303 4682 clcsie
2374 4627 2517 4683 beati
2573 4626 2719 4682 Petri
2777 4624 3241 4681 circumdederat.
3275 4626 3458 4682 donec
3501 4628 3767 4683 omnibus

426 4717 639 4770 sulcum
685 4718 917 4785 ducens,
973 4718 1142 4772 unius
1197 4717 1311 4772 dici
1376 4716 1579 4771 itinere
1625 4728 1846 4786 queque
1894 4711 2041 4766 velut

430 4803 670 4860 ﬂammis
694 4806 955 4878 depastus
988 4821 1345 4873 consumens,
1374 4804 1616 4878 lugenda
1643 4800 1875 4874 vestigia
1903 4799 2037 4854 reli-

429 4893 572 4965 quit.
638 4897 869 4952 Ascalou
914 4904 1073 4970 capta
1106 4905 1190 4953 est
1218 4914 1250 4952 a
1279 4897 1497 4953 Domini
1542 4894 1808 4959 exercitu,
1836 4894 1932 4964 qui
1957 4899 2042 4948 est

427 4988 831 5059 Jhcrosolimis,
880 5000 935 5048 et
982 5008 1240 5064 possessa
1283 5008 1315 5047 a
1360 4990 1580 5055 nostris,
1634 4987 1808 5043 multo
1857 4994 2037 5041 tamen

424 5078 618 5134 labore
648 5096 711 5136 ac
732 5082 993 5140 diuturno
1020 5084 1191 5153 bello,
1245 5083 1432 5139 multis
1463 5081 1629 5137 etiam
1699 5078 1959 5151 periculis
1989 5085 2045 5132 et

428 5170 692 5243 gravibus
721 5173 977 5244 dampnis
1004 5183 1189 5232 nostro
1217 5176 1372 5246 prius
1393 5171 1639 5229 exercitu
1661 5169 1887 5225 afﬂicto.
1919 5169 2045 5224 Erat

427 5259 565 5313 urbs
587 5259 678 5315 illa
706 5263 810 5320 150
834 5265 1076 5320 turribus
1139 5265 1439 5336 prevalidis
1468 5263 1701 5329 munita,
1725 5268 1780 5316 et
1803 5275 2043 5316 cenacu-

428 5356 500 5416 lis
519 5360 797 5415 domatum
830 5359 884 5413 in
948 5359 1145 5429 plateis
1195 5359 1311 5414 suis
1336 5358 1491 5429 quasi
1524 5357 1700 5428 cripta
1740 5354 2036 5427 laqueariis

427 5457 760 5524 supertecta,
784 5457 837 5504 et
901 5450 1308 5522 quodammodo
1346 5447 1809 5524 inexpugnabilis.
1843 5447 2037 5501 Eusta-

428 5539 590 5595 chius
621 5537 763 5592 filius
810 5538 1072 5610 Stephani
1117 5538 1262 5612 regis
1312 5537 1503 5609 Anglic
1542 5537 1597 5591 in
1629 5535 1822 5609 Anglia
1868 5534 2041 5589 mori-

2141 4720 2375 4792 expletis
2424 4737 2549 4776 cum
2580 4720 2914 4792 imperatore
2943 4722 3320 4796 egrederetur.
3356 4719 3595 4775 Romani
3634 4720 3766 4791 qui-

2141 4814 2372 4871 busdam
2420 4815 2680 4882 residuis,
2708 4831 2850 4888 quos
2898 4817 3148 4873 incautos
3198 4822 3635 4886 occupaverant,
3666 4814 3762 4869 in-

2143 4906 2409 4975 terfectis,
2437 4922 2563 4962 cum
2606 4907 2944 4978 imperatore
2997 4906 3485 4982 congrediuntur;
3521 4912 3606 4962 set
3639 4921 3768 4960 mox

2142 4996 2198 5050 in
2227 4995 2410 5068 fugam
2443 4997 2606 5062 versi,
2638 4997 2705 5051 ad
2733 4995 2948 5052 Tiberis
2974 4996 3187 5051 alveum
3211 5004 3509 5071 coguntur.
3562 4995 3768 5059 Quanti

2142 5091 2198 5145 in
2220 5090 2613 5166 congressione
2651 5090 2994 5155 ceciderunt,
3026 5089 3218 5161 quanti
3261 5089 3317 5144 in
3373 5088 3603 5146 ﬁumiuc
3627 5090 3767 5145 sub-

2143 5178 2474 5245 mcrsisuut,
2505 5179 2724 5249 scriptis
2753 5177 3099 5234 committere
3156 5193 3270 5233 non
3323 5178 3503 5234 audeo
3578 5178 3767 5249 Impe-

2145 5273 2293 5322 rator
2321 5267 2495 5322 victor
2547 5266 2871 5341 regreditur.
2925 5264 3468 5334 Godefridusjuuior
3493 5264 3603 5321 dux
3652 5265 3763 5321 Lo-

2139 5355 2414 5430 thariugic
2456 5355 2623 5410 ﬁliam
2694 5354 2909 5409 chrici
2962 5353 3185 5409 comitis
3245 5353 3677 5430 Lemburgensis
3707 5355 3766 5408 in

2140 5445 2398 5520 conjugio
2444 5445 2670 5500 sortitus
2693 5452 2775 5500 est
2800 5464 2816 5510 ;
2866 5459 2963 5506 per
3009 5443 3161 5513 quod
3191 5444 3412 5499 tandem
3443 5443 3610 5497 rebus
3635 5458 3764 5498 om-

2141 5533 2305 5589 nibus
2360 5552 2494 5606 pace
2534 5535 2874 5605 compositis,
2934 5535 3220 5590 contentio
3277 5534 3444 5606 lougo
3478 5540 3766 5605 tempore

1991 5630 2201 5686 ΝΟΤᾹΞ.

502 5732 645 5802 (402)
678 5734 740 5790 A.
772 5735 931 5801 1147,
963 5733 1274 5789 secundum
1303 5733 1539 5788 Annales
1575 5734 2002 5805 Aquicinenses.
