3876 6208
142 352 234 409 297
1056 350 1401 407 CHRONICA.
1447 381 1512 392 --
1554 350 1986 406 CONTINUATIO
2025 349 2505 416 AQUICINCTINA.
3341 352 3462 409 298"

142 489 398 540 contracta
459 498 526 537 ea
583 481 903 539 conditione
942 481 1101 538 tinita
1152 490 1255 548 est,
1296 494 1355 538 ut
1409 484 1738 540 Godet'ridus
1761 483 2076 554 Adcbitum
2104 484 2411 538 exhibemus
2454 485 2724 550 honorem,
2752 499 2787 538 a
2824 486 3038 553 quibus,
3068 489 3309 544 videlicet
3332 505 3447 559 pro-

141 569 504 627 conﬁrmatum
533 570 645 625 sibi
693 571 947 626 ducatum
1003 572 1177 627 sancti
1224 572 1516 640 Trudonis,
1550 579 1743 632 castel-
1837 573 2163 642 genitoribus
2210 577 2425 640 nostris,
2478 581 2527 629 et
2555 577 2709 643 regni
2757 574 3074 642 dignitatem
3120 583 3446 649 suscepimus

142 664 238 718 lum
271 664 416 719 Rede
454 663 729 733 Optineat,
758 670 923 734 atque
956 662 1204 719 omnium
1234 681 1342 736 que
1398 668 1735 737 possidebat,
1837 669 1887 716 et
1911 665 2180 717 honorem.
2214 664 2495 733 Nusquam
2519 663 2817 736 cnimgante
2847 671 3081 736 tempora
3109 671 3450 723 Constantini

140 752 270 807 idem
295 767 479 808 comes
540 761 667 822 post
708 752 997 806 decessum
1039 752 1159 821 ejus
1214 754 1567 811 medietatem
1600 759 1738 812 acci-
1834 758 2077 811 Silvester
2118 758 2293 825 regale
2321 759 2525 827 aliquid
2577 760 2825 815 habuisse
2846 761 3179 829 dinoscitur;
3218 770 3295 818 set
3331 768 3446 833 ejus

139 843 303 912 piens,
336 841 680 897 hereditario
714 842 840 911 jure
870 842 1171 913 possideat.
1206 844 1263 897 ln
1292 844 1472 898 insula
1513 847 1735 917 Aquici-
1828 850 2047 915 pietatis
2076 851 2406 902 concessione
2441 865 2553 916 pax
2590 851 2798 904 reddita
2845 858 2921 905 est
2968 854 3197 920 ecclesie,
3230 854 3447 909 libertas

137 934 280 989 nensi
311 933 565 989 dedicata
592 940 677 988 est
698 934 935 990 ecclesia
962 934 1122 989 beate
1143 935 1539 1009 Deigenitricis
1568 938 1733 993 Mario
1834 942 2104 1005 restituta,
2136 946 2185 994 et
2213 941 2466 1008 quicquid
2492 940 2642 995 hodie
2666 948 2901 1011 papatus
2953 950 3123 998 vester
3148 946 3327 1012 regale
3350 947 3445 1000 ha-

136 1025 500 1081 aGodescalco
531 1026 878 1081 Atrebatensi
909 1026 1193 1097 episcOpo,
1225 1044 1411 1081 mense
1431 1029 1595 1084 Julio.
1833 1028 1952 1081 here
1995 1029 2311 1089 dinoscitur,
2350 1030 2635 1095 largitione
2683 1032 2998 1099 principum
3052 1036 3275 1102 optinet.
3309 1035 3451 1088 Unde

196 1118 339 1174 “56.
461 1119 520 1173 R.
573 1120 623 1173 4.
741 1120 794 1174 F.
837 1120 925 1174 2|.
1078 1124 1135 1173 Δ.
1177 1122 1211 1174 2
1385 1122 1441 1175 ll.
1494 1126 1572 1177 13.
1830 1135 1955 1171 cum
1982 1124 2213 1173 Romano
2247 1121 2491 1187 ponti/lci
2512 1121 2817 1190 scribimus,
2858 1126 2989 1192 jure
3022 1130 3071 1178 et
3100 1130 3324 1194 antique
3354 1142 3448 1179 nm

193 1210 502 1265 Fredericus
542 1211 862 1281 imperator,
923 1212 1401 1268 eonsentientihus
1460 1215 1724 1286 archiepi-

1916 1226 1956 1262 κη
1984 1215 2226 1264 nostrum
2254 1215 2419 1263 vestro
2454 1212 2819 1278 proponimus.
2859 1212 2935 1265 Ab
2965 1214 3046 1267 his
3098 1220 3300 1277 autem,
3354 1219 3447 1284 qui

138 1298 303 1369 scopis
327 1304 381 1352 et
410 1297 697 1369 episc0pis
726 1297 1048 1354 Theutonici
1090 1299 1265 1373 regni,
1315 1316 1536 1356 uxorem
1578 1319 1730 1358 suam
1832 1297 1909 1351 dii
1933 1304 2062 1351 sunt
2089 1313 2185 1367 per
2212 1299 2546 1368 adoptionem
2572 1305 2624 1353 et
2648 1301 2849 1367 regalia
2903 1307 3086 1355 nostra
3131 1309 3311 1357 tenent
3348 1320 3448 1359 cur

136 1391 320 1458 injuste
374 1390 613 1456 dimisit,
646 1396 698 1445 et
753 1390 882 1445 inde
924 1407 1176 1466 magnam
1228 1391 1333 1447 sibi
1365 1394 1667 1450 calamitate

1910 1388 2204 1454 minagium
2250 1393 2300 1441 et
2342 1388 2547 1455 regalia
2604 1394 2948 1443 sacramenta
3005 1403 3114 1444 non
3142 1391 3441 1459 ecigamus,

136 1482 343 1553 paravit.
393 1483 517 1553 Ipse
550 1489 736 1536 autem
788 1483 1086 1553 imperator
1111 1482 1274 1539 aliam
1306 1486 1461 1541 duxit
1486 1503 1667 1543 uxore:

1916 1492 1959 1529 vn
1988 1478 2076 1531 ille
2102 1483 2279 1532 noster
2326 1484 2378 1531 et
2403 1484 2574 1532 vester
2596 1493 2753 1533 verus
2800 1481 3080 1537 institutor
3136 1481 3203 1535 ab
3234 1486 3447 1538 homine

134 1575 281 1628 ﬁliam
334 1573 626 1643 cujusdam
705 1573 863 1629 ducis
919 1575 1397 1647 Burgundionum,
1464 1579 1665 1652 virginc

1916 1584 1955 1625 re
1985 1570 2150 1622 nichil
2178 1573 2463 1639 accipiens,
2496 1579 2547 1626 et
2574 1576 2755 1627 omnia
2804 1572 2939 1626 bona
2991 1574 3237 1628 omnibus
3265 1576 3447 1641 con/e-

139 1664 447 1739 elegantem.
481 1665 664 1728 (Auct.
697 1666 865 1732 Aquic
891 1663 909 1733 )
937 1662 1246 1735 Philippus,
1302 1665 1449 1722 filius
1487 1668 1739 1723 Theode-
1836 1678 1980 1730 rem,
2010 1667 2105 1732 qui
2124 1679 2224 1733 pro
2247 1680 2303 1719 se
2328 1672 2381 1719 et
2412 1682 2510 1735 pro
2539 1672 2691 1722 Petro
2740 1683 2960 1722 censum
2984 1671 3157 1723 cesari
3177 1661 3443 1737 persoivit,

142 1754 444 1810 ricicomitis
466 1753 1195 1822 Flandrensensium,filiam
1217 1756 1435 1812 Rodulti
1452 1758 1736 1814 Viroman-
1758 1801 1806 1826 η
1834 1760 1885 1807 et
1910 1756 2212 1823 exemplum
2238 1757 2379 1811 dedit
2407 1757 2568 1824 vobis,
2600 1764 2662 1812 ut
2685 1766 2737 1814 et
2763 1775 2849 1814 vos
2879 1762 2955 1813 ita
2998 1762 3238 1826 faciatis.
3265 1763 3447 1817 doceat

143 1801 443 1810 ..-.--.----.-
466 1801 1195 1822 ΠΜ--.-η---.---...,.-..η...
1217 1801 1435 1812 -.ν-...η
1464 1801 1706 1814 ....,.......
1835 1801 1882 1807 ν-
1911 1801 2209 1823 ηψπ-η..-
2239 1801 2378 1811 κν--.
2409 1801 2568 1824 um,
2604 1801 2662 1812 η.
2685 1801 2737 1814 ν,
2764 1801 2848 1814 νυ..
2879 1801 2955 1813 η..
2998 1801 3238 1826 "om"...

143 1848 372 1903 densium
426 1847 653 1903 comitis
705 1847 984 1903 Elizabeth
1032 1865 1256 1905 uxorem
1288 1850 1440 1906 ducit
1493 1851 1730 1909 Belvaci.
1756 1801 1809 1870 Β
1832 1863 1921 1904 vos
1948 1851 2026 1902 ita
2054 1850 2259 1904 dicens:
2309 1871 2334 1901 α
2370 1854 2563 1907 Discite
2588 1869 2621 1907 a
2646 1869 2751 1919 me,
2782 1857 2910 1923 quia
2934 1857 3081 1909 mitis
3109 1870 3230 1910 sum
3259 1863 3309 1910 et
3335 1858 3442 1911 hu-
3496 1866 3501 1869 '

143 1937 438 1992 Fredericus
470 1938 778 2008 imperator
818 1953 851 1992 a
877 1954 1018 2009 papa
1066 1939 1305 1996 Adriano
1354 1948 1409 1995 et
1468 1941 1734 1998 Rollando
1832 1937 1977 1992 milis
2005 1938 2174 1992 corde.
2225 1960 2247 1983 ι-
2288 1943 2394 1993 Aut
2434 1942 2601 2009 igitur
2640 1944 2867 2012 episcopi
2911 1943 3113 2011 regalia
3161 1945 3310 1999 nobis
3363 1946 3446 1999 di-

141 2029 442 2086 cancellario
494 2046 598 2101 pro
656 2029 842 2086 uxoris
892 2046 992 2086 sue
1044 2032 1222 2102 prime
1279 2033 1513 2090 divortio
1564 2035 1668 2090 veh

1917 2032 2079 2095 ttant,
2119 2034 2218 2083 aut
2265 2031 2314 2083 si
2340 2029 2560 2084 hecsibi
2584 2033 2744 2086 utilia
2790 2032 3178 2101 judicaverint,
3233 2049 3335 2102 que
3358 2037 3448 2088 Dei

142 2129 330 2178 menter
366 2122 638 2195 arguitur.
675 2122 828 2186 Quod
860 2122 955 2178 ille
985 2140 1113 2198 egre
1146 2124 1330 2181 ferens
1359 2127 1666 2183 cardinalib

1915 2135 1954 2186 9,
1980 2126 2031 2175 et
2058 2135 2159 2190 que
2182 2124 2378 2177 cesaris
2425 2128 2557 2179 sunt
2596 2126 2768 2180 cesari
2794 2124 3040 2179 reddant.
3072 2127 3446 2182 Cardinalibus

141 2211 376 2267 Romanis
427 2210 718 2268 introitum
750 2211 1030 2268 civitatum
1083 2220 1137 2270 et
1187 2215 1548 2272 ecclesiarum
1580 2218 1736 2290 regni
1837 2213 2023 2279 utique
2047 2216 2233 2268 vestris
2256 2216 2438 2269 clause
2470 2222 2601 2270 sunt
2628 2216 2859 2283 ecclesie,
2894 2224 2954 2271 ut
2982 2232 3090 2273 non
3112 2224 3340 2287 pateant
3366 2222 3449 2274 ci-

144 2303 214 2358 sui
242 2298 538 2356 interdixit.
1835 2305 2065 2370 uitales;
2096 2307 2225 2373 quia
2262 2320 2373 2360 non
2414 2306 2652 2361 videmus
2681 2307 3056 2376 predicatores,
3103 2317 3181 2363 set
3209 2311 3449 2380 preduto-

205 2402 345 2455 1157.
605 2404 659 2458 5.
876 2404 965 2459 22.
1221 2402 1273 2456 3.
1496 2403 1581 2457 14.

1911 2406 1919 2440 ς
1936 2408 1955 2458 ;
1987 2406 2097 2445 ηοη
2121 2395 2269 2461 pacis
2298 2394 2783 2463 administratores,
2816 2404 2894 2451 set
2915 2402 3141 2467 pecunie
3168 2407 3442 2469 raptores;

203 2489 454 2546 Adrianus
487 2507 636 2563 papa
665 2499 719 2547 et
741 2491 1065 2547 Fredericus
1088 2492 1405 2562 imperator,
1439 2498 1560 2546 orta
1587 2491 1728 2547 inter
1827 2497 1939 2538 ηοη
1991 2484 2132 2538 ονῦις
2178 2486 2613 2555 corroboralores,
2643 2494 2724 2544 set
2753 2494 2981 2557 pecunie
3022 2492 3170 2546 ultra
3228 2495 3445 2549 modum

143 2592 191 2632 se
238 2579 483 2637 simulate
536 2598 643 2654 pro
698 2581 934 2637 diversis
990 2582 1191 2649 causis,
1248 2580 1512 2652 epistolas
1562 2580 1730 2636 nimis
1828 2568 2163 2634 insatiabiles
2217 2595 2525 2637 corrosores.
2575 2587 2707 2638 Cum
2769 2585 3060 2642 viderimus
3117 2604 3201 2643 eos
3265 2592 3449 2659 quales

145 2673 358 2730 mordaci
398 2690 662 2733 sermone
692 2677 762 2731 ad
804 2676 1127 2732 alterutrum
1167 2676 1544 2732 conscribunt.
1602 2674 1732 2746 Epi-
1829 2675 2057 2742 requirit
2109 2675 2361 2742 Ecclesia,
2410 2681 2687 2744 portantes
2711 2692 2920 2746 pacem,
2954 2679 3325 2736 illuminantes
3354 2700 3449 2752 pa-

144 2761 261 2816 stola
306 2763 523 2819 Adriani
585 2781 729 2836 pape
786 2765 854 2820 ad
908 2765 1256 2821 Fredericum
1311 2766 1729 2837 imperatorem;
1834 2764 2018 2829 trium,
2051 2765 2355 2817 assistentes
2383 2778 2544 2818 cause
2582 2765 2874 2820 humilium
2901 2769 2960 2820 in
2986 2770 3240 2836 equitate,
3266 2785 3451 2826 neces-

147 2851 386 2908 Adrianus
412 2857 689 2924 episcopus
734 2869 917 2910 servus
939 2870 1213 2911 servorum
1258 2858 1368 2923 Dei,
1418 2856 1604 2910 dilecto
1626 2857 1740 2921 ﬁlio
1836 2855 1995 2907 sariis
2024 2868 2105 2908 eos
2126 2854 2402 2922 stipendiis
2429 2860 2480 2907 et
2508 2862 2809 2909 commeatu
2832 2863 3138 2912 sustentare
3161 2874 3272 2914 non
3298 2862 3449 2931 ἀειγε-

148 2948 195 2998 in
218 2948 405 3005 Christo
428 2950 709 3004 Frederico
744 2955 1108 3004 Romanorum
1151 2948 1481 3016 imperatori,
1506 2947 1739 3001 salutem
1834 2963 2035 3002 remus.
2065 2949 2396 3003 Ilumilitatis
2421 2955 2626 3016 autem,
2652 2965 2754 3019 que
2780 2957 2953 3006 custos
2976 2958 3054 3007 est
3080 2955 3369 3025 virtutum,
3400 2962 3452 3010 et

150 3040 191 3089 et
214 3038 541 3105 apostolicam
569 3039 1009 3095 benedictionem.
1050 3044 1155 3093 Leo:
1188 3038 1395 3104 divina,
1451 3042 1593 3092 sicut
1628 3052 1734 3105 pa-
1835 3038 2269 3092 mansuetudinis
2296 3042 2465 3092 vestre
2492 3052 2602 3093 non
2623 3040 2914 3093 minimam
2940 3045 3127 3095 notam
3147 3043 3448 3112 incurritis,

146 3132 296 3181 rentes
349 3128 739 3183 honorantibus
793 3132 903 3183 vite
951 3130 1327 3198 longevitatem
1391 3127 1733 3194 repromittit,
1765 3144 1957 3235 Ceu-ni
1989 3128 2298 3235 hujusmodi
2322 3130 2617 3235 questiones
2640 3130 2888 3230 religioni
3057 3132 3296 3232 multum
3321 3150 3452 3190 con-

149 3217 213 3269 ita
260 3217 696 3273 maledicentibus
744 3222 895 3288 patri
942 3226 994 3272 et
1054 3220 1226 3272 matri
1272 3219 1597 3272 sententiam
1650 3218 1739 3269 ni-
1768 3216 1816 3235 ν
1835 3216 2065 3282 ferentes
2133 3216 2462 3271 secutoribus
2524 3219 2762 3285 personis
2808 3221 3124 3287 proponitis.
3176 3224 3454 3279 Provideat

147 3304 434 3363 chilominus
483 3310 680 3362 mortis
755 3307 1007 3363 intendit.
1089 3307 1333 3363 Veritatis
1386 3310 1572 3359 autem
1619 3318 1740 3359 voce
1837 3310 2016 3377 itaque
2032 3311 2336 3378 paternitas
2362 3315 2559 3376 vestra,
2590 3325 2661 3366 ne
2710 3312 2842 3366 dum
2866 3313 3001 3368 talia
3025 3321 3224 3385 monet,
3254 3332 3358 3387 que
3378 3319 3456 3373 di-

150 3396 389 3467 docemur,
441 3405 574 3471 quia
606 3404 780 3457 omnis
827 3404 921 3471 qui
974 3416 1028 3456 se
1070 3402 1297 3468 exultat,
1338 3399 1736 3464 humiliabitur,
1839 3416 2077 3470 gnanon
2105 3402 2374 3468 ducimus,
2423 3404 2804 3471 oﬂ'endiculum
2837 3412 3007 3475 ponat
3030 3408 3157 3475 illis,
3189 3412 3285 3479 qui
3309 3411 3455 3467 velut

152 3492 194 3537 et
239 3491 323 3555 qui
368 3504 423 3543 se
448 3491 732 3555 humiliat,
772 3490 1123 3545 exaltabitur.
1156 3492 1502 3559 Quapropter,
1555 3488 1741 3542 dilecte
1840 3495 1911 3548 ad
1936 3494 2189 3549 umbram
2210 3498 2504 3550 serotinum
2528 3500 2609 3552 ori
2633 3504 2803 3553 vestro
2833 3514 2993 3555 aures
3044 3517 3174 3557 suas
3216 3506 3456 3574 arrigere

150 3576 216 3627 mi
256 3579 311 3629 in
337 3582 555 3635 Domino
612 3581 713 3646 ﬁli,
765 3594 927 3649 super
988 3580 1279 3648 prudentia
1332 3586 1427 3633 tua
1471 3592 1583 3632 non
1630 3590 1740 3630 me-
1840 3586 2125 3651 festinant.
2154 3592 2264 3640 Non
2289 3589 2437 3640 enim
2449 3602 2731 3656 possumus
2757 3604 2868 3645 non
2892 3593 3204 3662 respondere
3222 3597 3459 3654 auditis:

153 3664 371 3722 diocriter
423 3671 793 3736 admiramur,
862 3671 998 3739 quod
1048 3670 1202 3726 beato
1256 3674 1410 3725 Petro
1458 3675 1510 3723 et
1559 3674 1746 3724 sancte
1844 3691 1971 3731 cum
1998 3676 2243 3745 superbie
2290 3677 2652 3734 detestabilem
2704 3680 2930 3736 bestiam
2972 3700 3138 3755 usque
3164 3689 3234 3743 ad
3282 3692 3459 3747 sedem

154 3758 361 3815 Romane
405 3763 629 3817 ecclesie
669 3763 751 3816 illi
798 3765 1073 3818 commisso
1120 3777 1231 3818 non
1276 3767 1544 3831 quantam
1594 3760 1743 3815 debe-
1848 3764 1990 3818 beati
2017 3765 2163 3818 Petri
2181 3766 2305 3833 jam
2332 3771 2566 3833 reptasse
2609 3768 2905 3825 videamus.
2947 3774 3077 3827 Paci
3110 3777 3459 3835 ecclesiastice

154 3863 223 3903 re;
267 3856 628 3909 reuerentiam
681 3855 927 3909 exhibere
968 3856 1180 3909 υίάενέε,
1240 3859 1304 3908 [π
1366 3854 1557 3909 [meris
1602 3855 1750 3907 enim
1851 3845 1980 3901 bene
2001 3850 2354 3918 providentes,
2397 3865 2603 3923 semper
2640 3856 2884 3911 valeatis.
2921 3856 3015 3913 llic
3044 3859 3287 3930 retectis,
3316 3881 3460 3937 papa

158 3940 216 3993 ad
238 3948 526 4001 immissis
579 3960 777 4001 ηοιηεη
834 3952 994 4001 mum
1030 3952 1208 4001 nostra
1232 3948 1506 4017 premis,-
1563 3946 1624 3998 ίη
1650 3959 1751 4013 quo
1852 3942 2001 3992 totus
2025 3937 2081 3992 in
2113 3938 2498 4010 imperatorem
2526 3942 2824 4011 invehitur,
2863 3951 2919 4000 et
2946 3962 3326 4022 quoscumque
3358 3969 3462 4024 po-

160 4033 427 4101 imolentie,
453 4052 534 4092 ne
558 4038 738 4093 dicam
763 4042 1090 4106 arrogantie,
1122 4045 1309 4093 notam
1337 4039 1574 4092 incurris
1620 4035 1754 4099 Quid
1853 4036 1979 4096 test,
2000 4030 2067 4084 ab
2100 4046 2166 4086 eo
2204 4031 2389 4087 verbis
2414 4038 2469 4088 et
2494 4033 2716 4105 scriptis
2744 4037 2942 4093 avertit
2970 4038 3113 4111 (403)
3179 4041 3465 4102 ltalienses

166 4118 320 4174 dicam
340 4125 401 4179 de
426 4126 693 4190 ﬁdelitate
714 4126 864 4182 beato
887 4132 1039 4182 Petro
1067 4133 1117 4181 et
1166 4126 1315 4181 nobis
1344 4142 1378 4180 a
1408 4132 1458 4181 te
1496 4127 1755 4195 promissa
1858 4131 2048 4181 contra
2079 4125 2467 4198 imperatorem
2500 4128 2799 4198 rebellant;
2833 4130 2951 4203 ipse
2981 4149 3113 4190 vero
3143 4136 3209 4190 ad
3241 4152 3340 4193 eos
3367 4139 3464 4195 de-

169 4215 212 4261 et
231 4214 430 4279 jurata,
470 4215 735 4284 quomodo
781 4230 903 4270 eam
927 4216 1181 4284 observes,
1212 4219 1307 4286 qui
1356 4216 1425 4271 ab
1454 4217 1535 4271 his
1567 4217 1663 4285 qui
1683 4215 1761 4268 dii
1860 4210 2149 4269 bellandos
2178 4214 2385 4270 Italiam
2424 4216 2578 4287 petit.
2602 4215 2796 4273 Contra
2840 4235 3006 4290 quem
3039 4220 3326 4278 ltalienses
3369 4241 3467 4279 ur-

171 4308 280 4354 sunt
306 4311 353 4358 et
380 4307 483 4370 ﬁlii
509 4307 719 4361 Επειδὶ
753 4320 955 4375 omnes,
981 4310 1232 4377 episcOpis
1278 4308 1497 4374 scilicet,
1520 4308 1761 4363 homina-
1861 4303 2028 4358 bibus
2050 4313 2104 4359 et
2134 4304 2377 4360 castellis
2408 4305 2660 4373 munitis,
2693 4324 2753 4362 se
2784 4308 2851 4363 ad
2872 4308 3264 4367 debellandum
3280 4315 3469 4371 accin-

173 4394 302 4456 9mm
325 4401 577 4467 requiris,
605 4400 918 4464 ηάειίιαιενη
944 4403 1135 4467 exigis,
1191 4415 1390 4454 manus
1429 4414 1615 4455 eorum
1642 4414 1764 4454 οοη-
1863 4401 2019 4467 gunt,
2052 4410 2292 4465 eumque
2324 4392 2692 4449 Mediolanum
2710 4396 2984 4453 hostiliter
3000 4398 3333 4456 adheuntem
3357 4418 3466 4457 non

171 4492 379 4541 sea-atas
406 4488 666 4543 manibus
698 4492 803 4543 tuis
851 4492 1099 4556 inuectis,
1148 4495 1199 4543 et
1243 4490 1531 4556 mani/este
1582 4491 1841 4586 factusD
1867 4483 2157 4553 recipiunt.
2191 4482 2492 4554 Imperator
2528 4490 2735 4548 autem,
2767 4487 3094 4561 expugnatis
3152 4487 3473 4545 munitioni-

174 4577 302 4633 ποϋῄ
335 4586 664 4650 contrarius,
691 4584 1059 4638 cardinalij
1088 4600 1123 4637 α
1150 4585 1317 4639 (atere
1341 4590 1521 4639 nostra
1549 4584 1761 4639 άίνεειίε
1780 4574 1832 4586 ⁸
1864 4574 1967 4628 bus
1995 4589 2102 4646 que
2130 4580 2322 4628 contra
2350 4590 2409 4628 se
2440 4580 2621 4642 erant,
2651 4575 3020 4632 Mediolanum
3076 4578 3312 4635 obsidet.
3351 4579 3472 4653 (1b.)

174 4671 458 4724 nonsolum
511 4671 778 4738 ecclesias,
844 4673 933 4725 sed
979 4674 1146 4726 etiam
1200 4674 1441 4726 civitates
1477 4686 1631 4741 regni
1684 4673 1766 4726 tui
1862 4664 2228 4719 Theodericus
2290 4679 2476 4719 comes
2531 4665 2786 4722 Flandrie
2834 4668 3006 4724 tercio
3059 4670 3473 4728 lhcrosolimam

176 4756 397 4813 claudis!
462 4761 722 4829 Resipisce
749 4762 934 4827 igitur,
974 4761 1237 4828 resipisce,
1269 4760 1367 4814 tibi
1416 4763 1765 4824 consulimus,
1866 4754 2006 4827 petit
2051 4768 2174 4808 cum
2207 4752 2400 4809 Sibilla
2429 4755 2684 4829 conjuge.
2730 4756 2858 4811 Post
2906 4758 3140 4829 q'uorum
3172 4759 3474 4817 discessum

176 4851 287 4913 quia
334 4850 461 4904 dum
489 4866 524 4903 a
574 4850 725 4904 nobis
768 4854 1220 4905 consecrationem
1268 4857 1319 4905 et
1360 4865 1614 4906 coronam
1646 4866 1766 4906 me-
1868 4848 2155 4919 Philippus
2207 4844 2353 4902 illius
2406 4862 2596 4902 eorum
2636 4848 2901 4904 adversus
2949 4850 3211 4924 Symonis
3267 4855 3336 4911 de
3363 4855 3477 4913 Oizi

177 4942 349 5006 ruens,
402 4943 536 4997 dum
587 4945 893 4997 inconcessa
922 4948 1127 5011 captas,
1168 4957 1237 4998 ne
1272 4957 1517 4999 concessa
1556 4944 1768 5012 perdas,
1872 4941 1979 4996 sibi
2008 4940 2188 4996 subici
2217 4939 2459 4996 nolentis
2478 4940 2877 4996 contumaciam
2911 4944 3277 5002 edomandam
3324 4963 3482 5005 exer-

181 5035 258 5084 tae
279 5034 542 5088 nobilitati
594 5037 860 5089 timemus.
893 5039 1031 5088 Data
1082 5038 1329 5090 Preneste
1368 5032 1403 5089 8
1460 5035 1573 5089 Kal.
1614 5038 1769 5090 Ju'ii.
1874 5035 2039 5091 citum
2093 5035 2265 5102 ducit,
2315 5041 2370 5089 et
2426 5035 2537 5089 lnci
2601 5035 2883 5091 castellum
2948 5038 3169 5096 obsidet
3227 5048 3286 5097 et
3337 5043 3483 5114 capit

185 5119 504 5195 Rescriptum
551 5126 900 5197 imperatoris
926 5126 993 5180 ad
1026 5125 1303 5181 eundem:
1353 5127 1658 5182 Fredericus
1685 5131 1775 5182 Dei
1873 5135 2063 5183 contra
2118 5125 2448 5182 Ludovicum
2481 5142 2665 5199 regem
2707 5127 3033 5184 Francorum
3092 5132 3391 5190 commotio
3429 5143 3483 5189 et

182 5217 341 5277 gratia
429 5222 792 5272 Romanorum
866 5222 1155 5287 imperator
1228 5232 1433 5288 semper
1484 5226 1769 5288 augustas,
1872 5219 2120 5274 simultas
2142 5218 2357 5274 Henrici
2392 5218 2537 5292 regis
2566 5218 2863 5293 Anglorum
2902 5223 3162 5280 exoritur.

182 5304 398 5362 Adriano
446 5311 659 5365 ecclesie
686 5312 940 5366 catholica
986 5325 1193 5365 summo
1213 5313 1477 5380 pontiﬁci,
1527 5311 1707 5367 omnib

1701 5328 1774 5367 ius
1945 5311 2104 5368 1158.
2324 5310 2378 5368 6.
2559 5310 2648 5367 23.
2904 5315 2959 5370 4.
3146 5318 3232 5373 15.

184 5397 415 5454 adherere
456 5417 557 5472 que
584 5404 719 5472 cepit
745 5406 896 5458 Iesus
940 5404 1119 5469 facere
1145 5409 1197 5458 et
1224 5403 1423 5458 docere.
1459 5408 1563 5458 Lex
1608 5407 1777 5474 justi-
1946 5405 2219 5461 Adrianus
2252 5422 2395 5477 papa
2424 5422 2547 5462 cum
2598 5406 2973 5484 cardinalibus
3001 5410 3116 5466 suis
3145 5402 3491 5471 habito‘con-

185 5485 254 5537 cie
278 5492 564 5561 unicuique
591 5493 726 5560 quod
748 5507 911 5546 suum
938 5498 1014 5547 est
1051 5494 1306 5546 restituit.
1358 5497 1468 5547 Non
1506 5495 1653 5547 enim
1675 5508 1780 5563 pa-
1878 5495 2026 5561 silio,
2058 5493 2410 5549 Fredericum
2455 5494 2865 5567 imperatorem,
2897 5497 2993 5570 qui
3037 5498 3255 5555 vivente
3321 5514 3490 5556 uxore

187 5580 407 5635 rentibus
431 5585 625 5639 nostris
644 5583 979 5651 derogamus,
1006 5584 1283 5652 quibusin
1312 5584 1780 5653 hocregnonostro
1879 5597 1979 5639 sua
2009 5581 2171 5636 aliam
2223 5582 2648 5653 superduxerat,
2707 5585 3168 5654 excommunicat,
3223 5584 3327 5641 sub
3385 5588 3491 5643 hoc

1732 5682 1940 5737 NOTAE.

254 5778 383 5847 1503)
426 5782 670 5840 Imitatur
694 5782 864 5839 verba
894 5782 1159 5859 Sigeberti
1193 5783 1261 5837 de
1292 5782 1553 5856 Gregorio
1596 5781 1708 5850 Vll,
1737 5799 1786 5836 a.
1816 5782 1976 5838 1076.

467 5882 766 5945 PATROL.
819 5882 1014 5947 CLX.

2974 5881 3160 5941 '10
