3876 6208
379 394 484 447 ‘299

1610 372 1948 431 SlGEBERTl
1992 371 2505 429 GEMBLACENSIS.

3613 378 3720 432 300

381 525 631 592 optentu,
680 523 736 572 ut
768 517 1030 588 primates
1063 513 1220 587 regni
1253 510 1408 584 quasi
1435 510 1582 578 justa
1617 523 1681 561 ex
1720 519 1882 559 causa
1906 519 1995 556 ex-
2021 506 2070 573 Α
2099 503 2244 575 regis
2292 502 2590 575 Anglorum
2649 501 2979 558 abbatissam
3028 513 3236 576 raptam
3273 507 3343 562 de
3380 513 3727 568 monasterio

383 606 787 664 communicato
830 603 947 677 regi
1003 601 1400 657 contradicant.
1454 596 1723 673 Adrirgius
1773 608 1914 663 papa
1941 597 1996 644 et

383 713 579 752 omnes
605 693 917 751 cardinales
937 689 1363 759 Romanipreter
1404 691 1638 756 quatuor
1663 679 1995 734 Willclmum

384 803 571 860 regem
605 783 791 839 Sicilie
821 782 888 836 ad
921 779 1265 853 regnandum
1307 776 1360 830 in
1392 774 1544 829 ltalia
1570 778 1760 827 contra
1792 768 1998 823 Frede-

383 859 557 933 ricum
591 877 978 946 imperatorem
1019 871 1271 935 invitant,
1328 866 1495 920 misso
1535 863 1586 918 ei
1637 877 1737 933 per
1775 859 1998 914 Bollan-

385 971 515 1023 dum
567 965 956 1022 cancellarium
988 960 1137 1016 beati
1173 959 1313 1015 Petri
1343 956 1564 1014 vexillo.
1614 953 1749 1008 Huic
1775 951 1998 1006 factioni

387 1074 498 1112 non
529 1060 928 1112 consenserunt
961 1053 1172 1106 [merus
1201 1050 1497 1120 episcopus
1550 1043 1910 1108 Tusculanus,
1946 1048 2000 1095 et

387 1153 712 1207 Octavianus
744 1144 1339 1220 presbytercardinalis
1372 1141 1515 1197 tituli
1547 1139 1742 1192 Sancte
1770 1136 1994 1201 Cecilie,

387 1241 547 1294 \Vido
596 1236 979 1294 Cremonensis
1035 1234 1315 1290 .lohanncs
1369 1230 1437 1283 de
1497 1228 1698 1281 Sancto
1746 1221 1994 1277 Martino.

393 1333 564 1400 (Auct.
602 1327 811 1398 Aquic.)
889 1325 1180 1395 Philippus
1253 1335 1438 1376 eomes
1491 1315 1746 1373 Flandrie
1782 1356 1796 1381 ,
1853 1311 1999 1366 filius

385 1421 732 1487 Theoderici,
773 1419 1021 1474 navalem
1072 1414 1485 1486 expeditionem
1549 1409 1702 1465 ducit
1740 1408 2002 1460 adversus

383 1515 803 1580 Theodericum,
836 1510 1094 1566 comitem
1124 1506 1406 1563 Hollandie
1435 1511 1489 1558 et
1532 1503 1737 1574 piratas
1763 1499 1864 1553 sub
1883 1497 2003 1565 ejus

385 1608 620 1662 tuitione
642 1605 934 1677 degentes,
969 1608 1023 1656 et
1041 1599 1281 1669 acceptis
1309 1594 1598 1652 obsidibus
1625 1593 1799 1649 vietor
1820 1605 2000 1644 rever-

385 1705 534 1768 titur,
567 1709 622 1755 et
649 1701 893 1754 Beverne
914 1695 1210 1752 comburit.

459 1797 619 1850 1159.
735 1794 795 1847 lt.
837 1793 890 1849 7.
1005 1791 1060 1844 F.
1101 1791 1171 1843 24
1308 1789 1366 1842 A.
1411 1788 1460 1841 5.
1576 1784 1636 1838 ll.
1678 1783 1767 1836 16.

2098 591 2190 644 ubi
2223 601 2337 646 erat
2377 593 2487 646 Deo
2518 600 2727 647 sacrata
2755 609 2852 664 per
2871 594 3193 652 violentiam
3221 599 3367 674 regis
3398 600 3726 675 Anglorum,

2098 684 2249 738 ducit
2280 700 2528 751 uxorem,
2563 691 2616 740 et
2670 701 2768 755 per
2795 701 2915 740 eam
2944 687 3157 758 Optinet
3205 691 3529 747 comitatum
3565 693 3730 749 Bolo-

2099 776 2369 831 nienscm.
2405 777 2519 842 Qua
2547 777 2616 831 de
2648 793 2813 832 causa
2845 795 2875 832 a
2905 778 3159 836 Sansone
3209 781 3509 839 Remorum
3552 787 3734 840 archi-

2102 868 2362 940 episcOpo
2390 876 2444 923 et
2486 869 2554 923 ab
2587 869 2708 939 ejus
2745 868 3105 945 suﬂ‘raganeis
3153 875 3413 930 omnibus
3443 877 3726 948 episcopis

2103 959 2607 1014 cxcommunicatus
2651 969 2762 1026 est,
2797 968 2851 1015 et
2882 977 2911 1014 a
2967 969 3121 1032 patre
3152 979 3252 1018 suo
3282 965 3625 1022 Theoderico
3671 973 3729 1021 et

2103 1046 2264 1103 fratre
2305 1048 2560 1120 Philippo
2593 1057 2818 1120 prepter
2871 1051 3160 1106 castellum
3220 1053 3381 1121 Lens,
3425 1057 3575 1126 quod
3625 1058 3733 1111 ad-

2102 1158 2294 1196 versus
2319 1157 2414 1196 eos
2447 1141 2570 1208 jure
2620 1142 2960 1198 hereditario
3020 1146 3325 1216 repetebat,
3384 1148 3616 1203 nimium
3653 1151 3735 1204 in-

2096 1231 2348 1300 juriatus.
2387 1231 2611 1305 Legatio
2641 1247 2738 1302 pro
2771 1233 3228 1288 reconciliatione
3274 1238 3430 1310 regni
3458 1245 3513 1292 et
3547 1255 3742 1294 sacer—

2102 1320 2244 1374 doeii
2273 1336 2422 1374 nunc
2451 1335 2480 1374 a
2509 1336 2640 1393 rege
2673 1320 2947 1376 Ludovico
2991 1323 3321 1379 Francorum
3373 1326 3441 1380 ad
3483 1327 3726 1398 impera-

2105 1420 2274 1466 torem
2312 1412 2612 1467 Romanum
2646 1413 2993 1469 Fredericum
3036 1414 3205 1485 vadit,
3244 1434 3389 1473 nunc
3431 1419 3500 1473 ab
3551 1420 3735 1490 impe-

2103 1507 2282 1555 ratore
2312 1501 2380 1555 ad
2411 1517 2596 1574 regem
2621 1501 2862 1556 vicissim
2881 1503 3042 1558 redit.

2173 1591 2332 1646 1161.
2548 1592 2601 1648 9.
2821 1592 2911 1648 26.
3130 1597 3184 1651 7.
3408 1599 3492 1654 ιε,

2174 1686 2364 1750 (Auct.
2414 1684 2633 1754 Aquic.)
2689 1684 3014 1741 Fredericus
3077 1687 3376 1759 imperator
3435 1691 3715 1746 civitatem

2102 1772 2569 1827 Mediolanensem
2599 1773 2845 1845 quinque
2875 1776 3038 1830 annis
3079 1777 3358 1833 obsessam
3400 1779 3536 1834 vicit
3582 1789 3641 1836 et
3672 1781 3726 1835 in

462 1891 730 1946 Henricus
760 1848 884 1941 Rex'
914 1887 1207 1958 Anglorum
1271 1891 1396 1954 post
1445 1881 1706 1951 adeptum
1774 1889 2003 1948 regnum
2030 1848 2443 1958 Bdeditionem
2477 1862 2659 1936 coegit
2706 1862 2872 1934 (406).
2927 1863 3162 1936 Corpora
3195 1869 3356 1921 trium
3407 1884 3727 1942 magorum,

391 1982 530 2035 ultra
552 1996 611 2034 se
667 1979 863 2041 elatus,
898 1973 1046 2046 quod
1074 1973 1167 2026 diu
1218 1979 1400 2026 mente
1435 1974 1783 2040 conceperat,
1819 1975 2008 2020 contra

395 2068 729 2125 Ludovicum
764 2080 947 2136 regem
979 2062 1308 2117 Francorum
1341 2058 1591 2112 rebellat.
1623 2055 1747 2122 Qui,
1775 2067 2006 2126 congre-

391 2172 520 2237 gato
569 2159 836 2222 exercitu,
865 2153 1212 2226 Aquitaniam
1249 2150 1486 2214 transiit,
1538 2148 1802 2202 eturbem
1842 2144 2007 2199 Tolo-

391 2272 505 2310 sam
529 2253 824 2308 obsidione
872 2249 1060 2304 cinxit.
1119 2247 1229 2300 Rex
1288 2251 1469 2298 autem
1513 2242 1839 2296 Francorum
1879 2253 2002 2292 cum

388 2347 503 2401 suis
525 2343 820 2407 militibus,
847 2339 1165 2410 priusquam
1198 2336 1564 2399 obsideretur,
1596 2332 1868 2386 civitatem
1912 2342 2005 2398 po-

392 2445 570 2494 tenter
604 2436 884 2509 ingressus
931 2439 1032 2494 est,
1063 2436 1118 2483 et
1163 2446 1194 2483 a
1220 2428 1420 2482 comite
1449 2424 1632 2479 Sancti
1675 2421 1848 2496 Egidii
1907 2435 2004 2474 seu

391 2528 606 2584 civibus
631 2541 753 2579 cum
787 2536 984 2594 magno
1016 2519 1221 2594 gaudio
1260 2523 1551 2586 susceptus
1589 2523 1688 2568 est.
1727 2510 1879 2575 Quod
1913 2525 2006 2562 rex

395 2624 693 2695 Anglorum
725 2631 982 2680 cernens,
1022 2622 1077 2667 et
1108 2628 1298 2668 eorum
1321 2608 1674 2665 concordiam
1703 2615 1757 2660 et
1795 2604 2009 2659 stabili-

393 2724 560 2769 tatem
594 2713 804 2778 videns,
857 2706 1115 2772 indoluit,
1158 2705 1477 2772 veritusque
1509 2717 1655 2774 ['0ng
1685 2696 2004 2770 potentiam,

391 2804 648 2860 inel‘ticax
689 2801 871 2856 rediit.
922 2805 1103 2864 (Auct.
1158 2798 1364 2865 Aquic.)
1405 2791 1779 2847 Theodericus
1824 2803 2009 2843 comes

396 2893 661 2949 Flandriae
689 2890 859 2943 tercia
885 2888 1005 2942 vice
1058 2883 1426 2939 Jherosolima
1473 2879 1781 2934 revertitur.
1815 2875 2010 2929 Sibilla

389 2993 572 3040 autem
604 2981 884 3038 eomitissa
924 2977 1127 3031 ibidem
1167 2973 1448 3038 remansit,
1479 2981 1534 3025 et
1564 2970 1751 3023 habitu
1781 2967 2008 3040 religio-

393 3078 478 3130 nis
532 3072 678 3143 apud
709 3072 965 3124 Sanctum
991 3065 1248 3119 Lazarum
1290 3067 1596 3132 assumpto,
1628 3059 1831 3112 ibidem
1871 3073 2005 3111 san-

391 3176 478 3223 cto
519 3165 630 3219 fine
661 3161 870 3234 quievit
899 3159 1066 3229 (MM).

459 3261 618 3326 1160,
837 3257 888 3309 8.
1107 3251 1196 3305 25.
1415 3249 1468 3302 6.
1696 3246 1780 3299 17.

461 3353 703 3408 Adriano
719 3365 859 3421 papa
876 3347 1138 3402 defuncto
1153 3344 1320 3416 (403),
1341 3341 1666 3406 Alexander,
1687 3339 1781 3411 qui
1800 3348 1856 3393 et
1872 3337 2003 3392 Rol-

391 3444 588 3499 landus
612 3438 976 3496 cancellarius
1011 3438 1268 3491 Romana)
1297 3432 1554 3497 ecclesie,
1586 3431 1875 3486 ordinatur
1908 3444 2007 3498 pa-

396 3550 486 3604 pa,
518 3537 641 3602 post
679 3529 900 3583 beatum
951 3527 1168 3580 Petrum
1227 3522 1389 3576 168ιιε
1433 3518 1522 3592 (cf.
1578 3523 1715 3574 Auct
1765 3519 2000 3586 Aquic.).

397 3628 597 3680 Contra
635 3638 799 3695 quem
851 3619 1174 3674 Octovianus
1213 3613 1486 3686 presbiter
1524 3610 1818 3667 cardinalis
1867 3608 2004 3663 tituli

398 3718 594 3772 Sancte
625 3713 849 3781 Cccilie,
881 3717 1136 3783 papatum
1169 3707 1442 3773 ambiens,
1483 3719 1682 3778 magno
1742 3703 2006 3757 seandalo

397 3810 692 3868 universali
747 3807 982 3863 ecclesie
1021 3804 1141 3870 fuit,
1173 3803 1304 3876 quia
1333 3801 1544 3872 prolixa
1576 3800 1716 3854 inter
1742 3814 1840 3854 eos
1864 3813 2004 3852 con-

395 3905 567 3962 tentio
599 3903 762 3958 etiam
803 3915 981 3971 usque
1011 3897 1079 3952 ad
1119 3894 1405 3971 sanguinis
1436 3892 1758 3947 effusionem
1813 3906 2006 3960 proru-

395 4001 493 4071 pit.
537 3995 857 4051 Fredericus
890 3991 1038 4047 enim
1060 3991 1356 4060 imperator
1375 3993 1431 4041 et
1460 3984 1705 4054 episcopi
1740 3981 2004 4036 Teutoni-

391 4092 440 4145 ci
499 4089 582 4143 vel
616 4086 896 4158 principes
926 4082 1280 4138 Octovianum
1325 4079 1379 4131 in
1426 4074 1757 4148 patriarchio
1792 4073 2006 4127 Latera-

393 4178 550 4235 nensi
582 4178 961 4230 immantatum
992 4171 1261 4225 Victorem
1303 4165 1752 4237 appellaverunt;
1778 4161 2006 4215 ltalien-

391 4285 480 4324 ses
503 4283 655 4332 vero,
713 4263 807 4336 qui
840 4270 901 4330 et
953 4258 1324 4332 Longobardi,
1361 4254 1684 4310 Rollandum
1735 4251 2007 4307 cancella-

391 4362 532 4416 rium
565 4365 717 4414 extra
755 4356 981 4410 Romam
1016 4352 1070 4404 in
1101 4353 1218 4405 loco
1243 4349 1334 4420 qui
1385 4351 1734 4415 nuncupatur
1762 4343 2007 4397 Cisterna

392 4451 652 4516 Neronis,
681 4450 734 4503 in
766 4447 992 4520 regione
1024 4443 1214 4508 Siculi,
1269 4443 1752 4500 consecraverunt,
1786 4443 1839 4488 et
1889 4433 2007 4488 Ale-

387 4545 656 4600 xandrum
688 4539 1066 4596 vocitaverunt
1095 4535 1209 4605 (an.
1245 4533 1401 4595 1150,
1455 4531 1598 4599 Sept,
1637 4529 1745 4599 20}.
1780 4527 2005 4580 Alexan-
2031 4570 2087 4638 D

389 4638 488 4690 der
541 4645 596 4689 et
633 4634 814 4688 Victor
859 4631 927 4685 de
977 4633 1182 4700 papatu
1221 4623 1642 4683 contendentes,
1693 4620 1904 4693 legatos
1945 4617 2001 4670 in

391 4729 672 4785 Franciam
713 4727 965 4782 certatim
985 4724 1050 4779 ad
1085 4721 1420 4776 Ludovieum
1443 4732 1629 4790 regem
1661 4721 1714 4770 et
1741 4713 2003 4784 primates

389 4818 545 4892 regni
585 4816 854 4890 dirigunt:
887 4829 1119 4884 quorum
1163 4809 1430 4865 relatione
1461 4805 1516 4859 in
1551 4804 1771 4860 civitate
1811 4801 2002 4855 Belva-

390 4905 542 4963 censi
573 4904 757 4958 audita
787 4902 1163 4958 etexaminata
1186 4899 1354 4970 (λιιι),
1389 4895 1631 4967 prefatus
1659 4909 1752 4948 rex
1783 4899 1835 4945 et
1883 4907 2002 4946 om-

391 5015 492 5054 nes
521 4995 764 5066 episcOpi
825 4993 998 5063 ipsius
1025 4992 1180 5065 regni
1236 4987 1542 5044 Alexandro
1581 5001 1722 5057 pape
1770 5000 1828 5038 se
1871 4982 2002 5037 sub-

392 5091 681 5144 miserunt.
722 5087 889 5141 Porro
962 5083 1289 5139 Fredericus
1347 5082 1647 5152 imperator
1709 5083 1763 5131 et
1807 5090 2003 5130 omnes

389 5179 673 5237 Teutonici
714 5177 914 5233 Victori
941 5175 1414 5246 obtemperabant.
1464 5172 1579 5242 (1b.)
1629 5169 1772 5224 Obiit
1801 5166 2004 5221 Willel—

391 5290 515 5329 mus
553 5270 699 5327 ﬁlius
726 5268 994 5340 Stephani
1034 5268 1178 5339 regis
1215 5265 1432 5338 Anglic,
1465 5277 1651 5319 comes
1691 5259 1918 5315 Bolonie
1952 5265 2006 5313 et

390 5360 606 5432 dapifer
635 5359 783 5433 regis
827 5355 1042 5429 Anglic,
1069 5355 1194 5409 sine
1241 5353 1467 5408 herede.
1501 5350 1907 5406 Mathcusvero
1940 5346 2007 5400 ﬁ-

391 5455 498 5508 lius
539 5449 866 5508 Theoderici
915 5446 1135 5504 comitis
1190 5445 1464 5514 Flandrie,
1521 5442 1686 5498 ﬁliam
1741 5439 2004 5511 Stephani

2034 3193 2083 3261 C

2108 1954 2203 2025 qui
2235 1953 2302 2007 ab
2344 1954 2553 2010 oriente
2586 1955 2641 2008 in
2677 1957 2955 2011 Bethleem
2979 1967 3250 2013 venerunt
3273 1961 3506 2016 adorare
3545 1962 3733 2016 Domi-

2108 2058 2262 2108 num,
2293 2058 2414 2097 eum
2443 2043 2776 2114 quibusdam
2807 2045 3057 2116 reliquiis
3095 2056 3406 2102 sanctorum
3444 2049 3501 2102 in
3531 2049 3731 2103 eadem

2105 2133 2244 2188 urbe
2275 2135 2699 2205 quiescentium,
2728 2153 2760 2190 a
2790 2136 3056 2192 Rainaldo
3103 2138 3452 2210 imperatoris
3506 2141 3734 2196 cancel-

2107 2225 2243 2281 lario
2273 2227 2694 2291 transferuntur,
2723 2229 2856 2282 etin
2893 2229 3085 2299 majori
3131 2231 3368 2286 ecclesia
3407 2232 3604 2286 Sancti
3639 2232 3734 2286 Pe-

2107 2317 2172 2371 tri
2207 2318 2258 2371 in
2292 2317 2427 2370 urbe
2455 2316 2677 2371 Colonia
2692 2317 2954 2373 decenter
2984 2319 3358 2374 reconduntur
3396 2321 3517 2391 (an.
3551 2321 3734 2390 1163}.

2108 2409 2230 2479 (1b.)
2276 2407 2466 2461 Fames
2522 2407 2720 2460 valida.
2769 2408 2978 2462 Sanson
3027 2408 3365 2463 venerabilis
3425 2410 3730 2466 Remorum

2107 2496 2558 2566 archiepisc0pus
2586 2495 2743 2560 obiit,
2775 2505 2829 2550 et
2857 2497 3126 2567 sepelitur
3170 2497 3225 2550 in
3266 2498 3504 2554 cenobio
3537 2499 3727 2572 Ignia-

2109 2589 2261 2645 censi
2295 2589 2453 2658 (107).
2487 2588 2579 2642 Cui
2613 2590 2863 2644 succedit
2898 2589 3160 2644 Henricus
3201 2591 3500 2662 episcopus
3529 2592 3730 2647 Belva-

2109 2682 2312 2746 censis,
2345 2680 2510 2735 frater
2550 2681 2806 2736 Ludovici
2844 2681 3171 2737 Francorum
3205 2681 3369 2755 regis.
3407 2683 3467 2736 In
3509 2685 3740 2754 episco-

2110 2777 2238 2840 patu
2269 2769 2585 2824 Belvacensi
2619 2769 2978 2824 substituitur
3013 2770 3433 2826 Bartholomeus
3475 2773 3735 2827 ecclesiae

2110 2859 2400 2913 Remensis
2463 2857 2911 2912 archidiaconus.
2971 2858 3278 2913 Ludovicus
3338 2875 3434 2914 rex
3491 2860 3728 2916 Franco-

2108 2965 2249 3014 rum,
2283 2948 2569 3020 indignum
2626 2947 2834 3000 ducens
2875 2954 3063 3001 contra
3098 2947 3332 3003 ecclesie
3386 2955 3590 3004 statum
3655 2951 3739 3024 agi

2111 3057 2206 3111 per
2245 3040 2566 3094 violentiam
2619 3038 2966 3108 imperatoris
3017 3039 3309 3105 Frederiei,
3373 3039 3619 3114 legatum
3673 3043 3737 3096 ad

2107 3146 2232 3185 eum
2274 3129 2462 3203 dirigit
2524 3127 2818 3182 Henricum
2853 3128 3108 3183 comitem
3150 3129 3474 3198 Treearum,
3514 3138 3577 3184 ut
3606 3146 3736 3186 eum

2105 3219 2172 3272 ad
2202 3225 2449 3272 mutuum
2480 3223 2746 3272 convocet
2775 3216 3135 3288 colloquium.
3167 3218 3264 3281 Qui
3298 3217 3449 3288 apud
3489 3226 3733 3275 castrum

2105 3314 2299 3380 Gallic,
2332 3315 2480 3385 quod
2511 3313 2704 3368 Divion
2737 3312 2962 3379 dicitur,
2995 3328 3104 3384 quo
3131 3313 3327 3369 inloco
3355 3313 3558 3369 beatus
3583 3333 3733 3371 mar-

2106 3413 2191 3477 tyr
2228 3407 2508 3480 Benignus
2563 3405 2880 3476 requiescit,
2938 3407 3006 3459 de
3050 3421 3187 3476 pace
3221 3406 3514 3462 ctunitate
3543 3416 3739 3464 sancte

2107 3508 2160 3554 et
2228 3498 2552 3553 universalis
2594 3497 2826 3551 ecclesie
2877 3495 3159 3566 loquuturi
3205 3497 3571 3564 conveniunt,
3640 3499 3738 3553 sed

2107 3592 2362 3645 dissensu
2422 3585 2766 3658 quorundam
2803 3585 2924 3639 luce
2960 3585 3113 3654 pacis
3157 3585 3392 3653 turbata,
3437 3586 3612 3642 nichil
3657 3589 3737 3642 di-

2107 3697 2277 3754 gnum
2327 3678 2412 3732 vel
2457 3676 2591 3731 utile
2644 3683 2960 3741 tractantes,
3011 3676 3395 3746 unusquisque
3458 3677 3634 3731 rediit
3680 3677 3743 3731 ad

2107 3776 2335 3834 sua(an.
2365 3768 2525 3835 1162,
2556 3767 2742 3836 Sept.).
2773 3766 3128 3834 Octovianus,
3178 3766 3272 3838 qui
3305 3775 3356 3821 et
3394 3767 3606 3832 Victor,
3643 3785 3735 3839 per

2109 3871 2281 3920 totum
2328 3876 2558 3934 regnum
2597 3859 2864 3913 Frederici
2897 3858 3246 3928 imperatoris
3273 3865 3537 3928 potenter
3586 3860 3741 3915 sino-

2109 3956 2262 4010 dales
2282 3954 2393 4027 agit
2413 3966 2642 4015 causas;
2676 3950 2983 4003 Alexander
3012 3963 3163 4014 vero,
3189 3948 3283 4018 qui
3325 3956 3380 4002 et
3407 3948 3734 4014 Rollandus,

2107 4046 2314 4101 veritus
2343 4043 2653 4114 potenciam
2710 4039 3077 4110 imperatoris,
3123 4038 3396 4114 profugus
3431 4040 3502 4093 ab
3558 4041 3732 4107 Italia,

2109 4149 2334 4190 emenso
2366 4132 2524 4196 mari,
2557 4130 2709 4184 venit
2736 4129 2792 4182 in
2839 4128 3122 4182 Franciam
3155 4130 3268 4196 (an.
3335 4128 3520 4199 “62).
3557 4130 3663 4194 Qui
3707 4148 3736 4182 a

2110 4227 2384 4282 Ludovico
2439 4239 2570 4297 rege
2628 4229 2682 4277 et
2711 4221 3074 4293 Optimatibus
3125 4220 3245 4288 ejus
3291 4219 3539 4293 gloriose
3585 4223 3736 4276 exci-

2110 4318 2276 4388 pitur.

2179 4408 2339 4464 1162.
2522 4404 2608 4459 10.
2792 4402 2884 4456 27.
3105 4400 3162 4454 8.
3385 4402 3472 4457 19.

2181 4509 2360 4574 (Auct.
2400 4501 2618 4572 Aquic.)
2650 4499 2959 4553 Alexander
3005 4514 3149 4569 papa
3191 4497 3428 4552 collecto
3482 4499 3727 4573 generali

2107 4597 2343 4655 concilio
2370 4593 2601 4648 Turonis
2640 4591 2808 4662 (408),
2837 4589 3335 4646 exeommunieavit
3368 4588 3728 4646 Octovianum

2103 4691 2472 4749 scismatieum
2528 4696 2580 4742 et
2637 4685 2961 4740 Rainaldum
3016 4684 3411 4739 Coloniensem
3470 4684 3729 4744 electum,

2105 4785 2578 4856 archiepiscOpum
2655 4794 2876 4851 quoque
2952 4776 3362 4852 Moguntinum,
3444 4777 3729 4849 llugoncm

2107 4881 2268 4938 etiam
2301 4877 2553 4932 abbatem
2588 4873 3028 4933 Cluniacensem,
3062 4886 3182 4924 cum
3239 4869 3580 4940 quibusdam
3629 4869 3728 4924 sci-

2103 4976 2294 5033 smatis
2319 4970 2653 5027 auctoribus.
2699 4967 2758 5020 ln
2817 4982 2926 5037 quo
2969 4965 3206 5020 concilio
3245 4964 3490 5035 quedam
3548 4964 3726 5020 eccle-

2103 5073 2183 5127 sie
2210 5069 2368 5125 utilia
2417 5064 2687 5131 tractavit,
2725 5068 2779 5117 et
2816 5060 3036 5115 decreta
3090 5058 3556 5130 predecessorum
3591 5073 3726 5113 suo-

2104 5177 2222 5216 rum
2263 5154 2546 5213 renovavit
2585 5159 2641 5207 et
2668 5148 3038 5214 confirmavit;
3073 5147 3461 5203 ordinationes
3494 5155 3726 5203 antema

2106 5248 2434 5307 seismaticis
2478 5245 2647 5300 factas
2684 5241 2968 5298 evacuavit
3017 5249 3071 5294 et
3111 5239 3292 5294 irritas
3331 5255 3460 5294 esse
3491 5237 3722 5295 censuit.

2107 5342 2436 5400 Octavianus
2519 5351 2741 5409 quoque
2823 5333 3043 5388 civitate
3107 5331 3464 5399 Treverensi,
3541 5340 3727 5387 tenens

2107 5434 2397 5492 concilium
2431 5447 2555 5487 cum
2599 5428 2878 5500 episcopis
2919 5423 3235 5480 Teutonicis
3280 5429 3334 5477 et
3379 5424 3583 5480 Italicis
3623 5419 3724 5475 sibi

1947 5570 2154 5628 ΝΟΤᾹΞ.

463 5687 605 5758 (404)
655 5686 716 5740 Α.
795 5681 951 5758 116ξ).
1003 5677 1312 5734 secundum
1371 5677 1508 5733 Ann.
1560 5677 1728 5748 Aquic
1788 5683 1841 5729 et
1895 5689 1994 5728 no-

405 5753 674 5814 strum'ad
705 5774 736 5812 a
792 5753 951 5811 1165.

462 5830 608 5900 (406)
641 5831 701 5886 1).
739 5846 752 5882 ι
789 5828 941 5928 Sept.
971 5822 1130 5880 1159.

2177 5667 2328 5741 (ωδ)
2358 5668 2418 5741 p.
2448 5666 2518 5720 26
2549 5664 2702 5741 titan.
2724 5662 2867 5741 1162

2181 5732 2325 5808 l407)
2357 5736 2698 5810 lgny,_dioec.
2724 5732 3030 5810 Remensis.

2170 5802 2320 5883 (408)
2344 5802 2413 5863 ΑῨ
2437 5802 2593 5864 1⁷163.
2628 5807 2683 5860 in
2713 5804 2924 5861 octavis
2954 5802 3342 5857 Pentecostes.
