3876 6208
161 361 238 419 301
1040 359 1393 418 CHRONICA.
1433 389 1503 405 -
1542 360 1975 419 CONTINUATIO
2013 360 2498 429 AQUICINCTINA.
3329 370 3438 430 302

160 481 529 540 adherentibus.
570 482 895 541 Rollandum
942 491 999 541 et
1026 486 1147 555 ejus
1183 503 1454 560 sequaces
1493 488 1725 544 anathe-
1746 491 1805 561 Α
1826 505 1940 546 eros
1961 491 2173 545 ordines
2201 494 2262 546 in
2288 491 2510 546 sabbato
2533 496 2769 560 quatuor
2806 499 3105 563 temporum
3122 497 3193 551 ad
3219 497 3436 554 laudem

158 573 408 629 matizavit.
442 573 727 645 (1b.)0biit
758 574 1060 630 Balduinus
1100 592 1193 632 rex
1227 577 1721 635 Jherosolimorum
1825 585 1915 640 Dei
1939 590 1991 638 et
2019 583 2090 637 ad
2117 584 2368 637 honorem
2398 583 2611 650 unperii
2636 581 2783 650 apud
2815 583 3088 653 Wizeburg
3138 602 3266 641 cum
3287 591 3437 643 omni

157 663 259 718 sine
284 663 494 729 herede,
524 662 667 718 ﬁlius
694 663 950 721 Fulconis
1007 665 1156 740 regis
1200 668 1478 739 quondam
1511 669 1726 725 comitis
1823 682 2094 736 deuotione
2117 681 2485 746 susceperunt.
2512 674 2774 731 Similiter
2817 692 2998 733 omnes
3040 683 3309 751 ινίηοερεε
3353 698 3439 738 ιε..

156 754 543 828 Andegavensis.
584 756 840 812 Succedit
894 756 945 812 ei
988 755 1291 814 Amalricus
1346 757 1514 816 frater
1577 760 1722 831 ejus,
1825 770 2056 835 calores,
2087 766 2202 820 dux
2228 766 2463 821 Saxonis
2488 771 2539 820 et
2590 765 2835 822 Albertus
2888 770 3133 825 marchio
3182 773 3359 826 senior
3385 779 3439 827 et

159 858 317 899 comes
342 843 407 899 de
441 844 637 916 loppe.
946 882 955 891 ι
1821 857 2103 925 palatinas
2130 867 2298 910 comes
2322 856 2385 909 de
2413 856 2609 920 Rheno,
2639 856 2957 924 longravius
3001 864 3053 912 et
3103 859 3298 929 reliqui
3324 875 3441 915 om-

212 933 354 991 1163.
425 935 487 989 Β.
558 935 639 990 11.
717 935 775 990 F.
852 935 944 993 28.
1022 937 1081 993 Α.
1146 938 1199 992 9.
1284 939 1343 995 Η.
1426 942 1475 997 1.

1861 965 1940 1015 es,
1966 963 2125 1018 super
2144 954 2461 1003 sanctorum
2482 947 2738 1017 reliquias
2782 950 2840 1003 id
2874 952 3053 1019 ipsum
3080 954 3436 1021 juraverunt.

214 1027 381 1095 (Auct.
409 1027 627 1100 Aquis.)
679 1027 1052 1085 Theodericus
1077 1045 1265 1086 comes
1304 1030 1724 1087 Flandrensium
1828 1038 2165 1094 Honorabiles
2192 1052 2396 1107 quoque
2422 1038 2585 1106 togati
2633 1041 2769 1107 regis
2816 1041 3005 1109 Anglic
3054 1044 3221 1097 amici
3246 1046 3437 1108 nostri,

158 1128 318 1192 quarto
343 1122 755 1179 Jherosolimam
782 1123 937 1195 petit.
964 1124 1107 1179 Obiit
1136 1125 1334 1195 Gyezo,
1367 1142 1460 1181 rex
1511 1126 1727 1202 Hunga-
1829 1130 1897 1181 ab
1922 1131 2031 1197 ipso
2054 1129 2125 1181 ad
2150 1142 2244 1182 nos
2276 1130 2600 1195 transmissi,
2654 1131 2715 1182 in
2738 1132 3012 1197 presentia
3082 1135 3242 1187 totius
3290 1136 3442 1187 eurie

160 1226 313 1266 rorum
340 1230 355 1277 ;
385 1213 630 1269 succedit
653 1214 964 1286 Stephanus
994 1214 1141 1271 ﬁlius
1170 1216 1311 1286 ejus,
1349 1217 1562 1273 habens
1592 1234 1729 1273 uxo—
1828 1223 2006 1273 nostre
2027 1230 2189 1285 super
2208 1222 2522 1271 sanctorum
2546 1218 2801 1286 reliquias
2826 1232 2897 1272 eo:
2933 1226 3091 1287 parte
3117 1224 3255 1290 regis
3275 1226 3439 1292 jura-

157 1318 250 1357 rem
276 1302 437 1359 ﬁliam
499 1304 712 1362 Henrici
779 1306 1180 1363 Austrasiorum
1231 1309 1588 1377 marchionis,
1629 1310 1724 1382 qui
1825 1312 2038 1373 verunt,
2070 1306 2207 1374 quod
2228 1308 2339 1375 ipse
2364 1319 2462 1360 rea:
2488 1320 2618 1360 cum
2644 1312 2750 1361 toto
2776 1321 2940 1376 regno
2960 1323 3057 1362 suo
3085 1311 3145 1362 in
3162 1316 3322 1378 parte
3341 1325 3438 1366 no—

154 1395 237 1451 fuit
257 1396 408 1453 frater
434 1398 668 1455 Conradi
696 1399 1066 1472 imperatoris.
1084 1402 1261 1475 Gyezo
1278 1403 1446 1460 frater
1474 1405 1725 1474 ejusdem

1861 1399 1941 1447 tra
1967 1394 2196 1457 ﬁdeliter
2217 1393 2404 1459 stabit,
2449 1399 2500 1448 et
2549 1394 2832 1449 dominum
2875 1411 3081 1466 papam
3103 1399 3436 1465 Paschalem,

158 1489 390 1563 Stephani
437 1493 817 1568 Hungarorum
875 1511 1109 1569 regnum
1166 1499 1351 1554 turbat
1391 1506 1448 1554 et
1503 1498 1728 1555 infestat

1863 1503 1984 1543 uem
2006 1503 2102 1544 nos
2128 1491 2441 1553 retinemus,
2474 1489 2753 1545 nobiscum
2781 1491 2999 1559 tenebit,
3027 1500 3079 1547 et
3099 1499 3313 1562 partem
3340 1509 3441 1549 no-

157 1579 439 1648 plurimum,
467 1583 673 1638 auxilio
725 1582 1035 1640 Manuhelis
1082 1585 1432 1657 imperatoris
1459 1586 1730 1644 Constan-

1861 1585 2000 1636 tram
2022 1582 2417 1648 manutenebit,
2447 1588 2500 1637 et
2522 1583 2587 1637 de
2607 1585 2862 1640 Rollando
2880 1588 3181 1641 scismatico
3208 1588 3290 1641 vel
3315 1590 3435 1656 ejus

154 1668 491 1741 tin0politani,
542 1673 701 1743 cujus
753 1673 920 1728 ﬁliam
952 1674 1023 1731 ob
1079 1675 1182 1731 hoc
1225 1674 1456 1733 duxerat
1478 1693 1726 1736 uxorem.
1822 1680 1981 1744 parte
2002 1676 2236 1745 amplius
2259 1690 2314 1729 se
2349 1690 2461 1731 non
2486 1678 2825 1731 ἐπινοιηὶιιϐεο
2880 1681 2977 1732 N05
3022 1676 3320 1751 itaquelde
3345 1685 3442 1734 tua

157 1763 268 1829 (An.
305 1763 450 1829 1164;
503 1765 688 1835 April.
744 1764 856 1833 20).
914 1766 1057 1822 Obiit
1092 1766 1420 1825 Octavianus
1482 1770 1728 1840 pseudo-
1757 1770 2106 1841 ndilectione
2131 1771 2456 1837 et/idelitote
2505 1772 2808 1840 plurimam
2855 1772 3118 1836 ﬁduciam
3168 1774 3440 1841 habentes,

156 1867 292 1923 papa,
308 1855 382 1923 let
427 1855 482 1910 in
533 1856 759 1912 civitate
802 1857 1037 1914 Lucensi
1084 1859 1368 1932 sepelitur.
1408 1861 1569 1919 Wido
1599 1862 1730 1918 Cre-
1755 1855 1808 1884 υ
1830 1865 2158 1919 mandamus
2188 1865 2286 1919 tibi
2330 1868 2593 1921 attentius
2646 1872 2922 1922 monentes
2976 1872 3030 1921 et
3069 1869 3440 1937 precipientes,

156 1943 333 1996 mensis
355 1942 421 1998 ab
447 1944 570 2015 ejus
592 1945 928 2018 sequacibus
955 1947 1198 2023 eligitur,
1239 1957 1295 2004 et
1325 1950 1603 2007 Paschalis
1632 1968 1732 2024 ap-
1830 1957 2091 2023 quatinus
2107 1953 2412 2023 predictum
2429 1957 2833 2023 juramentum,
2891 1957 3029 2023 quod
3078 1970 3174 2011 nos
3220 1960 3443 2026 propria

155 2036 377 2105 pellatur.
407 2038 732 2096 Fredericus
768 2041 1068 2113 imperator
1108 2044 1167 2098 in
1227 2044 1321 2099 die
1359 2053 1727 2116 pentecostes,
1829 2058 2004 2098 manu
2023 2044 2336 2112 juravimus
2363 2057 2545 2099 eorum
2559 2043 2896 2113 principibus
2952 2049 3003 2098 et
3033 2047 3138 2115 ipsi
3168 2048 3439 2115 principes

155 2135 315 2182 coacto
329 2128 560 2184 concilio
610 2131 995 2203 episcoporum
1051 2139 1109 2189 et
1162 2132 1478 2205 principum
1511 2134 1731 2206 imperii
1821 2137 2154 2204 juraverunt
2175 2140 2227 2189 et
2250 2136 2631 2202 ﬁrmaverunt,
2662 2136 3171 2205 ipsecumomnibus
3197 2137 3441 2202 ﬁdelibus

154 2214 223 2268 sui
244 2216 375 2286 apud
391 2216 743 2287 Wiseburch,
773 2219 1141 2276 Alexandrum
1173 2237 1375 2293 papam
1426 2222 1733 2292 abjurando
1832 2227 2048 2279 ecetesie
2077 2227 2329 2293 tuejures
2357 2230 2408 2278 et
2433 2224 2688 2291 observes,
2714 2230 2766 2279 et
2787 2226 3015 2293 singulis
3337 2227 3445 2281 die.

156 2311 433 2381 sesnbjecit
456 2313 728 2370 Paschali.
761 2314 901 2381 Quid
958 2315 1016 2371 in
1074 2316 1170 2373 illo
1196 2316 1434 2374 concilio
1454 2324 1633 2374 actum
1664 2319 1735 2374 sit
1833 2315 1930 2369 bus
1953 2318 2005 2367 et
2017 2314 2167 2381 festis
2196 2315 2256 2367 in
2278 2313 2498 2381 publica
2524 2315 2712 2381 missa,
2741 2317 2884 2369 sicut
2918 2316 3155 2370 edictum
3180 2321 3259 2369 est
3286 2332 3322 2369 a
3352 2330 3445 2370 no-

1755 1814 1808 1884 Β

155 2411 348 2462 testatur
364 2408 600 2479 epistola
646 2408 894 2479 ejusdem
950 2410 1304 2482 imperatoris
1350 2411 1519 2467 missa
1542 2412 1732 2468 abbati
1834 2408 1912 2462 bis
1938 2413 1990 2462 et
2014 2422 2048 2461 a
2067 2405 2422 2475 principibus,
2448 2406 2723 2475 publicam
2771 2410 3070 2462 orationem
3108 2423 3204 2476 pro
3250 2407 3444 2464 domno

155 2496 309 2554 Sancti
336 2499 572 2555 Remacli
622 2498 789 2571 (409).
840 2500 1082 2572 Epistola
1134 2502 1486 2574 imperatoris
1524 2503 1730 2559 Frede-

1861 2514 1969 2567 apa
1992 2498 2239 2551 Paschali
2288 2499 2617 2551 nominatim
2667 2503 2719 2551 et
2766 2498 2979 2553 assidue
3028 2502 3177 2554 intus
3222 2504 3276 2554 et
3311 2500 3444 2565 foris

156 2583 236 2640 rici
281 2587 343 2641 ad
395 2588 653 2644 abbatem
711 2589 895 2644 Sancti
946 2590 1236 2646 Remacli:
1276 2593 1584 2647 Fredericus
1638 2596 1733 2647 Dei
1825 2591 2087 2659 precipias
2114 2590 2354 2643 recitari.
2372 2588 2621 2643 Edictum
2640 2590 2824 2657 itaque
2871 2593 2924 2642 et
2949 2593 3221 2643 statutum
3240 2596 3337 2657 est,
3382 2598 3445 2646 ut

152 2679 300 2742 gratio
322 2680 684 2734 Romanorum
709 2681 1003 2749 imperator
1036 2687 1089 2736 et
1114 2695 1322 2751 semper
1347 2688 1614 2750 augustas
1641 2683 1728 2736 di-
1830 2685 1924 2737 hee
1948 2682 2135 2737 omnia
2139 2683 2459 2750 juramento
2490 2682 2642 2747 infra
2667 2679 3121 2736 seuhebdomadas
3136 2683 3441 2751 complean-

154 2765 257 2821 lecto
300 2770 437 2834 ﬁdeli
475 2786 577 2827 suo
626 2771 696 2826 N.
741 2772 927 2827 abbati
978 2776 1166 2828 Sancti
1208 2775 1442 2829 Remacli
1488 2777 1730 2843 gratiam
1830 2782 1937 2831 tur.
1970 2776 2113 2839 Quod
2139 2777 2187 2829 si
2207 2776 2401 2843 aliquis
2442 2774 2760 2829 clericorum
2799 2774 2879 2828 vel
2928 2776 3319 2829 monachorum
3363 2777 3445 2831 vel

150 2872 281 2914 suam
301 2868 349 2916 et
373 2878 527 2919 omne
549 2864 774 2920 bonum.
799 2867 948 2920 Sicut
975 2868 1123 2920 novit
1147 2867 1356 2922 dilectio
1383 2873 1481 2921 tua
1510 2867 1581 2921 ad
1630 2883 1727 2922 cu-
1826 2871 2091 2925 laioorum
2117 2872 2179 2923 in
2196 2870 2417 2938 imperio
2455 2874 2636 2923 nostra
2661 2870 2788 2923 huic
2811 2869 3213 2934 conﬁrmationi
3238 2876 3293 2925 et
3319 2870 3438 2925 edi-

152 2954 266 3006 riam
297 2957 619 3023 Wizeburch,
649 2972 817 3025 quam
834 2960 896 3011 in
918 2964 1254 3027 pentecosten
1283 2960 1601 3028 indiximus,
1633 2975 1729 3015 nos
1829 2968 1911 3016 cto
1936 2966 2114 3016 nostro
2138 2961 2317 3029 aliquo
2367 2960 2519 3014 modo
2575 2974 2633 3014 se
2679 2960 2983 3029 opponendo
3024 2959 3435 3027 contradixerit,

154 3061 245 3101 una
267 3050 733 3119 cumprincipibus
758 3053 1024 3106 universis
1053 3057 1168 3106 tam
1189 3052 1521 3107 secutoribus
1566 3068 1732 3121 quam
1828 3056 2038 3105 certum
2070 3052 2142 3104 sit
2166 3049 2311 3118 apud
2334 3054 2405 3116 te,
2462 3048 2599 3117 quod
2621 3051 2762 3103 sicut
2808 3048 3245 3118 publicus‘hostis
3267 3052 3360 3105 Dei
3385 3055 3438 3104 et

150 3141 478 3197 ecclesiasticis
508 3144 740 3212 gloriose
802 3148 1168 3201 convenimus.
1228 3146 1320 3200 Ubi
1359 3149 1504 3201 inter
1553 3153 1729 3201 cetera

1861 3141 2041 3209 mperii
2064 3138 2259 3207 absque
2282 3139 2435 3192 omni
2458 3151 2549 3206 spe
2587 3139 3007 3206 recuperationis
3051 3138 3335 3207 judicatus
3359 3144 3438 3193 est

148 3242 305 3291 sancte
326 3204 533 3293 ecclesie
559 3244 791 3305 statum,
821 3245 874 3294 et
909 3242 1162 3310 precipue
1183 3240 1247 3295 de
1295 3243 1509 3309 negocio
1544 3241 1729 3295 ἀοιηηί

1861 3204 2228 3299 tdampnatus
2250 3236 2302 3284 et
2329 3230 2397 3283 ob
2426 3204 2574 3285 omni
2621 3204 2800 3296 ofﬁcio
2850 3235 2902 3284 et
2926 3204 3124 3286 honore
3147 3236 3311 3300 atque
3338 3230 3436 3286 be-

148 3326 382 3380 Paschalis
399 3343 558 3397 papa,
588 3327 818 3396 quodin
845 3328 1089 3384 cordibus
1140 3330 1442 3384 multorum
1491 3330 1727 3384 habeba-
2063 3323 2382 3377 destitutus.
2449 3324 2673 3377 Litteras
2732 3322 2947 3390 quidem
2996 3326 3290 3378 vocationis
3344 3323 3444 3377 tibi

150 3418 225 3469 tur
244 3417 472 3487 dubium,
505 3422 909 3475 communicato
933 3422 1153 3477 oonsilio
1178 3424 1555 3476 universorum
1569 3425 1728 3492 prin-
1831 3417 2251 3481 transmisimus,
2281 3420 2351 3481 et,
2379 3415 2509 3482 quia
2565 3413 2862 3469 secundum
2905 3415 3258 3483 prudentiam
3286 3420 3444 3469 tuam

147 3512 298 3578 cipum
320 3518 636 3570 “omnium
650 3515 969 3570 clericorum
999 3521 1160 3585 atque
1210 3517 1477 3571 ιαίοονιιῃι
1504 3519 1599 3585 qui
1623 3518 1725 3570 ad-
1826 3505 1975 3561 nobis
2003 3508 2064 3559 in
2086 3508 2242 3560 curia
2266 3505 2421 3558 valde
2459 3508 2792 3560 necessarius
2817 3507 3030 3573 fuisses,
3083 3506 3221 3575 quod
3269 3506 3447 3560 littere

147 3607 292 3668 erant,
326 3604 553 3667 Mter
603 3608 657 3658 ει
700 3606 990 3673 magniﬁce
1027 3606 1397 3661 roboravimus
1425 3623 1444 3674 ;
1477 3609 1727 3661 invocata
1826 3600 2004 3649 nostro
2030 3595 2100 3648 ad
2127 3601 2178 3648 te
2198 3608 2308 3648 non
2331 3600 2693 3662 pervenerunt
2740 3595 2895 3648 valde
2930 3595 3187 3649 dolemus.
3218 3597 3447 3649 Interim

145 3692 281 3745 etiam
299 3698 471 3750 sancti
495 3695 736 3765 Spiritus
763 3698 943 3764 gratio
968 3697 1230 3752 damnum
1251 3713 1455 3767 papam
1484 3700 1726 3753 Pascha-
1828 3692 1889 3743 in
1905 3688 2154 3759 partibus
2200 3689 2306 3741 luis
2365 3692 2608 3741 nostram
2632 3690 2961 3754 presentiam
2982 3690 3275 3756 prestolare
3304 3706 3324 3756 ;
3364 3688 3448 3743 ibi

146 3779 230 3834 lem
252 3787 468 3843 iulium;
490 3788 719 3843 modum
771 3789 1129 3845 stabilivimus
1182 3797 1234 3845 ει
1262 3792 1729 3857 conﬁrmavimus,
1832 3783 1978 3836 enim
2017 3794 2144 3835 cum
2189 3779 2470 3832 viciniores
2520 3780 2743 3843 erimus,
2796 3780 2845 3832 si
2893 3779 3023 3846 quid
3079 3781 3303 3847 justicie
3341 3776 3445 3832 tibi

147 3873 260 3937 quod
282 3889 369 3930 nos
638 3892 814 3932 manu
842 3883 1029 3933 nostra
1056 3894 1215 3949 super
1263 3885 1580 3935 sanctarum
1598 3880 1731 3934 reti-
1831 3871 2083 3938 defuerit,
2133 3882 2232 3937 per
2258 3868 2443 3921 omnia
2486 3863 2882 3935 complebimus.
2930 3866 3070 3921 Vale.
3103 3864 3240 3921 Huic
3264 3864 3444 3935 impe-

150 3967 277 4031 qlu'as
297 3970 502 4037 publice
517 3974 910 4040 juramentum
959 3973 1207 4041 fecimus,
1269 3974 1409 4043 quod
1455 3973 1522 4029 de
1564 3978 1735 4028 cetero

150 4058 434 4117 Rollandum
456 4066 835 4119 scismaticum
862 4080 1150 4135 nunquam
1168 4081 1269 4135 pro
1306 4082 1453 4135 popa
1508 4067 1735 4135 recipie-

152 4158 268 4213 mus,
295 4153 404 4204 etsi
420 4154 532 4220 ipse
547 4153 847 4220 decesserit,
870 4157 987 4223 ejus
1014 4168 1392 4223 successorem,
1420 4168 1578 4224 quem
1604 4169 1734 4223 pars

151 4237 343 4294 adversa
388 4242 700 4311 substituet,
767 4245 1035 4311 similiter,
1086 4260 1332 4315 unquam
1396 4247 1730 4314 recipiemus.

152 4328 384 4385 Damnum
408 4348 533 4388 vero
558 4334 872 4390 Paschalem
888 4350 1092 4404 papam
1139 4336 1204 4390 de
1229 4341 1399 4392 cetero
1424 4338 1568 4392 sicut
1604 4338 1736 4391 uni-

148 4424 376 4478 uersalem
398 4433 453 4481 et
478 4427 810 4482 catholicum
831 4434 1045 4498 patrem
1080 4444 1207 4484 cum
1233 4429 1531 4484 obedientia
1570 4435 1623 4485 et
1652 4430 1743 4484 ho-

1836 3961 2030 4017 ratoris
2057 3968 2168 4015 tam
2208 3956 2501 4014 temerario
2550 3957 2866 4025 juramento
2915 3969 3112 4011 omnes
3169 3954 3447 4025 archiepi+

1834 4053 1989 4126 scopi
2010 4061 2066 4110 et
2097 4051 2345 4125 episcOpi
2389 4067 2489 4106 seu
2538 4050 2771 4106 ahbates
2823 4049 2909 4106 vel
2965 4048 3249 4120 principes
3276 4048 3448 4104 totius

1835 4147 1992 4221 regni
2022 4144 2461 4208 subscribebant,
2493 4148 2547 4199 et
2566 4142 2715 4197 idem
2737 4141 3114 4212 juramentum
3146 4139 3439 4195 faciebant.

1836 4240 2016 4312 Aliqui
2041 4245 2223 4294 tamen
2253 4253 2443 4294 eorum
2491 4236 2658 4293 corde
2697 4235 3005 4291 Alexandro
3035 4249 3178 4306 papa
3209 4232 3451 4289 adhere-

1847 4328 2000 4383 bant.
2049 4327 2160 4382 Hac
2187 4326 2257 4383 de
2319 4342 2485 4382 causa
2534 4326 2589 4380 in
2640 4324 2935 4380 universali
2995 4323 3234 4379 ecclesia
3274 4320 3453 4377 oritur

1846 4435 2011 4494 grave
2036 4417 2380 4483 scandalum,
2411 4424 2465 4472 et
2509 4416 2566 4471 in
2615 4430 2786 4490 regno
2832 4414 3080 4490 augescit
3133 4411 3451 4482 discidium,

151 4523 259 4564 nere
282 4520 328 4567 et
1766 4478 1974 4566 Dtutum
2008 4511 2144 4566 alter
2181 4478 2413 4564 dissidet
2459 4509 2527 4563 ab
2560 4478 2755 4575 altero,
2814 4514 2869 4562 et
2892 4478 3032 4562 aylter
3070 4478 3454 4561 excommuni;

151 4603 340 4672 εἰιασυθ
360 4613 520 4675 parte
548 4623 839 4676 nunquam
887 4608 1210 4675 recedemus,
1241 4608 1503 4677 quamdiu
1526 4610 1639 4678 ipse
1663 4611 1742 4663 vi-

153 4695 222 4742 vet
243 4698 291 4745 et
315 4710 406 4750 nos
432 4700 695 4752 vivemus.
722 4699 780 4750 Si
807 4703 992 4752 autem
1018 4711 1113 4752 nos
1137 4696 1207 4752 ab
1233 4698 1337 4752 hoc
1357 4699 1470 4751 vita
1499 4697 1742 4752 decedere

151 4785 423 4853 contigerit,
452 4795 638 4844 noster
663 4802 952 4856 successor,
982 4803 1140 4859 quem
1190 4792 1463 4858 principes
1500 4792 1741 4852 universi

149 4869 469 4943 substituent,
503 4878 653 4932 hunc
674 4878 933 4933 honorem
946 4880 1162 4947 imperii
1171 4884 1223 4933 et
1246 4879 1390 4933 hanc
1413 4883 1630 4948 partem
1653 4893 1744 4935 no-

150 4966 300 5018 stram
320 4968 420 5023 sub
439 4969 949 5039 eodemjuramento
983 4970 1223 5026 tuebitur
1252 4985 1458 5041 semper
1477 4977 1639 5041 atque
1674 4979 1746 5026 te—

151 5052 294 5108 nebit.
323 5060 430 5112 Hoc
456 5059 599 5113 idem
620 5062 1005 5129 juramentum
1050 5075 1231 5116 omnes
1289 5063 1673 5131 archiepiscopi
1695 5069 1746 5117 et

151 5145 354 5216 episcopi
364 5155 415 5203 et
438 5151 593 5205 electi
617 5154 714 5220 qui
735 5153 1057 5220 intererant,
1088 5167 1317 5209 numero
1356 5154 1743 5223 quadraginta,

1840 4609 1997 4658 catur
2022 4601 2091 4656 ab
2120 4601 2311 4656 altero.
2372 4599 2446 4654 Ea
2484 4605 2810 4671 tempestate
2869 4596 3105 4653 ecclesia
3155 4594 3456 4652 scindeba-

1839 4697 1947 4758 tur,
1993 4697 2049 4746 et
2092 4689 2347 4746 navicula
2427 4688 2570 4743 Petri
2626 4685 2974 4763 gravissimis
3025 4682 3452 4757 opprimebatur

1839 4781 2121 4839 ﬂuctibus.

1918 4876 2075 4932 1164.
2261 4873 2347 4929 i2.
2528 4872 2621 4928 29.
2801 4871 2891 4926 20.
3114 4870 3170 4926 2.

1918 4969 2042 5039 (An.
2071 4965 2256 5035 1165.)
2308 4963 2635 5020 Fredericus
2675 4962 2979 5036 imperator
3008 4962 3190 5020 natale
3239 4961 3460 5019 Domini

1847 5057 1905 5113 in
1925 5056 2137 5129 palacio
2191 5069 2293 5111 suo
2347 5052 2648 5110 celebravit
2704 5052 2893 5125 Aquis,
2924 5051 2994 5107 ad
3041 5052 3204 5121 cujus
3248 5050 3458 5107 curiam

1846 5166 2042 5207 omnes
2055 5148 2348 5221 optimates
2373 5146 2543 5202 totius
2572 5146 2779 5219 regni,
2832 5144 2950 5201 sive
2979 5144 3339 5202 ecclesiastici
3361 5158 3465 5200 seu

152 5245 293 5300 super
311 5245 505 5293 sancta
532 5242 623 5294 Dei
647 5242 926 5309 evangelia
948 5258 1124 5299 manu
1141 5246 1363 5313 propria
1382 5246 1749 5314 unusquisque
1847 5242 2145 5309 seculares,
2171 5240 2241 5296 ab
2267 5239 2389 5311 ipso
2418 5237 2722 5295 submoniti
2742 5244 3144 5305 convenerunt,
3178 5244 3235 5293 et
3261 5251 3466 5309 corpus

155 5322 240 5376 sub
263 5327 392 5381 stola
413 5344 522 5384 sua
545 5332 789 5397 fecerunt
813 5338 866 5387 et
886 5333 1101 5403 publice
1159 5336 1539 5400 ﬁrmaverunt.
1588 5339 1655 5389 Et
1682 5335 1752 5389 ad
1852 5332 2234 5391 domniKaroli
2255 5329 2921 5408 Magniimperatoris,qui
2943 5330 3000 5385 in
3031 5329 3265 5386 basilica
3286 5328 3455 5384 beate

154 5418 512 5473 movendam
539 5435 633 5489 pro
656 5426 815 5490 parte
839 5428 1025 5478 nostra
1046 5436 1262 5479 omnem
1315 5424 1748 5493 ambiguitatem,

1851 5422 2018 5479 Marie
2044 5437 2267 5494 semper
2291 5419 2527 5495 virginis
2578 5420 2925 5493 quiescebat,
2975 5419 3048 5475 de
3075 5417 3293 5475 tumulo
3319 5431 3467 5472 mar-

160 5512 323 5561 omnes
348 5508 523 5576 electi,
560 5512 772 5578 primus
799 5512 1139 5580 Coloniensis,
1191 5513 1381 5567 deinde
1432 5515 1614 5581 ceteri,
1667 5528 1751 5568 sa-
1853 5526 2040 5568 moreo
2069 5510 2335 5576 levantes,
2367 5509 2425 5567 in
2454 5508 2653 5566 locello
2693 5509 2878 5582 ligneo
2908 5508 2967 5564 in
2996 5507 3183 5564 medio
3214 5502 3465 5576 ejusdem

1700 5619 1909 5677 NOTAE.

224 5720 360 5803 μορ)
391 5724 457 5781 Cf
479 5724 657 5785 Mons.
686 5728 854 5803 Legg.
880 5745 947 5803 ⁸ιι,
974 5730 1098 5787 155.
1154 5728 1408 5803 Ceterum
1453 5728 1748 5803 consilium

166 5786 609 5871 Wirceburgense
661 5786 834 5874 atque
880 5786 1022 5858 hanc
1057 5786 1366 5875 epistolam
1400 5786 1581 5859 Vada.
1629 5786 1767 5858 1165

1862 5727 2143 5802 pertinere
2176 5733 2413 5785 constat.
