3876 6208
387 401 489 457 303

1601 376 1941 435 SIGEBERTI
1983 371 2492 428 GEMBLACENSIS.

3613 380 3719 435 304

388 522 616 579 basilice
633 521 1017 592 reposuerunt.
1047 517 1138 585 (Α.
1161 515 1380 582 Aqm’c.)
1412 507 1493 563 lbi
1521 507 2003 578 Philippuscomes
2028 504 2078 572 Α
2100 515 2218 553 mas
2237 500 2683 570 archiepiscopus
2712 501 3143 567 Cantuariensis,
3195 519 3295 574 pro
3343 504 3600 561 libertate
3627 521 3722 561 ec-

385 612 643 669 Flandrie
676 625 800 665 cum
853 621 1056 679 magno
1107 603 1341 658 militum
1373 598 1619 654 exercitu
1651 596 1825 662 affuit,
1857 593 2002 648 etab

388 706 722 776 imperatore
773 700 1122 755 Cameracum
1168 693 1500 764 suspiciens,
1535 691 1693 744 hamo
1723 688 1842 756 ejus
1873 684 2005 739 affe-

389 805 512 852 ctus
544 801 646 863 est,
679 799 734 846 et
759 804 1010 862 magnam
1041 800 1230 857 pacem
1256 779 1663 836 tlandrensibus
1695 783 2001 848 perterram

393 884 744 958 imperatoris
770 881 939 937 eundi
961 895 1024 934 ac
1047 875 1315 932 redeundi
1337 871 1595 928 obtinuit.
1627 869 1777 924 Idem
1800 884 1832 922 a
1856 865 2005 922 curia

391 956 702 1037 revertens,
732 969 912 1025 statim
945 967 1087 1038 patri
1120 961 1576 1020 suoTheoderico
1592 957 1804 1022 comiti,
1834 956 2003 1011 albe-

391 1067 654 1123 rosolima
694 1060 1013 1126 revertenti,
1042 1058 1258 1113 obviam
1303 1051 1670 1126 proficiscitur
1708 1051 1872 1120 (410).
1908 1048 2005 1101 Sa-

392 1159 706 1233 lahadinus,
731 1155 991 1227 princeps
1009 1149 1202 1205 militie
1234 1146 1491 1202 Noradini
1543 1145 1689 1218 regis
1738 1141 2002 1204 Damasci,

398 1269 523 1307 cum
553 1265 753 1324 magna
781 1247 1076 1300 Turcorum
1118 1241 1610 1296 etSarracenorum
1632 1234 2004 1298 multitudine,

401 1321 673 1413 Egyptuni
697 1336 803 1391 sibi
830 1328 1566 1406 subjugaturusingreditur.
1600 1323 1874 1380 Soldanus
1904 1321 2008 1394 igi-

393 1447 480 1492 tur
501 1430 823 1502 Babylonie,
851 1429 946 1500 qui
971 1433 1025 1482 et
1055 1443 1150 1481 rex
1181 1423 1396 1498 Egypti,
1441 1422 1512 1476 de
1541 1436 1641 1475 sua
1670 1430 2007 1485 suorumque

393 1527 591 1581 virtute
623 1521 906 1586 diffidens,
937 1517 1265 1572 Amalricum
1286 1529 1471 1588 regem
1505 1509 2006 1569 lherosolimorum,

393 1615 628 1672 consilio
657 1629 779 1668 cum
809 1611 924 1665 suis
954 1609 1168 1674 habito,
1201 1606 1440 1677 quesivit
1461 1603 1568 1658 sibi
1599 1602 2012 1670 adjutorem.ea

392 1701 733 1767 conditione,
772 1707 833 1753 ut
862 1698 942 1752 illi
972 1711 1215 1751 annuum
1241 1693 1580 1764 persolveret
1632 1689 1923 1755 tributum,
1955 1695 2010 1741 et

392 1790 722 1847 christianos
750 1787 843 1859 qui
884 1785 1089 1856 captivi
1142 1783 1475 1838 tenebantur
1513 1781 1769 1836 liberaret
1802 1793 1902 1848 per
1933 1783 2009 1831 to-

2103 592 2285 646 clesiae
2325 593 2632 656 decertans,
2655 592 2723 646 ab
2745 593 2866 663 ipso
2891 594 3182 652 exilialur:
3217 595 3478 666 quimare
3502 594 3720 649 Britan-

2104 685 2288 740 nicum
2337 686 2630 751 transiens,
2691 701 2723 738 a
2771 685 3048 741 Ludovico
3067 703 3195 758 rege
3238 687 3575 743 Francorum
3610 695 3716 742 tam

2105 779 2302 833 devote
2332 794 2493 848 quam
2515 778 2758 852 benigne
2783 779 3107 849 suscipitur.
3130 779 3503 836 Godescalcus
3542 780 3724 835 Attre-

2105 871 2347 926 batensis
2371 870 2683 941 episcopus,
2714 870 3031 926 infirmitate
3061 872 3258 943 capitis
3285 880 3567 948 gravatus,
3599 872 3721 944 epi-

2105 970 2390 1035 scOpatum
2432 963 2661 1030 dimisit,
2687 963 2773 1019 cui
2804 964 3071 1020 successit
3100 965 3343 1020 Andreas
3371 965 3603 1037 quidam
3630 964 3727 1019 ab-

2109 1054 2207 1108 bas
2229 1054 2298 1108 de
2337 1053 2532 1107 ordine
2556 1053 2926 1107 Cisterciensi.

2185 1147 2318 1200 t165
2451 1146 2508 1200 Β.
2559 1145 2638 1201 13.
2757 1147 2811 1199 F.
2857 1147 2944 1200 30.
3050 1148 3111 1200 A.
3161 1148 3240 1202 11.
3339 1147 3402 1201 II.
3447 1149 3480 1201 3

2179 1236 2485 1290 Alexander
2548 1251 2711 1306 papa,
2753 1253 2784 1290 a
2835 1235 3096 1290 Romanis
3153 1244 3345 1291 contra
3366 1237 3720 1293 Fredericum

2112 1331 2494 1399 imperatorem
2529 1326 2807 1394 invitatus,
2862 1327 3086 1383 Francia
3127 1329 3334 1394 relicta,
3398 1329 3456 1383 in
3508 1329 3721 1383 Italiam

2111 1418 2419 1483 revertitur,
2451 1425 2504 1471 et
2531 1416 2585 1470 in
2614 1417 2704 1471 die
2732 1417 3042 1472 festivitatis
3069 1419 3243 1473 sancti
3268 1418 3727 1490 Clementispape

2111 1515 2165 1562 et
2205 1506 2453 1576 martyris
2494 1509 2657 1576 (Νου.)
2701 1507 2869 1560 missa
2917 1506 3064 1577 apud
3118 1507 3338 1561 beatum
3397 1507 3637 1574 Petrum,
3670 1509 3724 1562 in

2113 1601 2284 1656 Roma
2312 1601 2608 1667 Leoniana,
2641 1599 2710 1654 ab
2737 1600 2858 1671 ipso
2906 1600 3236 1656 celebratur.
3294 1601 3596 1657 Paschalis.
3627 1602 3724 1673 qui

2110 1696 2164 1744 et
2191 1689 2368 1754 \Vido,
2403 1689 2542 1744 alter
2579 1705 2742 1760 papa,
2776 1689 2828 1742 in
2860 1690 3078 1744 civitate
3099 1689 3253 1745 ltalie
3280 1707 3388 1762 que
3417 1691 3724 1746 Bilerbium

2110 1779 2512 1834 dicilursedem
2544 1778 2650 1833 sibi
2673 1778 3048 1850 episcopalem
3108 1781 3318 1845 statuit,
3371 1789 3426 1834 et
3478 1781 3730 1851 potentia

395 1894 506 1942 tam
549 1886 840 1958 Egyptum.
877 1882 970 1936 His
1007 1879 1425 1938 conditionibus
1473 1893 1568 1932 rex
1626 1871 2461 1959 llieresolimo-Bimperatoris
2510 1871 2696 1938 fultus,
2757 1871 3082 1944 peregrinos
3123 1888 3219 1927 seu
3261 1880 3605 1927 mercatores
3659 1873 3728 1926 de

394 1995 516 2033 rum
545 1991 834 2032 assensum
875 1973 1114 2046 prebuit,
1148 1979 1204 2026 et
1246 1970 1566 2026 Boamundo
1615 1965 1852 2038 principi
1885 1968 2002 2018 An-

393 2073 676 2137 thioceno,
703 2077 941 2143 cognato
967 2083 1091 2134 suo,
1158 2065 1356 2121 tradita
1387 2080 1515 2120 cura
1559 2063 1713 2135 regni
1744 2061 1850 2127 sui,
1880 2075 2004 2114 cum

395 2167 640 2224 exercitu
666 2167 846 2222 valido
875 2165 929 2220 in
961 2163 1220 2219 auxilium
1243 2159 1558 2233 properavit
1616 2159 1762 2232 regis
1789 2155 2002 2230 Egypti.

392 2257 508 2321 Quo
537 2264 821 2325 comperto
851 2252 1163 2307 Noradinus
1195 2267 1284 2305 rex
1322 2249 1588 2314 Damasci,
1617 2245 1866 2301 collectis
1896 2260 2004 2298 un-

394 2349 707 2418 decumque
735 2345 1039 2400 inﬁdelium
1075 2344 1301 2418 regibus
1338 2350 1392 2397 et
1434 2340 1675 2412 populis,
1718 2337 2004 2392 castellum

394 2438 661 2509 principis
732 2435 1362 2501 Anthiocheni,llarenc
1441 2433 1685 2494 nomine,
1761 2428 2000 2484 obsedit.

395 2529 657 2600 Princeps
697 2535 878 2583 autem
934 2527 1324 2588 Antiochenus,
1403 2523 1698 2579 contractis
1759 2521 2006 2591 undique

392 2617 624 2682 viribus,
653 2632 912 2692 egressus
960 2613 1307 2679 Anthiochia,
1360 2629 1537 2683 usque
1607 2612 1673 2665 ad
1722 2610 2006 2665 castellum

394 2727 522 2767 cum
549 2726 652 2766 suo
671 2710 916 2766 exercitu
937 2709 1119 2763 salvus
1161 2708 1428 2778 pervenit.
1485 2705 1640 2761 Turci
1674 2709 1828 2774 [vero
1857 2703 2007 2759 obsi-

396 2806 564 2861 dione
595 2805 805 2870 relicta,
835 2819 948 2859 non
987 2803 1149 2876 longe
1177 2819 1208 2857 a
1256 2802 1485 2857 castello
1529 2803 1671 2856 inter
1725 2799 2010 2871 angustias

393 2899 760 2955 substiterunt
790 2899 1053 2953 locorum.
1107 2898 1365 2966 Princeps
1418 2905 1600 2950 autem
1634 2893 2010 2948 Antiochenns

395 2990 567 3045 altera
589 2987 680 3042 die
705 2987 910 3042 Turcos
939 2986 1288 3058 insequutus,
1320 2983 1616 3038 infeliciter
1645 2998 1766 3036 cum
1799 2981 1880 3036 eis
1908 2998 2010 3052 pu-

397 3077 605 3152 gnavit,
635 3075 709 3130 ita
739 3083 798 3130 ut
832 3074 1016 3128 nullus
1039 3090 1102 3128 cx
1130 3074 1212 3127 eis
1251 3072 1365 3127 fere
1394 3071 1673 3132 evaderet,
1709 3069 1815 3123 nisi
1847 3085 2010 3139 quem

396 3164 663 3220 fortitudo
695 3163 826 3234 equi
855 3173 951 3217 aut
979 3179 1137 3217 casus
1182 3161 1384 3232 aliquis
1434 3159 1659 3229 eripuit.
1697 3158 1896 3229 Captus
1934 3167 2015 3212 est

2107 1969 2251 2017 terra
2281 1962 2609 2016 Francorum
2661 1977 2757 2032 per
2815 1961 3024 2016 Italiam
3068 1969 3422 2017 transeuntes
3454 1962 3643 2016 turbat
3672 1971 3726 2017 et

2106 2056 2460 2126 depredatur.
2494 2055 2646 2120 Quod
2681 2054 2834 2109 multi
2865 2055 3143 2122 timentes,
3170 2056 3300 2110 licet
3329 2055 3514 2120 inviti,
3548 2055 3729 2126 ipsum

2105 2145 2409 2201 adorabant
2439 2153 2494 2200 et
2522 2145 2736 2219 magnis
2751 2144 3072 2198 muneribus
3091 2143 3458 2199 honorabant.
3490 2143 3730 2198 Alexan-

2105 2237 2204 2293 der
2232 2253 2394 2308 papa,
2425 2237 2698 2292 Romanos
2725 2234 3255 2305 habenssuspectos,
3287 2235 3354 2288 ad
3379 2235 3729 2289 Tusculanos

2105 2345 2164 2383 se
2194 2330 2445 2384 contulit.
2470 2328 2768 2394 Paschalis,
2799 2327 2892 2398 qui
2933 2335 2988 2380 et
3013 2326 3193 2392 Wido,
3213 2326 3514 2396 assumptis
3529 2343 3723 2382 secum

2110 2422 2456 2493 imperatoris
2501 2420 2665 2490 (410).
2698 2419 2996 2473 Cisternam
3052 2419 3286 2474 Neronis
3337 2419 3435 2472 ubi
3491 2420 3734 2474 Alexan-

2110 2516 2208 2568 der
2237 2530 2377 2586 papa
2400 2513 2574 2567 fuerat
2602 2517 2974 2576 consecratus,
3008 2517 3175 2566 totam
3233 2518 3375 2566 terre
3408 2513 3728 2583 coeqnavit.

2109 2605 2295 2674 (Auct.
2326 2607 2531 2674 Aquis.)
2555 2603 2838 2674 Philippus
2866 2618 3055 2658 comes
3082 2601 3358 2668 Flandrie,
3388 2609 3443 2656 et
3473 2602 3730 2657 Matheus

2107 2705 2275 2760 frater
2300 2702 2420 2772 ejus
2448 2716 2635 2756 comes
2669 2699 2912 2764 Bolonie,
2945 2707 3000 2752 et
3031 2696 3358 2753 Godefridus
3416 2697 3530 2751 dux
3563 2697 3736 2753 Lova-

2109 2794 2340 2860 niensis,
2364 2808 2486 2847 cum
2510 2799 2722 2860 septem
2756 2788 2868 2842 fere
2899 2787 3120 2841 milibus
3151 2787 3374 2840 navium
3406 2787 3731 2857 expeditio-

2111 2899 2237 2937 nem
2288 2889 2508 2936 movent
2546 2879 2809 2932 adversus
2846 2876 3242 2932 Theodericum
3283 2877 3549 2931 comitem
3593 2877 3728 2932 Hol-

2111 2975 2294 3028 landie
2329 2988 2529 3043 ;quem
2570 2971 2624 3024 in
2692 2969 3030 3024 deditionem
3087 2968 3403 3023 venientem
3437 2985 3564 3023 cum
3606 2970 3732 3024 suis

2114 3077 2301 3117 comes
2323 3059 2574 3113 Flandrie
2606 3057 2814 3111 diutius
2844 3057 3022 3111 tenuit
3051 3057 3107 3110 in
3138 3056 3479 3127 captivitate.
3513 3059 3646 3128 (ιδ.)
3680 3060 3735 3112 In

2117 3157 2373 3211 Gandavo
2406 3154 2585 3208 infans
2613 3160 2773 3206 natus
2799 3159 2883 3206 est
2920 3152 3080 3205 trinm
3140 3152 3411 3221 capitum,
3446 3152 3741 3207 habensin

397 3253 680 3325 princeps,
711 3257 958 3306 retentus
979 3258 1064 3306 est
1093 3258 1148 3304 et
1176 3264 1361 3304 comes
1383 3249 1640 3319 Tripolis,
1671 3265 1794 3303 cum
1827 3247 2015 3302 multis
2038 3237 2087 3305 C
2117 3251 2258 3306 collo
2288 3247 2516 3304 caudam
2554 3245 2802 3317 pecudis.
2829 3244 3094 3298 Similiter
3147 3244 3202 3298 in
3234 3243 3364 3298 villa
3393 3245 3574 3300 sancti
3595 3245 3741 3301 Petri

399 3345 526 3400 aliis
543 3362 558 3411 ;
573 3343 668 3399 alii
691 3344 1004 3414 capiuntur,
1025 3342 1114 3396 alii
1133 3343 1550 3397 detruncantur.
1571 3339 1727 3394 Turci
1744 3341 1811 3394 ad
1824 3341 2017 3395 castel-

400 3440 516 3495 lum
541 3439 753 3493 Harenc
767 3444 1356 3499 revertentes,summa
1370 3452 1492 3491 cum
1507 3434 1853 3489 festinatione
1882 3434 2014 3488 illud

400 3527 762 3584 obtinuerunt
795 3531 888 3591 ;et
918 3541 982 3580 ex
1014 3525 1268 3594 pactione
1308 3523 1547 3578 debilem
1581 3524 2016 3588 multitudinem,

403 3625 512 3674 tam
541 3617 857 3683 mulierum,
921 3632 1085 3687 quam
1155 3615 1423 3670 infantum
1480 3621 1534 3669 et
1579 3615 2015 3680 vulneratorum,

402 3730 578 3785 usque
607 3713 950 3769 Antiochiam
985 3712 1384 3784 perduxerunt.
1433 3711 1737 3766 Amalricus
1761 3727 1891 3767 vero
1925 3728 2020 3766 rex

2118 3343 2353 3413 quedam
2394 3339 2600 3394 femina
2624 3337 2880 3392 undecim
2913 3336 3200 3390 mensibus
3237 3337 3489 3409 gravida,
3525 3338 3744 3408 peperit

2118 3440 2446 3496 monstrum,
2477 3432 2737 3486 deorsum
2767 3429 3056 3483 formatum
3098 3436 3156 3482 ut
3205 3429 3486 3499 pharetra,
3522 3445 3744 3484 sursum

2119 3530 2177 3577 ut
2206 3522 2384 3594 galea,
2439 3520 2515 3574 ibi
2563 3519 2771 3573 habens
2827 3519 2934 3572 duo
2965 3533 3172 3572 cornua
3200 3517 3390 3587 ἐμω).
3427 3519 3553 3589 (1b.)
3595 3519 3742 3574 Obiit

2121 3615 2324 3668 domna
2353 3612 2543 3666 Sibilla
2567 3610 2980 3664 Flandrensium
3019 3609 3324 3675 comitissa,
3371 3610 3466 3681 pie
3516 3628 3728 3668 memo-

2123 3706 2225 3772 rie,
2253 3710 2539 3775 postquam
2577 3702 2641 3756 10
2671 3702 2832 3756 annis
2890 3701 3266 3756 lherosolimis
3290 3702 3443 3771 apud
3475 3702 3738 3760 Sanctum

403 3806 738 3862 Iherusalem
771 3822 896 3861 cum
925 3805 1156 3861 soldano
1215 3804 1406 3879 Egypti
1450 3804 1854 3858 'Salahadinum
1888 3805 2024 3878 Egy-
2126 3798 2385 3852 Lazarum
2418 3795 2700 3850 servierat.

401 3907 555 3970 ptum
583 3897 992 3968 opprimentem
1024 3897 1152 3952 totis
1179 3896 1393 3950 viribus
1407 3896 1704 3967 populatur
1734 3913 1748 3960 ;
1778 3898 2009 3967 quemin

398 3988 620 4043 civitate
649 3986 951 4042 Bellacensi
1012 3986 1284 4041 inclusum
1329 3986 1618 4040 obsidione
1664 3986 1837 4039 cinxit
1869 4003 1882 4048 ;
1917 3986 2010 4056 qui

401 4078 668 4146 impetum
710 4076 857 4151 regis
885 4075 1027 4130 ferre
1059 4090 1170 4129 non
1199 4074 1522 4144 praevalens,
1562 4073 1746 4127 missis
1790 4074 1858 4127 ad
1887 4089 2014 4128 eum

401 4171 610 4225 nuntiis
674 4170 915 4225 reddidit
966 4185 1026 4224 se
1084 4169 1204 4237 ejus
1251 4167 1550 4231 ﬁdelitati;
1585 4169 1742 4239 quia
1775 4185 1903 4242 rege
1955 4186 2019 4223 ex

399 4261 654 4317 consulto
701 4275 826 4314 cum
877 4259 992 4312 suis
1046 4257 1329 4322 dimissus,
1376 4257 1429 4310 in
1471 4258 1793 4312 Damascum
1837 4260 2018 4314 rediit.

400 4353 548 4428 Rege
577 4366 801 4424 quoque
829 4351 884 4404 in
935 4349 1262 4404 lherusalem
1321 4365 1564 4416 reverso,
1613 4350 1863 4404 amiraldi
1897 4352 2022 4406 Sar-

399 4459 726 4500 racenorum
759 4441 987 4515 indigne
1055 4441 1296 4496 ferentes
1359 4441 1650 4496 soldanum
1723 4442 2020 4513 Babylonie

400 4533 830 4589 Christianorum
865 4530 1212 4586 tributariam
1249 4529 1528 4598 effectum,
1558 4547 1752 4586 omnes
1781 4533 1834 4586 in
1850 4549 2018 4586 unum

398 4629 715 4704 conglobati
747 4643 872 4682 cum
906 4627 1156 4698 predicto
1211 4627 1544 4682 Salahadino
1584 4644 1754 4698 super
1785 4644 1911 4682 eum
1947 4629 2021 4682 ir-

403 4724 649 4781 ruentes,
677 4715 788 4771 vita
811 4715 976 4770 simul
999 4721 1053 4770 et
1092 4730 1264 4788 regno
1324 4716 1696 4786 privaverunt.
1731 4715 2020 4770 Salahadi-

403 4824 507 4863 nus
531 4823 662 4864 vero
693 4807 840 4879 quod
873 4807 968 4862 diu
1023 4807 1402 4878 concupierat,
1461 4824 1689 4880 regnum
1723 4808 1910 4880 Egypti
1943 4808 2023 4862 in-

402 4899 559 4959 vasit,
591 4914 931 4970 uxoremque
957 4899 1173 4954 soldani
1191 4915 1222 4952 a
1243 4915 1302 4954 se
1330 4899 1632 4966 interfecti,
1656 4899 2016 4954 amissionem

400 4986 505 5044 viri
535 4986 724 5059 lugere
764 4987 1115 5056 prohibitam,
1149 4987 1203 5040 in
1233 4987 1556 5062 conjugium
1586 5004 1745 5042 suum
1776 4988 2014 5044 transire

401 5077 600 5152 coegit.
633 5077 944 5133 Noradinus
973 5095 1066 5132 rex
1091 5078 1247 5151 Syrie
1271 5094 1380 5134 non
1409 5086 1534 5150 post
1579 5078 1812 5134 multum
1835 5079 2011 5134 mori-

2199 3886 2354 3940 1166.
2579 3885 2664 3939 14.
2885 3883 2972 3937 31.
3161 3883 3244 3938 12.
3473 3887 3530 3938 4.

2189 3980 2489 4048 Imperator
2506 3975 2828 4031 Fredericus
2858 3975 2924 4029 ad
2943 3975 3304 4030 debellandos
3335 3975 3619 4032 Romanos
3651 3978 3748 4032 ad-

2118 4074 2404 4123 versantes
2440 4065 2545 4119 sibi
2599 4065 2899 4120 exercilum
2954 4065 3008 4118 in
3051 4064 3262 4118 Italiam
3313 4066 3488 4120 mittit
3559 4070 3748 4132 (Auri.

2123 4166 2336 4231 Aquis.)
2366 4161 2572 4215 Bellum
2615 4160 2760 4215 inter
2813 4159 3152 4223 Ludovicum,
3182 4176 3369 4233 regem
3421 4161 3748 4217 Francorum

2124 4263 2180 4310 et
2202 4254 2492 4309 Henricum
2525 4268 2708 4327 regem
2740 4251 3035 4325 Anglorum
3070 4269 3170 4323 pro
3202 4253 3357 4326 regni
3419 4254 3509 4308 sui
3550 4256 3746 4310 termi-

2125 4348 2229 4402 nis.
2264 4345 2576 4401 Ludovicus
2609 4361 2705 4398 rex
2757 4344 2962 4398 auxilio
3031 4343 3270 4414 Philippi
3323 4344 3745 4400 Flandrensium

2125 4439 2342 4495 comitis
2371 4454 2556 4511 regem
2571 4437 2864 4510 Anglorum
2879 4435 3050 4510 fugat,
3075 4446 3242 4505 etpax
3271 4435 3422 4491 inter
3442 4453 3544 4493 eos
3573 4453 3748 4509 usque

2123 4530 2178 4583 in
2211 4529 2417 4583 Pascha
2447 4526 2735 4598 sequentis
2777 4525 2906 4580 anni
2937 4524 3202 4584 firmatur.
3249 4527 3382 4595 (An.
3418 4528 3606 4596 1167.)
3640 4528 3746 4581 Dn-

2123 4628 2245 4676 catu
2278 4618 2525 4674 Rainaldi
2554 4616 2895 4672 Coloniensis
2924 4616 3328 4686 archiepiscOpi
3364 4624 3421 4670 et
3448 4617 3741 4672 Christiani

2123 4708 2540 4784 Maguntiensis,
2581 4705 2874 4762 Alexandri
2919 4722 3144 4779 quoque
3204 4704 3571 4761 Leodicensis
3619 4708 3741 4778 epi-

2121 4799 2298 4870 scopi,
2330 4797 2612 4854 orientalis
2634 4796 2906 4852 cxercitus
2945 4795 3214 4850 Frederici
3249 4796 3745 4865 imperatorisstra-

2123 4907 2244 4964 gem
2270 4889 2396 4944 fecit
2419 4887 2734 4960 quindecim
2776 4887 2988 4942 milium
3052 4887 3122 4941 de
3177 4887 3469 4952 Romanis,
3502 4887 3744 4958 reliquos

2119 4996 2294 5051 usque
2317 4979 2386 5034 ad
2411 4978 2662 5048 Tyberim
2696 4977 2866 5051 fugat.
2901 4977 3212 5048 Supradicti
3269 4977 3549 5048 episcOpi,
3580 4992 3741 5033 exce-

2118 5081 2212 5142 pto
2233 5069 2619 5144 Maguntiensi,
2659 5075 2715 5123 et
2747 5067 2974 5123 Karolus
2995 5067 3127 5132 dux,
3170 5066 3318 5121 ﬁlius
3349 5068 3586 5122 Conradi
3635 5068 3742 5121 im-

402 5176 507 5226 tur.
532 5169 821 5225 Predictus
840 5176 1022 5224 autem
1044 5170 1430 5237 Salahadinus,
1470 5171 1680 5239 justum
1715 5171 1869 5245 regni
1895 5187 2022 5226 suc-
2122 5163 2412 5236 peratoris,
2441 5177 2562 5217 cum
2595 5159 2780 5215 multis
2808 5159 2932 5214 aliis
2988 5158 3192 5213 ibidem
3226 5159 3550 5230 pestilentia
3592 5175 3739 5214 mor-

397 5273 677 5316 cessorem
708 5255 1068 5325 interficiens,
1093 5274 1190 5330 pro
1217 5275 1284 5316 eo
1314 5261 1569 5334 regnavit
1649 5260 1737 5314 Sic
1806 5267 2023 5333 tempe—
2123 5258 2201 5314 tui
2233 5263 2377 5312 sunt.
2412 5255 2545 5310 Ossa
2575 5269 2706 5310 vero
2759 5251 3012 5308 Rainaldi
3069 5251 3481 5324 archiepiscOpi
3517 5252 3736 5308 Colonie

397 5359 540 5409 state
569 5351 663 5407 illa
701 5351 890 5408 oriens
916 5359 971 5406 et
997 5351 1260 5408 occidens
1289 5353 1522 5410 diversis
1547 5353 1894 5410 afficiebatur
1924 5370 2020 5409 ca-
2120 5356 2248 5406 sunt
2278 5349 2468 5404 relata.
2489 5355 2544 5402 et
2563 5347 2618 5400 in
2648 5345 2882 5401 ecclesia
2911 5345 3058 5400 beati
3089 5345 3235 5400 Petri
3286 5345 3523 5400 honeste
3555 5353 3737 5400 tumu-

398 5441 759 5499 lamitatibus.
795 5441 1059 5499 Henricus
1085 5458 1198 5510 rex,
1233 5445 1590 5500 ecclesiarum
1609 5445 1765 5520 regni
1793 5444 1877 5500 sui
1891 5445 2016 5514 jura
2119 5439 2242 5494 lata.
2271 5437 2547 5493 Successit
2575 5436 2624 5490 ei
2657 5436 2713 5490 in
2770 5436 3090 5508 episcopatu
3131 5434 3446 5506 Philippus.
3466 5433 3736 5490 archidia-

397 5535 725 5603 auferendo,
759 5535 816 5590 in
838 5535 1031 5611 Anglia
1056 5535 1364 5608 tyrannizat
1399 5554 1412 5601 ;
1442 5537 1642 5593 contra
1675 5553 1842 5609 quem
1870 5537 2014 5592 Tho-
2116 5543 2289 5585 conus
2310 5527 2452 5594 ejus,
2495 5523 2642 5580 ﬁlius
2689 5525 2913 5581 Gozvini
2972 5525 3042 5580 de
3099 5525 3353 5581 Falconis
3404 5534 3609 5582 monte.
3643 5524 3734 5577 Pie

1989 5667 2029 5721 N
2037 5665 2179 5722 ΟΤᾹΞ

466 5768 612 5842 (MO)
683 5770 804 5826 Haec
864 5769 1014 5842 prior
1080 5766 1446 5842 Continuator
1492 5765 1883 5842 Aquicinensis
1944 5782 2009 5821 ex

395 5837 514 5896 Ann
551 5837 1033 5899 Blandiniensibus
1053 5841 1121 5896 ad
1152 5837 1382 5894 verbum
1415 5837 1801 5908 descripserat.

2193 5761 2388 5834 (410*)_
2404 5759 2634 5834 Videtur
2663 5757 2873 5834 aliquid
2903 5758 3122 5834 deesse,
3148 5756 3218 5834 _E.
3252 5757 3310 5834 ξπ

2188 5829 2333 5906 (411)
2357 5829 2575 5886 Primus
2605 5829 2800 5886 horum
2830 5829 2953 5886 fons
2992 5829 3229 5884 Annales
3256 5829 3512 5884 Blandin.
