3876 6208
181 265 276 319 305

1115 253 1464 308 CHRONICA.
1507 282 1570 290 —
1613 249 2048 305 CONTINUATIO
2089 249 2580 314 AQUlClNCTINA.

3398 255 3504 311 306

182 392 429 449 memorie
461 392 700 446 domnus
725 387 1018 454 Gozvinus,
1073 385 1247 442 abbas
1277 381 1659 456 Aquicinensis
1696 396 1788 435 se-
1817 385 1862 453 Α
1889 397 2072 448 suum,
2104 381 2221 436 viru
2240 380 2605 450 msapientem
2636 390 2690 436 et
2711 385 3148 456 magnanimum,
3181 384 3503 441 eumvalido

183 486 387 558 ptimus,
423 484 650 538 caritate
678 480 924 545 illustris,
947 488 1160 534 amator
1210 476 1361 548 pacis
1399 482 1452 530 et
1479 474 1784 548 religionis,

181 579 228 630 7.
259 576 311 630 Id
342 574 530 630 Octob.
564 574 708 629 circa
755 572 993 627 mediam
1043 576 1280 633 noctem,
1341 568 1430 622 die
1485 565 1782 630 dominica,

181 669 298 724 luna
335 669 418 732 11,
453 665 762 720 indictione
800 665 880 730 H,
924 663 993 717 de
1038 663 1144 718 hoc
1197 660 1384 716 seculo
1453 658 1668 713 transiit
1696 656 1782 726 (cf.

183 763 311 814 Ann.
335 757 454 826 Aq.)
486 773 500 820 ;
532 769 643 826 quo
674 754 730 808 in
772 752 1008 807 ecclesia
1040 752 1202 806 beate
1235 749 1406 804 Marie
1431 763 1651 819 semper
1676 747 1786 801 vir-

179 847 330 922 ginis,
360 846 412 898 iu
445 845 571 900 loco
611 843 705 898 ubi
757 857 916 898 orare
970 845 1353 904 consueverat,
1411 853 1536 893 cum
1587 852 1786 908 magno

181 943 399 997 ﬁliorum
426 955 654 995 suorum
701 937 911 1014 gemitu
943 936 1233 1003 tumulato,
1298 933 1603 989 Alexander
1633 932 1787 1002 prior

182 1033 411 1100 ejusdem
433 1031 676 1087 ecclesie
697 1030 750 1085 ei
779 1036 1003 1086 octavus
1030 1026 1298 1082 succedit.
1328 1026 1518 1099 Magna
1549 1024 1661 1078 vini
1692 1024 1785 1078 ha-

184 1126 489 1199 bundantia.

365 1216 527 1271 1167.
611 1215 802 1270 Β.15.
882 1211 1070 1269 F.32.
1150 1215 1207 1265 A.
1252 1211 1337 1267 13.
1418 1209 1565 1263 H.5.

1887 474 2129 530 exercitu
2170 474 2228 527 in
2255 473 2461 527 Italiam
2506 473 2697 540 misit;
2731 475 2822 545 qui
2875 476 3224 546 imperatoris
3256 477 3499 533 rebelles

1885 569 2118 624 viriliter
2157 569 2444 634 invadens,
2484 568 2824 623 munitiones
2873 585 3065 626 eorum
3117 572 3403 639 destruxit,
3448 579 3504 628 et

1886 658 2135 712 civitates
2173 657 2341 727 cepit,
2374 672 2740 728 magnamque
2783 659 3163 727 partemltalie
3186 660 3502 731 imperatori

1859 724 2122 816 'subegit.
2173 724 2493 799 Balduinus"
2521 724 2730 814 junior,
2783 724 2937 800 unus
2992 724 3505 804 Balduini-eomitis

1889 840 2340 915 Haginoensium,
2371 855 2600 895 uxorem
2639 839 2793 894 duxit
2830 840 3213 916 Margaretam,
3253 858 3500 900 sororem

1888 934 2129 1005 Philippi
2152 934 2369 990 comitis
2399 934 2816 990 Flandrensium
2850 937 2931 1005 (41
2945 937 3021 1007 4).

1963 1031 2098 1083 1170
2314 1029 2399 1083 18.
2622 1029 2707 1086 35.
2901 1033 2980 1086 16.
3206 1033 3257 1087 8.

1960 1117 2221 1172 Henricus
2255 1159 2268 1184 ,
2321 1132 2416 1171 rex
2448 1117 2662 1190 Anglic,
2713 1119 3005 1174 Henricum
3039 1118 3213 1175 ﬁlium
3257 1137 3417 1176 suum
3449 1122 3503 1175 in

1887 1223 2071 1280 regem
2092 1206 2352 1261 sublimat
2389 1205 2445 1258 in
2492 1206 2685 1280 Anglia
2743 1224 2841 1278 per
2869 1225 3067 1263 manus
3092 1210 3494 1282 archiepisc0pi

239 1309 558 1364 Fredericus
614 1307 917 1378 imperator
971 1304 1260 1360 ltalienses
1318 1302 1534 1357 levibus
1588 1299 1778 1371 preliis
1882 1296 2241 1352 Eboracensis
2267 1296 2497 1367 ejusque
2527 1296 3020 1369 suﬁ‘raganeorum.
3057 1300 3190 1354 Inde
3246 1300 3499 1356 simultas

179 1399 372 1464 fundit;
406 1398 485 1453 illi
518 1404 704 1453 autem
732 1413 834 1469 pro
873 1396 1127 1451 libertate
1161 1393 1335 1466 patrie
1357 1392 1674 1447 suetuenda
1697 1408 1781 1445 sa-

183 1493 242 1546 tis
258 1491 497 1556 animati,
531 1491 604 1545 de
635 1489 894 1545 omnibus
942 1503 1085 1559 pene
1145 1487 1297 1542 ltalie
1337 1485 1654 1542 civitatibus
1677 1499 1785 1554 que

184 1584 312 1637 inter
330 1582 493 1652 Alpes
524 1589 580 1636 et
611 1582 839 1637 Romam
871 1580 1203 1644 consistunt,
1265 1579 1318 1632 in
1352 1595 1523 1633 unum
1572 1592 1783 1632 conve-

1883 1391 2025 1444 inter
2054 1389 2313 1444 Thomam
2336 1389 2812 1459 archiepiscopum
2854 1390 3302 1446 Cantuariensem
3338 1408 3503 1448 exor-

1887 1491 1940 1536 ta
1969 1491 2050 1536 est
2088 1488 2143 1536 et
2195 1481 2594 1536 Eboracensem
2653 1481 3152 1553 archiepisc0pum,
3221 1485 3351 1556 quia
3411 1501 3503 1542 rex

1888 1571 2205 1645 Anglorum,
2253 1570 2410 1637 juxta
2463 1569 2753 1642 privilegia
2782 1571 3149 1626 Romanorum
3175 1572 3495 1643 pontiﬁcum

186 1676 396 1738 ﬁentes,
427 1675 715 1731 civitatem
760 1673 1229 1729 Μεάίοιεηθηεθηι
1262 1670 1486 1743 egregie
1518 1669 1784 1723 munitam
1814 1719 1861 1743 η
1889 1659 2138 1715 ecclesia:
2174 1658 2553 1714 Cantuariensi
2607 1659 2824 1725 collata,
2883 1659 3153 1716 debuerat
3210 1662 3403 1735 inungi
3433 1664 3502 1718 ab

193 1719 396 1738 "om--.
429 1719 715 1731 ν........-...
761 1719 1229 1729 --νμ.ν...---.------
1265 1719 1483 1743 νηηη--
2813 1719 2821 1725 ,
3350 1719 3382 1735 υ

188 1719 2302 1833 reediﬁcant,incontemptumimperatoris.(Auct.Aquic.)Barchiepiseopo
2361 1748 2758 1803 Cantuariensi.
2831 1749 3082 1820 Exceptis
3139 1749 3263 1804 aliis
3302 1749 3503 1816 causis,

187 1854 490 1910 Ludowicus
523 1871 623 1909 rex
657 1855 984 1910 Francorum
1017 1860 1072 1908 et
1111 1853 1400 1922 Philippus
1429 1866 1618 1906 eomes
1635 1850 1787 1906 Flan-

186 1946 447 2001 drensium
494 1947 703 2001 iterum
770 1952 993 2002 movent
1045 1944 1455 2016 expeditionem
1523 1944 1787 1998 adversus

188 2036 456 2092 Henricum
481 2054 676 2112 regem
715 2037 927 2112 Anglic.
957 2036 1178 2092 Francis
1210 2036 1590 2091 invidentibus
1609 2043 1665 2090 et
1690 2036 1788 2091 de-

188 2127 510 2181 trahentibus
542 2126 934 2198 frequentibus
963 2125 1105 2180 bene
1132 2126 1303 2199 gestis
1342 2125 1580 2196 Philippi
1609 2125 1786 2181 comi-

191 2219 264 2284 tis,
285 2218 400 2273 sine
427 2218 597 2275 laude
639 2219 951 2274 revertitur.
1013 2218 1134 2289 (1b.)
1188 2217 1334 2273 Obiit
1362 2218 1657 2273 Nieholaus
1688 2217 1790 2272 Ca-

190 2312 503 2367 meracensis
529 2311 852 2382 episeOpus.
887 2311 1102 2376 Petrus,
1151 2308 1298 2366 ﬁlius
1334 2310 1662 2365 Theoderici
1695 2325 1788 2365 co-

191 2399 316 2453 mitis
340 2399 786 2466 Flandrensium,
844 2399 900 2454 in
951 2399 1074 2454 loco
1114 2398 1233 2466 ejus
1263 2398 1507 2472 eligitur.
1548 2399 1788 2453 Ecclesia

190 2489 340 2544 sancti
369 2489 578 2544 Bertini
631 2489 790 2543 valde
815 2487 1106 2544 infestatur
1135 2505 1166 2542 a
1209 2488 1550 2545 Theoderico
1588 2489 1787 2544 comite

195 2578 508 2645 Flandrensi,
529 2585 656 2634 astu
673 2585 730 2632 et
758 2579 1115 2649 persuasione
1144 2577 1371 2634 Roberti
1402 2577 1644 2632 Ariensis
1669 2593 1789 2648 pre-

193 2668 352 2737 positi,
375 2668 630 2736 ejusdem
663 2667 881 2722 comitis
908 2667 1223 2723 cancellarii
1280 2667 1448 2738 (412).
1483 2667 1636 2722 Unde
1685 2667 1788 2722 Go-

195 2756 454 2812 descalcus
483 2757 665 2811 abbas
687 2761 742 2810 et
770 2755 968 2811 fratres
1005 2757 1255 2826 ejusdem
1317 2757 1552 2812 ecclesie
1605 2755 1790 2810 animo

196 2851 503 2905 consternati
533 2860 590 2906 et
623 2851 867 2904 humano
923 2849 1126 2903 auxilio
1183 2848 1450 2915 destituti,
1496 2848 1584 2904 bis
1617 2847 1673 2902 in
1701 2847 1792 2902 die

196 2955 278 3008 pro
306 2941 663 2996 tribulatione
690 2940 784 2994 illa
834 2940 1130 2995 clamorem
1189 2941 1258 2994 ad
1302 2941 1471 2995 Deum
1516 2939 1792 2995 faciebant

197 3034 427 3103 prostrati
473 3034 542 3090 ad
616 3033 840 3088 missam
906 3032 1118 3088 scilicet
1145 3040 1199 3088 et
1247 3033 1302 3087 in
1370 3031 1482 3087 ﬁne
1546 3033 1792 3104 comple-

198 3125 325 3180 torii.

215 3217 381 3282 ,1168
583 3218 673 3274 16.
874 3217 962 3272 33.
1143 3217 1228 3273 14.
1446 3216 1504 3273 6.

253 3307 383 3364 Obiit
412 3326 604 3367 comes
633 3309 1010 3365 Theodericus
1025 3307 1380 3364 Flandrensis
1433 3307 1486 3362 in
1517 3308 1647 3363 villa
1673 3308 1788 3375 illa,

195 3413 339 3467 quam
360 3408 551 3456 sancto
580 3401 805 3456 Bertino
845 3400 1148 3456 abstulerat
1192 3414 1291 3470 per
1332 3398 1650 3454 violentiam
1683 3398 1793 3453 Ro-

197 3483 318 3540 berti
347 3489 637 3560 prepositi.
671 3487 930 3544 Succedit
959 3489 1011 3542 ei
1065 3488 1123 3541 in
1172 3487 1436 3543 comitatu
1467 3485 1791 3540 Flandrensi

197 3575 324 3633 ﬁlius
351 3579 467 3649 ejus
493 3580 832 3651 Philippus;
860 3580 956 3652 qui
1011 3587 1138 3635 ante
1185 3586 1415 3635 mortem
1470 3577 1643 3649 patris
1683 3577 1788 3641 sui,

198 3668 430 3727 defuncto
462 3671 975 3744 Rodulphojuvene
993 3673 1192 3727 comite
1208 3669 1610 3726 Virmandensi.
1636 3685 1796 3724 eum-

197 3757 302 3811 dem
332 3761 653 3816 comitatum
684 3777 782 3832 per
811 3776 1037 3817 uxorem
1093 3760 1238 3830 (413)
1270 3758 1380 3815 sibi
1410 3759 1657 3814 debitum
1689 3757 1796 3813 ob-

199 3846 429 3903 tinuerat.
463 3849 768 3904 Balduinus
822 3865 1011 3904 comes
1053 3849 1350 3906 Montensis
1404 3857 1459 3904 et
1487 3847 1795 3920 {Philippus

201 3951 362 3993 comes
388 3940 652 3995 Flandrie
679 3940 1129 3996 confederantur.

263 4032 407 4088 1169.
633 4032 722 4087 17.
906 4034 992 4087 34.
1215 4033 1306 4088 15.
1525 4031 1578 4085 7.

260 4122 572 4181 Frederieus
605 4126 903 4196 imperator
932 4125 1000 4180 ad
1040 4125 1492 4197 comprimendos
1516 4124 1796 4179 ltalienses

205 4210 269 4266 ire
295 4213 616 4284 disponens,
646 4213 938 4270 Henricum
969 4213 1142 4269 ﬁlium
1168 4230 1330 4270 suum
1348 4214 1530 4269 adhuc
1560 4226 1796 4284 puerum

202 4300 248 4354 in
292 4319 464 4377 regem
515 4305 788 4361 sublimat
815 4305 985 4378 Aquis
1036 4305 1192 4376 (Aug.
1255 4305 1341 4376 15)
1417 4305 1565 4360 Nova
1593 4303 1794 4358 iterum

1889 1845 1988 1898 hec
2024 1845 2258 1898 maxime
2276 1858 2438 1898 causa
2455 1843 2618 1898 beato
2639 1843 2846 1898 Thome
2886 1843 3117 1897 contulit
3159 1843 3498 1913 passionem.

1889 1934 2194 1991 Ludovicus
2224 1949 2317 1989 rex
2371 1933 2698 1988 Francorum
2751 1941 2806 1988 et
2857 1933 3126 1988 Henricus
3176 1935 3365 1990 senior
3401 1951 3496 1990 rex

1888 2025 2183 2096 Anglorum
2241 2023 2308 2078 ad
2362 2032 2613 2078 mutuum
2675 2032 3057 2078 convenerunt
3108 2023 3497 2095 colloquium;

1890 2119 1980 2173 ubi
2046 2118 2284 2174 Thomas
2371 2118 2822 2188 archiepiscopus
2886 2116 3302 2172 Cantuariensis
3367 2133 3492 2173 cum

1891 2208 2176 2278 utriusque
2230 2207 2384 2280 regni
2431 2206 2792 2278 Optimatibus
2859 2206 3034 2273 alluit,
3093 2213 3147 2262 et
3205 2223 3307 2276 pax
3365 2207 3509 2262 inter

1889 2303 2071 2373 ipsum
2091 2311 2145 2357 et
2185 2318 2368 2374 regem
2399 2302 2592 2375 Anglic
2643 2302 2818 2373 magis
2865 2301 3123 2372 palliatur
3175 2318 3339 2373 quam
3371 2317 3506 2357 eon-

1887 2398 2156 2453 ﬁrmetur.
2189 2397 2335 2452 Obiit
2364 2397 2666 2452 Balduinus
2694 2398 2776 2453 IV.
2810 2412 2997 2452 eomes
3029 2396 3392 2473 Haginoensts
3447 2399 3500 2452 6.

1890 2486 2018 2540 Idus
2037 2484 2383 2551 Novembris,
2415 2493 2470 2540 et
2499 2485 2556 2539 in
2612 2492 2798 2540 monte
2826 2483 3122 2541 Castriloco
3140 2494 3195 2539 et
3234 2485 3290 2540 in
3320 2485 3506 2540 eccle-

1889 2578 1970 2632 sia
1988 2584 2176 2633 sancte
2235 2577 2606 2633 Waldctrudis
2665 2577 2734 2632 ab
2793 2577 3098 2632 Alexandro
3144 2577 3500 2649 Aquicinensi

1891 2670 2089 2726 abbate
2116 2669 2383 2740 sepelitur
2430 2669 2596 2738 (415).
2643 2668 2919 2724 Successit
2948 2669 2998 2724 ei
3027 2668 3328 2725 Balduinus
3358 2669 3511 2726 ﬁlius

1893 2763 2033 2831 ejus,
2074 2762 2236 2832 hujus
2274 2761 2518 2817 nominis
2548 2776 2734 2817 comes
2763 2761 3005 2833 quintus.
3033 2761 3157 2831 Ipso
3186 2761 3276 2816 die
3310 2769 3512 2817 ventus

1893 2852 2215 2916 vehemens,
2265 2850 2449 2922 pluvie
2503 2850 2726 2913 mixtus,
2762 2849 3107 2921 periculosus
3155 2856 3209 2904 et
3236 2850 3512 2920 dampno-

1891 2959 1985 2997 sus
2011 2942 2210 3008 extitit,
2242 2942 2298 2996 in
2325 2948 2558 3008 tantum,
2617 2948 2676 2995 ut
2704 2940 2918 3004 domos,
2973 2949 3155 2995 turres
3193 2947 3249 2995 et
3285 2940 3508 2996 editicia

1899 3033 2264 3101 subverteret,
2287 3033 2564 3104 silvasque
2591 3032 2876 3087 evelleret.
2923 3031 3072 3088 Inter
3096 3038 3279 3087 cetera
3309 3038 3511 3092 tectum

1903 3126 2137 3182 maxime
2189 3125 2353 3180 turris
2408 3123 2582 3181 sancti
2643 3123 2910 3180 Johannis
2967 3121 3203 3195 baptiste
3257 3121 3507 3178 Lauduni

1891 3218 2087 3273 evulsit
2135 3226 2191 3273 et
2219 3217 2490 3290 longiusa
2522 3217 2728 3287 templo
2779 3215 3011 3287 projecit
3063 3215 3297 3271 Thomas
3326 3215 3516 3271 archi-

1893 3305 2190 3378 episcopus
2233 3304 2638 3362 Cantuariensis
2683 3321 2714 3359 a
2764 3304 2995 3360 Henrico
3068 3319 3194 3378 rege
3249 3304 3509 3374 septenni

1891 3396 2058 3451 exilio
2086 3396 2401 3463 injuriatus,
2443 3396 2663 3451 tandem
2683 3395 2859 3466 ipsius
2889 3395 3035 3469 regis
3054 3393 3330 3465 permissu
3341 3400 3510 3463 ,ante

1893 3487 2075 3542 natale
2105 3487 2344 3554 Domini,
2376 3487 2446 3541 ad
2475 3503 2630 3542 suam
2659 3487 2849 3542 sedem
2884 3486 3198 3542 revertitur.

1965 3575 2123 3629 1171.
2313 3575 2398 3630 19.
2654 3574 2742 3631 36.
2965 3576 3052 3628 17.
3237 3576 3290 3630 9.

1964 3662 2219 3730 Thomas,
2248 3661 2702 3733 archiepiscOpus
2739 3661 3030 3718 Cautuarie
3080 3679 3143 3719 ac
3180 3663 3398 3734 primas
3430 3671 3519 3721 t0-

1897 3752 2003 3807 tius
2026 3751 2441 3819 Britannie,diu
2474 3751 2542 3805 ab
2576 3750 2811 3806 Henrico
2839 3767 2971 3824 rege
3001 3751 3244 3820 injuriis,
3297 3758 3353 3808 et
3397 3753 3515 3808 cxi-

1895 3847 1955 3903 lii
1971 3846 2290 3921 fatigatione
2329 3844 2587 3913 afﬂictus,
2617 3845 2708 3900 die
2756 3846 2810 3900 5.
2857 3845 3156 3927 nativitatis
3193 3845 3514 3912 dominicae,

1897 3939 1952 3992 in
1968 3936 2164 4006 majori
2178 3935 2434 4001 ecclesia,
2468 3934 2602 3991 hora
2642 3948 2810 4000 noua,
2861 3939 2988 3990 ante
3021 3932 3309 4005 quoddam
3341 3933 3517 3990 altare

1897 4049 1929 4088 a
1957 4031 2289 4088 satellitibus
2309 4029 2506 4103 prefati
2529 4029 2674 4104 regis
2712 4029 2891 4100 capite
2923 4027 3196 4096 mutilata,
3222 4026 3511 4100 etfusoque

1897 4127 2147 4194 cerebro,
2194 4127 2250 4180 in
2301 4125 2729 4200 congregatione
2793 4124 3163 4196 pretiosorum
3220 4129 3514 4193 martyrum

1897 4218 2506 4275 coronaturaDomino
2562 4217 2675 4288 (an.
2743 4215 2900 4285 H70)
2943 4233 2958 4282 ;
3003 4215 3072 4269 ad
3127 4213 3285 4283 cujus
3329 4213 3518 4283 sepul-

1897 4309 2087 4363 chrum
2113 4307 2252 4362 mira
2308 4312 2364 4362 et
2393 4306 2641 4361 inaudita
2697 4305 2802 4377 per
2851 4305 2970 4375 ejus
3013 4305 3205 4360 merita
3234 4320 3264 4357 a
3286 4302 3515 4367 domino

202 4392 437 4453 Romanis
452 4398 738 4472 consurgit
776 4397 952 4461 ruina,
984 4397 1113 4468 quia
1142 4413 1266 4452 cum
1321 4395 1640 4452 Tusculanis
1671 4395 1793 4450 bel-
1817 4367 1874 4438 D
1897 4403 2008 4457 Deo
2046 4401 2186 4456 ﬁunt
2205 4401 2490 4456 miracula.
2523 4401 2830 4456 Alexander
2884 4416 3026 4472 papa
3057 4406 3111 4454 et
3151 4413 3348 4454 omnes
3393 4398 3517 4468 epi-

204 4486 297 4541 lum
343 4490 500 4545 civile
555 4490 836 4556 ineuntes,
877 4505 1019 4560 pene
1075 4505 1249 4560 usque
1279 4489 1348 4543 ad
1383 4489 1795 4561 internttionem
1895 4493 2048 4564 scepi
2073 4493 2302 4548 Francie
2332 4491 2713 4548 interfectores
2759 4491 3162 4563 archiepiseOpi
3192 4490 3512 4545 anathema-

205 4578 410 4636 Romani
440 4582 613 4638 deleti
643 4589 788 4636 sunt.
850 4581 955 4636 Hac
995 4581 1064 4636 de
1095 4597 1261 4637 causa
1305 4580 1582 4636 discordia
1598 4597 1798 4656 magna
1896 4598 2097 4660 tysant.
2132 4588 2411 4644 Henricus
2437 4605 2531 4643 rex
2571 4588 2761 4662 Anglic
2815 4603 2913 4658 pro
2943 4585 3332 4642 interfectione
3362 4584 3508 4641 beati

208 4671 331 4728 inter
376 4674 743 4730 Alexandrum
812 4691 1010 4745 papam
1080 4680 1136 4730 et
1190 4675 1466 4730 Romanos
1521 4681 1639 4731 orta
1691 4682 1794 4731 est.
1897 4681 2104 4737 Thome
2129 4681 2198 4736 ab
2225 4679 2485 4736 omnibus
2537 4687 2598 4735 ut
2649 4687 2898 4751 apostata
2954 4678 3255 4735 vilissimus
3313 4692 3514 4734 exosus

203 4760 488 4818 Alexander
503 4780 648 4835 papa
674 4762 878 4817 auxilia
907 4763 1143 4818 militum
1176 4763 1565 4836 undecumque
1583 4773 1799 4821 coutl‘a-
1901 4774 2148 4828 habetur.
2199 4772 2557 4837 Christianus,
2597 4771 2963 4827 cancellarius
3003 4769 3352 4841 imperatoris
3379 4769 3512 4824 Fre-

208 4854 344 4918 hBDS.
368 4873 490 4912 cum
513 4856 839 4913 Tusculanis
879 4857 1158 4913 Romanas
1188 4865 1244 4912 et
1271 4856 1622 4928 imperatoris
1653 4859 1797 4915 ﬁdc-
1900 4866 2094 4932 derici,
2126 4865 2490 4920 Alexandrum
2520 4880 2714 4936 papam
2737 4872 2792 4919 et
2818 4863 3155 4920 Tusculanos
3186 4862 3512 4935 imperatori

203 4946 275 5003 les
299 4950 629 5007 debellabat.
690 4951 1014 5007 Fredericus
1072 4957 1256 5007 autem
1315 4951 1614 5025 imperator
1643 4954 1801 5009 Chri-
1902 4958 2142 5014 rebelles
2179 4956 2528 5022 obsessurus,
2553 4954 2926 5029 Tusculanum
2971 4955 3170 5029 pergit,
3204 4953 3516 5010 Alexander

208 5036 423 5096 stianum
445 5039 1377 5119 archiepiSCOpumiMoguntinum,
1410 5046 1800 5103 cancellarium
1901 5057 2083 5105 autem
2143 5064 2304 5120 papa,
2361 5045 2568 5102 veritus
2609 5046 2988 5102 imminentem
3037 5044 3146 5117 jam
3207 5043 3519 5102 cervicibus

1743 5168 1950 5224 NOTAE.

272 5260 404 5341 (412]
442 5260 821 5341 -.De_c_iv_i.tate
851 5260 1084 5320 Caruoto
1135 5272 1313 5341 o_rtus,_
1353 5282 1525 5341 quem
1551 5267 1636 5341 de
1655 5284 1798 5340 pau-
1973 5269 2119 5340 (413)
2155 5266 2459 5341 Elizabeth,
2498 5266 2920 5341 primogenitam
2971 5279 3216 5341 sororem
3247 5260 3503 5341 _R_odulﬁ.

214 5344 330 5403 pere
353 5332 552 5388 clerico
579 5332 868 5403 Philippus
909 5350 1096 5390 comes
1149 5332 1417 5393 Flandriie
1461 5332 1798 5395 ditissimum
1903 5332 2334 5398 Totam'Rodulﬁ
2386 5332 2762 5394 haereditatEm
2811 5343 3099 5396 enumerat
3151 5334 3511 5400 Gislebertus,

213 5397 414 5483 fecerat,
447 5412 501 5458 et
531 5404 586 5457 in
598 5397 851 5483 Flandria
879 5416 934 5460 et
960 5406 1314 5483 Viromandia
1335 5409 1801 5483 potentissimum.
1906 5397 1967 5483 ι).
1995 5412 2084 5467 63.

211 5470 435 5556 Quicum
459 5474 712 5556 omnium
751 5475 862 5556 fere
915 5477 1276 5534 ecclesiarum
1303 5470 1356 5534 in
1388 5480 1638 5556 Flandria
1664 5497 1804 5556 prae-
1907 5470 1922 5483 ”
1977 5483 2118 5556 (414)
2145 5481 2212 5536 Μ.
2257 5481 2465 5556 Aprili;
2497 5480 2565 5536 cf.
2629 5481 2993 5556 Gislebertum
3052 5479 3292 5556 Hasnon.
3337 5473 3516 5544 p.73.

214 5547 464 5622 posituras
504 5547 795 5622 obtineret,
835 5554 1033 5622 tamen
1050 5565 1252 5622 nomen
1299 5547 1805 5622 pnepositnde'Aria
1974 5547 2113 5622 (.515)
2144 5547 2378 5622 Septir'na
2405 5555 2488 5606 die
2517 5569 2550 5606 (ι
2597 5556 2729 5619 [esto
2779 5555 3034 5608 Omnium
3073 5551 3419 5608 Sanctorum,
3459 5560 3494 5594 α

214 5627 411 5694 ξςῐῖιρεςι-
442 5617 654 5694 habuit,
679 5638 708 5667 ιι
742 5618 874 5694 dicit
929 5620 1265 5676 Gislcbertus
1299 5617 1714 5679 'Has'noniensis
1744 5643 1798 5694 p.
1905 5617 2145 5681 0.11751.
2178 5617 2534 5678 Gislebertus.

217 5682 292 5742 S7.
320 5682 409 5742 ed.
443 5689 517 5742 De
548 5688 845 5744 Chasteler.
