3876 6208
329 248 432 304 307
1556 246 1898 305 SIGEBERTI
1940 248 2448 306 GEMBLACENSIS.
3570 258 3676 317 308

331 377 449 434 suis
468 378 879 445 cancellarium,
911 377 1098 434 animo
1164 386 1568 446 consternatus,
1619 381 1690 436 de
1729 381 1946 437 civitate
1973 386 2026 454 Α
2051 381 2204 452 lippo
2231 382 2431 438 comite
2463 382 2812 449 Flandrensi,
2845 383 2900 437 in
2949 383 3338 440 Normanniam
3363 387 3683 458 expeditio-

332 469 523 544 fugere
552 470 814 542 disponit.
842 470 952 526 Hoc
982 471 1101 540 ejus
1130 471 1471 542 prepositum
1504 471 1764 528 omnibus
1795 473 1950 528 inno-
2051 489 2174 527 nem
2203 474 2375 528 ducit.
2441 474 2691 529 Exercitu
2749 482 2932 530 autem
2983 491 3174 530 eorum
3233 477 3289 531 in
3323 478 3461 532 duas
3493 490 3680 550 partes

333 561 456 628 tuit,
488 576 723 633 quorum
754 559 1007 614 custodia
1060 559 1320 616 detentus
1367 561 1435 614 de
1490 562 1628 615 urbe
1660 562 1949 616 discedere
2066 563 2261 630 diviso,
2287 563 2570 635 Philippus
2595 581 2719 620 cum
2761 566 2876 620 suis
2930 566 3360 624 Flandrensibus
3414 577 3528 625 tres
3557 589 3681 626 mu-

336 665 447 706 nOD
486 649 667 722 ροιυίι
697 666 711 714 ἓ
748 649 898 704 CiVGS
928 655 1134 711 tamen.
1179 656 1408 721 δοοθριο
1439 650 1647 704 salubri
1705 651 1968 731 consilio,
2069 659 2311 713 nitiones
2341 660 2485 729 (418)
2537 677 2752 715 summa
2777 677 2899 716 cum
2957 661 3311 718 festinatione
3341 665 3534 736 fcepit.
3571 667 3683 722 Ma-

335 745 724 802 cancellarium
768 745 985 818 magnis
1025 745 1310 816 obsequiis
1341 744 1632 799 delinitum
1662 746 1950 799 maximis-
2071 747 2232 800 theus
2270 763 2398 802 vero
2437 763 2623 802 comes
2648 749 2896 816 Bolonie,
2930 749 3097 805 frater
3136 751 3376 824 Philippi
3433 756 3678 820 comitis,

337 851 444 908 que
471 836 589 890 auri
615 843 672 889 et
725 833 938 909 argenti
990 834 1314 888 muneribus
1367 834 1691 889 honoratum
1747 834 1816 888 de
1856 850 1954 888 sua
2055 837 2249 908 sagitta
2299 837 2533 892 letaliter
2586 839 2662 892 ibi
2719 839 2865 910 (419)
2931 842 3274 910 vulneratus,
3333 859 3445 900 non
3505 847 3680 903 multo

338 927 557 982 civitate
588 926 654 981 ad
668 925 804 980 alias
843 926 1242 993 transmittunt,
2057 935 2178 998 post
2207 928 2365 991 obiit,
2401 935 2454 983 et
2485 929 2734 999 sepultus
2757 938 2840 985 est
2893 931 2949 984 in
3009 935 3347 991 monasterio
3378 938 3553 991 sancti
3585 939 3687 993 Ju-

411 1019 568 1074 1172.
647 1019 714 1074 Β.
775 1019 865 1073 20.
943 1019 996 1072 F.
1054 1018 1141 1071 37.
1221 1022 1278 1071 A.
1347 1019 1409 1072 18
1481 1018 1541 1074 11.
1602 1018 1671 1074 10

2165 1017 2362 1087 ἱ(420).
2407 1017 2517 1071 Rex
2545 1033 2675 1073 vero
2735 1019 3068 1076 Francorum
3119 1038 3241 1077 cum
3297 1025 3413 1078 suis
3451 1026 3684 1081 Francis

415 1113 472 1166 In
504 1113 658 1167 ltalia
686 1112 940 1168 homines
968 1111 1168 1185 agrarii
1226 1111 1484 1166 marchisi
1525 1111 1593 1166 de
1639 1112 1955 1168 Montferrat
2055 1109 2332 1180 quoddam
2353 1119 2590 1164 castrum
2615 1126 2738 1164 cum
2771 1127 2971 1186 magna
3004 1113 3520 1188 difﬁcultate.cepit
3547 1120 3684 1183 ;sed

341 1219 462 1258 cum
494 1203 826 1274 quibusdam
860 1201 1152 1266 militibus,
1185 1209 1358 1256 terras
1389 1219 1516 1257 suas
1565 1209 1619 1257 et
1649 1205 1956 1274 possessio-
2059 1204 2140 1256 his
2169 1203 2261 1274 qui
2318 1204 2372 1257 in
2413 1220 2536 1258 arce
2593 1205 2843 1273 ejusdem
2906 1208 3067 1262 castri
3091 1217 3268 1277 erant,
3310 1210 3548 1266 viriliter
3586 1228 3684 1266 re-

341 1314 438 1353 nes
469 1298 844 1370 relinquentes
893 1314 1016 1352 cum
1051 1295 1314 1352 uxoribus
1343 1304 1398 1351 et
1423 1295 1571 1362 filiis,
1627 1297 1820 1352 urbem
1855 1314 1956 1352 no-
2058 1292 2456 1364 pugnantibus,
2484 1309 2604 1347 eam
2645 1309 2844 1365 capere
2899 1311 3010 1351 non
3075 1298 3270 1367 potuit.
3331 1299 3445 1354 Rex
3491 1301 3685 1372 itaque

341 1404 462 1442 vam
526 1397 717 1444 contra
798 1387 1149 1442 Fredericum
1221 1386 1612 1457 imperatorem
1670 1386 1952 1452 editicant,

343 1495 508 1551 quam
540 1478 996 1533 Alexandriamin
1028 1479 1294 1534 honorem
1326 1477 1617 1532 Alexandri
1650 1493 1792 1548 pape
1819 1493 1957 1532 nun-

343 1577 566 1642 cupant.
592 1571 860 1626 Henricus
898 1587 994 1626 rex
1026 1569 1218 1643 Anglie
1249 1569 1393 1624 ultra
1422 1585 1482 1624 se
1513 1569 1708 1635 elatus,
1751 1569 1954 1624 incon-

343 1679 496 1718 cessa
524 1672 755 1733 captans
786 1671 840 1716 et
867 1660 1129 1716 affectans
1183 1659 1449 1726 indebita,
1476 1676 1706 1734 regnum
1749 1661 1958 1732 Hyber-

346 1752 436 1806 nie
466 1751 880 1824 subjugaturus,
913 1758 967 1806 et
1026 1750 1235 1825 regium
1303 1750 1577 1814 diadema,
1610 1757 1669 1804 ut
1715 1752 1960 1822 putabat,

345 1840 515 1910 capiti
553 1855 652 1895 suo
683 1839 1061 1910 impositurus,
1110 1854 1278 1894 naves
1333 1847 1489 1909 parat
1550 1841 1862 1912 militesque
1893 1841 1961 1895 de

2057 1383 2245 1438 relicta
2265 1383 2556 1440 obsidione
2583 1385 2816 1452 castelli,
2855 1402 2998 1457 pene
3028 1387 3284 1443 inefﬁcax
3315 1391 3500 1445 rediit.
3537 1392 3687 1446 lleno

2057 1469 2205 1523 ricus
2244 1485 2335 1524 rex
2366 1471 2560 1544 Anglie
2590 1472 2949 1529 adversantes
3005 1475 3134 1542 sibi,
3174 1477 3315 1532 alios
3363 1480 3689 1534 exauctori-

2059 1561 2208 1628 tavit,
2267 1562 2404 1616 alios
2461 1563 2625 1618 bonis
2711 1566 2964 1635 privavit.
3045 1583 3107 1622 ac
3166 1585 3266 1639 per
3315 1569 3418 1625 hoc
3476 1571 3694 1626 amicos

2059 1651 2223 1706 etiam
2255 1667 2386 1707 suos
2415 1654 2588 1726 magis
2635 1663 2823 1710 contra
2853 1672 2914 1711 se
2961 1657 3333 1722 exacerbavit.
3370 1661 3687 1717 Alexander

2062 1742 2236 1797 abbas
2273 1744 2661 1814 Aquicinensis
2711 1748 2990 1817 preciosas
3050 1750 3414 1820 plurimorum
3462 1761 3692 1809 sancto-

2066 1852 2180 1890 rum
2233 1836 2492 1909 reliquias
2538 1838 2608 1892 de
2637 1839 2871 1893 diversis
2937 1841 3292 1896 ecclesiarum
3350 1843 3488 1898 locis
3550 1860 3692 1899 con-

346 1946 448 1986 suo
474 1945 646 2004 regno
677 1938 994 2004 congregat.
1029 1932 1162 2002 (An.
1212 1934 1372 2004 1171,
1400 1935 1628 2004 0ct.t7.)
1678 1935 1962 2006 ingressus
2061 1926 2332 1998 gregavit,
2379 1943 2517 1998 quas
2574 1928 2629 1981 in
2675 1929 2834 1983 theca
2889 1944 3022 1984 auro
3064 1937 3119 1984 et
3176 1940 3408 2004 argento
3459 1932 3530 1988 ad
3576 1934 3684 2007 [ιον

348 2021 516 2093 igitur
545 2021 896 2092 Hybemiam,
920 2037 1042 2078 cum
1087 2040 1357 2098 pagenses
1383 2026 1650 2081 sensisset
1679 2026 1745 2080 ad
1779 2027 1962 2081 rebcl-
2065 2024 2351 2086 preparata
2380 2019 2642 2073 decenter
2664 2019 2882 2076 locavit.
2937 2020 3082 2076 Obiit
3133 2022 3379 2078 Andreas
3421 2025 3689 2079 Attreba-

348 2110 723 2165 landumsatis
743 2119 980 2183 paratos,
1024 2119 1136 2167 tum
1179 2115 1355 2185 panis,
1403 2132 1514 2187 quo
1542 2116 1719 2187 patria
1741 2131 1963 2187 preme-
2063 2109 2234 2164 tensis
2264 2111 2601 2180 episcOpus;
2663 2111 2933 2166 Robertus
2967 2112 3210 2168 Ariensis
3268 2117 3590 2186 prepositus
3633 2117 3689 2170 in

348 2203 528 2270 batur,
549 2202 752 2259 timens
779 2203 1046 2274 inopiam,
1073 2213 1187 2259 tum
1217 2213 1510 2261 ventorum
1567 2207 1622 2260 in
1679 2207 1962 2262 redeundo
2064 2204 2186 2252 ιοοο
2218 2197 2339 2267 eius
2370 2199 2612 2272 eligitur-
2640 2199 2946 2253 Alexan”“"
2978 2216 3119 2271 Papa
3157 2201 3423 2256 άοῑηῐιυηι
3457 2204 3695 2258 Bernar-

347 2307 546 2347 cavens
582 2292 925 2356 discrimina,
959 2292 1222 2348 confusus
1245 2295 1471 2350 recessit
1501 2295 1556 2349 in
1587 2311 1706 2350 sua.
1731 2295 1962 2350 Alexan-

347 2388 448 2442 der
473 2403 616 2459 papa
655 2387 864 2460 legatos
890 2387 946 2440 in
1001 2388 1389 2443 Normanniam
1431 2391 1499 2443 ad
1543 2391 1832 2446 llenricum
1867 2407 1961 2445 re-

345 2491 470 2549 gem
511 2475 1052 2550 dirigit,Autbertum
1092 2476 1352 2531 videlicet
1392 2478 1755 2547 presbiterum
1787 2477 1965 2534 cardi-

348 2568 528 2622 nalem
561 2567 745 2624 Sancti
798 2569 1077 2626 Laurentii
1109 2570 1165 2626 in
1225 2572 1450 2638 Lucina,
1503 2579 1558 2626 et
1621 2571 1965 2626 Theotimum

351 2660 715 2732 presbiterum
775 2663 1112 2718 cardinalem
1169 2663 1313 2718 tituli
1397 2662 1580 2717 Sancti
1639 2662 1849 2717 Vitalis.
1909 2665 1965 2718 ln

350 2769 582 2824 quorum
632 2755 912 2826 presentia
958 2756 1126 2827 (416).
1183 2747 1536 2810 adstantibus
1579 2755 1862 2826 episcOpis
1915 2764 1969 2810 et

352 2846 508 2920 regni
538 2846 623 2901 sui
651 2847 1030 2916 Optimatibus.
1090 2848 1158 2901 de
1191 2847 1578 2902 interfectione
1631 2848 1776 2902 beati
1824 2847 1968 2902 Tho-

353 2952 462 3004 me,
529 2937 690 2992 tactis
740 2945 1051 2993 sanctorum
1125 2939 1395 3009 reliquiis,
1453 2938 1696 3009 prefatus
1758 2956 1852 2993 rex
1909 2955 1969 2994 se

355 3025 655 3102 purgavit;
688 3032 743 3082 et
764 3026 1014 3082 ecclesiis
1042 3027 1125 3081 sui
1181 3028 1359 3101 regni,
1415 3045 1633 3100 queque
1688 3028 1774 3082 sui
1815 3037 1969 3084 erant

348 3115 511 3185 juris,
538 3115 605 3169 ad
665 3114 953 3169 arbitrium
999 3115 1359 3172 cardinalium
1419 3118 1741 3184 restituens,
1775 3135 1805 3171 a
1844 3118 1966 3172 vin-

355 3208 480 3264 culo
510 3207 812 3264 absolvitur
841 3209 1227 3264 anathematis.
1285 3213 1440 3275 Quod
1493 3211 1695 3267 factum
1728 3211 1968 3267 Franco-

355 3319 474 3357 rum
530 3302 645 3376 regi
691 3303 968 3358 Ludovico
1032 3312 1087 3358 et
1137 3305 1395 3359 omnibus
1459 3305 1817 3377 optimatibus
1848 3307 1968 3374 ejus

358 3391 516 3445 valde
540 3391 850 3462 diSplicuit.
899 3391 1215 3449 Cardinales
1268 3411 1418 3460 vero,
1477 3395 1570 3466 qui
1640 3396 1970 3451 Normannia

359 3479 550 3535 relicta
577 3479 633 3534 in
662 3479 946 3535 Franciam
979 3482 1237 3552 hyemare
1265 3483 1676 3554 disposuerant,
1720 3501 1812 3539 rex
1845 3503 1973 3556 pre-

358 3572 540 3626 dictus
568 3571 770 3627 invitos
826 3573 1006 3628 redire
1070 3573 1196 3629 fecit
1253 3575 1306 3629 in
1375 3577 1604 3631 Italiam.
1671 3578 1976 3632 Alexander

360 3680 522 3735 papa,
555 3663 758 3720 auditis
786 3665 1068 3720 miraculis
1097 3682 1206 3737 que
1237 3667 1382 3722 Deus
1414 3684 1512 3738 per
1562 3667 1782 3723 beatum
1833 3670 1979 3724 Tho-

360 3776 502 3814 mam
527 3769 819 3832 martyrem
847 3777 1007 3815 suum
1065 3763 1418 3833 operabatur,
1460 3779 1561 3834 per
1589 3763 1973 3818 auctoritatem

357 3850 713 3921 apostolicam
772 3850 1020 3905 decrevit
1057 3867 1182 3906 eum
1249 3852 1303 3906 in
1373 3868 1603 3908 numero
1659 3861 1976 3908 sanctorum

357 3949 655 4014 martyrum
715 3943 1045 3998 solemniter
1095 3945 1412 4000 habendum
1449 3946 1580 4014 (An.
1626 3945 1785 4012 1173,
1817 3949 1973 4000 Mart.

367 4033 467 4102 12).
489 4033 873 4089 Interfectores
898 4034 1044 4090 beati
1092 4035 1299 4090 Thome
1347 4033 1775 4104 archiepiscopi,
1810 4035 1974 4105 peni—

359 4124 530 4180 tentia
555 4124 728 4192 ducti,
757 4124 827 4179 ad
858 4141 1055 4196 papam
1089 4123 1455 4179 Alexandrum
1507 4131 1761 4198 pergunt,
1789 4131 1843 4178 et
1870 4124 1973 4178 sub

359 4219 606 4275 omnium
636 4219 916 4291 presentia
963 4219 1114 4292 gravi
1171 4219 1483 4289 plectuntur
1507 4217 1801 4274 sententia.
1835 4217 1981 4272 Obiit

361 4311 729 4368 Godescalcus
761 4311 1040 4383 quondam
1059 4310 1458 4366 Attrebatensis
1486 4310 1797 4380 episcopus.

432 4409 590 4474 1173,
773 4408 863 4462 21.
1048 4406 1136 4461 38.
1370 4407 1454 4459 19.
1678 4407 1764 4460 11.

434 4503 738 4576 Imperator
775 4503 1100 4558 Fredericus
1128 4511 1183 4557 et
1209 4502 1513 4556 marchisus
1543 4501 1611 4555 de
1663 4499 1984 4556 Monlferrat

363 4593 664 4648 exercitum
695 4598 1058 4667 congregant,
1099 4599 1161 4646 ut
1191 4591 1246 4644 in
1279 4591 1538 4661 sequenti
1576 4604 1722 4644 anno
1753 4588 1986 4642 Alexan-

365 4681 556 4734 drinos
597 4688 652 4734 et
695 4681 981 4735 ltalienses
1039 4686 1231 4734 contra
1315 4695 1374 4732 se
1428 4678 1839 4748 tyrannizantes
1887 4692 1984 4730 ex-

1991 3075 2041 3143 C

2065 2291 2218 2357 dum,
2251 2291 2708 2346 Clarevallensem
2735 2291 3013 2359 abbatem,
3062 2293 3118 2346 in
3180 2310 3413 2350 numero
3455 2304 3696 2352 sancto-

2066 2399 2190 2438 rum
2220 2384 2596 2440 confessorum
2629 2385 2684 2439 in
2704 2386 2939 2441 ecclesia
2990 2387 3232 2442 decrevit
3276 2389 3693 2445 honorandum.

2071 2475 2306 2545 Hyemps
2343 2474 2506 2530 solito
2536 2475 2820 2546 asperior;
2852 2475 3035 2546 hyemi
3066 2477 3278 2532 accedit
3319 2478 3696 2550 intemperies

2070 2569 2232 2624 aeris.
2265 2569 2395 2623 Nam
2427 2575 2684 2639 corrupto
2723 2585 2872 2634 aere,
2919 2586 3110 2624 mense
3162 2573 3479 2639 Decembri,
3514 2575 3701 2629 homi-

2072 2677 2171 2716 nes
2198 2661 2564 2716 succumbunt
2596 2660 3011 2716 inﬁrmitatibus
3041 2663 3301 2729 diversis;
3326 2666 3486 2720 multi
3524 2667 3690 2719 etiam

2070 2757 2383 2813 infirmitate
2406 2757 2497 2811 illa
2529 2757 2838 2813 moriuntur
2877 2774 3040 2830 quam
3101 2758 3302 2814 medici
3367 2768 3572 2816 vocant
3602 2777 3700 2816 ca-

2069 2860 2274 2905 tarrum
2317 2860 2371 2904 et
2410 2850 2625 2904 tussim.

2139 2943 2281 2997 1174
2459 2942 2550 2996 22.
2771 2942 2858 2995 39.
3081 2943 3170 2998 20.
3399 2944 3487 2998 12.

2145 3035 2316 3104 (Ann.
2353 3034 2545 3102 Aquic.
2600 3033 2746 3088 Obiit
2803 3033 3109 3088 Alexander
3157 3034 3554 3105 Aquicinensis
3608 3053 3704 3091 ec-

2067 3125 2238 3181 clesie
2280 3123 2453 3180 abbas
2498 3125 2608 3180 808.
2664 3125 2920 3180 Succedit
2971 3125 3022 3180 ei
3083 3125 3309 3196 Symon,
3383 3129 3699 3183 monachus

2068 3219 2317 3287 ejusdem
2347 3217 2615 3284 ecclesiae,
2648 3217 2820 3272 abbas
2848 3219 2960 3271 9‘18.
3031 3217 3224 3273 Petrus
3271 3217 3700 3275 Cameracensis

2071 3311 2302 3377 electus,
2363 3307 2528 3363 frater
2597 3307 2840 3379 Philippi
2887 3309 3104 3364 comitis
3152 3307 3434 3374 Flandric,
3467 3326 3704 3365 assensu

2072 3401 2322 3472 ejusdem
2363 3400 2546 3455 fratris
2589 3400 2675 3454 sui
2732 3400 2922 3455 relicto
2981 3401 3306 3472 episc0patu
3357 3409 3415 3455 et
3465 3402 3707 3457 clericali

2073 3494 2371 3560 corona,in
2393 3493 2703 3548 ebdomada
2749 3499 3131 3562 pentecosten,
3165 3493 3398 3548 sabbato
3435 3495 3536 3565 qui
3567 3494 3704 3549 inti-

2076 3585 2280 3639 tulatur
2332 3587 2392 3639 in
2451 3585 2728 3640 duodecim
2766 3585 3099 3650 lectionibus,
3133 3584 3301 3638 armis
3362 3584 3709 3640 militaribus

2078 3678 2400 3750 accingitur.
2435 3676 2697 3748 Sequenti
2739 3693 2884 3731 anno
2942 3692 3167 3732 uxorem
3223 3676 3401 3743 duxit,
3446 3677 3701 3733 relictam

2079 3766 2295 3822 comitis
2325 3766 2710 3831 Nivernorum,
2750 3765 3062 3837 eodemque
3101 3780 3246 3820 anno
3300 3764 3454 3820 diem
3511 3766 3710 3821 clausit

2079 3855 2359 3911 ultimum.
2393 3854 2691 3911 Rotbertus
2730 3853 3195 3908 Attrebatensium
3240 3855 3476 3919 electus,
3507 3855 3708 3910 indus-

2081 3949 2184 4004 tria
2212 3949 2453 4020 Philippi
2511 3947 2729 4004 comitis
2784 3963 2847 4002 ac
2892 3954 3186 4017 potestate,
3221 3946 3708 4004 Cameracensium

2075 4041 2371 4112 episcopus
2401 4040 2641 4112 eligitur.
2685 4041 2744 4093 ln
2785 4041 3108 4110 episcopatu
3146 4047 3328 4094 autem
3349 4039 3707 4095 Atrebatensi

2076 4130 2401 4186 Frumaldus
2438 4129 2840 4195 arcidiaconus,
2894 4127 3018 4198 ipso
3070 4128 3308 4183 Roberto
3365 4130 3708 4193 annittente,

2081 4219 2456 4276 substituitur.
2514 4217 2836 4272 Fredericus
2895 4217 3192 4287 imperator
3235 4223 3293 4270 et
3345 4218 3622 4272 marcisus
3644 4218 3710 4271 de

2082 4311 2403 4369 Montferrat
2433 4316 2553 4381 post
2595 4315 2958 4381 pentecosten
3009 4309 3155 4378 (421)
3191 4308 3402 4362 italiam
3453 4316 3712 4380 potenter

2001 4403 2339 4486 Dingressi,
2389 4417 2584 4458 novam
2657 4399 3037 4454 Alexandriam
3096 4399 3393 4454 obsidione
3455 4401 3709 4474 cingunt.

2087 4494 2392 4550 Ludovicus
2419 4508 2510 4547 rex
2535 4492 2886 4555 Francorum,
2945 4488 3214 4544 Henricus
3268 4497 3324 4543 et
3374 4489 3707 4548 Richardus.

2085 4587 2183 4642 ﬁlii
2237 4586 2383 4659 regis
2437 4583 2648 4654 Anglic,
2701 4599 2824 4638 cum
2881 4582 3134 4652 Philippo
3189 4581 3393 4636 comite
3455 4581 3706 4635 Flandrie

2085 4686 2275 4736 contra
2301 4677 2572 4750 prefatum
2628 4691 2814 4750 regem
2866 4675 3065 4729 iterum
3107 4674 3398 4744 insurgunt
3447 4690 3462 4737 ;
3519 4673 3616 4744 qui
3661 4674 3710 4726 in

369 4774 636 4840 pugnent.
668 4767 867 4822 Contra
898 4768 1192 4822 llenricum
1243 4783 1429 4839 regem
1465 4767 1760 4839 Anglorum
1795 4766 1991 4834 conju-
2091 4767 2478 4823 Normanniam
2513 4763 2766 4836 profecti,
2792 4762 3068 4817 civitatem
3111 4761 3519 4835 Rotbomagum
3549 4763 3710 4817 obse-

371 4861 582 4914 ratione
611 4861 798 4915 uxoris
833 4868 884 4913 et
912 4861 1150 4918 ﬁliorum
1203 4862 1343 4930 ejus,
1403 4862 1769 4933 quorumdam
1825 4861 1987 4915 etiam

370 4948 699 5017 Optimatum
731 4949 850 5016 ejus
879 4961 1084 5017 exorta,
1115 4952 1211 5006 tilii
1232 4952 1354 5021 ejus
1393 4951 1460 5006 ad
1509 4950 1841 5006 Ludovicum
1895 4966 1983 5004 re-

372 5055 498 5116 gem
528 5039 878 5106 Francorum,
909 5051 1102 5098 contra
1157 5053 1372 5114 patrem
1405 5042 1667 5097 auxilium
1709 5050 1981 5112 petentes,

373 5127 719 5203 confugiunt.
743 5129 854 5184 Rex
907 5147 1035 5190 vero
1065 5135 1234 5203 (417),
1293 5140 1574 5204 assumpto
1636 5148 1825 5188 secum
1859 5131 1986 5187 Phi-

2092 4858 2311 4911 derunt.
2340 4855 2469 4910 Pars
2519 4869 2650 4909 vero
2707 4851 2945 4924 quedam
3003 4850 3275 4905 exercitus
3330 4849 3708 4909 Flandrensis.

2093 4950 2353 5004 instinctu
2389 4947 2609 5003 Roberti
2650 4943 3061 4999 Cameracensis
3111 4941 3294 5002 electi.
3331 4942 3585 5014 Angliam
3619 4943 3712 4996 de-

2085 5038 2400 5110 predatura,
2425 5043 2574 5090 trans
2605 5048 2753 5089 mare
2784 5032 3016 5087 mittitur
3047 5049 3062 5097 ;
3107 5047 3346 5103 quorum
3363 5031 3461 5085 alii
3505 5031 3712 5086 marina

2085 5135 2413 5202 tempestate
2441 5127 2704 5201 quassati,
2763 5125 2856 5180 alii
2913 5138 3044 5180 vero
3099 5122 3169 5177 ab
3197 5122 3390 5196 Anglis
3446 5123 3710 5178 militibus

1935 5238 2150 5295 NOTAE.

451 5333 597 5407 (416)
638 5339 793 5409 Apud
819 5339 1100 5396 Abrincas.

452 5410 592 5477 (417)
624 5409 952 5466 Ludovicus.

453 5480 595 5546 (418)
628 5480 1049 5552 Albammariam
1081 5492 1136 5541 et
1183 5486 1489 5552 Briencort,
1545 5483 1844 5539 secundum
1877 5482 1992 5536 Gis-

381 5555 653 5608 lebertum
667 5558 721 5605 et
759 5551 1058 5610 Robertum
1084 5558 1153 5611 de
1187 5555 1368 5612 Monte

385 5621 593 5750 “(2:3,
617 5625 753 5678 Ante
781 5624 1082 5696 Briencort,
1133 5635 1270 5682 teste
1315 5627 1516 5682 Gisleh.
1554 5633 1608 5680 et
1654 5625 1890 5680 Roberto
1913 5625 1981 5678 de

385 5719 402 5749 ι.
441 5711 474 5750 ο
575 5733 590 5750 ς

381 5708 590 5760 monte,

2163 5338 2308 5406 (420)
2343 5339 2401 5393 ln
2432 5337 2680 5402 Pontivo,
2717 5336 2861 5390 inter
2890 5333 3282 5406 sainti-iYale‘ry
3322 5339 3376 5387 et
3410 5331 3708 5406 Boulqgne.

2166 5403 2302 5481 (521)
2323 5411 2478 5465 Falso
2512 5426 2527 5475 ;
2559 5407 2650 5463 die
2676 5407 2906 5481 enimigi
2927 5403 3443 5481 Junii_Ra_tisbonaj,
3475 5403 3530 5457 d.
3559 5403 3692 5481 g'Au

2129 5471 2236 5536 usti
2267 5471 2410 5551 apud
2440 5471 2680 5535 castrum
2709 5477 2936 5542 Trivels,
2987 5477 3038 5530 d.
3073 5477 3128 5529 2.
3163 5475 3317 5546 Sept.
3353 5471 3536 5529 adhuc
3567 5475 3710 5528 Basi-

2091 5498 2194 5608 ᾔδεε
2227 5551 2329 5605 fuit
2379 5551 2697 5608 imperator.
2742 5551 2875 5604 Ante
2907 5545 3294 5604 Alexandriam
3325 5554 3508 5603 castra
3536 5545 3710 5608 posuit

2087 5545 2329 5678 ἔδεεὲυὲ
2379 5551 2697 5622 imperator.
2742 5551 2875 5604 Ante
2907 5545 3294 5604 Alexandriam
3325 5554 3508 5603 castra
3536 5545 3713 5617 posuit

2131 5668 2140 5678 .
2315 5631 2387 5678 ct.

2131 5668 2140 5678 .
2175 5631 2245 5678 29
2273 5631 2387 5679 Oct.
