3876 6208
185 255 280 312 309

1107 238 1453 295 CHHONICA.
1496 266 1562 277 —
1604 230 2039 291 CONTINUATIO
2078 232 2564 297 AQUlClNCTINA.

3396 241 3504 297 310

186 380 393 438 viriliter
418 373 659 445 suscepti
693 379 749 428 et
798 368 1169 446 ignominiose
1228 364 1458 437 repulsi,
1507 379 1630 419 cum
1681 360 1781 416 de—
1796 361 1848 431 Α
1883 364 2024 413 state
2053 358 2212 414 multi
2238 361 2493 416 monachi
2523 370 2579 417 et
2607 362 2812 419 milites
2840 364 2899 419 in
2927 366 3028 421 hac
3055 372 3244 422 nostra
3274 368 3503 439 regione

183 475 358 530 decore
398 469 467 525 ad
504 466 728 540 propria
760 470 889 520 sunt
940 461 1169 517 reversi.
1225 458 1491 515 Henricus
1523 472 1619 511 rex
1673 455 1780 507 An-

183 563 299 638 glic,
325 574 557 615 cernens
585 573 644 611 se
683 555 754 610 ab
785 552 1047 609 omnibus
1081 548 1296 622 impoti,
1332 548 1383 603 in
1417 562 1477 601 se
1506 543 1783 638 reversuis

186 631 387 707 tandem
428 649 533 704 hoc
563 645 678 701 suis
707 641 999 715 imputavit
1028 638 1290 711 peccatis,
1324 645 1382 691 et
1412 634 1483 690 de
1510 632 1624 689 suis
1653 631 1782 687 viri-

189 748 280 801 bus
306 743 581 809 difﬁdens,
640 739 887 794 divinum
922 733 1098 807 poscit
1146 731 1431 788 auxilium.
1483 728 1583 793 Qui
1639 727 1779 781 Can-

188 836 394 892 tuariam
425 831 680 899 veniens,
712 827 933 883 beatum
983 824 1248 893 Thomam
1274 817 1777 890 archiepiSCOpum,

183 928 296 984 olim
322 940 427 979 ase
463 920 733 991 injuriose
784 923 1094 980 tractatum,
1123 913 1322 969 humili
1349 920 1404 967 et
1454 912 1653 965 devota
1691 924 1778 963 sa-

185 1018 493 1084 tisfactione,
548 1014 618 1069 ad
668 1017 919 1067 sanctum
978 1007 1245 1064 tumulum
1314 1004 1435 1072 ejus
1497 1001 1778 1056 uberrime

184 1113 369 1180 ﬂendo,
398 1108 656 1183 placavit.
682 1108 798 1173 Que
823 1121 910 1160 res
953 1105 1024 1171 ei,
1060 1110 1120 1158 ut
1148 1100 1446 1167 credimus,
1493 1096 1777 1153 victoriam

183 1201 408 1258 contulit.
450 1199 584 1254 Nam
613 1212 741 1252 mox
769 1211 956 1270 regem
991 1191 1367 1256 Gualensium,
1424 1189 1519 1244 diu
1547 1186 1655 1242 sibi
1686 1202 1776 1240 rr—

181 1291 382 1360 bellem,
426 1298 482 1345 et
529 1287 805 1361 quosdam
852 1283 1111 1338 inimicos
1141 1296 1274 1336 suos
1302 1280 1405 1334 sub
1455 1275 1772 1349 quindecim

181 1384 371 1438 diemm
418 1380 599 1452 spatio
652 1378 708 1433 in
774 1375 1115 1431 deditionem
1170 1370 1371 1444 coegit,
1427 1368 1773 1441 quorundam

181 1475 327 1531 etiam
355 1473 657 1546 Anglorum
688 1475 878 1526 contra
908 1484 969 1523 se
999 1465 1359 1521 sentientium
1400 1471 1589 1519 motus
1619 1476 1774 1517 com-

181 1565 389 1637 pescuit.
431 1564 559 1619 Post
590 1563 696 1618 hec
748 1558 1139 1616 Normanniam
1173 1571 1446 1621 reversus,
1496 1553 1773 1609 civitatem

183 1655 555 1726 ltothomagum
614 1668 646 1706 a
700 1666 830 1724 rege
895 1648 1227 1703 Francorum
1287 1645 1572 1700 obsessam
1630 1642 1774 1697 circa

183 1746 392 1801 mediam
422 1751 643 1802 noctem
675 1749 757 1797 est
795 1741 1098 1814 ingressus.
1146 1737 1385 1793 Iacobus
1422 1736 1489 1791 de
1520 1734 1771 1799 Avesnis,

182 1836 377 1909 quidam
409 1837 568 1891 miles
600 1835 758 1891 dives
772 1842 829 1889 ct
847 1834 1146 1908 ingenuus,
1165 1829 1222 1884 in
1243 1827 1535 1883 obsidione
1559 1827 1772 1882 Rotho-

183 1928 403 2004 magensi
431 1944 463 1983 a
495 1927 741 1983 Roberto
782 1923 1160 1981 Cameracensi
1192 1922 1369 1977 electo
1424 1918 1776 1975 contumeliis

180 2016 444 2072 verborum
472 2014 739 2071 afﬁcitur.
770 2014 884 2069 Rex
922 2012 1256 2068 Francorum
1312 2018 1368 2064 et
1397 2023 1587 2064 comes
1616 2006 1775 2062 Flan-

182 2106 377 2162 drorum
408 2107 477 2161 de
514 2104 814 2162 obsidione
844 2102 940 2158 illa
972 2100 1289 2157 inefficaces
1328 2098 1637 2162 redierunt;
1695 2097 1778 2152 sic

182 2198 264 2252 ﬁlii
310 2209 494 2254 contra
524 2204 742 2269 patrem
792 2195 1080 2251 venientes
1110 2192 1314 2248 reversi
1363 2198 1494 2246 sunt
1533 2188 1773 2265 inglorii.

185 2287 428 2345 Robertus
460 2285 944 2344 Cameracensium
974 2284 1185 2340 electus
1213 2300 1245 2337 a
1287 2280 1659 2337 servientibus
1683 2279 1779 2335 Ja-

181 2375 286 2431 cobi
316 2377 380 2431 de
409 2377 646 2432 Avesnis
686 2374 1059 2450 ignominioso
1110 2372 1256 2445 apud
1285 2370 1586 2427 Condatum
1615 2367 1770 2440 peri~

184 2465 326 2520 mitur
373 2466 540 2535 (422).
619 2465 736 2521 Duo
794 2462 1217 2519 Cameracenses
1270 2458 1647 2516 archidiaconi
1704 2457 1771 2512 ad

184 2554 527 2627 episcOpatum
562 2569 667 2626 per
712 2551 1124 2609 contentionem
1184 2549 1484 2624 eliguntur,
1526 2548 1776 2619 Hogerus

187 2648 369 2704 scilicet
397 2657 451 2705 et
500 2648 757 2704 Alardus.
800 2647 908 2702 Sed
970 2647 1185 2721 Rogero
1218 2662 1249 2699 a
1278 2643 1532 2715 Philippo
1573 2642 1774 2697 comite

190 2738 512 2796 Flandrorum
542 2746 604 2794 et
632 2737 835 2793 saniori
866 2745 1023 2808 parte
1059 2735 1340 2802 abdicato,
1378 2734 1609 2789 Alardus
1643 2732 1777 2787 sub-

189 2827 419 2883 stituitur.
472 2828 719 2898 Uterque
782 2825 1161 2897 episcOpatum
1217 2822 1562 2889 desiderans,
1618 2828 1775 2876 tran-

188 2920 609 2991 scensisAlpibus
637 2917 886 2974 certatim
916 2917 983 2972 ad
1015 2916 1404 2988 imperatorem
1424 2913 1775 2970 Fredericum

191 3009 236 3065 in
262 3011 455 3068 Italiam
489 3012 698 3087 pergit.
750 3013 1050 3082 Imperator
1103 3009 1288 3080 itaque
1338 3007 1472 3063 visis
1502 3006 1771 3078 personis,

189 3103 455 3177 auditaque
482 3105 703 3159 ratione
734 3101 1044 3168 electionis,
1067 3099 1199 3156 visis
1221 3099 1385 3155 etiam
1418 3098 1614 3153 litteris
1645 3097 1772 3152 Phi-

190 3192 310 3265 lippi
336 3196 568 3263 comitis,
634 3210 732 3266 pro
762 3194 961 3249 Alardo
994 3192 1337 3264 petentibus,
1378 3189 1788 3247 communicato

192 3296 295 3336 cum
324 3284 603 3355 episc0pis
634 3281 731 3354 qui
764 3281 842 3336 ibi
874 3281 1107 3337 aderant
1136 3279 1393 3350 consilio,
1429 3279 1507 3334 illi
1562 3278 1787 3350 episco-

194 3382 355 3443 patum
382 3376 533 3431 dedit
569 3374 863 3446 Philippus
891 3389 1080 3429 comes
1107 3372 1360 3428 Flandrie
1391 3379 1581 3428 contra
1616 3372 1780 3427 Jaco-

193 3459 303 3516 bum
338 3463 402 3519 de
432 3463 688 3530 Avesnis,
721 3477 822 3534 pro
852 3460 1240 3518 interfectione
1272 3460 1492 3516 Roberti
1528 3460 1785 3515 Camera-

194 3552 350 3607 censis
377 3553 558 3623 elccti,
617 3568 743 3607 cum
797 3551 1036 3607 exercitu
1079 3551 1258 3616 vadit;
1314 3549 1413 3605 sed
1469 3550 1784 3606 interventu

194 3639 382 3698 Henrici
411 3641 709 3699 Remensis
736 3639 1140 3711 archiepisc0pi
1170 3640 1453 3708 detentus,
1485 3644 1644 3711 pacto
1677 3655 1782 3710 pa-

194 3728 259 3782 cis
305 3729 470 3802 magis
494 3729 783 3801 utrimque
827 3727 1084 3783 simulato
1136 3743 1302 3799 quam
1355 3727 1684 3799 composito,
1729 3728 1784 3782 in

193 3818 468 3877 Flandriam
506 3820 696 3877 rediit.
743 3820 942 3892 Hyems
979 3819 1146 3875 nimis
1191 3818 1441 3890 pluviosa
1482 3819 1784 3875 exercitum

194 3909 439 3969 Frederici
474 3911 831 3985 imperatoris
881 3910 1264 3967 Alexandriam
1287 3909 1600 3967 obsidentis
1621 3911 1786 3968 nimis

192 4003 394 4060 attrivit.

254 4091 395 4147 H75.
510 4092 577 4148 Β.
611 4091 700 4148 23.
815 4091 994 4147 ΚΜ).
1110 4092 1172 4147 Α.
1211 4092 1302 4146 21.
1418 4092 1477 4147 H.
1519 4093 1600 4148 13.

251 4183 363 4251 (Αη.
396 4184 556 4252 1174,
590 4186 754 4254 Sept.)
786 4183 1051 4239 Henricus
1079 4199 1175 4239 rex
1199 4183 1391 4258 Anglie
1417 4191 1473 4240 et
1507 4183 1602 4239 ﬁlii
1633 4185 1775 4256 ejus,

197 4272 447 4329 mediante
504 4273 785 4329 Ludovico
848 4272 1175 4329 Francorum
1208 4288 1361 4349 rege,
1409 4273 1785 4345 paciﬁcantur.

196 4361 436 4421 Henricus
492 4367 795 4422 Remorum
835 4365 1290 4438 archiepiscopus
1342 4369 1521 4423 natale
1570 4368 1788 4425 Domini

194 4457 319 4525 apud
348 4459 732 4531 Aquicinctum
771 4458 1096 4526 celebravit;
1131 4458 1335 4514 deinde
1367 4460 1646 4530 profectus
1697 4470 1781 4518 est

1798 3059 1849 3129 C

1884 449 2219 505 elemosinas
2243 451 2422 527 largas
2447 453 2785 524 pauperibus
2810 455 3153 523 tribuebant;
3186 457 3333 514 inter
3360 475 3500 531 quos

1882 541 2259 600 Valcellenses
2315 544 2571 600 monachi
2618 544 2957 601 eminebant.
3018 546 3162 601 Obiit
3232 548 3499 604 Henricus

1884 635 2174 691 Remensis
2233 636 2705 708 archiepisc0pus,
2775 635 2947 693 frater
3014 638 3272 694 Ludovici
3352 642 3497 713 regis

1881 724 2236 781 Francorum.
2268 726 2462 801 Magna
2492 726 2638 783 circa
2686 726 3024 783 nativitatem
3054 728 3267 783 Domini
3303 728 3495 784 flumi-

1883 835 2013 873 num
2047 818 2436 883 redundantia,
2488 820 2544 874 in
2568 826 2797 888 tantum,
2840 828 2901 876 ut
2927 820 3204 894 Sequana,
3236 821 3420 877 Axona
3446 829 3500 877 ct

1882 911 2021 983 Hysa
2063 912 2250 968 alveos
2278 928 2409 968 suos
2455 913 2683 987 egressi,
2734 914 2838 970 sub
2890 930 2999 969 una
3043 922 3207 970 nocte
3238 930 3494 989 magnum

1880 1006 2443 1062 circummanentibus
2472 1007 2735 1062 damnum
2763 1008 3054 1078 inferrent,
3086 1009 3298 1065 multos
3328 1009 3492 1065 etiam

1882 1104 2172 1152 necarent.

1951 1190 2113 1246 1176.
2332 1189 2423 1243 24.
2641 1189 2729 1244 41.
2953 1191 3043 1245 22.
3266 1192 3352 1245 M.

1952 1282 2100 1335 lnter
2131 1279 2517 1352 imperatorem
2549 1278 2901 1335 Fredericum
2934 1289 2988 1336 et
3019 1282 3305 1336 ltalienses
3347 1297 3500 1338 vario

1876 1380 2079 1429 eventu
2120 1388 2493 1444 sepenumero
2526 1379 2820 1444 pugnatur.
2858 1373 3195 1429 Christianus
3233 1374 3502 1430 cancella-

1877 1465 1990 1519 rius
2043 1465 2113 1518 de
2145 1480 2283 1535 pace
2316 1464 2459 1519 inter
2513 1464 2907 1536 imperatorem
2961 1473 3015 1520 et
3064 1482 3259 1537 papam
3316 1464 3497 1521 refor-

1876 1556 2078 1610 manda
2118 1554 2279 1611 valde
2334 1561 2481 1610 extat
2510 1555 2795 1610 sollicitus.
2854 1555 3119 1611 Henricus
3159 1572 3252 1611 rex
3302 1556 3501 1629 Anglo-

1876 1661 2020 1710 rum,
2052 1643 2237 1700 missis
2266 1643 2485 1700 nunciis
2511 1644 2580 1699 ad
2608 1644 2922 1716 Philippum
2947 1645 3204 1701 comitem
3237 1645 3500 1700 Flandro-

1875 1754 2017 1803 rum,
2046 1737 2235 1793 nescio
2266 1737 2469 1809 quibus
2499 1737 2682 1792 verbis
2722 1746 2816 1792 aut
2855 1736 3315 1808 promissionibus
3367 1737 3497 1791 illo-

1876 1837 2021 1883 ctum
2054 1828 2122 1883 ab
2163 1828 2363 1884 itinere
2389 1827 2876 1884 Jherosolimitano
2917 1828 3153 1882 detinuit
3184 1828 3291 1882 hoc
3319 1843 3490 1893 anno,

1873 1918 2114 1974 Jacobus
2139 1918 2209 1973 de
2237 1916 2466 1973 Avesnis
2495 1916 2631 1973 satis
2660 1915 2935 1988 superbus
2965 1922 3019 1970 et
3046 1915 3313 1980 insolens,
3346 1931 3492 1971 con-

1876 2014 1959 2061 tra
1989 2004 2276 2060 dominum
2308 2020 2469 2059 suum
2502 2003 2763 2059 comitem
2796 2002 3200 2076 Haginoensem
3236 2002 3494 2068 rebellat;

1876 2108 1932 2155 at
1980 2097 2283 2153 Balduinus
2312 2112 2501 2153 comes
2548 2094 2947 2153 contumaciam
2982 2096 3102 2165 ejus
3130 2112 3261 2171 egre
3288 2094 3495 2161 ferens,

1878 2193 2166 2250 castellum
2196 2193 2448 2262 ejusdem
2480 2191 2673 2248 Jacobi
2706 2190 3012 2248 Condatum
3044 2191 3342 2247 obsidione
3368 2192 3496 2248 cin-

1878 2284 1978 2358 git,
2011 2285 2214 2340 auxilio
2244 2283 2484 2355 Philippi
2536 2282 2792 2338 Flandrie
2830 2282 3068 2348 comitis,
3100 2282 3335 2338 Jacobus
3366 2298 3499 2338 vero

1873 2377 1942 2431 de
1980 2376 2095 2431 suis
2124 2374 2388 2430 diffidens
2418 2373 2649 2440 viribus,
2681 2373 2864 2428 claves
2916 2371 3127 2428 castelli
3167 2371 3373 2427 invitus
3404 2387 3504 2426 co-

1875 2465 1991 2519 miti
2021 2464 2291 2528 reddidit;
2354 2478 2543 2519 comes
2569 2477 2701 2518 vero
2731 2470 2957 2532 accepto
2997 2461 3243 2529 castello,
3276 2477 3495 2517 murum

1875 2564 1930 2613 et
1961 2557 2155 2612 turrim
2184 2554 2302 2611 solo
2334 2561 2494 2610 tenus
2523 2553 2814 2625 coequavit
2853 2553 3023 2625 (523).
3077 2553 3220 2608 Obiit
3273 2554 3491 2622 Petrus,

1877 2650 2047 2707 frater
2108 2650 2346 2721 Philippi
2400 2648 2641 2716 comitis,
2686 2648 2831 2719 apud
2886 2648 3267 2704 Hilseldunum
3323 2649 3493 2719 (421).

1877 2741 2001 2796 Orta
2030 2740 2231 2796 iterum
2273 2739 2415 2795 inter
2457 2737 2768 2809 Philippum
2812 2737 3069 2793 comitem
3126 2744 3182 2792 et
3230 2738 3496 2794 Jacobum

1875 2833 2175 2900 simultate,
2235 2840 2361 2904 post
2387 2847 2624 2886 messem
2684 2831 2932 2904 Augusti,
2963 2839 3247 2901 assumpto
3300 2846 3493 2886 secum

1877 2926 2078 2982 comite
2107 2923 2515 3001 llagynocenci,
2548 2923 2685 2979 duas
2714 2922 2962 2992 ejusdem
2994 2922 3185 2979 Jacobi
3225 2924 3495 2980 munitio-

1878 3033 1997 3085 nes,
2021 3016 2155 3072 sitas
2183 3015 2239 3070 in
2273 3015 2539 3071 comitatu
2572 3011 2979 3080 Virmandensi,
3021 3028 3209 3068 comes
3249 3012 3503 3069 Fiandrle

1893 3129 2016 3168 cum
2051 3127 2263 3167 summa
2295 3108 2649 3165 festinatione
2688 3108 2866 3180 cepit;
2899 3124 3126 3180 quarum
3159 3108 3329 3163 altera
3352 3109 3503 3182 (425)

1891 3205 2190 3274 destructa,
2222 3204 2452 3260 alteram
2492 3203 2634 3273 (426)
2672 3203 2776 3258 sibi
2819 3202 3065 3259 retinuit.
3116 3203 3209 3259 Sic
3227 3203 3383 3272 juxta
3409 3205 3506 3259 Sa-

1887 3299 2168 3355 lomonem
2218 3296 2494 3373 ﬂagellato
2544 3296 2860 3367 pestilente.
2913 3295 3153 3367 quietior
3181 3295 3283 3351 fuit
3310 3296 3503 3367 patria.

1884 3392 2078 3464 Magna
2107 3390 2267 3463 panis
2293 3396 2349 3445 et
2392 3389 2509 3445 vini
2537 3388 2896 3444 abundantia.
2948 3389 3007 3444 In
3036 3388 3259 3444 civitate
3314 3387 3508 3444 Came-

1884 3498 2011 3538 raco
2040 3489 2097 3538 et
2119 3487 2299 3538 castro
2329 3480 2506 3536 sancti
2532 3480 2803 3548 Quintini,
2835 3480 2890 3534 in
2930 3480 3187 3537 Gandavo
3227 3488 3281 3535 et
3313 3480 3367 3536 in
3395 3481 3505 3535 Be-

1884 3572 2059 3640 tunia,
2083 3570 2256 3626 multe
2286 3569 2523 3626 ecclesie
2555 3576 2609 3625 et
2639 3569 2837 3625 domus
2861 3576 2991 3624 sunt
3013 3569 3261 3625 incenso.
3291 3568 3510 3623 Willel-

1883 3680 2013 3720 mus
2065 3661 2409 3718 Senononsis
2463 3661 2936 3732 archiepiscOpus,
2993 3660 3161 3716 frater
3224 3660 3507 3716 Elizabeth

1886 3751 2078 3828 regine
2103 3750 2457 3818 Francorum,
2485 3749 2555 3804 de
2578 3747 2892 3805 Senonensi
2923 3748 3158 3804 ecclesia
3184 3748 3244 3802 in
3265 3748 3508 3804 Remen-

1885 3860 2003 3900 sem
2042 3841 2333 3899 ecclesiam
2386 3845 2800 3895 transmutatur.
2859 3837 3005 3893 Obiit
3054 3836 3361 3893 Amalricus
3406 3854 3503 3894 rex

1884 3935 2262 4000 Jherusalem;
2292 3931 2543 3989 succedit
2570 3931 2623 3988 ei
2650 3930 2969 3999 Balduinus,
3002 3928 3150 3985 ﬁlius
3172 3928 3315 3998 ejus,
3339 3934 3505 3985 aetate

1888 4029 2165 4099 impotens
2189 4024 2594 4082 etinﬁrmitate.

1960 4124 2121 4181 1177.
2335 4120 2426 4178 25.
2648 4120 2737 4176 42.
2952 4117 3045 4173 23.
3261 4116 3316 4173 1.

1961 4219 2112 4276 Inter
2136 4216 2490 4274 Fredericum
2517 4215 2928 4287 [imperatorem
2980 4220 3038 4269 et
3086 4210 3374 4268 ltalienses
3402 4228 3506 4283 pax

1890 4325 2066 4382 usque
2097 4309 2155 4364 in
2199 4305 2643 4381 quinquennium
2671 4303 2934 4361 ﬁrmatur.
2979 4301 3264 4359 ltalienses
3316 4302 3502 4373 impe-

1803 4431 1865 4501 D
1891 4401 2057 4457 ratori
2082 4400 2293 4456 tumida
2344 4397 2739 4454 submittentes
2765 4394 2945 4501 .colla,
2972 4392 3345 4501 magnisleum
3383 4391 3501 4447 auri

1894 4498 1950 4546 et
1997 4490 2209 4561 argenti
2263 4494 2526 4545 onustant
2561 4484 2905 4540 muneribus.
2968 4482 3138 4553 (Μαί.)
3198 4482 3506 4553 Imperator

194 4545 241 4655 i'n
269 4547 591 4655 Flandriam,
646 4550 966 4655 ad.cu.riam
1021 4549 1263 4655 Philippi
1289 4551 1548 4655 (ξξηῗίιίδῖ
1602 4553 1791 4655 ίδίίίιξθ
1892 4545 2104 4655 degens
2150 4580 2209 4634 in
2233 4578 2450 4634 civitate
2488 4576 2768 4643 Ravenna,
2809 4581 2865 4630 et
2908 4545 3218 4628 Alexander
3269 4545 3413 4643 papa
3444 4569 3502 4624 in

193 4637 412 4746 ﬁmi)”.
443 4644 511 4746 δέ
542 4642 777 4746 “esui?
808 4643 1083 4746 def"???
1117 4642 1342 4746 Romam
1363 4643 1789 4746 ,οδωθτδθθηδίδ
1890 4637 2138 4742 Ve-netia,
2194 4671 2497 4746 legationes
2532 4637 2840 4725 alternatim
2887 4668 2944 4723 in
3002 4680 3136 4739 pace
3168 4637 3314 4722 inter
3344 4637 3505 4739 ipsos

195 4728 357 4829 falcem
388 4734 529 4791 fauo
560 4736 867 4831 εθοιξῗιάυφ
884 4736 1162 4831 δξξάίθίυῖη
1185 4738 1698 4808 θυτίθσίυτθοωθωον
1725 4756 1787 4795 3°
1888 4728 2399 4831 reformandauplus
2456 4758 2578 4814 vice
2616 4756 2856 4829 simplici
2909 4728 3153 4812 mittunt.
3213 4728 3505 4828 Philippus

199 4826 471 4881 immunem
501 4826 768 4881 ostendit.
804 4829 863 4882 ln
896 4826 984 4883 die
1040 4836 1231 4885 sancto
1280 4846 1614 4901 parasceven
1664 4831 1788 4889 Phi-

1958 4871 2074 4911 mcs
2101 4854 2356 4910 Flandrie
2382 4851 2530 4908 circa
2560 4857 2921 4923 pentecosten
2947 4848 3370 4906 Jherosolimam
3401 4865 3505 4920 pe-

196 4910 359 5012 lippus
409 4933 597 5012 comes
627 4917 903 4987 Flandrie,
947 4935 1073 4975 cum
1113 4921 1301 4976 multis
1338 4922 1460 4977 aliis
1489 4921 1545 4977 in
1582 4922 1786 4980 mem“
2027 4944 2360 5010 Willelmus,
2400 4910 2845 4996 ﬁlius.marchisi
2877 4939 2948 5012 de
2977 4938 3315 5012 Mpntferrat,
3341 4910 3506 5012 egre-

197 5005 348 5062 salem
380 5009 748 5080 profecturus,
789 5028 1009 5068 crucem
1061 5015 1293 5086 accepit.
1350 5016 1508 5071 Estas
1538 5015 1788 5085 pluviosa
1887 5019 2013 5095 gius
2063 5016 2303 5087 juvenis,
2346 5005 2442 5087 qui
2484 5011 2651 5067 ﬁliam
2702 5010 2955 5067 Amalrici
3009 5005 3504 5066 Jherosolimorum

198 5104 246 5151 et
270 5097 564 5172 dampnosa
603 5118 841 5159 messem
871 5104 1103 5181 Augusti
1146 5107 1353 5162 mensis
1382 5114 1439 5162 et
1468 5115 1789 5179 autumpna—

198 5186 290 5287 lem
325 5193 660 5250 vindemiam
710 5196 1020 5267 protelavit.
1065 5198 1167 5253 Per
1190 5199 1416 5254 Galliam
1470 5206 1524 5255 et
1571 5199 1791 5255 Germa-

197 5285 327 5336 niam
370 5285 526 5355 panis
557 5285 743 5357 inopia
778 5287 986 5344 multos
1024 5287 1239 5364 afﬂigit,
1282 5290 1395 5346 Sub
1426 5291 1529 5346 hac
1576 5300 1790 5364 tempe-

1888 5106 2037 5181 regis
2066 5121 2294 5161 uxorem
2334 5104 2577 5158 duxerat.
2619 5116 2651 5155 a
2694 5098 3081 5156 transmuriuis
3110 5097 3387 5154 militibus
3416 5111 3509 5154 ve-

1892 5215 2036 5256 neno
2062 5198 2424 5274 extinguitur.

1961 5295 2031 5346 De
2070 5290 2501 5346 reconciliatione
2538 5289 2689 5356 regni
2717 5291 2768 5340 et
2790 5284 3095 5340 sacerdocii.
3157 5280 3266 5339 Hoc
3304 5279 3502 5336 eodem

1735 5414 1948 5493 Nora.

259 5510 395 5585 (βξ)
431 5512 702 5585 tempore
745 5517 1068 5583 autumnali,
1116 5525 1255 5574 teste
1310 5518 1617 5574 Gisleberto

439 5582 630 5666 Fusius
661 5584 764 5641 hoc
787 5595 971 5666 narrat
997 5582 1337 5666 Gi’slebertus
1366 5606 1420 5660 p.
1449 5591 1537 5645 91.

266 5653 400 5723 (424)
441 5656 711 5712 lssoudun
747 5699 760 5723 ,
816 5658 869 5713 in
926 5660 1110 5715 Berria
1144 5702 1156 5727 ,

1665 5536 1719 5590 p.
1770 5519 1862 5574 87.

1240 5660 1513 5716 Robertus
1571 5661 1639 5715 de
1693 5661 1871 5717 Monte

1974 5516 2189 5571 Petrum
2225 5532 2255 5569 a
2296 5514 2431 5569 1177
2466 5522 2737 5570 mortuum
2771 5512 2924 5568 dicit.

2045 5586 2190 5655 (425)
2231 5585 2571 5643 Leschiét'es.

2054 5658 2195 5726 (426i
2236 5656 2419 5710 Guise.
