3876 6208
389 298 489 355 311

1591 295 1939 352 SIGEBERTI
1980 299 2491 356 GEMBLACENSIS.

3612 311 3721 370 312

389 442 534 480 anno
563 426 598 480 9
629 425 742 484 Kal,
776 425 1001 498 Augusti
1031 424 1173 478 facta
1205 431 1288 478 est
1308 425 1490 480 leticia
1521 441 1720 496 magna
1776 427 1828 480 in
1861 427 1992 482 uni—
2022 433 2076 502 Α
2102 435 2334 499 copiosas
2362 435 2669 500 referimus,
2691 434 2755 488 de
2781 448 2840 488 eo
2868 435 3006 503 quod
3043 437 3318 491 ecclesiam
3368 445 3420 492 et
3443 453 3540 493 nos
3580 444 3720 510 ipsos

389 518 587 575 versali
615 518 870 582 ecclesia,
901 516 1034 590 quia
1076 517 1356 574 discordia
1409 535 1520 590 que
1572 519 1715 574 inter
1765 536 1994 594 regnum

387 614 442 662 et
493 606 871 662 sacerdocium
905 621 1004 677 per
1043 605 1238 681 viginti
1273 623 1450 663 annos
1479 605 1658 663 fuerat
1703 610 1994 684 exagitata,

388 705 444 751 et
473 711 672 769 magno
699 695 962 752 seandalo
1000 695 1096 751 toti
1129 695 1334 758 mundo
1363 703 1497 764 erat,
1531 703 1754 754 auctore
1788 699 1896 754 Deo
1941 699 1994 753 in

389 786 494 840 hac
521 785 610 840 die
645 791 727 840 est
755 782 1056 854 pacificate.
1087 784 1253 854 (427).
1283 784 1620 840 Chrisiianus
1642 786 1790 842 enim
1818 788 1998 842 archi-

391 875 688 947 episcopus
719 874 1086 950 Maguntinus,
1119 875 1210 946 qui
1241 884 1294 930 et
1339 877 1722 946 cancellarius,
1767 890 1820 934 et
1849 879 1996 949 opti-

393 975 566 1022 mates
594 967 748 1040 regni
796 983 918 1022 eum
961 967 1236 1038 episcopis
1287 969 1704 1037 convenientes,
1745 971 1997 1026 Frederi-

391 1073 516 1112 cum
566 1057 950 1128 imperatorem
983 1055 1050 1110 ad
1082 1057 1343 1111 domuum
1379 1074 1574 1128 papam
1606 1060 1993 1126 Alexandrum,

391 1145 763 1201 discalciatum
803 1153 857 1199 et
898 1145 1062 1220 regiis
1092 1147 1436 1201 ornamentis
1474 1148 1762 1216 nudatum,
1814 1150 1868 1204 in
1893 1151 1998 1205 Ve-

391 1233 536 1288 netia
589 1233 645 1286 in
678 1233 796 1288 loco
824 1231 918 1304 qui
963 1232 1115 1288 Altus
1145 1233 1293 1288 rivus
1350 1245 1720 1308 nuncupatur,
1759 1239 1999 1293 adduxe-

391 1333 537 1379 runt.
574 1325 698 1394 ipse
727 1340 856 1380 vero
887 1340 1010 1380 cum
1035 1331 1182 1380 tanta
1212 1327 1540 1394 humilitate,
1573 1330 1720 1401 quod
1743 1330 1792 1385 ei
1824 1330 2000 1386 fuerat

391 1412 678 1480 indictum,
711 1413 978 1484 implevit,
1011 1421 1070 1469 ut
1099 1413 1248 1469 illius
1291 1417 1541 1472 extitisse
1571 1435 1714 1490 opus
1744 1419 1865 1473 sine
1896 1419 2000 1473 du-

391 1501 655 1558 bitatione
703 1505 980 1569 credatur,
1033 1503 1100 1557 de
1154 1519 1264 1576 quo
1313 1505 1546 1562 dicitur:
1597 1512 1696 1563 Cor
1751 1512 1889 1578 regis
1941 1512 1999 1562 in

393 1607 564 1646 manu
593 1595 716 1661 Dei;
767 1593 862 1647 ubi
885 1594 1130 1662 voluerit,
1161 1603 1429 1650 convertet
1457 1598 1610 1652 illud.
1647 1598 1791 1652 Sane
1835 1615 1999 1669 quam

391 1685 702 1740 timoratum
733 1685 868 1752 Deo,
900 1701 1065 1756 quam
1083 1686 1436 1742 obedientem
1458 1689 1690 1744 ecclesie
1723 1698 1777 1746 et
1797 1690 2001 1747 domno

393 1791 530 1848 pape
558 1791 616 1830 se
643 1777 914 1832 curaverit
940 1779 1222 1844 exhibere,
1254 1779 1496 1835 lacrimis
1519 1781 1691 1852 pedes
1717 1781 1836 1850 ejus
1866 1783 2000 1838 deo-
2030 1769 2078 1838 Β

391 1866 660 1924 sculando
701 1875 755 1922 et
782 1865 949 1942 regiis
980 1868 1303 1923 muneribus
1332 1870 1656 1926 honorando
1708 1871 1999 1944 magniﬁce

393 1955 808 2012 demonstravit.
865 1957 1130 2030 Sequenti
1164 1974 1294 2014 vero
1321 1959 1434 2026 die,
1467 1960 1521 2014 in
1564 1960 1854 2017 festivitate
1890 1963 1998 2018 sci-

393 2045 520 2102 licet
548 2047 721 2104 sancti
750 2047 941 2103 Jacobi
984 2048 1217 2120 apostoli
1269 2049 1397 2121 (Jul.
1451 2050 1564 2119 25),
1595 2051 1832 2108 domnus
1861 2069 2002 2124 papa

393 2153 516 2193 cum
549 2138 922 2195 cardinalibus
967 2140 1084 2196 suis
1115 2149 1170 2196 et
1199 2142 1478 2214 episcOpis
1521 2143 1745 2198 missam
1775 2145 2002 2200 sollem-

391 2225 573 2297 pniter
599 2223 922 2295 celebravit,
952 2237 1009 2284 et
1038 2229 1344 2299 predictum
1385 2231 1773 2304 imperatorem
1822 2249 1852 2288 a
1880 2235 1999 2289 vin-

389 2316 512 2372 culo
549 2317 916 2375 anathematis
958 2319 1298 2388 absolutum,
1355 2339 1588 2395 corpore
1644 2335 1699 2380 et
1727 2325 1999 2398 sanguine

390 2408 600 2466 domini
631 2411 804 2468 nostri
849 2412 980 2468 Jesu
1011 2411 1228 2481 Christi,
1269 2415 1323 2470 in
1353 2415 1774 2474 confirmatione
1823 2417 2004 2473 unita-

390 2501 460 2556 tis
485 2510 540 2558 et
567 2502 721 2574 pacis
756 2505 1202 2562 communicavit.
1259 2506 1389 2563 Tota
1427 2508 1621 2564 civitas
1682 2509 1901 2578 letatur,
1950 2519 2004 2566 et

390 2592 778 2666 imperatorem
810 2597 1137 2654 muneribus
1185 2600 1486 2669 honorans,
1517 2602 1786 2659 conviviis
1827 2611 2001 2658 vacat.

395 2688 702 2746 Alexander
729 2707 892 2763 papa,
923 2693 994 2748 de
1025 2709 1160 2764 pace
1184 2702 1408 2768 recepta
1435 2697 1575 2752 etde
1599 2697 1809 2754 honore
1838 2715 1869 2754 a
1896 2698 2006 2754 Deo

390 2780 497 2835 sibi
529 2781 750 2850 collato,
781 2783 1056 2857 gaudens,
1085 2785 1347 2856 epistolas
1375 2787 1442 2842 ad
1473 2803 1667 2844 omnes
1710 2789 2006 2861 episcOpos

392 2871 690 2928 Galliarum
737 2872 945 2947 dirigit,
999 2876 1350 2932 continentes
1403 2879 1602 2934 seriem
1665 2881 2000 2949 hujusmodi.

397 2961 638 3034 Epistola
665 2964 959 3021 Alexandri
982 2983 1151 3039 pape:
1206 2971 1510 3026 Alexander
1557 2975 1846 3042 episcopus,
1893 2989 2006 3028 ser-

390 3071 488 3111 vus
516 3071 792 3112 servorum
841 3063 952 3124 Dei,
1001 3063 1393 3116 venerabilibus
1439 3065 1706 3130 fratribus
1757 3067 2006 3123 tt’illelmo

391 3151 638 3204 Remensi
690 3151 1096 3221 archiemscopo,

389 3242 751 3310 suﬂ'raganeis
781 3245 918 3312 ejus,
969 3251 1020 3298 et
1069 3246 1273 3300 dilectis
1309 3248 1438 3310 ﬁliis
1489 3249 1770 3304 abbatibus
1809 3253 1870 3305 in
1898 3256 2000 3306 Re-

389 3331 565 3384 mensi
587 3331 865 3398 provincia
913 3335 1238 3400 constitutis,
1283 3335 1516 3390 salutem
1566 3343 1617 3391 et
1663 3340 2006 3406 apostolicam

392 3421 830 3476 benedictionem.
855 3425 989 3476 Cum
1005 3439 1106 3492 per
1131 3426 1426 3492 auxilium,
1454 3431 1750 3496 potentiam
1775 3434 1827 3482 et
1851 3431 2004 3496 favo-

388 3528 505 3567 rem
534 3513 807 3568 karissi-mi
833 3516 894 3568 in
922 3516 1126 3572 Christo
1152 3517 1256 3582 ﬁlii
1284 3521 1455 3572 nostri
1487 3521 1730 3576 Ludovici
1776 3521 2001 3577 illustris

393 3605 724 3656 Francorum
753 3605 890 3670 regis
927 3609 977 3656 et
1026 3607 1182 3672 regni
1214 3610 1320 3672 sui,
1374 3615 1714 3665 sacrosancte
1768 3615 2002 3666 Romane

387 3693 602 3748 ecclesia
629 3709 695 3749 ac
721 3695 870 3749 nobis
899 3710 1336 3766 recognoscamus
1363 3702 1599 3768 gloriosa
1629 3709 1681 3757 et
1705 3706 2001 3773 magniﬁca

385 3785 643 3850 beneﬁcia
666 3789 980 3854 provenisse,
1025 3789 1252 3858 dignum
1279 3798 1356 3846 est
1383 3799 1432 3847 et
1457 3802 1878 3851 consentaneum
1908 3813 2002 3851 ra—

388 3875 541 3939 tioni,
577 3881 637 3928 ut
667 3875 748 3928 illi
775 3881 826 3929 et
854 3877 1015 3944 vobis,
1047 3892 1277 3947 quorum
1314 3884 1523 3936 auxilio
1543 3891 1794 3954 potenter
1811 3902 2002 3942 sumus

386 3966 448 4016 in
503 3964 905 4018 necessitatibus
947 3969 1142 4022 nostris
1190 3969 1386 4038 adjuti,
1431 3984 1700 4042 prosperos
1738 3981 1790 4028 et
1816 3978 1994 4042 felices

383 4057 508 4124 paci
532 4071 802 4111 successus
829 4059 1232 4128 significemus;
1286 4063 1596 4120 indubitata
1650 4071 1876 4124 veritate
1916 4077 1996 4124 te-

1179 3123 1458 3223 apostolice
1515 3159 1650 3212 sedis
1701 3159 1890 3227 legato,
1952 3167 2005 3215 et
2027 3123 2077 3191 Ο

2099 528 2156 578 in
2210 521 2650 576 tribulationibus
2686 529 2739 576 et
2759 524 3218 592 persecutionibus
3262 531 3459 582 nostris
3506 544 3720 598 nequa-

2098 628 2264 681 quam
2293 612 2544 677 deseruit,
2575 611 2664 664 sed
2693 625 2859 680 usque
2887 614 2946 666 in
2969 614 3138 676 ﬁnem
3169 618 3455 683 magniﬁce
3491 621 3644 686 juvit
3668 625 3720 673 et

2097 705 2351 771 defendit.
2385 707 2652 757 Monemus
2678 705 2858 772 itaque
2880 704 3215 759 dilectionem
3238 713 3473 762 vestram
3501 716 3554 764 et
3590 711 3718 764 lior-

2100 805 2285 850 tam-ar
2313 797 2594 860 attentius,
2622 797 2881 864 quatinus
2919 797 3131 852 ecclesia
3155 804 3206 852 et
3229 799 3381 854 nobis
3409 803 3471 854 in
3497 817 3716 870 prospe-

2099 891 2350 944 ritatibus
2397 891 2806 958 congaudentes,
2857 895 2915 944 in
2954 893 3225 949 devotione
3273 895 3418 950 beati
3463 900 3614 951 Petri
3668 906 3719 952 et

2101 985 2301 1044 nostra,
2331 981 2471 1032 sicut
2499 980 2756 1033 hactenus
2807 981 3040 1045 ﬁrmiter
3088 985 3417 1050 perstitistis,
3463 999 3718 1052 perseve-

2099 1071 2245 1134 retis,
2269 1074 2316 1120 et
2342 1083 2536 1134 regem,
2565 1073 2626 1122 ut
2675 1070 2733 1121 in
2763 1069 2942 1123 eodem
2970 1085 3096 1124 cum
3130 1085 3296 1138 regno
3315 1086 3412 1126 suo
3434 1076 3716 1140 pet-sistat,

2100 1158 2634 1224 mouerepmpensius
2662 1162 2716 1210 et
2739 1157 2992 1211 inducere
3007 1159 3288 1214 studeatis.
3320 1161 3462 1214 Data
3509 1165 3721 1218 Venetie

2101 1248 2157 1298 in
2184 1247 2308 1298 Rivo
2331 1245 2458 1310 alto,
2490 1243 2527 1297 6
2555 1245 2666 1298 Kal.
2699 1245 2939 1312 Augusti
2963 1244 3138 1316 (428).

2172 1336 2324 1391 Nono
2362 1335 2472 1390 Kal.
2529 1337 2776 1410 Augusti,
2832 1336 2921 1392 die
2965 1337 3269 1406 dominica,
3315 1340 3438 1412 ipso
3467 1343 3560 1397 die
3604 1359 3717 1414 quo

2103 1443 2203 1498 pax
2223 1427 2378 1500 inter
2408 1426 2794 1498 imperatorem
2825 1434 2882 1484 et
2927 1445 3124 1500 papam
3155 1429 3294 1487 facta
3319 1439 3422 1498 est,
3454 1433 3719 1490 dedicata

2102 1529 2184 1575 est
2204 1521 2596 1576 Marcianensis
2623 1520 2882 1588 ecclesia,
2913 1521 2968 1576 in
2997 1523 3207 1579 honore
3245 1531 3564 1581 sanctorum
3581 1543 3721 1598 apo-

2102 1614 2365 1670 stolorum
2399 1613 2544 1668 Petri
2583 1622 2638 1669 et
2667 1612 2840 1680 Pauli,
2872 1629 2903 1668 a
2941 1613 3216 1672 Willelrno
3246 1617 3508 1674 Remensi
3535 1621 3724 1675 archi-

2102 1702 2386 1773 episcOpo,
2420 1701 2720 1773 apostolice
2749 1702 2900 1756 sedis
2929 1703 3132 1774 legato,
3165 1711 3220 1759 et
3247 1704 3464 1761 duobus
3489 1708 3714 1778 episco-

2103 1793 2186 1863 pis
2241 1791 2416 1862 ipsius
2455 1791 2836 1866 sutl'raganeis,
2879 1793 3168 1850 Frumaldo
3213 1795 3428 1852 scilicet
3483 1800 3719 1854 Atreba-

2104 1884 2246 1940 tensi
2287 1891 2341 1939 et
2374 1884 2646 1940 Everardo
2700 1885 3056 1941 Tornacensi.
3117 1886 3271 1942 Estas
3323 1889 3563 1945 nimium
3617 1891 3723 1947 fuit

2102 1976 2246 2032 sicca
2273 1985 2326 2032 et
2353 1978 2547 2032 calida.
2582 1977 2772 2032 Messis
2797 1979 3010 2034 triticea
3063 1981 3314 2050 provenit
3341 1982 3580 2038 uberior
3625 2001 3721 2040 so-

2104 2073 2218 2127 lito.
2260 2071 2385 2126 Post
2423 2070 2587 2126 tinem
2642 2071 2848 2127 mensis
2888 2073 3136 2146 Augusti,
3182 2081 3524 2148 autumpnus
3556 2079 3724 2134 nimis

2103 2167 2281 2224 extitit
2335 2165 2608 2237 pluvialis.
2664 2165 2952 2224 Vindemia
3002 2169 3168 2224 etiam
3227 2170 3403 2241 ipsius
3455 2175 3740 2244 temporis

2103 2259 2290 2316 multis
2339 2260 2394 2314 in
2423 2260 2560 2314 locis
2607 2267 2863 2332 corrupta
2921 2267 3020 2316 est.
3055 2262 3186 2317 Nam
3213 2263 3452 2335 quadam
3499 2267 3731 2321 matuti-

2103 2348 2212 2404 nali
2242 2348 2444 2404 nebula
2471 2364 2577 2403 uve
2606 2355 2860 2404 contacte
2898 2357 3062 2420 atque
3094 2349 3169 2406 ita
3226 2352 3538 2422 putrefacta
3578 2365 3728 2421 sunt,

2105 2445 2164 2494 ut
2187 2439 2374 2494 vinum
2405 2453 2473 2492 ex
2503 2437 2585 2492 eis
2641 2452 2960 2508 expressum
2999 2455 3255 2514 magnam
3283 2441 3621 2498 bibentibus
3649 2451 3734 2498 at-

2108 2528 2293 2582 tulerit
2322 2525 2852 2582 incommoditatem.
2885 2525 3040 2581 Multi
3073 2527 3240 2582 etiam
3291 2529 3347 2584 in
3389 2531 3496 2586 hac
3544 2540 3733 2588 nostra

2108 2617 2335 2688 regione
2366 2616 2602 2672 diversis
2633 2616 2890 2672 laborant
2918 2615 3183 2686 febribus,
3211 2618 3368 2674 multi
3391 2625 3450 2673 et
3467 2620 3731 2677 moriun—

2106 2715 2211 2764 tur.
2249 2709 2556 2764 Ludovicus
2595 2723 2690 2763 rex
2741 2707 3072 2764 Francorum
3111 2719 3168 2764 et
3219 2709 3490 2766 Henricus
3543 2713 3734 2768 senior

2108 2817 2200 2856 rex
2249 2801 2545 2878 Anglorum
2599 2801 2892 2877 magniﬁce
2955 2803 3382 2860 confederantur
3461 2804 3734 2863 Henricus

2105 2906 2292 2946 comes
2336 2891 2653 2957 Treearum,
2701 2908 2827 2947 cum
2879 2893 3066 2947 multis
3117 2893 3325 2948 aliisin
3369 2895 3730 2954 .lherusalem

2106 2980 2476 3052 profecturus,
2510 2995 2731 3036 crucem
2763 2981 2986 3052 accipit.
3017 2981 3309 3056 Philippus
3349 3000 3548 3068 comes
3574 2987 3733 3042 Flau-

2105 3068 2225 3123 drie
2250 3086 2280 3124 a
2311 3069 2692 3124 transmarinis
2742 3069 3089 3140 principibus
3139 3086 3236 3126 seu
3275 3073 3559 3130 militibus
3605 3092 3729 3132 cum

2106 3173 2306 3232 magno
2337 3158 2547 3212 honore
2589 3157 2911 3228 suscipitur.
2957 3158 3152 3214 Paucis
3180 3168 3389 3228 autem,
3433 3169 3734 3236 postquam

2107 3245 2237 3300 illuc
2264 3254 2512 3313 venerat,
2553 3245 2788 3302 evolutis
2818 3245 3035 3310 diebus,
3067 3247 3213 3303 inter
3251 3249 3436 3321 ipsum
3475 3261 3536 3308 et
3582 3253 3737 3308 Temo

2106 3336 2309 3408 plarios
2339 3352 2436 3408 pro
2459 3337 2792 3408 quibusdam
2817 3340 2976 3413 regni
3007 3339 3254 3414 negociis
3271 3347 3394 3396 orta
3419 3343 3732 3410 simultate,

2107 3428 2376 3484 Palestina
2433 3428 2621 3484 relicta
2655 3473 2670 3496 ,
2729 3430 3071 3486 Antiochiam
3130 3432 3324 3504 Syrie,
3379 3451 3412 3488 a
3473 3437 3734 3508 principe

2105 3520 2278 3592 ipsius
2307 3519 2545 3575 civitatis
2574 3520 2855 3588 invitatus,
2897 3521 3282 3594 proﬁciscitur.
3319 3525 3549 3582 Initium
3585 3529 3728 3600 hye-

2105 3612 2208 3666 mis
2240 3611 2626 3683 frequentibus
2667 3611 2868 3683 pluviis
2911 3622 2966 3670 et
3018 3624 3305 3672 ventorum
3361 3617 3562 3675 ﬂabris
3589 3623 3727 3677 satis

2101 3703 2416 3759 molestum.

2172 3795 2435 3865 Princeps
2464 3795 2880 3852 Anthiochenus
2911 3806 2964 3852 et
2992 3797 3277 3870 Philippus
3301 3815 3504 3856 comes
3557 3801 3726 3856 Flau-

2101 3889 2238 3950 drie.
2267 3897 2602 3966 congregato
2629 3891 3018 3963 undecumque
3061 3894 3306 3948 exercitu
3337 3895 3598 3966 copioso,
3631 3913 3730 3953 ea-

2101 3982 2314 4036 stellum
2367 3982 2594 4042 llarenc.
2652 3983 3056 4040 christianitati
3130 3985 3523 4056 superioribus
3568 3989 3733 4044 annis

2097 4069 2367 4124 violenter
2395 4077 2664 4141 ereptum,
2697 4071 2846 4126 omni
2869 4087 2935 4126 ex
2955 4079 3110 4144 parte
3135 4072 3421 4130 obsident.
3447 4075 3570 4141 Quo
3594 4093 3735 4132 nun-

383 4154 590 4214 nentes,
617 4149 755 4218 quod
793 4157 911 4218 post
958 4155 1126 4206 Deum
1153 4154 1292 4208 idem
1345 4170 1442 4209 rea:
1468 4159 1632 4212 simul
1659 4176 1785 4214 cum
1836 4177 1996 4231 regno
2095 4162 2195 4218 ciis
2221 4162 2674 4218 intervolantibus
2711 4172 3016 4235 comperto,
3047 4165 3416 4222 Salahadinus
3449 4169 3720 4242 princeps

381 4253 478 4295 suo
507 4246 814 4308 cooperatus
857 4247 932 4295 est
961 4244 1149 4298 honori
1183 4251 1236 4298 et
1281 4247 1604 4304 exaltationi
1625 4257 1812 4306 sancte
1834 4255 1994 4309 eccle-

379 4333 476 4398 sie,
499 4337 550 4386 et
569 4333 620 4386 ei
634 4346 901 4400 magnum
918 4335 1146 4389 contulit
1159 4338 1571 4395 incrementum.
1594 4345 1738 4406 Quod
1757 4346 1996 4414 Quidem,

381 4421 524 4474 sicut
545 4419 700 4474 verbo
727 4425 1168 4490 recognoscimus,
1197 4428 1276 4480 ita
1301 4441 1454 4496 apere
1481 4437 1532 4484 et
1557 4445 1801 4488 sermone
1849 4439 2000 4490 omni

384 4521 632 4585 tempore,
682 4522 902 4572 auctore
928 4521 1046 4586 Deo,
1079 4534 1526 4591 recoqnoscemas.
1560 4531 1752 4581 Notum
1782 4531 1852 4583 sit
1893 4545 1996 4584 au-
2025 4497 2080 4565 ί)

384 4615 488 4663 tem
515 4609 869 4664 sollicitudini
919 4618 1106 4678 vestro,
1157 4615 1297 4682 quod
1339 4617 1658 4672 karissimus
1688 4621 1748 4673 in
1796 4623 2000 4678 Christo

382 4701 530 4764 ﬁlius
576 4707 753 4756 noster
778 4703 1106 4760 Fredcricus.
1140 4707 1366 4762 illustris
1421 4713 1782 4766 Romanorum
1828 4716 2004 4783 impe-

383 4793 554 4853 rator,
578 4803 673 4857 per
718 4793 1125 4860 inspirationem
1162 4796 1342 4850 divine
1375 4801 1550 4866 gratie
1585 4800 1814 4870 deposito
1841 4807 2002 4858 vani-

388 4880 515 4932 tatis
537 4893 734 4945 errore,
775 4883 846 4936 ad
871 4886 1018 4938 viam
1043 4889 1288 4942 veritatis
1316 4903 1618 4956 conversus,
1659 4893 1729 4946 ad
1754 4893 2000 4948 obedien-

389 4976 524 5023 tiam
545 4971 759 5026 ecclesie
783 4978 834 5028 et
857 4982 1100 5030 nostram
1125 4986 1430 5035 reverenter
1443 4987 1495 5035 et
1519 4983 1716 5050 devote,
1738 4988 1881 5040 sicut
1909 4987 2005 5042 de-

385 5061 520 5126 cuit,
542 5059 722 5126 rediit,
752 5067 804 5116 et
841 5063 994 5117 illam
1019 5065 1168 5121 beato
1197 5072 1350 5124 Petro
1379 5072 1440 5123 in
1467 5071 1618 5127 nobis
1645 5079 2004 5132 reverentiam

387 5155 438 5206 et
463 5151 783 5206 devotioaem
807 5155 1069 5223 exc/libuit,
1099 5175 1266 5228 quam
1293 5168 1644 5220 antecessores
1672 5169 1788 5236 ejus
1809 5171 2002 5225 nostris

385 5250 776 5298 consueverunt
798 5250 1218 5306 antecessoribus
1264 5254 1527 5320 exhibere,
1559 5261 1612 5310 et
1633 5271 1689 5310 se
1723 5257 1788 5312 de
1832 5266 2001 5316 cetera

383 5331 756 5385 erhibiturum
787 5335 1060 5401 promisit.
1089 5336 1263 5408 Super
1287 5355 1388 5410 quo
1422 5345 1606 5411 utique
1627 5343 1814 5400 laudes
1832 5349 1998 5402 Altis-

383 5421 516 5475 simo
545 5422 778 5490 agimus,
809 5429 864 5476 et
913 5435 1290 5494 consequenter
1338 5435 1454 5500 regi
1479 5439 1531 5487 et
1579 5449 1742 5504 regno
1792 5439 1999 5505 gratias

2101 4255 2370 4321 Damasci,
2419 4261 2618 4324 putans
2673 4256 2824 4311 omni
2889 4257 3128 4314 militum
3185 4259 3384 4316 solatio
3421 4261 3729 4318 lherosoli-

2101 4361 2313 4402 morum
2340 4347 2615 4402 civitatem
2655 4347 2994 4413 destitutam,
3035 4353 3388 4427 congregatis
3418 4353 3726 4412 Turcorum

2101 4457 2198 4496 seu
2235 4441 2660 4497 Sarracenorum
2695 4443 3016 4499 admiraldis
3045 4462 3078 4501 a
3115 4447 3402 4512 Damasco,
3438 4448 3724 4506 civitatem

2101 4531 2454 4595 Hierusalem,
2487 4540 2652 4603 prout
2697 4534 2942 4605 superbo
2981 4536 3256 4610 cogitabat
3279 4538 3496 4607 animo,
3529 4549 3729 4614 captu-

2103 4640 2212 4690 rus,
2246 4631 2301 4678 et
2327 4631 2494 4679 totam
2524 4625 2810 4682 deleturus
2839 4628 3320 4698 christianitatem,
3352 4631 3732 4702 adjunctase-

2101 4729 2222 4768 cum
2263 4713 2673 4785 sagittariorum
2712 4725 2768 4771 et
2821 4716 3147 4773 rusticorum
3207 4719 3507 4778 innumera
3545 4724 3728 4791 turba,

2101 4804 2295 4860 Gazam
2355 4806 2626 4876 pervenit.
2681 4807 2814 4862 Exin
2862 4808 3342 4866 lherosolimorum
3403 4813 3514 4870 iter
3583 4816 3732 4870 arri-

2111 4897 2286 4969 piens,
2320 4914 2504 4970 regem
2538 4899 2712 4970 ipsius
2751 4901 3010 4968 civitatis,
3039 4910 3094 4959 et
3121 4903 3469 4977 Templarios
3523 4908 3732 4964 milites

2109 5003 2232 5042 cum
2277 5004 2442 5044 cruce
2471 4989 2770 5059 dominica,
2799 5007 3078 5065 parvoque
3106 5003 3349 5051 armatos
3377 4998 3583 5068 milite,
3625 5000 3730 5054 sed

2109 5077 2219 5134 ﬁde
2249 5078 2446 5134 Christi
2475 5079 2768 5148 animatos,
2821 5081 3015 5138 obvios
3043 5083 3278 5154 excepit.
3334 5086 3373 5140 A
3406 5087 3614 5160 quibus
3643 5090 3732 5142 vi-

2101 5178 2241 5238 ctus,
2293 5170 2558 5226 confusus
2609 5181 2664 5228 et
2713 5171 3048 5242 confutatus,
3095 5175 3361 5232 omnibus
3415 5195 3562 5250 pene
3605 5183 3727 5237 suis

2100 5258 2284 5332 gladio
2337 5275 2438 5314 seu
2468 5259 2716 5328 ﬂumine,
2772 5262 2862 5334 qui
2920 5263 3293 5331 interfluebat,
3350 5272 3724 5342 consumptis,

2101 5355 2246 5404 totus
2274 5351 2612 5422 sanguineus
2641 5367 2864 5408 suorum
2893 5353 3132 5410 militum
3163 5357 3323 5419 cede,
3358 5359 3416 5414 in
3457 5361 3726 5418 Damasoo

2101 5441 2410 5512 sanguinea
2449 5442 2776 5517 regreditur.
2809 5444 3002 5500 Actum
3028 5453 3112 5501 est
3152 5447 3261 5504 hoc
3313 5467 3346 5505 a
3400 5452 3732 5510 christianis

1946 5559 2150 5614 ΝΟΤΑΞ.

750 5641 891 5718 Men.
927 5641 1098 5722 Legg._
1125 5644 1197 5722 1_l,
1230 5648 1320 5701 151
1353 5665 1472 5722 sqq.

453 5711 598 5778 C428)
640 5711 762 5768 Haec
790 5711 1031 5782 epistola
1040 5711 1260 5773 “iisdem
1295 5711 1517 5789 prorsus
1540 5723 1722 5781 verbis
1745 5728 1945 5800 legitur

2047 5660 2209 5714 etiam
2241 5662 2294 5714 in
2327 5664 2518 5790 60:;338
2561 5681 2608 5720 s.
2651 5682 2722 5721 xu
2773 5664 3196 5732 Marchianensi,
3227 5669 3344 5739 jam
3405 5671 3554 5728 inter
3582 5673 3723 5729 Dua-

2055 5748 2250 5786 censes
2295 5750 2346 5788 n.
2497 5779 2508 5790 .

2055 5748 2250 5786 censes
2295 5750 2346 5788 ll.
2380 5748 2508 5790 ὃυΖ.
