3876 6208
130 288 225 347 313

1059 282 1406 337 CHRONICA.
1450 314 1517 323 —-
1559 284 1997 341 CONTINUATIO
2038 286 2517 352 AQUICINCTINA.

3342 289 3443 345 314

128 416 459 471 victoriosum
492 413 703 467 bellum
734 411 874 466 feria
890 411 945 475 6,
979 416 1109 465 ante
1127 410 1312 465 natale
1341 411 1487 467 beati
1515 414 1732 469 .indree
1758 421 1812 490 Α
1836 414 2010 469 tribus
2034 414 2456 485 comparabatur
2499 414 2762 479 denariis,
2798 430 2943 468 nunc
2972 414 3149 469 tribus
3177 415 3447 471 vendere-

131 502 367 577 apostoli,
402 502 661 571 Philippo
699 499 919 565 comite,
960 508 1015 553 et
1055 498 1307 569 principe
1353 500 1739 562 Anthiocheno

129 610 236 649 cum
262 592 376 647 suis
396 589 742 645 exercitibus
778 588 835 642 in
863 587 1158 642 obsidione
1195 588 1405 643 Harenc
1438 590 1740 646 laboranti-

133 690 239 742 bus.
295 685 477 740 Pridie
529 684 643 738 Καὶ.
696 683 1032 747 Decembris,
1091 683 1146 736 in
1207 692 1371 738 nocte
1428 683 1740 741 festivitatis

133 782 261 835 beati
288 781 509 835 Andree
554 778 812 850 apostoli,
849 786 1045 832 ventus
1077 779 1382 833 vehemens
1415 778 1483 832 ab
1543 778 1741 834 Affrico

133 877 360 939 veniens,
415 875 609 929 multis
663 875 717 929 in
762 874 898 929 locis
952 874 1292 943 dampnosus
1340 874 1563 929 exstitit.
1598 874 1745 929 Obiit

134 968 340 1022 Alardus
365 966 789 1021 Cameracensis
836 966 1135 1035 episcOpus
1179 966 1346 1033 (420),
1390 973 1444 1019 et
1495 966 1745 1021 Valcellis

135 1054 397 1125 sepelitur.
447 1054 658 1108 Electio
689 1053 959 1123 episcOpi,
991 1051 1129 1107 facta
1159 1052 1227 1105 ad
1260 1052 1622 1123 apostolicam
1657 1070 1747 1107 se-

136 1148 246 1201 dem
266 1144 670 1217 appellatione,
694 1144 751 1198 in
773 1150 1102 1215 sequentem
1134 1159 1339 1197 annum
1367 1142 1636 1198 differtur.

200 1238 354 1291 H78.
469 1236 670 1290 11.26.
787 1235 974 1289 F.43.
1090 1235 1282 1289 A.24.
1400 1235 1459 1289 ll.
1504 1236 1558 1289 2.

197 1326 336 1381 Circa
367 1325 540 1380 ﬁnem
584 1324 824 1380 Januarii
877 1325 1106 1391 mensis,
1150 1341 1276 1380 cum
1303 1324 1432 1398 gelu
1472 1332 1525 1379 et
1557 1326 1648 1379 nix
1678 1326 1747 1379 li-

136 1423 439 1489 quarentnr,
466 1416 765 1471 inundatio
795 1416 1084 1471 ﬂuminum
1112 1430 1210 1486 per
1232 1424 1375 1471 totas
1399 1416 1599 1470 Gallias
1628 1417 1750 1471 talis

137 1506 316 1577 erupit,
357 1520 470 1577 que
501 1506 721 1560 selusas
747 1505 1077 1560 vivariorum
1113 1512 1169 1561 et
1198 1513 1503 1562 st'ructuras
1531 1507 1748 1562 molen-

139 1602 370 1655 dinorum
402 1599 608 1670 rapido
666 1600 878 1671 impetu
918 1615 1105 1655 secum
1147 1601 1333 1667 ferret,
1376 1602 1572 1657 domos
1601 1618 1751 1657 ever-

143 1699 284 1754 teret.
333 1691 541 1746 multos
571 1690 739 1767 etiam
773 1697 1017 1745 necaret.
1060 1689 1307 1762 Rogerus
1338 1690 1752 1747 Cameracensis

143 1782 563 1848 archidiaconus,
621 1781 768 1836 dono
799 1781 867 1834 ab
926 1779 1263 1851 imperatore
1306 1781 1600 1837 Frederico
1650 1798 1749 1836 ac-

145 1878 304 1939 cepto,
333 1869 510 1939 ipsius
542 1867 702 1923 urbis
731 1868 971 1923 donatur
1001 1867 1312 1937 cpiscopio.
1348 1868 1592 1939 Eclypsis
1622 1867 1756 1923 lune

147 1958 268 2013 facta
296 1958 454 2013 est3.
480 1957 673 2011 Nonas
713 1955 918 2022 Marcii,
951 1955 1043 2009 die
1103 1955 1405 2024 dominica,
1438 1956 1616 2027 prima
1656 1972 1757 2012 no-

149 2048 235 2102 ctis
261 2047 389 2102 hora
409 2045 708 2117 sequentis
735 2044 983 2100 secunde
1015 2044 1170 2099 ferie.
1210 2045 1414 2100 Eodem
1458 2045 1551 2099 die
1580 2046 1759 2119 Roge—

151 2154 248 2208 rus,
270 2136 656 2193 Laudunensis
680 2136 1000 2207 episcopus,
1022 2152 1147 2190 cum
1180 2152 1452 2209 pagenses
1483 2135 1754 2205 episcopii

149 2228 221 2284 sui
248 2245 276 2283 a
297 2228 720 2294 communione,
754 2227 900 2282 inter
927 2243 987 2281 se
1030 2242 1260 2282 assensu
1292 2227 1557 2283 Ludovici
1611 2228 1759 2302 regis

154 2333 409 2387 perperam
444 2318 657 2386 jurata,
722 2317 949 2371 minime
1000 2318 1284 2372 retrahere
1345 2326 1556 2388 posset,
1614 2318 1757 2373 malo

153 2419 353 2480 accepto
380 2409 647 2475 consilio,
674 2408 909 2464 militum
948 2409 1159 2463 auxilia
1194 2409 1583 2481 undecumque
1624 2425 1761 2464 con-

157 2498 368 2563 trahens,
398 2499 433 2551 2
512 2497 659 2552 Non.
692 2496 901 2561 Marcii,
943 2496 999 2551 in
1030 2496 1230 2551 diebus
1284 2497 1494 2552 scilicet
1525 2498 1761 2569 quadra-

158 2584 363 2656 gesime,
406 2600 506 2639 eos
535 2599 838 2658 aggressus
889 2590 993 2638 est.
1026 2584 1128 2639 Ubi
1173 2583 1396 2655 quidam
1456 2585 1760 2651 interfecti,

163 2676 295 2731 multi
322 2676 484 2731 etiam
520 2676 694 2746 capti,
730 2675 953 2747 quidam
986 2684 1168 2731 autem
1199 2691 1411 2740 eorum,
1445 2676 1573 2730 dum
1597 2676 1759 2749 fuge-

161 2775 280 2834 rent,
310 2769 361 2822 in
402 2768 653 2840 quodam
684 2767 911 2822 ﬂumine
942 2768 1119 2822 necati
1170 2777 1298 2823 sunt
1327 2767 1499 2838 (430).
1561 2768 1763 2841 Philip-

162 2878 248 2931 pus
270 2879 448 2919 comes
495 2864 555 2917 in
581 2862 881 2919 obsidione
936 2863 1149 2918 Harenc
1198 2878 1390 2932 parum
1446 2862 1761 2932 proﬁciens,

162 2953 472 3022 procinctum
511 2954 744 3010 solvens
772 2954 918 3009 circa
944 2954 1090 3009 diem
1123 2954 1462 3025 paschalem,
1496 2955 1569 3010 ob
1598 2955 1763 3010 visio-

166 3059 275 3099 nem
318 3045 453 3100 sacri
512 3045 670 3120 ignis
714 3045 1088 3101 lherosolimis
1134 3046 1418 3101 remeavit.
1486 3046 1765 3101 Celebrata

165 3224 474 3292 discrimina,
518 3242 624 3296 per
653 3226 991 3295 Hesperiam,
1015 3225 1298 3280 Trachiam
1328 3234 1385 3281 et
1417 3226 1763 3281 Pannoniam

167 3331 248 3370 seu
280 3317 592 3384 Saxoniam,
629 3317 791 3371 rediit
813 3317 883 3372 ad
913 3317 1156 3387 propria.
1194 3317 1344 3371 Estas
1370 3317 1515 3371 sicca
1538 3334 1642 3371 nec
1678 3317 1765 3371 ni-

169 3404 256 3460 mis
297 3407 468 3463 calida
510 3423 695 3479 usque
743 3407 811 3460 ad
867 3408 916 3461 :3.
972 3406 1109 3461 Non.
1151 3406 1278 3461 Julii
1313 3406 1510 3460 extitit.
1556 3406 1767 3461 Abhinc

171 3495 327 3561 pluvie
363 3501 748 3567 erumpentes,
781 3510 957 3566 usque
1012 3494 1067 3549 in
1105 3495 1238 3565 ipsis
1278 3495 1535 3549 Kalendis
1556 3495 1767 3550 Janua-

177 3585 230 3639 rii
256 3586 494 3643 homines
519 3586 863 3643 afﬂixerunt.
896 3587 1027 3641 Nam
1074 3586 1261 3641 fenum
1289 3602 1498 3652 secare,
1531 3588 1769 3643 triticum

177 3685 378 3745 metere,
402 3680 597 3735 vinum
626 3678 915 3754 colligere,
939 3693 1129 3733 semen
1144 3678 1330 3746 jacere
1350 3679 1435 3732 vix
1460 3685 1772 3749 potuerunt,

178 3765 397 3839 Eclypsis
448 3770 590 3826 solis
623 3768 765 3825 facta
811 3777 895 3824 est
927 3769 1114 3823 Idibus
1143 3768 1506 3839 Septembris,
1562 3778 1689 3824 ante
1744 3770 1778 3822 6

179 3854 365 3912 horam.
403 3859 718 3913 Alexander
770 3874 911 3928 papa
948 3855 1324 3912 subdiacones
1367 3858 1678 3912 cardinales
1708 3857 1779 3912 ad

180 3948 601 4007 submonendum
665 3950 984 4015 concilium,
1045 3948 1101 4003 in
1161 3949 1589 4023 quadragesima
1647 3950 1777 4003 anni

183 4043 441 4110 sequentis
473 4041 874 4098 celebrandum
912 4058 1009 4112 per
1054 4048 1226 4096 totum
1269 4057 1411 4111 pene
1438 4041 1778 4096 christianis-

182 4142 306 4183 mum
330 4131 533 4206 dirigit.
567 4130 859 4201 Philippus
894 4146 1079 4185 comes
1120 4128 1335 4185 Octobri
1366 4145 1557 4185 mense
1590 4146 1778 4185 rever-

181 4237 275 4293 sus,
310 4227 479 4281 asuis
534 4225 968 4281 Flandrensibus
1015 4214 1393 4281 favorabiliter
1442 4232 1527 4281 est
1579 4241 1775 4281 susce-

185 4320 310 4381 ptus,
347 4317 487 4374 inter
516 4332 662 4390 quos
710 4318 1024 4392 Brugenses
1054 4318 1323 4389 oppidani
1365 4318 1571 4388 piscem
1617 4335 1780 4375 mon-

185 4416 415 4477 strosum,
441 4414 556 4481 jam
613 4411 825 4481 pridem
853 4427 883 4466 a
916 4411 1287 4482 piscatoribus
1321 4418 1544 4482 captum
1574 4420 1627 4467 et
1665 4412 1779 4467 sale

184 4503 458 4572 conditum,
483 4507 535 4562 ei
566 4505 905 4560 obtulerunt.
952 4505 1198 4560 Habebat
1225 4505 1374 4560 enim
1419 4505 1487 4560 ad
1520 4506 1783 4561 similitu-

189 4590 349 4648 dinem
402 4612 521 4650 av1s
576 4602 808 4650 rostrum
845 4596 1267 4666 permaximum,
1310 4603 1366 4650 et
1395 4612 1566 4667 super
1615 4604 1780 4667 caput

188 4688 561 4762 cartilaginem,
590 4690 776 4765 gladio
805 4690 1159 4745 simillimam.

345 4778 502 4835 1179.
687 4779 777 4833 27.
960 4780 1050 4835 44.
1234 4782 1306 4836 25
1509 4783 1560 4837 3.

253 4864 492 4923 Secunda
542 4867 854 4924 ebdomada
912 4869 1123 4925 mensis
1165 4870 1413 4926 Januarii
1482 4872 1638 4926 nives
1696 4887 1793 4926 eo-

198 4949 331 5018 piose
358 4956 681 5012 ceciderunt
700 4975 715 5022 ;
736 4957 1097 5029 subsequitur
1109 4959 1239 5032 gelu
1267 4960 1594 5025 maximum,
1619 4976 1793 5031 usque

202 5041 249 5096 in
275 5046 507 5103 medium
563 5064 816 5104 mensem
867 5050 1250 5121 Februarium,
1280 5052 1447 5107 nimis
1478 5051 1791 5107 molestum.

198 5130 393 5208 Reliqui
442 5138 565 5195 dies
608 5140 858 5208 ejusdem
921 5141 1148 5209 mensis,
1190 5142 1426 5198 Marcius
1474 5158 1696 5215 quoque
1742 5150 1796 5197 et

204 5222 401 5307 Aprilis,
431 5235 596 5284 vento
625 5227 792 5284 ﬂante
822 5230 1086 5287 continue
1118 5232 1439 5299 subsolano,
1472 5231 1797 5307 gelidissimi

200 5306 401 5371 fuerunt
432 5318 620 5374 nimis.
655 5318 766 5374 Hoc
796 5319 955 5376 istius
987 5321 1119 5376 anni
1161 5322 1330 5378 inicio
1359 5306 1643 5378 carissima
1698 5340 1796 5395 pe-

204 5399 385 5457 cudum
437 5404 537 5460 fuit
563 5420 814 5473 annona;
867 5408 939 5463 ita
997 5417 1056 5463 ut
1111 5409 1262 5481 quod
1315 5411 1600 5466 retroactis
1637 5412 1799 5466 annis

1776 1741 1828 1809 Β

1788 3092 1836 3151 (ἶ

164 3152 273 3208 ergo
317 3137 521 3193 ibidem
555 3138 808 3209 paschati
840 3137 1276 3208 sollempnitate,
1311 3137 1524 3192 marina
1560 3138 1763 3193 timens
1789 3135 1838 3158 “‘

1842 509 1930 557 tur
1957 502 2171 569 solidis,
2228 501 2340 557 feni
2388 501 2646 558 videlicet
2685 510 2739 555 et
2765 502 3063 558 straminis.
3104 503 3454 575 Subscquuta

1842 603 1925 650 est
1954 596 2254 651 mortalitas
2285 595 2465 649 ovium
2493 609 2590 649 seu
2623 593 2810 648 boum.

1914 692 1988 742 De
2012 690 2233 742 concilio
2273 688 2458 757 (Mart.
2512 687 2545 739 ὅ
2576 686 2589 755 ξ)
2639 685 2906 739 Generale
2959 685 3256 739 concilium
3309 686 3452 756 apud

1846 784 2097 847 Romam,
2137 782 2191 835 in
2226 781 2551 850 patriarchio
2585 778 2937 849 Lateranensi
2981 776 3288 833 Alexander
3315 792 3455 846 papa

1847 873 2170 939 celebravit,
2198 872 2252 927 in
2288 888 2395 944 quo
2425 872 2549 943 plus
2580 888 2743 943 quam
2766 871 2872 925 3OO
2903 869 3148 940 episcOpi
3176 884 3298 921 cum
3334 865 3461 936 qui-

1849 963 2079 1017 busdam
2120 960 2503 1015 transmarinis
2556 959 2848 1015 affuerunt.
2883 959 3112 1025 Quidam
3146 958 3311 1012 etiam
3343 955 3463 1024 epi-

1849 1055 2003 1124 scopi
2034 1055 2103 1108 de
2151 1053 2332 1108 Gretia
2365 1054 2573 1125 legatos
2600 1068 2731 1107 suos
2778 1052 2982 1105 ibidem
3016 1049 3461 1105 transmiserunt.

1850 1147 2118 1200 Abbatum
2159 1144 2323 1198 etiam
2354 1142 2601 1197 interfuit
2634 1142 2922 1196 innumera
2969 1156 3112 1211 pene
3144 1135 3459 1192 multitudo.

1853 1234 1931 1289 lbi
1966 1235 2202 1289 domnus
2234 1250 2375 1304 papa
2437 1232 2820 1288 ordinationes
2857 1231 3027 1286 factas
3065 1230 3132 1283 ab
3171 1226 3463 1282 Octaviano

1850 1334 1903 1381 ct
1933 1325 2182 1381 Guidone
2243 1326 2607 1380 hercsiarchis
2637 1332 2689 1379 et
2718 1317 2969 1378 Johanne
3002 1318 3329 1384 Strumensi,
3366 1316 3460 1388 qui

1852 1430 1949 1470 eos
2002 1415 2178 1468 fuerat
2218 1421 2465 1479 secutus,
2526 1412 2705 1467 irritas
2760 1429 2883 1466 esse
2938 1410 3172 1465 censuit.
3238 1407 3466 1460 Decreta

1854 1504 2028 1575 ipsius
2071 1502 2314 1567 concilii,
2374 1501 2504 1573 quia
2547 1500 2720 1555 multa
2749 1506 2896 1561 sunt,
2949 1507 3002 1552 et
3055 1510 3225 1567 penes
3266 1493 3469 1547 multos

1854 1602 2148 1665 habentur,
2180 1600 2235 1652 in
2265 1599 2363 1652 hac
2383 1597 2603 1653 cronice
2637 1596 2902 1650 brevitate
2938 1593 3180 1647 scribere
3207 1605 3316 1646 non
3367 1587 3469 1642 fuit

1855 1690 2009 1744 utile.

1926 1782 2126 1852 Symon
2152 1780 2324 1834 abbas
2346 1777 2728 1849 Aquicinensis
2760 1776 2814 1829 in
2836 1774 3011 1828 reditu
3042 1772 3216 1842 ipsius
3242 1768 3464 1825 concilii

1858 1872 2170 1929 Clarevallis
2186 1871 2431 1937 divertit,
2447 1876 2503 1924 et
2520 1868 2782 1939 reliquias
2803 1866 2992 1921 domni
3018 1861 3303 1926 Bernardi,
3319 1862 3470 1929 ejus-

1857 1967 1985 2021 dem
2008 1965 2229 2020 cenobii
2252 1962 2487 2027 abbatis,
2522 1961 2722 2032 petitas
2746 1957 3003 2021 obtinuit,
3031 1956 3162 2011 etin
3181 1956 3283 2010 hoc
3310 1950 3471 2022 Aqui-

1860 2058 2072 2113 cinensi
2107 2055 2439 2111 monasterio
2483 2055 2746 2108 decenter
2798 2051 3063 2121 reposuit.
3080 2044 3294 2103 ‘Messis
3324 2044 3462 2099 triti-

1859 2165 1957 2203 cea
1982 2147 2147 2203 solito
2178 2145 2281 2201 fuit
2313 2143 2513 2209 rarior;
2547 2158 2710 2214 porro
2741 2158 2915 2196 avena
2953 2156 3050 2195 seu
3079 2138 3231 2194 tercii
3262 2136 3467 2190 mensis

1858 2237 2072 2292 semina
2112 2233 2484 2305 suprascripta
2514 2247 2840 2303 reparavere
2869 2231 3125 2299 dampna.
3161 2225 3469 2281 Ludovicus

1860 2346 1951 2383 rex
2010 2328 2359 2389 Francorum,
2409 2331 2689 2394 assumpto
2742 2338 2925 2376 secum
2961 2320 3211 2390 Philippo
3269 2316 3472 2371 comite

1864 2416 2306 2481 Flandrensium,
2401 2429 2550 2467 mare
2611 2411 3046 2479 transnavigans,
3112 2405 3471 2461 ‘Cantuariam

1864 2509 2065 2584 pergit,
2121 2515 2486 2575 sanctumque
2546 2510 2840 2573 martyrem
2917 2500 3177 2559 Thomam
3245 2495 3475 2550 diversis

1864 2600 2187 2656 muneribus
2216 2597 2525 2653 honoravit.
2587 2594 2877 2649 Hcinricus
2902 2593 3089 2647 senior
3144 2606 3237 2645 rex
3274 2588 3478 2660 Anglo~

1865 2707 1980 2746 rum
2012 2686 2310 2745 honoriﬁce
2371 2701 2497 2740 eum
2538 2683 2802 2753 suscepit.
2849 2684 3193 2751 Autumpnus
3249 2676 3478 2748 perpul-

1863 2782 1995 2835 cher
2024 2788 2080 2835 et
2117 2778 2333 2834 calidus
2365 2792 2543 2846 usque
2563 2774 2613 2830 5.
2648 2775 2830 2829 Nonas
2861 2770 3109 2828 Octobris
3131 2770 3330 2825 extitit.
3366 2768 3476 2821 Lu-

1866 2875 2092 2932 dovicus
2137 2889 2230 2928 rex
2279 2873 2605 2926 Francorum
2650 2868 2830 2923 filium
2862 2884 3020 2922 suum
3061 2866 3372 2935 Philippum
3422 2862 3478 2915 in

1870 2980 2055 3038 regem
2095 2962 2357 3018 sublimat
2390 2959 2596 3023 Remis,
2630 2958 2685 3012 in
2742 2956 3034 3011 festivitate
3073 2953 3321 3008 omnium
3352 2967 3479 3005 san—

1867 3062 2099 3110 ctorum.
2156 3049 2420 3122 Sequenti
2473 3048 2752 3103 dominica
2809 3044 3137 3100 Guillelmus
3198 3039 3484 3096 Remensis

1868 3146 2339 3216 archiepiscopus,
2370 3142 2666 3198 cardinalis
2697 3140 2972 3211 presbiter
2991 3136 3133 3192 tituli
3160 3135 3358 3189 Sancte
3382 3133 3484 3186 Sa-

1867 3236 1994 3290 bine
2026 3244 2081 3289 et
2108 3232 2410 3305 apostolice
2442 3231 2594 3285 sedis
2624 3230 2857 3301 legatus,
2900 3223 3220 3283 convocatis
3257 3222 3480 3293 episco-

1867 3330 1953 3401 pis
2006 3335 2060 3383 et
2105 3326 2271 3382 totius
2317 3324 2563 3379 secunde
2616 3322 2833 3396 Belgica
2887 3317 3141 3392 personis
3185 3313 3479 3370 concilium

1868 3425 2038 3482 tenet,
2074 3423 2311 3472 tractans
2358 3430 2481 3469 cum
2515 3413 2631 3468 suis
2686 3410 3034 3481 coepiscopis
3074 3407 3143 3461 de
3188 3405 3354 3459 rebus
3381 3402 3487 3457 sibi

1870 3509 1956 3564 vel
1986 3506 2255 3563 eccclesie
2284 3505 2630 3560 necessariis.

1947 3602 2147 3656 lterum
2199 3600 2442 3653 Romana
2485 3596 2718 3650 ecclesia
2752 3595 3194 3649 scismaticorum
3224 3587 3493 3663 afﬂigitur

1876 3691 2158 3749 violentia.
2195 3689 2326 3743 Nam
2368 3694 2489 3758 post
2532 3685 3041 3740 reconciliationem
3076 3678 3348 3737 Frederici
3390 3679 3495 3732 im-

1881 3779 2153 3853 peratoris
2192 3794 2316 3831 cum
2347 3773 2654 3829 Alexandro
2686 3788 2849 3843 papa,
2891 3772 3171 3826 Johannes
3208 3770 3494 3823 Strumen-

1880 3871 1977 3934 sis,
2022 3865 2310 3936 apostolici
2344 3862 2588 3919 nominis
2646 3869 3101 3932 prcsumptuosus
3156 3860 3397 3921 invasor,
3426 3855 3498 3909 de

1880 3961 1995 4015 suis
2042 3972 2382 4027 suorumque
2418 3954 2677 4009 difﬁdens
2707 3953 2939 4017 viribus,
2990 3951 3057 4005 ad
3101 3950 3271 4021 pedes
3309 3946 3495 4001 domui

1880 4064 2020 4121 pape
2048 4045 2253 4103 corruit
2279 4046 2587 4099 ultroneus.
2632 4042 2725 4097 Cui
2774 4042 3012 4096 domnus
3043 4054 3202 4108 papa,
3263 4035 3497 4091 obtentu

1878 4137 2454 4204 cancellarii,veniam
2485 4135 2790 4189 clementer
2823 4131 3078 4194 indulsit,
3104 4143 3341 4199 eumque
3375 4140 3500 4196 pre-

1879 4232 2120 4303 positum
2154 4230 2540 4283 Beneventane
2570 4225 2806 4281 ecclesie
2837 4222 3149 4280 constituit.
3184 4220 3351 4274 Porro
3392 4216 3501 4270 sci-

1879 4318 2095 4376 smatici
2113 4318 2356 4389 quietem
2380 4331 2491 4371 non
2515 4315 2757 4370 ferentes
2781 4311 3040 4373 ecclesie,
3075 4310 3269 4364 iterum
3302 4320 3496 4377 quem-

1881 4411 2007 4465 dam
2029 4406 2291 4464 clericum
2322 4406 2390 4459 dc
2425 4405 2692 4479 progenie
2746 4403 2989 4467 illorum,
3020 4414 3161 4471 quos
3206 4394 3503 4468 Frangipa-

1884 4514 1985 4553 nes
2004 4494 2236 4551 Romani
2267 4502 2483 4556 vocant,
2513 4501 2707 4547 contra
2738 4507 2936 4562 papam
2955 4486 3329 4543 Alexandrum
3359 4480 3500 4537 anti-

1884 4604 2079 4661 papam
2113 4592 2384 4650 statuunt,
2421 4600 2584 4655 quem
2616 4590 2823 4638 mutato
2864 4580 3090 4636 nomine
3119 4573 3501 4632 Innocentium

1880 4682 2110 4740 tercium
2141 4679 2468 4736 vocitarunt.
2510 4678 2683 4742 Quem
2727 4676 2954 4748 quidam
2994 4674 3177 4739 miles,
3206 4670 3374 4725 frater
3402 4668 3505 4724 Oc-

1878 4768 2110 4839 taviaui,
2144 4771 2239 4843 qui
2273 4786 2370 4842 per
2397 4770 2813 4826 contentionem
2848 4784 2972 4823 cum
3031 4764 3340 4820 Alexandro
3381 4776 3509 4832 pro-

1892 4874 2083 4925 vectus
2122 4864 2321 4931 fuerat,
2376 4870 2603 4934 propter
2655 4860 2846 4917 odium
2899 4874 3043 4931 pape
3094 4854 3509 4912 manutenebat.

1896 4961 2094 5017 tradita
2130 4958 2182 5014 ei
2213 4957 2351 5012 turri
2381 4955 2468 5011 vel
2518 4954 2828 5010 munitione
2868 4969 2988 5017 sua,
3020 4967 3184 5023 quam
3211 4950 3365 5019 juxta
3398 4947 3511 5003 Ro-

1896 5064 2113 5104 manam
2167 5045 2447 5102 civitatem
2494 5042 2857 5099 fortissimam
2914 5039 3170 5095 habebat.
3234 5039 3299 5092 At
3356 5035 3516 5091 istius

1896 5137 2159 5195 violentia
2214 5149 2381 5205 supra
2411 5139 2628 5188 ceteros
2679 5128 3021 5184 scismaticos
3066 5126 3304 5182 afﬂictus
3352 5139 3513 5195 papa,

1898 5224 2304 5281 communicato
2333 5238 2457 5279 cum
2496 5219 2870 5278 cardinalibus
2905 5219 3022 5274 suis
3062 5217 3320 5284 consilio,
3377 5230 3512 5287 pace

1897 5335 2021 5374 cum
2053 5316 2428 5374 cardinalibus
2466 5312 2793 5386 prapinquis
2843 5310 3077 5382 predicti
3108 5307 3388 5365 Octaviani
3420 5321 3513 5361 re-

1900 5410 2153 5475 formata,
2206 5407 2493 5480 prefatam,
2549 5404 2915 5460 munitionem
2969 5419 3000 5458 a
3044 5401 3294 5473 predicto
3345 5396 3515 5453 milite

1742 5538 1956 5595 NOTAE.

262 5631 467 5715 (4293.8
498 5636 579 5693 Id.
618 5636 746 5693 Dec.
787 5640 1088 5696 secundum
1128 5640 1515 5715 Neerologium
1546 5643 1597 5698 S.
1647 5644 1789 5697 Gau-

210 5703 359 5767 gerict
380 5703 525 5764 Cam.

1886 5722 1904 5767 ι
2154 5639 2493 5695 Gislebertus
2543 5656 2670 5713 pag.
2733 5638 2820 5692 94.
2855 5637 2959 5691 hoc
2988 5650 3078 5688 an.
3128 5631 3265 5688 1177
3314 5629 3509 5684 factum

1909 5728 1968 5767 ra
2011 5729 2027 5766 ι
2057 5753 2069 5767 .

1909 5728 2069 5768 ιέιαιι.
