3876 6208
471 241 578 297 315

1679 255 2021 312 SlGEBERTl
2062 259 2570 316 GEMBLACENSIS.
3621 290 3700 346 316

471 388 673 446 magno
705 375 892 444 precio
951 384 1308 448 comparavtt.
1359 381 1555 454 Sicque
1617 402 1715 455 per
1748 387 2074 443 industriam
2101 390 2480 463 APhilippus,
2551 392 2711 463 hujus
2766 395 3011 450 nominis
3062 413 3150 452 rex
3187 404 3456 461 secundus.
3508 410 3698 471 Domnus

472 461 713 534 llugonis
759 465 975 520 diaconi
1001 469 1315 536 cardinalis,
1341 473 1432 542 qui
1477 483 1530 528 et
1561 475 1678 545 ipse
1711 477 1854 532 inter
1879 479 2077 534 Roma-

469 568 569 606 nos
602 556 980 610 nobilissimus
1007 566 1142 625 erat,
1172 561 1477 630 predictam
1507 566 1654 636 cepit
1677 583 1798 621 cum
1829 569 2076 638 sepefato

465 645 822 715 pseudopapa
849 650 1230 705 munitionem.
1260 654 1382 719 Qui,
1414 656 1479 708 ad
1510 658 1682 726 pedes
1707 659 1896 714 domui
1932 679 2074 733 pape

467 733 757 800 adductus,
790 736 842 789 in
885 753 1052 793 cavea
1083 748 1164 794 est
1205 752 1472 812 perpetuo
1513 748 1753 802 clausus.
1789 751 1899 805 Hoc
1931 768 2075 806 anno

466 825 779 880 christiauis
850 833 1226 888 transmarinis
1281 852 1536 907 magnum
1588 841 1788 896 accidit
1843 845 2076 901 infortu-

467 915 654 982 nium;
688 919 819 989 quia
845 922 960 976 suis
985 926 1243 981 omnibus
1284 946 1425 998 pene
1461 931 1726 988 militibus
1764 937 1964 992 occisis
1994 939 2076 994 vel

467 1007 787 1079 vulneratis,
855 1017 1217 1073 munitionem
1276 1021 1407 1076 Vadi
1464 1025 1632 1082 Jacob
1692 1032 2072 1099 perdiderunt.

467 1097 580 1151 Dux
621 1099 856 1156 Saxonie
899 1106 1068 1176 (431),
1121 1111 1265 1165 malo
1329 1128 1361 1166 a
1407 1115 1564 1168 malis
1604 1097 1924 1175 hominibus
1981 1140 2077 1177 ac-

466 1200 624 1263 cepto
677 1197 929 1268 consilio,
962 1209 1149 1257 contra
1199 1205 1484 1263 dominum
1542 1229 1723 1280 suum,
1780 1215 2078 1287 imperato-

464 1300 578 1338 rem
611 1287 868 1345 videlicet
899 1292 1270 1365 Fredericum,
1300 1299 1549 1358 rebellat.

594 1380 748 1433 1180.
865 1382 1056 1442 11.28.
1170 1389 1224 1442 F.
1272 1393 1359 1445 45.
1475 1395 1664 1452 A.‘26.
1782 1400 1935 1456 [1.4.

536 1469 857 1528 Fredericus
915 1476 1233 1548 imperator,
1265 1500 1410 1540 anno
1465 1490 1735 1557 superiori
1769 1494 2074 1550 undecum-

461 1576 570 1630 que
597 1569 876 1621 contracto
907 1571 1170 1634 exercitu,
1225 1590 1392 1645 super
1429 1578 1625 1634 ducem
1668 1583 1902 1640 Saxonie
1934 1587 2070 1642 hos-

2180 483 2346 537 abbas
2389 486 2590 554 Symon
2643 486 3089 557 Aquicinctensis
3138 507 3326 561 nonus,
3368 505 3700 564 communicato

2178 587 2298 626 cum
2341 572 2603 628 fratribus
2631 576 2747 629 suis
2785 577 3040 645 consilio,
3071 581 3345 636 ecclesiam
3381 589 3532 643 sancti
3557 591 3698 649 Salva-

2179 667 2315 721 toris
2345 684 2534 723 mense
2585 669 2894 740 Septembri
2926 672 3174 742 deponit,
3206 692 3269 732 eo
3309 681 3442 749 quod
3468 698 3559 738 non
3584 688 3701 742 sulti-

2179 767 2328 812 ceret
2353 766 2458 814 tam
2491 777 2655 830 parva
2702 762 2929 818 basilica
2961 781 3161 838 magno
3201 774 3472 827 conventui
3495 778 3699 847 Aquicin-

2179 852 2373 906 ctensi.
2408 853 2469 907 Et
2499 854 2602 908 hoc
2632 855 2962 910 multociens
2989 873 3019 912 a
3050 865 3297 930 tempore
3326 863 3495 920 domni
3521 867 3698 925 Gozuini

2169 940 2391 995 abbatis
2420 945 2868 1016 successorisque
2897 947 3018 1015 ejus
3048 948 3326 1004 Alexandri
3355 956 3700 1022 premeditatum

2178 1032 2355 1086 fuerat
2381 1040 2436 1087 et
2479 1034 2886 1106 preloquutum,
2929 1044 3011 1092 set
3049 1039 3170 1092 aliis
3221 1041 3590 1100 dissolutionem
3631 1065 3696 1103 or-

2177 1126 2340 1192 dinis,
2375 1128 2498 1182 aliis
2519 1129 2703 1198 aperis
2725 1131 3160 1202 magnitudinem
3188 1138 3499 1206 etquandam
3526 1149 3698 1210 preten-

2173 1215 2434 1272 dentibus
2465 1218 2866 1286 difﬁcultatem,
2907 1222 3037 1276 aliis
3066 1240 3194 1279 vero
3223 1227 3350 1281 alias
3385 1228 3593 1296 intentis,
3621 1233 3699 1287 hoc

2172 1322 2311 1376 Opus
2338 1323 2513 1378 usque
2564 1309 2631 1362 ad
2685 1310 2787 1364 hec
2825 1311 3080 1382 Symonis
3138 1314 3344 1370 abbatis
3395 1324 3606 1389 tempora
3639 1331 3700 1376 est

2174 1399 2521 1467 protelatum.
2547 1401 2786 1456 Tandem
2814 1419 3008 1458 omnes
3030 1407 3335 1472 unanimes,
3369 1410 3514 1464 corde
3548 1427 3699 1486 magno

2170 1498 2225 1543 et
2254 1491 2439 1546 animo
2472 1492 2702 1559 volenti,
2730 1502 2993 1561 veterem,
3027 1504 3086 1551 ut
3127 1497 3326 1553 dictum
3347 1509 3444 1566 est,
3471 1501 3700 1572 deponunt

2173 1585 2478 1652 basilicam,
2527 1596 2758 1644 venturo
2805 1606 2951 1646 anno
3009 1592 3276 1662 incepturi
3339 1611 3532 1650 novam.
3574 1598 3700 1671 Igitur

2466 1651 2470 1652 ,
3141 1651 3154 1662 _
3592 1651 3617 1671 ο

463 1651 629 1707 tiliter
657 1656 822 1710 vadit.
860 1658 954 1713 Hic
983 1662 1128 1716 enim
1157 1663 1321 1720 ﬁliam
1352 1668 1566 1725 Henrici
1599 1673 1745 1747 regis
1771 1678 2070 1750 Anglorum
2098 1705 2146 1772 Β
2174 1675 2340 1729 missa
2378 1677 2445 1730 de
2472 1686 2660 1732 sancta
2690 1678 2952 1734 Trinitate
2985 1680 3038 1734 in
3069 1682 3260 1750 majori
3287 1684 3498 1739 ecclesia
3515 1686 3698 1740 devotis-

465 1744 698 1772 ιπηιηηιυ..
737 1748 789 1772 ε..
843 1753 1086 1772 ___!-_,-_
1252 1759 1261 1768 -
1316 1760 1327 1770 ο
1540 1771 1545 1772 ,
1626 1765 1636 1772 .
1736 1767 1747 1772 -
1808 1769 1858 1772 ___
2203 1767 2212 1772 .
2408 1770 2417 1772 -
2462 1770 2471 1772 _
2784 1771 2814 1772 η
2953 1771 2958 1772 ,

465 1744 701 1801 habebat
737 1748 792 1803 in
837 1753 1129 1827 conjugio;
1171 1759 1264 1828 qui
1314 1760 1638 1832 imperatori
1665 1744 1914 1834 rebellis,
1957 1787 2066 1826 non

461 1834 638 1890 solum
671 1837 919 1896 insolens
955 1844 1151 1911 extitit,
1180 1849 1277 1902 sed
1306 1857 1360 1904 et
1390 1854 1679 1922 superbus.
1725 1856 1856 1911 Nam
1894 1860 1948 1913 in
1982 1877 2070 1916 ex-

461 1929 741 1995 peditione
782 1935 967 1990 Italica
1026 1939 1190 1994 nimis
1223 1943 1495 2000 laboriosa
1551 1954 1603 2001 et
1642 1949 1965 2020 dampnosa,
1998 1955 2066 2008 ab

461 2017 580 2086 ipso
622 2020 952 2092 imperatore
985 2036 1066 2082 ter
1091 2035 1480 2101 commonitus,
1505 2039 1694 2094 venire
1712 2047 2066 2115 contempsit,

459 2121 541 2167 set
572 2130 673 2171 nec
711 2121 972 2176 nuncium
1007 2140 1107 2178 nec
1138 2128 1340 2183 milites
1368 2131 1422 2184 in
1454 2132 1717 2189 auxilium
1750 2139 1834 2192 sui
1875 2141 2062 2196 domui

457 2204 676 2262 direxit.
721 2209 873 2265 Unde
895 2213 1192 2284 imperator
1222 2219 1362 2274 ultra
1383 2239 1547 2292 quam
1580 2225 1689 2280 dici
1710 2236 1888 2297 potest
1919 2247 2065 2286 com-

456 2301 659 2362 motus,
691 2297 960 2367 civitates,
989 2307 1232 2373 castella,
1263 2310 1488 2380 Oppida,
1524 2322 1698 2369 terras
1735 2317 2058 2389 auferendo,

453 2399 577 2439 eum
610 2388 841 2444 viriliter
870 2393 1128 2451 debellat.
1166 2397 1522 2459 Colonienses
1553 2407 1722 2475 cives,
1751 2411 1844 2481 qui
1873 2419 1927 2466 et
1957 2413 2058 2484 ipsi

450 2478 764 2549 imperatori
815 2484 870 2538 in
912 2486 1120 2542 Italiam
1155 2490 1533 2560 proficiscenti
1565 2500 1777 2557 adversi
1809 2505 2058 2576 aliquan-

452 2574 624 2626 tulum
658 2575 971 2646 extiterant,
1028 2583 1216 2637 audito
1278 2585 1578 2645 infortunio
1626 2593 1782 2648 ducis
1823 2597 2058 2653 Saxonie

453 2663 842 2734 imperatorem
886 2673 1362 2742 pertimescentes,
1405 2681 1679 2738 civitatem
1730 2703 1884 2742 suam
1918 2692 2061 2748 vallo

453 2755 589 2809 mire
624 2757 929 2817 latitudinis
955 2773 1011 2820 et
1046 2767 1436 2835 profunditatis
1475 2777 1751 2844 muniunt,
1785 2790 1838 2834 et
1890 2798 2062 2853 aquas

457 2845 607 2899 Remi
640 2847 885 2905 ﬁumiuis
918 2854 972 2907 in
996 2856 1230 2912 circuitu
1263 2861 1418 2915 urbis
1452 2866 1799 2923 nobilissime
1829 2872 2065 2928 circum-

453 2935 680 2993 ducunt.
753 2941 1089 3002 Christianus
1157 2951 1611 3026 archiepiscopus
1695 2959 2062 3034 Magunttnus,

2170 1767 2307 1822 sime
2339 1770 2633 1835 celebrata,
2687 1771 2751 1824 15
2782 1771 2894 1825 Kal.
2937 1771 3192 1828 Octobris
3247 1776 3412 1843 majus
3445 1777 3588 1832 altare
3610 1795 3699 1832 cum

2170 1854 2467 1911 multorum
2498 1856 2753 1928 lacrymis
2784 1859 3092 1930 deponunt,
3124 1869 3178 1916 et
3206 1862 3575 1920 inchoationem
3599 1881 3701 1920 nove

2170 1945 2405 2000 ecclesie
2459 1955 2684 2017 pr0pter
2725 1949 3018 2005 instantem
3070 1952 3318 2022 hyemem
3349 1953 3401 2008 in
3444 1960 3701 2026 sequentem

2168 2051 2373 2090 annum
2414 2037 2692 2094 differunt.

2242 2129 2395 2182 1181.
2612 2131 2702 2186 29.
2923 2136 2972 2188 1.
3192 2134 3278 2189 27.
3478 2138 3527 2190 5.

2234 2218 2390 2272 Anno
2419 2218 2568 2272 verbi
2603 2218 2867 2275 incarnati
2904 2222 3059 2289 1181,
3094 2223 3390 2279 indictione
3417 2225 3490 2279 H.
3512 2224 3616 2278 luna
3640 2225 3698 2279 l3.

2163 2317 2523 2362 concurrente
2559 2309 2591 2361 3
2654 2316 2847 2379 epacta
2899 2311 2951 2364 3.
2990 2327 3139 2367 anno
3201 2329 3232 2366 a
3284 2313 3449 2382 prima
3495 2320 3697 2368 constru-

2162 2397 2346 2452 ctione
2386 2398 2639 2467 ejusdem
2670 2401 2904 2456 ecclesie
2935 2401 3057 2458 103.
3112 2420 3301 2459 mense
3331 2404 3526 2469 Marcio,
3570 2404 3639 2458 die
3659 2404 3697 2456 2.

2160 2489 2406 2557 ejusdem
2440 2491 2668 2560 mensis,
2722 2492 2779 2546 id
2817 2502 2901 2548 est
2932 2493 3068 2549 feria
3107 2497 3164 2549 2.
3221 2496 3480 2552 dominice
3513 2496 3700 2552 secunde

2160 2581 2603 2655 quadragesime,
2657 2583 2806 2651 jacta
2845 2593 2974 2639 sunt
3007 2586 3364 2643 fundamenta
3416 2588 3551 2643 istius
3598 2603 3699 2640 nove

2161 2675 2603 2745 Aquicinctensis
2629 2678 2882 2733 ecclesie.
2918 2680 3075 2735 Missa
3111 2683 3276 2757 igitur
3293 2684 3358 2738 de
3382 2692 3546 2738 sancta
3569 2681 3701 2736 Triui-

2165 2773 2273 2820 tate
2303 2767 2596 2834 celebrata,
2632 2770 2835 2840 Symon
2876 2771 3065 2838 abbas,
3100 2776 3388 2845 assumptis
3415 2790 3573 2828 secum
3598 2773 3700 2826 duo-

2168 2856 2271 2910 bus
2299 2857 2608 2924 abbatibus,
2641 2859 2900 2916 Johanne
2948 2862 3208 2920 videlicet
3237 2864 3412 2920 Sancti
3448 2863 3634 2918 Amandi
3663 2871 3702 2914 et

2169 2947 2428 3002 Nicholao
2473 2948 2819 3005 Maricolensi
2865 2952 3034 3025 (432),
3091 2971 3218 3009 cum
3275 2963 3558 3010 sanctorum
3611 2951 3704 3006 reli-

456 3024 804 3094 imperatoris
859 3034 1241 3103 cancellarius,
1277 3039 1329 3092 in
1375 3041 1529 3096 ltalla
1589 3049 1875 3118 negocium
1920 3068 2054 3108 exe-

2168 3036 2334 3104 quiis,
2361 3037 2636 3102 crucibus,
2663 3039 2920 3095 turibulis
2953 3049 3008 3096 et
3032 3045 3236 3113 cereis,
3263 3059 3382 3099 cum
3407 3050 3505 3099 tota
3524 3055 3705 3134 congre-

453 3129 631 3182 quens
677 3117 780 3171 sibi
829 3119 1157 3189 injunctum,
1187 3125 1313 3180 dolo
1355 3126 1450 3182 ﬁlii
1489 3117 1744 3190 marchisi
1776 3137 1844 3192 de
1883 3140 2057 3196 Mont-

455 3202 622 3259 ferrat
647 3208 881 3278 capitur,
911 3211 1215 3284 Philippus,
1250 3216 1391 3273 ﬁlius
1422 3219 1677 3279 Ludovici
1711 3230 1854 3301 regis
1887 3232 2061 3287 Fran-

454 3311 664 3365 corum,
697 3316 922 3356 uxorem
951 3305 1102 3360 ducit
1134 3308 1430 3379 Elizabeth,
1482 3313 1647 3371 ﬁliam
1685 3319 1930 3377 Balduini
1971 3341 2064 3381 co-

459 3387 610 3442 mitis
651 3390 972 3461 Montensis,
1032 3413 1156 3467 qua:
1215 3399 1318 3455 fuit
1371 3402 1481 3459 ﬁlia
1521 3407 1819 3481 Margarete
1858 3418 2065 3472 sororis

454 3475 692 3548 Philippi
751 3479 1167 3540 Flandrensium
1207 3490 1440 3548 comitis.
1475 3475 1759 3553 Celebrate
1813 3509 1941 3557 sunt
1998 3505 2066 3560 he

455 3569 647 3639 nuptie
669 3571 943 3643 Bapalmis
971 3592 1002 3630 a
1032 3577 1246 3650 Rogero
1268 3582 1619 3644 Laudunensi
1639 3591 1932 3664 episcopo;
1967 3597 2063 3651 ubi

451 3659 726 3720 affuerunt
755 3669 984 3724 comites
1022 3672 1308 3746 Philippus
1340 3659 1711 3752 Flandrensis,
1765 3659 2062 3746 Balduinus

452 3750 751 3808 Montensis
775 3796 788 3821 ,
864 3757 1127 3816 Henricus
1218 3765 1614 3838 Namucensis,
1671 3773 2056 3844 Clarimontis,

453 3841 894 3915 Suessionensis,
930 3850 1292 3922 Pontivensis,
1318 3858 1502 3914 Sancti
1545 3861 1716 3918 Pauli.
1751 3866 2060 3924 Ludovicus

454 3949 544 3988 rex
573 3937 762 3991 senior
789 3940 1036 4016 reginam
1070 3944 1126 3999 in
1165 3947 1256 4002 die
1288 3952 1628 4008 ascensionis
1666 3956 1880 4012 Domini
1905 3960 2060 4028 juxta

454 4039 663 4079 morem
697 4028 984 4100 antiquum
1019 4033 1074 4088 in
1105 4035 1329 4092 basilica
1361 4042 1534 4095 sancti
1577 4043 1818 4114 Dyonisii
1857 4058 2062 4120 marty-

450 4115 524 4169 ris
555 4120 742 4186 per‘50
769 4123 1249 4197 archiepiscopum
1281 4131 1656 4189 Senonensem
1690 4137 1921 4209 ejusque
1951 4141 2059 4196 suf-

449 4204 740 4281 fraganeos
779 4215 1029 4268 coronari
1079 4214 1228 4272 fecit.
1286 4219 1394 4275 Hoc
1443 4237 1587 4278 anno
1636 4242 1734 4294 per
1774 4227 1913 4284 hanc
1955 4244 2053 4284 no-

2159 3125 2377 3196 gatione
2417 3128 2606 3197 cappis
2637 3129 3038 3198 sollempnibus
3069 3133 3264 3188 induta
3293 3131 3536 3204 processit
3574 3130 3630 3183 ad
3651 3129 3704 3181 lo-

2162 3232 2306 3270 cum.
2344 3218 2422 3272 lbi
2477 3219 2664 3274 aderat
2692 3221 2992 3277 Balduinus
3034 3240 3224 3280 comes
3263 3226 3412 3280 istius
3453 3222 3561 3296 pagi
3611 3235 3702 3274 cum

2167 3311 2517 3366 multitudine
2579 3314 2812 3369 militum
2862 3325 2916 3370 et
2971 3316 3207 3372 aliorum
3265 3318 3450 3372 Christi
3500 3314 3707 3369 ﬁdelium.

2171 3404 2409 3458 Primum
2440 3405 2677 3476 lapidem
2703 3407 2760 3461 in
2793 3407 3158 3466 fundamento
3179 3427 3362 3466 comes
3389 3409 3610 3464 manibus
3625 3403 3709 3458 suis

2168 3511 2290 3549 cum
2320 3505 2573 3552 cemento
2601 3499 2804 3568 posuit,
2837 3509 2893 3554 et
2918 3500 2973 3554 in
3023 3503 3221 3557 eadem
3263 3502 3485 3558 ecclesia
3509 3511 3709 3572 magnum

2165 3585 2426 3658 gaudium
2460 3587 2577 3642 fuit.
2613 3589 2738 3658 lpsa
2793 3589 2937 3656 dies,
2970 3591 3120 3661 quod
3182 3589 3581 3662 pretereundum
3627 3596 3708 3637 non

2164 3687 2267 3744 est,
2301 3691 2384 3736 set
2419 3683 2679 3738 attentius
2719 3686 3043 3753 notandum,
3083 3687 3245 3742 valde
3289 3687 3429 3740 clara
3455 3691 3503 3738 et
3537 3676 3710 3752 perpul-

2160 3773 2291 3828 chra
2330 3774 2528 3838 extitit,
2561 3792 2683 3830 cum
2711 3777 2880 3831 ceteri
2921 3777 3133 3832 mensis
3175 3776 3428 3833 transacti
3454 3774 3560 3829 dies
3591 3767 3708 3825 valde

2161 3863 2396 3933 pluviosi
2427 3872 2481 3919 et
2509 3865 2747 3920 nimbosi
2780 3867 3076 3921 extiterint.
3123 3867 3387 3922 Henricus
3416 3879 3581 3920 comes
3605 3855 3709 3929 (133)

2160 3959 2245 4012 his
2270 3959 2468 4014 diebus
2497 3962 2920 4036 quadragesime
2949 3979 2981 4016 a
3007 3962 3390 4018 transmarinis
3421 3956 3638 4032 partibus
3659 3949 3708 4005 ad

2163 4055 2382 4124 pr0pria
2410 4072 2680 4121 reversus,
2713 4073 2743 4111 a
2773 4066 2978 4128 nepote
2999 4073 3098 4112 suo
3130 4074 3262 4132 rege
3303 4057 3603 4112 Francorum
3637 4061 3709 4142 ce-

2163 4143 2402 4215 terisque
2432 4145 2586 4216 regni
2611 4146 2970 4216 optimatibus
3008 4163 3135 4202 cum
3173 4162 3374 4217 magno
3402 4143 3567 4198 favore
3592 4151 3707 4192 exct-

2159 4232 2326 4302 pitur,
2349 4233 2627 4304 Philippus
2658 4250 2750 4289 rex
2792 4236 3119 4291 Francorum
3167 4243 3223 4290 et
3270 4234 3542 4303 Philippus
3573 4236 3712 4282 comes

440 4307 609 4353 stram
642 4299 866 4355 Galliam
911 4304 1114 4373 profert
1143 4307 1342 4363 humus
1382 4309 1740 4382 frumentum,
1785 4316 2051 4373 hordeum
2078 4390 2124 4397 _
2153 4299 2590 4386 Flandrensium,
2619 4323 2686 4375 ab
2715 4322 2944 4377 Henrico
2986 4339 3112 4397 rege
3141 4323 3435 4396 Anglorum
3465 4323 3578 4372 ante
3605 4313 3711 4366 Hen-

447 4388 727 4460 legumina
766 4397 820 4445 et
849 4391 1217 4449 sufﬁcientem
1266 4413 1515 4453 avenam.
1554 4401 1816 4458 Henricus
1872 4390 2250 4464 comesDrici
2280 4410 2496 4464 comitis
2535 4411 2903 4466 reversionem
2935 4412 3238 4476 sollicitati,
3282 4421 3340 4465 ut
3367 4423 3525 4478 super
3564 4401 3710 4457 Frede-

451 4479 845 4550 Campanensis
899 4500 929 4538 a
978 4486 1227 4555 partibus
1275 4493 1656 4549 transmarinis
1722 4512 1819 4566 per
1877 4499 2058 4553 Asiam

450 4572 720 4628 minorem
751 4581 806 4629 et
855 4576 1119 4632 llliricum
1165 4583 1492 4651 repatrians,
1549 4587 1765 4642 insidiis
1795 4605 2059 4660 quorum-

452 4662 577 4716 dam
606 4681 863 4737 magnum
893 4685 1091 4739 passus
1117 4680 1200 4726 est
1243 4673 1656 4746 detrimentum,
1683 4681 1899 4734 amissis
1947 4698 2058 4737 non

450 4756 628 4811 solum
686 4762 803 4815 suis
828 4763 1198 4832 facultatibus,
1240 4769 1338 4823 sed
1387 4771 1548 4826 etiam
1600 4774 1718 4828 suis
1757 4775 2063 4832 interfectis

448 4861 547 4900 seu
575 4849 752 4917 captis
789 4853 1046 4909 omnibus
1077 4871 1218 4926 pene
1245 4858 1582 4916 hominibus.
1619 4863 1927 4920 Ludovicus
1965 4883 2055 4921 rex

448 4937 777 4995 Francorum
808 4946 1096 5016 septimus,
1150 4965 1252 5020 per
1314 4968 1518 5008 annum
1556 4955 1777 5023 paralisi
1815 4956 2053 5013 dissolu-

453 5036 558 5095 tus,
594 5032 816 5088 tandem
854 5053 1042 5093 mense
1079 5039 1390 5112 Septembri
1424 5046 1615 5101 morbo
1647 5053 1701 5100 et
1728 5047 1837 5102 vita
1863 5049 2054 5113 caruit,

451 5118 546 5188 qui
597 5135 825 5194 regnum
875 5125 1206 5184 Francorum
1265 5147 1364 5202 per
1388 5133 1476 5188 45.
1519 5149 1694 5188 annos
1743 5135 1875 5190 satis
1908 5137 2059 5206 justo

453 5210 832 5270 moderamine
873 5217 1243 5290 gubernavit;
1301 5224 1390 5278 cui
1438 5225 1707 5282 successit
1749 5225 1898 5282 ﬁlius
1942 5217 2077 5298 ejus.

2163 4497 2336 4552 rieum
2395 4499 2780 4569 imperatorem
2812 4509 3040 4570 propter
3075 4501 3233 4556 ducis
3269 4497 3495 4554 Saxonie
3538 4492 3713 4570 exhere-

2161 4589 2439 4644 dationem
2467 4606 2652 4644 secum
2677 4591 2946 4646 ducerent
2965 4592 3290 4659 exercitum,
3308 4607 3338 4644 a
3360 4587 3547 4645 comite
3571 4593 3715 4650 supra-

2160 4679 2307 4734 dlcto
2332 4679 2563 4735 consilio
2601 4689 2848 4752 accepto,
2879 4698 2909 4736 a
2968 4682 3060 4736 tali
3095 4688 3422 4750 avertuntur
3471 4677 3612 4731 facto.
3639 4670 3713 4724 C0-

2167 4786 2287 4824 mes
2315 4770 2461 4825 enim
2506 4771 2791 4838 Henricus,
2827 4779 3019 4843 utpote
3044 4773 3270 4844 sapiens
3304 4772 3404 4838 vir,
3452 4767 3589 4830 dixrt,
3635 4772 3714 4853 noti

2162 4877 2282 4916 esse
2310 4863 2423 4937 regi
2456 4863 2588 4917 utile
2613 4864 2698 4918 vel
2732 4864 2964 4934 justum,
3011 4874 3070 4919 ut
3107 4865 3490 4935 imperatorem
3543 4869 3625 4927 pro
3648 4864 3708 4903 sm

2158 4952 2315 5007 ducis
2345 4953 2552 5010 lesione
2583 4956 2998 5028 aggrederetur,
3029 4973 3150 5011 cum
3196 4971 3301 5011 nec
3330 4954 3448 5025 ipse
3477 4964 3570 5043 net?
3600 4948 3716 5043 [tam

2158 5045 2278 5116 ejus
2307 5062 2548 5117 unquam
2581 5047 2809 5102 fuissset
2837 5049 2906 5102 ab
2929 5048 3258 5120 imperatore
3279 5048 3446 5102 lesus.
3471 5044 3525 5097 In
3545 5036 3714 5093 Saltaco

2161 5137 2288 5191 villa
2317 5137 2493 5192 beatae
2525 5137 2796 5194 Rictrudis
2825 5140 2968 5210 (434)
3001 5149 3160 5195 natus
3217 5147 3308 5194 est
3363 5149 3527 5210 agnus
3553 5127 3716 5184 habens

2160 5231 2270 5286 duo
2301 5233 2479 5303 capita
2525 5241 2580 5288 et
2607 5241 2820 5304 septem
2855 5235 3041 5305 pedes.
3106 5233 3375 5289 Henricus
3419 5215 3715 5286 comesinfra

1799 5357 2016 5413 VARLE
2045 5359 2418 5416 LECTIONES.

514 5415 584 5450 ⁴⁵⁰
609 5417 755 5472 deest
770 5420 882 5473 cod.

1998 5533 2204 5588 NOTAE.

517 5623 662 5694 (431)
703 5623 996 5678 Heinricus
1032 5623 1154 5678 Leo.

517 5693 666 5768 (432⁷)
704 5694 1037 5751 Marcuilles.

2249 5635 2395 5705 (.533)
2436 5637 2741 5691 'I'recensis.

2245 5706 2383 5778 (434)
2426 5707 2876 5763 Marchianensis.
