3876 6208
142 292 228 350 31⁸1

1037 289 1384 346 CHRONICA.
1427 322 1498 333 —
1541 292 1974 350 CONTINUATIO
2015 295 2499 361 AQUICINCTINA.

3338 304 3444 362 318

136 428 161 479 'l
182 422 289 478 dies
311 436 407 476 sue
437 419 947 491 reversionis‘apud
975 418 1172 476 Trecas
1187 420 1335 476 diem
1356 421 1495 478 obiit
1514 423 1720 494 (Mart.)
1746 428 1802 498 Α
1827 425 1971 494 nice,
2005 425 2349 496 sapientibus
2376 427 2510 481 viris
2538 442 2660 482 cum
2691 444 2821 503 rege
2850 431 3234 499 tractantibus,
3262 449 3442 505 usque

138 514 227 582 l7).
248 510 391 585 Hngo
420 508 829 565 Cameracensis
871 509 1149 580 quondam
1183 510 1448 578 decanus,
1502 512 1594 583 qui
1627 528 1723 566 ec-

136 606 283 662 clesie
337 603 728 675 Aquicinensis
776 602 827 656 in
874 603 1146 673 principio
1199 620 1299 659 sue
1349 606 1722 675 provectionis

138 711 311 770 magno
329 694 428 750 fuit
458 694 840 761 amminiculo,
872 710 902 749 a
936 695 1161 765 proprio
1185 702 1501 751 removetur
1523 695 1718 766 sepul-

138 788 252 841 chro
282 803 295 851 ;
328 801 447 839 nam
472 798 619 839 nove
659 783 893 837 ecclesie
942 782 1367 838 fundamentum
1420 783 1722 854 peripsum

138 881 262 931 recto
289 874 497 929 tramite
528 889 691 927 suum
741 871 1017 947 dirigebat
1061 888 1309 927 cursum.
1362 872 1524 944 Lapis
1550 872 1606 926 in
1626 873 1726 926 Se-

137 967 335 1037 pulchro
371 966 492 1034 ejus
533 970 786 1035 repertus
815 971 921 1029 est,
952 963 1009 1017 in
1040 964 1267 1035 quohoc
1297 964 1561 1034 scriptum
1592 978 1726 1018 con-

137 1058 419 1114 tinebatur:
450 1057 560 1111 Hic
590 1060 669 1111 est
698 1057 964 1126 sepultum
1016 1072 1211 1126 corpus
1260 1059 1503 1124 Hugonis
1536 1056 1727 1112 ἀθοαηὶ

136 1155 290 1205 sancte
314 1152 487 1206 Marte
543 1150 952 1205 Cameracensis
989 1150 1222 1216 ecclesia,
1278 1151 1376 1218 qui
1420 1151 1725 1203 construxit

135 1240 398 1293 claustrum
434 1253 561 1292 cum
580 1238 802 1306 porticu
829 1236 1068 1306 ejusdem
1088 1236 1317 1303 ecclesie,
1356 1238 1724 1306 capellamque

134 1334 281 1386 sancti
312 1330 568 1399 Gingulﬁ.
604 1332 847 1397 Insuper,
886 1334 947 1383 ut
983 1333 1159 1383 cetera
1197 1334 1491 1397 taceamus,
1534 1330 1722 1386 multis

134 1425 270 1477 annis
296 1437 329 1476 a
350 1437 509 1476 carne
529 1422 822 1487 abstinuit,
874 1435 1038 1490 super
1078 1422 1323 1491 plumam
1351 1437 1462 1476 non
1515 1422 1719 1491 jacuit,

136 1513 229 1566 nisi
260 1513 391 1578 forte
413 1513 472 1563 in
508 1510 610 1564 hoc
638 1511 962 1564 monasterio
988 1511 1155 1578 jussu
1192 1509 1427 1564 abbatis.
1457 1512 1558 1564 Hic
1582 1525 1717 1566 con-

134 1609 313 1661 struxit
346 1608 671 1671 claustrum,
716 1607 1005 1675 porticum,
1065 1607 1518 1671 elemosinarium,
1543 1606 1721 1675 capel-

136 1696 317 1764 lumque
335 1694 479 1749 beate
508 1695 705 1759 Marte,
738 1697 787 1747 et
811 1694 985 1747 multa
1009 1694 1122 1747 alia
1150 1694 1408 1761 beneﬁcia
1444 1694 1720 1760 fratribus

138 1787 349 1841 contulit.
383 1787 484 1840 Hic
514 1788 572 1840 in
603 1787 904 1853 festivitate
937 1787 1175 1840 omnium
1216 1791 1723 1854 sanetorumppost—

136 1896 273 1949 quam
297 1883 514 1936 missam
536 1874 874 1946 celébrasset,
889 1883 1053 1947 gravi
1072 1882 1389 1947 inﬁrmitate
1402 1896 1716 1950 percussus,

135 1973 383 2026 monachus
410 1972 654 2041 effectus,
694 1972 828 2026 obiit
858 1975 917 2026 in
951 1973 1089 2026 bona
1144 1974 1476 2039 confessione
1513 1977 1562 2027 et
1589 1989 1720 2028 vera

134 2064 236 2132 ﬁde,
261 2079 391 2118 anno
420 2065 653 2119 Domini
678 2063 833 2118 1093.
865 2063 918 2118 6.
960 2064 1090 2118 Idus
1116 2064 1454 2121 Novembris.

193 2153 488 2210 Fredericus
509 2153 818 2225 imperator
881 2153 1171 2210 Henricum
1205 2162 1499 2229 cognatum
1535 2171 1719 2220 suum,

138 2238 302 2294 ducem
327 2240 586 2308 Saxonie,
639 2241 949 2305 debellans,
1005 2242 1192 2297 omnia
1232 2258 1377 2313 pene
1417 2242 1593 2314 ipsius
1627 2260 1722 2298 ca-

138 2334 746 2411 stellasibisubjugavit,
790 2344 845 2391 et
869 2351 994 2391 eum
1047 2337 1105 2391 in
1136 2337 1430 2408 quamdam
1456 2337 1718 2405 insulam,

140 2444 227 2499 que
242 2429 543 2487 Brunswieh
573 2431 769 2499 lingua
798 2431 1067 2487 Saxonica
1121 2440 1493 2502 nuncupatur,
1527 2432 1721 2504 fugere

141 2520 383 2590 compulit.
433 2520 708 2576 Henricus
753 2522 1050 2595 Anglorum
1101 2538 1216 2590 rex,
1252 2523 1412 2578 ducis
1443 2525 1718 2580 Saxonum

141 2609 586 2668 exheredationem
640 2627 739 2667 sue
781 2611 891 2667 tilie
940 2628 1071 2687 egre
1128 2612 1336 2677 ferens,
1387 2615 1622 2671 nuncios
1652 2615 1720 2669 ad

141 2703 480 2773 imperatorem
495 2706 714 2777 dirigit,
748 2714 803 2761 et
830 2713 891 2761 ut
909 2706 977 2761 ab
1007 2707 1373 2777 oppressione
1396 2707 1593 2779 prefati
1618 2708 1720 2762 du-

140 2796 201 2851 cis
221 2798 444 2853 animum
475 2800 740 2867 retrahat,
761 2816 990 2856 munera
1048 2801 1167 2856 auri
1205 2809 1260 2856 et
1285 2802 1503 2877 argenti
1534 2802 1720 2872 magni

142 2892 361 2959 ponderis
386 2893 745 2964 repromittit.
778 2894 887 2949 Sed
920 2894 1218 2966 imperator
1249 2895 1495 2969 ingenita
1524 2894 1629 2949 sibi
1667 2902 1720 2950 et

141 2990 363 3036 consueta
382 2981 617 3037 leonina
661 2983 969 3038 constantia
1015 2990 1207 3039 contra
1257 3000 1417 3039 suum
1453 2985 1720 3041 honorem

141 3089 330 3129 munera
358 3076 635 3147 despexit,
662 3090 823 3130 aures
852 3075 1069 3139 clausit,
1116 3083 1171 3131 et
1211 3077 1408 3132 ducem
1440 3078 1720 3149 quondam

1825 515 1894 568 ad
1950 522 2170 571 octavas
2203 517 2517 587 epyphanie
2574 519 2732 574 istius
2770 537 2967 595 guerre
3037 523 3256 580 inducie
3304 525 3443 580 dan-

1826 615 1911 662 tur
1933 606 2101 678 (.437).

1896 746 2035 801 1182
2133 746 2195 800 R.
2267 746 2353 803 3’).
2435 748 2489 802 F.
2556 750 2608 804 2.
2689 750 2751 804 Α.
2820 752 2908 807 28.
2991 753 3052 808 H.
3102 754 3155 808 6.

1899 883 1956 937 ln
1987 882 2124 953 ipsis
2177 882 2373 937 diebus
2414 882 2716 939 nativitatis
2762 886 3062 951 dominice,
3127 888 3447 945 Fredericus

1827 974 2124 1045 imperator
2144 976 2378 1030 nuncios
2408 992 2532 1030 cum
2555 978 2788 1047 epistola
2826 978 2880 1032 in
2918 979 3198 1034 Franciam
3231 979 3447 1055 dirigit,

1829 1066 1944 1138 regi
1976 1066 2268 1121 consilium
2299 1067 2437 1121 dans
2486 1075 2546 1122 ut
2573 1084 2696 1122 cum
2753 1070 2956 1124 comite
3005 1069 3169 1125 faciat
3228 1087 3443 1142 pacem.

1825 1159 1977 1225 Quod
2010 1160 2054 1213 si
2088 1160 2257 1215 nollet
2288 1160 2487 1228 facere,
2557 1162 2720 1217 sciret
2775 1178 2874 1233 pro
2905 1172 3076 1227 certo,
3118 1180 3180 1219 se
3209 1178 3310 1220 suo
3340 1166 3441 1222 ho-

1823 1252 1980 1319 mini,
2012 1251 2197 1307 comiti
2228 1253 2440 1308 scilicet
2472 1253 2762 1321 Flandriae,
2824 1256 3087 1309 auxilium
3147 1272 3248 1326 pro
3281 1273 3445 1327 posse

1822 1340 1985 1401 fcere.
2021 1343 2144 1398 Post
2169 1353 2389 1399 octavas
2428 1345 2762 1416 epyphanie,
2796 1345 3035 1402 induciis
3077 1345 3250 1402 ﬁnitis
3297 1348 3447 1403 mili-

1820 1440 1904 1486 tes
1934 1432 2118 1501 plures
2150 1448 2402 1500 numero,
2433 1450 2595 1504 quam
2618 1434 2791 1505 prius,
2826 1435 3104 1507 utrimque
3136 1444 3443 1506 armantur,

1823 1523 2037 1593 rapine,
2066 1523 2252 1591 cedes,
2284 1524 2543 1579 incendia
2578 1526 2790 1597 absque
2816 1526 2928 1581 ullo
2958 1527 3208 1583 remedio
3242 1544 3443 1598 perpe-

1822 1619 2051 1666 trantur.
2086 1614 2147 1666 In
2180 1612 2324 1686 regis
2354 1613 2639 1683 procinctu
2670 1614 2759 1669 isti
2802 1623 2957 1669 erant
2997 1615 3269 1690 signiferi.
3302 1616 3448 1671 Hen-

1824 1701 1969 1756 ricus
1999 1718 2090 1756 rex
2121 1703 2619 1777 Anglorumjunior
2654 1711 2709 1757 et
2742 1704 3071 1771 Richardus,
3107 1705 3273 1761 frater
3300 1706 3445 1776 ejus,

1823 1791 1935 1845 dux
1960 1791 2285 1863 Aquitanus,
2319 1808 2507 1847 comes
2560 1792 2927 1863 Clarimontis,
2968 1808 3022 1850 et
3070 1795 3341 1851 Rodull‘us
3371 1797 3444 1853 de

1821 1883 2067 1939 Cociaco.
2100 1883 2291 1939 Comiti
2323 1899 2454 1939 vero
2518 1884 2785 1941 Flandrize
2841 1886 3073 1942 aderant
3135 1887 3436 1943 Balduinus

1820 1989 2006 2028 comes
2041 1972 2394 2038 Hainoensis,
2429 1973 2581 2048 Hugo
2634 1990 2820 2030 comes
2863 1976 2932 2031 de
2981 1977 3181 2032 Sancto
3243 1977 3435 2045 Paulo,

1815 2062 2054 2117 Jacobus
2081 2062 2150 2117 de
2181 2062 2410 2117 Avernis
2430 2069 2486 2117 et
2513 2064 2662 2138 Hugo
2696 2065 2763 2119 de
2794 2065 2909 2120 Orsi
2952 2067 3289 2122 eastellanus
3331 2066 3436 2123 Ca-

1826 2154 2177 2210 meracensis.
2217 2155 2477 2210 Universa
2533 2156 2705 2211 Gallia
2736 2158 2839 2212 hoc
2879 2168 3041 2214 vento
3094 2159 3297 2233 agitata
3337 2160 3439 2216 hac

1825 2246 2062 2319 illacque
2083 2255 2339 2303 curvatur
2371 2266 2384 2313 ;
2428 2264 2530 2303 nec
2556 2248 2659 2304 fuit
2685 2250 2817 2304 citra
2882 2251 3043 2321 Alpes
3070 2251 3223 2307 locus
3254 2252 3346 2322 qui
3378 2267 3440 2308 sc

1822 2344 2187 2399 absconderet
2214 2344 2283 2398 ab
2328 2344 2517 2399 auditu
2566 2345 2791 2401 tonitrui
2847 2347 3033 2416 hujus.
3105 2348 3442 2403 lnstantibus

1823 2441 2005 2488 autem
2045 2441 2233 2488 sancte
2262 2434 2687 2508 quadragesime
2742 2434 2959 2501 diebus,
2993 2436 3266 2511 religiosis
3306 2437 3439 2492 viris

1824 2530 1956 2583 hinc
1986 2529 2117 2582 inde
2147 2528 2610 2595 discurrentibus,
2645 2529 2840 2584 iterum
2900 2530 3123 2585 inducie
3175 2548 3352 2604 usque
3381 2532 3438 2587 in

1825 2616 2028 2685 pascha
2071 2616 2414 2686 eptinentur.
2475 2616 2761 2688 Philippus
2812 2634 2999 2674 comes
3039 2621 3321 2676 dominica
3382 2622 3436 2690 3,

1823 2708 2244 2780 quadragesime
2271 2708 2336 2762 ad
2400 2708 2735 2780 colloquium
2782 2710 2995 2766 Henrici
3030 2714 3175 2787 regis
3200 2713 3440 2782 juvenis,

1822 2799 1920 2853 filii
1946 2799 2219 2854 Frederici
2249 2800 2617 2871 imperatoris,
2668 2801 2931 2857 Leodium
2957 2804 3123 2872 vadit,
3160 2821 3335 2877 seque
3357 2807 3446 2861 in-

1816 2891 1961 2959 juste
2006 2896 2342 2960 conquestus
2393 2896 2475 2945 est
2518 2907 2549 2944 a
2603 2890 2829 2946 domino
2868 2908 2990 2958 suo,
3049 2909 3176 2966 rege
3228 2895 3444 2951 scilicet

1826 2981 2176 3046 Francorum,
2205 2981 2409 3035 vexari.
2447 2981 2711 3037 Henricus
2763 2989 2945 3038 autem
2981 3000 3095 3051 rex,
3136 2992 3196 3039 ut
3216 2986 3443 3042 domino

1823 3085 1922 3125 suo
1962 3070 2244 3125 humiliter
2272 3069 2590 3137 satisfaciat,
2637 3072 2894 3128 comitem
2928 3074 3267 3141 cohortatur,
3304 3092 3435 3147 pro-

140 3162 221 3218 sibi
240 3134 486 3222 rebellem
515 3167 836 3222 victoriosis
882 3168 1126 3223 attritum
1160 3168 1353 3240 preliis
1383 3134 1723 3223 ad.deditio-
1747 3134 1794 3203 Ο
1823 3160 2049 3215 mil-lens
2080 3161 2131 3215 ei
2162 3160 2266 3215 sub
2316 3168 2681 3221 sacramento.
2741 3179 2901 3217 suum
2950 3179 3060 3219 non
3120 3163 3436 3221 defuturum

139 3270 238 3310 nem
264 3258 449 3330 coegit.
485 3257 955 3330 Alexanderpapa
980 3274 1149 3315 senex
1162 3265 1218 3315 et
1247 3259 1449 3331 plenus
1481 3258 1718 3328 dierum,

141 3344 361 3401 vicesimo
381 3346 554 3403 ferme
579 3346 652 3401 ab
669 3347 805 3402 urbe
822 3347 1085 3411 miliario,
1118 3348 1172 3401 in
1205 3347 1444 3420 quadam
1476 3348 1720 3403 Romane

139 3440 332 3496 ecclesie
358 3441 717 3512 possessione
745 3441 891 3496 diem
924 3441 1572 3509 clausitultimum(Aug.
1603 3439 1714 3507 30).

138 3531 272 3600 Cujus
296 3533 442 3589 obitu
471 3534 707 3606 quidam
738 3533 1065 3603 insipientes
1106 3533 1335 3589 Romani
1395 3533 1605 3599 audito,
1665 3532 1717 3586 ei

142 3634 246 3683 non,
269 3628 322 3675 ut
345 3620 915 3687 debuerunt,obviam
944 3637 1066 3676 cum
1089 3621 1156 3675 ad
1187 3621 1381 3675 urbem
1407 3620 1721 3676 deferretur

139 3721 406 3778 venerunt;
438 3721 491 3768 et
511 3715 566 3769 ei
601 3713 1025 3781 maledicentes,
1053 3713 1352 3769 lutoetiam
1377 3712 1722 3783 etlapidibus

137 3801 370 3872 lecticam,
394 3806 448 3860 in
479 3823 592 3878 qua
639 3805 978 3875 portabatur,
1014 3804 1345 3875 lapidantes,
1394 3804 1483 3859 vix
1514 3819 1641 3858 eum
1666 3804 1722 3857 in

141 3895 429 3962 patriarehio
489 3895 853 3953 Lateranensi
911 3896 1137 3968 sepeliri
1194 3895 1584 3967 permiserunt.
1627 3894 1723 3949 Cui

145 3986 373 4041 successit
400 3985 747 4042 llumbaldus
773 3984 1040 4040 Ostiensis
1069 3985 1384 4056 episc0pus,
1419 3983 1726 4040 Alexandro

148 4080 263 4129 etate
287 4076 485 4142 senior,
541 4090 719 4147 quem
750 4074 919 4129 altero
968 4074 1191 4128 nomine
1242 4073 1463 4128 Lucium
1496 4072 1726 4128 tercium

146 4168 545 4235 appellaverunt.
588 4167 689 4233 Qui
746 4166 989 4221 Romane
1007 4165 1244 4221 ecclesie
1283 4166 1388 4221 169
1463 4164 1726 4236 presidet.

149 4255 398 4330 Philippus
428 4277 571 4331 puer
619 4276 715 4313 rex
765 4259 1094 4314 Francorum
1125 4264 1180 4313 et
1219 4258 1510 4329 Philippus
1548 4272 1737 4312 comes

149 4345 551 4419 Flandrensium,
611 4356 735 4421 post
782 4350 1138 4405 festivitatem
1187 4349 1439 4404 omnium
1511 4356 1736 4403 sancto-

1754 4396 1811 4466 D

1822 3253 2105 3319 auxilium,
2140 3253 2187 3308 si
2238 3269 2332 3308 rex
2382 3254 2712 3309 Francorum
2772 3272 2929 3311 suum
2963 3263 3221 3312 renueret
3251 3258 3445 3314 audire

1821 3343 2130 3399 consilium.
2169 3343 2447 3401 Elizabetb
2484 3343 2901 3398 Flandrensium
2947 3354 3003 3399 et
3032 3345 3439 3401 Viromanden-

1818 3435 1960 3489 sium
1989 3434 2287 3501 comitissa,
2321 3442 2445 3505 post
2462 3434 2661 3488 nimias
2690 3433 3078 3489 tribulationes
3108 3441 3163 3489 et
3196 3435 3446 3505 corporis

1821 3522 2168 3579 infirmitates
2197 3524 2287 3578 die
2333 3532 2523 3578 sancto
2541 3539 2833 3594 parasceve
2846 3523 3109 3579 defuncta
3130 3526 3309 3591 (Mart.
3327 3524 3444 3595 26),

1819 3617 2075 3687 sequenti
2107 3616 2219 3680 die,
2253 3623 2465 3671 astante
2495 3615 2753 3686 Philippo
2785 3617 3007 3682 comite,
3071 3633 3198 3673 cum
3231 3616 3449 3689 magnis

1823 3706 2183 3779 plurimorum
2225 3705 2486 3771 lacrimis,
2520 3705 2578 3758 in
2595 3705 2831 3760 ecclesia
2871 3707 3187 3762 beatissime
3219 3709 3313 3763 Dei
3345 3725 3449 3781 ge-

1826 3797 2039 3851 nitricis
2066 3796 2233 3850 Marie
2261 3795 2529 3851 Attrebati
2559 3795 2867 3851 honoriﬁce
2888 3804 2972 3852 est
3003 3799 3289 3853 tumulata.
3321 3799 3448 3855 Post

1826 3889 2029 3960 pascha
2052 3888 2322 3944 Henricus
2344 3903 2439 3943 rex
2462 3888 2762 3962 Anglorum
2784 3889 2990 3956 senior,
3033 3889 3167 3943 mari
3194 3888 3445 3955 transito,

1828 3982 1883 4034 in
1922 3980 2308 4036 Normanniam
2336 3978 2532 4046 venit;
2563 3995 2688 4034 nam
2722 3979 2818 4034 filii
2850 3980 2988 4048 ejus,
3018 3981 3159 4034 sicut
3190 3977 3451 4050 supradi-

1830 4072 2030 4137 ximus,
2059 4070 2325 4126 Henricus
2353 4084 2446 4124 rex
2468 4075 2523 4123 et
2560 4069 2865 4125 Richardus
2895 4069 3026 4135 dux,
3050 4069 3168 4144 regi
3207 4068 3437 4122 Franco-

1831 4180 1948 4218 rum
1976 4170 2167 4219 contra
2196 4162 2452 4217 comitem
2478 4160 2855 4216 Flandriarum
2886 4160 3152 4216 auxilium
3177 4158 3447 4214 ferebant.

1838 4255 1951 4308 Dux
1982 4262 2163 4310 autem
2196 4253 2517 4328 Burgundie
2544 4261 2599 4308 et
2620 4253 2901 4308 comitissa
2951 4252 3245 4322 Campanie
3279 4247 3449 4319 (438),

1837 4363 1995 4404 soror
2023 4348 2186 4423 regis,
2221 4347 2498 4419 quondam
2532 4362 2669 4403 uxor
2700 4348 2916 4403 Henrici
2940 4347 3175 4413 comitis,
3195 4344 3450 4416 Philippo

149 4454 263 4507 rum,
286 4442 513 4498 instante
547 4442 755 4509 hieme,
787 4457 909 4513 quae
933 4441 989 4495 in
1021 4440 1127 4495 isto
1159 4455 1306 4495 anno
1323 4446 1377 4495 et
1403 4441 1507 4495 hoc
1536 4455 1731 4494 mense
1754 4440 1810 4466 υ
1833 4442 2018 4497 comiti
2045 4442 2322 4509 associati,
2362 4441 2944 4514 debellabantregem.
2974 4440 3297 4496 Guillelmus
3324 4454 3454 4495 vero

148 4528 285 4584 nimis
308 4532 479 4586 extitit
502 4529 781 4603 pluviosa,
840 4531 989 4585 inter
1037 4545 1098 4584 se
1128 4529 1488 4595 dissentiunt,
1531 4537 1587 4585 et
1605 4543 1731 4585 eum

148 4618 263 4688 ipsis
285 4637 472 4678 omnes
500 4623 776 4695 primores
836 4622 1188 4678 Francorum.
1242 4621 1415 4689 Hujus
1454 4622 1583 4675 mali
1640 4621 1732 4675 in-

150 4722 371 4771 centores
420 4717 596 4773 fuisse
650 4717 901 4773 feruntur
953 4732 1138 4773 comes
1191 4715 1537 4771 Clarimontis
1569 4715 1732 4787 (435),

150 4804 384 4864 Rodulfus
429 4811 599 4865 etiam
651 4811 721 4864 de
770 4809 998 4866 Cociaco
1044 4809 1210 4879 (436),
1239 4816 1293 4863 et
1348 4806 1447 4862 filii
1504 4808 1731 4863 Roberti

149 4909 485 4969 cognomento
546 4901 866 4968 Clementis,
923 4901 1069 4975 regis
1126 4899 1451 4957 consiliarii.
1500 4900 1735 4972 Insurgit

149 4983 292 5059 igitur
330 4991 538 5061 primus
580 5005 768 5046 comes
809 4991 863 5044 in
892 5005 1102 5065 regem,
1137 4996 1192 5044 et
1214 5005 1310 5044 rex
1346 5004 1503 5059 versa
1533 4988 1654 5043 vice
1679 4989 1734 5042 in

154 5078 405 5136 comitem.
424 5081 689 5136 lncendia
716 5087 771 5136 et
786 5080 981 5152 rapine
1002 5086 1349 5147 exercentur,
1369 5080 1732 5136 ecclesiarum

150 5170 523 5238 expoliationes
572 5173 932 5247 burgensium
964 5172 1378 5244 oppressiones,
1428 5186 1731 5243 pauperum

150 5255 522 5317 destructiones
551 5278 729 5334 usque
776 5262 847 5316 ad
897 5262 1196 5317 adventum
1235 5260 1451 5316 Domini
1483 5276 1734 5335 grassan-

150 5350 239 5403 tur.
267 5349 527 5422 Tandem,
558 5353 1042 5426 appropinquante
1086 5352 1178 5408 die
1206 5352 1504 5410 nativitatis
1542 5352 1729 5408 domi-

1834 4531 2121 4585 Remensis
2151 4530 2602 4601 archiepiscopus
2615 4538 2670 4585 et
2695 4546 2882 4586 comes
2898 4528 3238 4585 Blesensium
3262 4528 3443 4583 Theo-

1837 4622 2055 4688 baldus,
2081 4621 2228 4692 regis
2284 4622 2560 4677 avunculi.
2620 4621 2968 4678 reformande
3019 4621 3137 4692 paci
3190 4619 3450 4675 intende-

1841 4710 1990 4765 bant.
2027 4710 2195 4783 lgitur
2228 4710 2517 4764 transactis
2548 4710 2790 4766 induciis
2819 4710 2963 4764 inter
2990 4724 3173 4783 regem
3203 4716 3258 4764 et
3286 4708 3456 4765 comi-

1835 4811 1969 4871 tem,
2000 4819 2103 4874 pax
2133 4818 2245 4858 non
2275 4802 2620 4873 sperabatur,
2664 4803 2761 4859 sed
2810 4803 3033 4858 bellum.
3070 4803 3142 4857 Ex
3171 4803 3451 4874 insperato

1838 4892 2104 4948 Henricus
2127 4892 2314 4948 senior
2334 4909 2425 4947 rex
2456 4893 2754 4965 Anglorum
2783 4899 2837 4947 et
2867 4892 3153 4964 Philippus
3173 4907 3266 4947 rex
3290 4890 3454 4946 Fran-

1835 5005 2048 5052 corum.
2105 4990 2393 5062 Philippus
2442 4990 2607 5045 etiam
2658 5004 2845 5045 comes
2901 4988 3278 5043 Flandriarum
3330 5003 3450 5042 me-

1839 5079 2030 5134 diante
2056 5079 2288 5136 Henrico
2320 5079 2618 5134 Albanensi
2649 5079 2939 5151 episcopo,
2972 5077 3278 5149 apostolice
3307 5075 3459 5131 sedis

1835 5171 2039 5243 legato,
2073 5188 2197 5228 cum
2227 5171 2684 5243 archiepiscopis,
2747 5170 3046 5242 episcopis,
3075 5168 3372 5224 abbatibus
3402 5172 3460 5222 et

1835 5259 2167 5317 Francorum
2182 5260 2523 5334 proceribus,
2550 5259 2692 5316 inter
2721 5259 3065 5331 Chrispeium
3097 5267 3153 5315 et
3180 5257 3455 5314 civitatem

1833 5351 2311 5408 Silvanectensem
2361 5352 2452 5420 πί,
2485 5358 2541 5407 et
2596 5350 2815 5408 nunciis
2860 5348 3012 5422 pacis
3037 5344 3460 5405 intercurrenti-

1477 5469 1700 5524 VARUE
1735 5467 2107 5524 LECTIONFS.

1683 5610 1890 5667 NOTAE.

210 5537 266 5572 ⁸δ¹
296 5539 436 5595 deest
460 5541 801 5597 conveniunt
826 5542 907 5596 vel
937 5542 1044 5595 tale
1082 5541 1239 5611 quid.

211 5679 339 5753 (435)
371 5682 654 5753 Badulfus.

211 5750 335 5827 H36)
365 5752 841 5826 Choisi-sur-Bac,
866 5755 925 5816 in
955 5768 1100 5817 com.
1119 5753 1564 5815 Viromandensi.

1918 5680 2062 5754 (74.37)
2091 5680 2167 5754 _C_f.
2191 5680 2560 5754 Gislebertum
2586 5699 2641 5754 p.
2689 5681 2814 5738 107.

1916 5750 2066 5824 (438)
2090 5752 2274 5811 Maria.
