3876 6208
370 294 477 349 319

1588 274 1929 332 SIGEBEBTI
1970 264 2479 326 GEMBLACENSIS.

3601 254 3711 313 320

371 416 495 481 bus,
528 431 631 486 pax
661 414 807 468 inter
833 427 931 468 eos
972 409 1128 465 ﬁrma
1173 409 1421 462 tinuatur
1474 405 1632 475 (439).
1697 403 1979 474 Nunquam
2011 404 2056 470 Α
2087 411 2227 450 mus.
2263 393 2461 448 Horum
2500 388 2774 459 judicium
2827 387 3143 459 episcopus,
3198 384 3312 454 jam
3368 381 3599 456 paralisi
3630 382 3713 437 la-

370 514 557 564 nostra
576 514 722 563 etate
764 505 1075 560 audivimus
1108 508 1313 557 tantum
1356 498 1489 555 belli
1530 498 1845 553 incendium
1875 502 1983 552 tam

372 621 538 675 parva
587 603 740 674 pacis
817 600 1056 656 scintilla
1133 597 1479 652 exstinctum.
1540 593 1840 649 Balduinus
1893 608 1985 647 rex

378 693 730 749 lberusalem.
765 691 917 765 regio
949 688 1141 743 morbo
1192 686 1470 745 laborans,
1504 692 1556 737 et
1577 683 1799 757 fustigia
1829 681 1984 755 regni

379 782 685 848 fastidiens,
718 778 991 851 templarii
1016 791 1239 849 quoque
1268 781 1317 829 et
1367 771 1714 827 transmarini
1756 769 1984 835 milites,

378 888 749 945 sepenumero
774 871 1005 926 nuncios
1060 869 1515 928 transmittentes,
1546 878 1733 937 regem
1751 862 1990 917 Franco-

384 979 504 1018 rum
526 970 580 1017 et
603 961 900 1035 Anglorum
931 960 1242 1022 obsecrant,
1276 961 1334 1008 ut
1362 968 1592 1028 regnum
1618 950 1992 1007 Hierosolimi-

383 1063 570 1107 tanum
601 1050 940 1112 ordinantes,
973 1053 1028 1101 et
1061 1055 1201 1100 terre
1250 1050 1656 1107 succurrentes,
1684 1041 1755 1094 de
1786 1056 1991 1095 corona

384 1139 541 1215 regni
584 1155 745 1204 suum
792 1137 931 1193 velle
972 1136 1189 1190 faciant.
1254 1133 1331 1187 Ad
1370 1132 1743 1203 supradictum
1785 1131 1991 1202 quippe

383 1232 716 1303 colloquium
742 1231 887 1285 idem
912 1228 1099 1283 nuncii
1145 1225 1436 1280 affuerunt.
1473 1223 1992 1294 Fredericusimpe-

384 1331 533 1379 rator
558 1321 1027 1393 sollempnitatem
1073 1324 1424 1390 pentecostes
1467 1316 1615 1387 apud
1661 1314 1990 1388 Maguntiam

384 1434 510 1474 cum
558 1432 756 1488 magna
792 1414 1036 1470 celebrat
1093 1412 1289 1486 gloria.
1334 1409 1413 1465 Ad
1470 1411 1611 1464 hanc
1648 1410 1997 1481 imperatoris

386 1506 595 1563 curiam
629 1520 822 1561 omnes
863 1519 1004 1575 pene
1057 1503 1349 1574 Optimates
1378 1500 1661 1556 Teutonici
1702 1500 1857 1572 regni
1906 1499 1994 1553 af-

387 1598 658 1661 fuerunt;
705 1596 992 1667 Philippus
1032 1610 1252 1666 quoque
1323 1609 1511 1648 comes
1570 1592 1820 1648 Flandrie
1873 1609 1997 1647 eum

386 1692 502 1747 suis
578 1690 878 1745 baronibus
971 1687 1146 1752 aﬂuit,
1239 1685 1332 1757 qui
1408 1702 1470 1740 se
1553 1685 1998 1740 liberalissimum

2087 490 2309 551 berans,
2334 483 2753 555 archiepiscopo
2783 478 3104 537 reservavit.
3690 502 3693 507 -

2157 577 2315 632 1183.
2466 574 2529 628 R.
2594 572 2684 627 3i.
2831 570 2889 625 F.
2947 568 2998 624 3.
3150 568 3209 623 Α.
3268 565 3361 621 29.
3545 564 3611 618 Η.
3657 564 3713 619 7.

2156 663 2465 720 Transactis
2493 661 2691 717 diebus
2720 658 3025 715 nativitatis
3054 655 3355 722 dominice,
3398 652 3716 707 Willelmus

2088 754 2376 810 Remensis
2405 751 2863 822 archiepiscopus
2891 756 2947 803 et
2978 762 3168 804 comes
3206 743 3461 801 Flandrie
3492 740 3714 812 Philip-

2088 865 2192 920 pus
2218 848 2273 901 in
2304 846 2521 902 civitate
2550 840 2942 909 Attrebateusi,
2973 840 3044 895 de
3063 836 3417 894 secretissuis
3445 833 3713 900 locuturi,

2089 938 2444 996 conveniunt.
2504 936 2585 992 lbi
2638 934 2935 990 multarum
2987 930 3271 988 heresium
3325 928 3551 984 fraudes
3614 941 3718 998 per

2091 1031 2368 1103 quandam
2410 1027 2702 1083 mulierem
2754 1026 2808 1080 in
2849 1031 2996 1079 terra
3048 1020 3269 1078 comitis
3310 1026 3440 1075 sunt
3465 1018 3713 1073 detecta.

2095 1124 2187 1181 lsti
2219 1118 2446 1177 heretici
2481 1117 2688 1173 nullius
2715 1115 3065 1173 heresiarche
3092 1107 3719 1182 muniunturjpresidio;

2094 1211 2319 1284 quidam
2360 1209 2554 1263 dicunt
2600 1206 2936 1271 Manicheos,
2983 1202 3078 1258 alii
3106 1201 3423 1274 Catafrigas,
3455 1197 3719 1254 nonnulli

2093 1318 2223 1358 vero
2272 1300 2554 1366 Arrianus,
2621 1296 2928 1353 Alexander
2982 1302 3166 1350 autem
3207 1308 3349 1364 papa
3402 1296 3564 1347 vocat
3621 1303 3722 1345 eos

2097 1390 2491 1447 Paterniosm.
2532 1389 2640 1444 Sed
2691 1387 2959 1460 quicquid
3010 1386 3142 1449 sint,
3194 1383 3306 1440 oris
3335 1380 3549 1454 preprii
3579 1394 3723 1436 con-

2098 1483 2341 1539 fessione
2367 1481 2600 1536 convicti
2641 1487 2768 1535 sunt
2793 1478 3024 1534 heretici
3071 1472 3528 1531 immundissimi.
3562 1470 3721 1526 Multi

2098 1584 2227 1630 sunt
2252 1576 2308 1629 in
2341 1574 2621 1646 presentia
2648 1570 3051 1641 archiepiscOpi
3106 1574 3162 1623 et
3187 1566 3406 1622 comitis
3451 1562 3722 1628 accusati,

2102 1664 2340 1732 nobiles,
2373 1663 2672 1738 ignobiles,
2704 1661 2912 1724 clerici,
2947 1658 3172 1720 milites,
3206 1654 3417 1720 rustici,
3448 1654 3720 1727 virgines,

387 1726 502 1747 aula
580 1726 878 1745 ναιυιηυυο
971 1726 1146 1752 ........,
1409 1726 1470 1740 ..υ
1553 1726 1998 1740 ...ιωυηυυηηωη
2327 1726 2336 1732 .
2393 1726 2427 1738 ν
2658 1726 2667 1731 -
3544 1726 3563 1727 η

387 1796 557 1851 δαρει-
597 1793 791 1834 omnes
836 1776 990 1851 regni
1050 1726 1330 1846 ρι-ίηοίξρε
1365 1815 1378 1841 ν
1424 1790 1525 1827 sua
1587 1772 1769 1828 dando
1802 1814 1815 1839 ν
1886 1790 1997 1830 non
2023 1726 2073 1795 Β
2099 1754 2261 1810 vidue
2281 1760 2335 1808 et
2364 1759 2611 1809 uxorate.
2643 1751 2793 1806 Tunc
2811 1747 3104 1804 decretalis
3134 1744 3410 1800 sententia
3435 1743 3507 1797 ab
3540 1740 3724 1797 archi-

388 1874 510 1927 sine
563 1872 946 1927 ammiratione
1024 1871 1318 1925 multorum
1389 1869 1656 1924 exhibuit.
1715 1869 1793 1923 lbi
1852 1870 2000 1924 Hen-

393 1964 540 2017 ricus
555 1962 662 2016 dux
684 1961 918 2016 Saxonie
948 1959 1151 2014 trienni
1210 1961 1647 2031 condempnatur
1675 1960 1839 2017 exilio
1864 1978 1878 2025 ;
1902 1961 1997 2033 qui

395 2053 463 2106 de
486 2066 657 2126 regno
687 2057 908 2106 coactus
937 2049 1110 2115 exire,
1152 2049 1220 2104 ad
1253 2049 1545 2104 Henricum
1587 2066 1771 2125 regem
1799 2053 2001 2125 Anglo-

398 2158 516 2196 rum
562 2156 620 2195 se
679 2156 803 2195 cum
843 2155 941 2193 sua
989 2139 1220 2194 contulit
1272 2154 1459 2194 uxore.
1501 2140 1741 2196 Tandem
1797 2142 2001 2212 pietate

397 2231 745 2300 imperatoris
766 2229 1031 2300 quosdam
1066 2236 1207 2283 terre
1235 2246 1333 2284 sue
1356 2229 1604 2285 redditus
1632 2230 1701 2285 ad
1734 2231 1820 2286 sui
1851 2233 2002 2287 exilii

394 2318 849 2374 sustentationem
906 2318 1110 2372 habere
1162 2318 1508 2389 permittitur.
1558 2319 1849 2375 Mauricius
1875 2322 2001 2389 ,Pa-

395 2408 591 2463 risiace
609 2407 845 2463 civitatis
874 2408 1195 2478 episcopus,
1261 2424 1356 2463 vas
1395 2410 1529 2465 utile
1556 2420 1611 2466 et
1638 2412 1783 2467 oliva
1815 2411 2005 2469 fructi-

401 2496 512 2551 fera
540 2497 595 2551 in
622 2496 788 2552 domo
836 2497 955 2563 Dei,
1009 2497 1166 2551 floret
1195 2497 1337 2553 inter
1365 2500 1729 2571 coepiscopos
1752 2517 1885 2557 suos
1948 2503 2005 2557 in

402 2588 595 2642 Gallia.
630 2587 815 2642 Preter
864 2586 958 2641 illa
986 2586 1134 2640 enim
1185 2604 1293 2659 que
1340 2588 1673 2645 intrinsecus
1702 2598 1849 2657 sunt,
1904 2608 2011 2663 que

404 2678 555 2731 solus
583 2677 733 2732 novit
779 2677 938 2743 Deus,
990 2677 1233 2731 exterius
1289 2676 1458 2731 claret
1512 2679 2010 2744 litteratura,verbi

410 2770 504 2823 Dei
530 2770 930 2840 predicatione,
960 2769 1385 2825 elemosinarum
1435 2772 1724 2845 largitione
1764 2786 1817 2829 et
1846 2775 2016 2832 bono-

408 2874 527 2913 rum
553 2875 779 2929 Operum
829 2857 1191 2913 exhibitione.
1252 2859 1543 2914 Ecclesiam
1576 2860 1893 2919 beatissime
1922 2866 2015 2920 Dei

409 2946 695 3019 genitricis
727 2946 911 3014 Marie,
946 2946 1001 3000 in
1034 2964 1143 3019 qua
1170 2947 1288 3018 ipse
1338 2948 1543 3005 residet
1572 2951 1870 3023 episcopus
1888 2970 2019 3024 pro-

412 3040 547 3112 priis
574 3040 751 3113 magis
796 3039 1111 3111 sumptibus
1151 3055 1316 3110 quam
1358 3040 1576 3106 alienis,
1627 3043 2018 3104 decentissime

414 3141 469 3188 et
494 3140 818 3203 sumptuoso
858 3147 1028 3203 opere
1074 3132 1374 3198 renovavit,
1427 3132 1661 3203 plateam
1687 3146 1815 3192 ante
1847 3139 2017 3210 ipsam

413 3222 702 3276 ecclesiam
737 3220 879 3276 inter
902 3231 1199 3290 utrumpue
1211 3227 1434 3290 pontem
1460 3222 2020 3298 dilatavit,redempto

414 3329 614 3386 magno
641 3313 876 3384 pretioa
931 3312 1147 3367 civibus
1206 3312 1348 3380 loco,
1403 3313 1591 3369 multis
1638 3317 2022 3375 mansionibus

416 3405 571 3476 prius
600 3410 908 3474 occupato;
941 3402 1821 3478 mansionesrenovavitepisc0pi
1858 3411 2025 3474 ;duas

413 3491 684 3557 abbatias,
730 3507 895 3547 unam
936 3492 1349 3561 canonicorum,
1399 3495 1905 3554 sanctimonialium
1952 3500 2028 3556 al-

420 3592 591 3639 teram
637 3582 960 3640 construxit.
1031 3585 1091 3638 In
1140 3586 1374 3642 ecclesia
1422 3588 1597 3662 magis
1650 3598 1733 3646 est
1772 3592 2029 3650 assiduus

422 3692 586 3748 quam
608 3676 893 3748 frequens.
924 3676 1047 3731 Vidi
1078 3678 1228 3732 enim
1274 3694 1400 3733 eum
1431 3679 1486 3735 in
1518 3683 1754 3753 quadam
1782 3699 1894 3740 non
1925 3685 2032 3742 sol-

423 3766 593 3822 lemni
633 3765 952 3834 festivitate,
984 3782 1109 3822 cum
1144 3768 1602 3840 horavespertina
1623 3773 2029 3844 decantaretur,

428 3869 537 3909 non
570 3854 623 3908 in
652 3852 874 3909 eatedra
917 3854 1242 3926 episcopali,
1274 3864 1335 3913 ut
1381 3859 1551 3914 moris
1597 3870 1704 3931 est,
1770 3862 1867 3917 sed
1907 3880 2031 3919 cum

424 3947 620 4003 ceteris
650 3947 974 4018 psallentem
1006 3954 1060 4003 et
1124 3950 1409 4005 sedentem
1467 3952 1521 4007 in
1554 3954 1741 4018 choro,
1775 3954 2033 4010 vallatum

424 4040 550 4110 plus
575 4055 738 4112 quam
773 4040 1091 4095 centenario
1141 4041 1463 4098 clericorum
1497 4060 1745 4101 numero.
1772 4046 2036 4103 Henricus

426 4129 591 4184 etiam
621 4128 1047 4184 Silvanectensis
1093 4130 1389 4202 episc0pus
1433 4132 1647 4203 justitie
1701 4134 1904 4190 dicitur
1952 4135 2037 4190 in-

2100 1848 2364 1919 episcopo
2393 1856 2448 1903 et
2473 1846 2659 1903 comiti
2673 1843 2877 1916 prefixa
2893 1850 2999 1908 est,
3013 1848 3075 1896 ut
3094 1837 3431 1911 deprehensi
3457 1834 3723 1892 incendio

2102 1936 2470 2001 traderentur,
2498 1932 2812 1989 substantie
2841 1931 2910 1966 ³³³
2962 1945 3092 1985 vero
3129 1943 3321 1984 eorum
3361 1924 3646 1981 sacerdoti
3673 1931 3729 1979 et

2102 2026 2339 2099 principi
2366 2027 2780 2099 resignarentur
2836 2022 2930 2077 Hic
2975 2020 3230 2092 apparuit
3262 2017 3520 2090 preclara
3545 2016 3727 2071 virtus

2102 2120 2481 2176 confessionis.
2518 2118 2673 2183 Nam,
2701 2123 2763 2171 ut
2783 2114 2851 2170 ab
2879 2113 2990 2182 his,
3016 2112 3110 2185 qui
3134 2110 3529 2175 interfuerunt,
3561 2123 3723 2164 vera-

2103 2210 2240 2264 citer
2270 2207 2560 2280 probatum
2589 2212 2693 2272 est,
2734 2203 2893 2259 multi
2924 2201 3128 2258 antein
3170 2198 3354 2254 heresi
3382 2196 3724 2269 culpabiles,

2106 2316 2204 2370 per
2233 2299 2327 2354 Dei
2358 2294 2774 2352 misericordem
2839 2292 3067 2366 gratiam
3113 2307 3145 2344 a
3211 2288 3342 2344 ferri
3392 2286 3649 2343 cauterio
3676 2296 3733 2341 et

2105 2406 2246 2462 aque
2327 2387 2569 2460 periculo
2655 2389 2948 2441 evaserunt
3006 2383 3336 2438 incolumes.
3402 2377 3460 2432 1n
3551 2382 3730 2431 castro

2111 2492 2344 2565 Yprensi
2375 2488 2668 2544 duodecim
2714 2486 2783 2541 ad
2808 2485 3082 2554 judicium
3142 2481 3272 2537 ferri
3319 2486 3450 2535 sunt
3482 2478 3732 2541 adducti,

2112 2583 2211 2638 sed
2238 2597 2339 2654 per
2391 2578 2643 2634 eamdem
2687 2573 3053 2631 confessionis
3096 2572 3359 2627 virtutem
3390 2583 3598 2624 omnes
3624 2566 3735 2622 sal-

2112 2676 2242 2730 vati.
2279 2673 2427 2730 Obiit
2456 2667 3086 2738 Frumaldusepiscopus
3113 2662 3522 2719 Attrebatensis
3551 2658 3734 2731 (HO);

2114 2766 2351 2823 ecclesia
2407 2762 2653 2836 predicta
2708 2760 2974 2833 episeopo
3036 2772 3182 2812 anno
3246 2753 3463 2809 vacavit
3496 2753 3736 2826 integro.

2117 2855 2366 2911 Manuale
2423 2854 2754 2925 imperatore
2812 2844 3427 2916 Constantinopolitano
3499 2849 3739 2909 mortuo,

2120 2946 2263 3000 filius
2291 2945 2412 3016 ejus
2441 2942 2574 2998 satis
2600 2956 2740 3012 puer
2762 2945 2885 3011 post
2909 2952 3038 2993 eum
3066 2936 3322 3005 imperat.
3361 2932 3483 2998 llic,
3516 2933 3744 2987 vivente

2121 3042 2293 3108 patre,
2361 3032 2529 3088 filiam
2586 3028 2845 3086 Ludovici
2913 3027 3244 3082 Francorum
3294 3021 3449 3097 regis
3515 3036 3744 3077 uxorem

2120 3130 2369 3184 duxerat.
2399 3126 2501 3192 Qui
2530 3140 2741 3181 morem
2792 3121 2961 3194 patris
3008 3118 3279 3184 imitatus,
3319 3116 3528 3173 Greoos
3560 3116 3745 3188 parvi-

2123 3214 2631 3289 pendcns.Latinos
2659 3209 2960 3286 diligebat;
2990 3209 3187 3264 horum
3211 3206 3449 3263 consilio
3463 3205 3748 3270 utebatur,

2124 3315 2318 3368 horum
2346 3311 2547 3365 auxilio
2573 3307 3006 3372 sustentabatur,
3038 3310 3093 3359 et
3149 3301 3396 3359 clericali
3416 3300 3661 3357 scientia
3688 3307 3743 3355 et

2124 3400 2556 3470 laicalijustitia.
2582 3399 2692 3454 Hec
2714 3396 2820 3452 fuit
2873 3411 3039 3452 causa
3081 3393 3334 3449 interitus
3355 3391 3563 3464 ipsius,
3605 3390 3750 3446 sicut

2126 3511 2366 3568 sequens
2395 3491 2795 3549 demonstrabit
2848 3505 3047 3546 annus.
3106 3486 3371 3544 Henricus
3423 3485 3620 3558 junior
3660 3501 3752 3540 rex

2128 3589 2322 3662 Anglic
2371 3596 2426 3643 et
2455 3585 2748 3641 Gaufridus
2788 3583 2959 3639 frater
2997 3582 3142 3650 ejus,
3192 3593 3379 3636 eomes
3440 3577 3751 3642 Britannic,

2132 3682 2425 3754 insurgunt
2454 3694 2626 3750 super
2656 3674 2989 3732 Richardum
3034 3672 3258 3728 fratrem
3280 3686 3447 3726 suum
3487 3669 3751 3725 comitem

2133 3772 2443 3845 Aquitanie.
2475 3771 2589 3835 Quo
2620 3768 2810 3824 audito
2878 3766 3142 3822 Henricus
3192 3779 3285 3819 rex
3345 3761 3569 3827 senior,
3600 3767 3757 3832 pater

2133 3886 2347 3932 eorum,
2372 3866 2601 3941 indigne
2627 3863 2832 3929 ferens,
2872 3860 3024 3934 quod
3046 3859 3176 3916 talia
3213 3858 3335 3914 sine
3385 3871 3625 3911 assensu
3660 3871 3757 3911 suo

2134 3962 2314 4018 facere
2361 3956 2809 4031 presumpsisset,
2862 3953 3168 4009 Richarcho
3244 3950 3359 4006 ﬁlio
3407 3964 3515 4005 suo
3569 3955 3757 4004 contra

2134 4054 2332 4108 fratres
2383 4065 2515 4106 suos
2571 4048 2806 4103 militum
2861 4044 3078 4117 c0piam
3136 4042 3288 4097 misit
3342 4040 3403 4095 in
3462 4038 3754 4096 auxilium.

2139 4145 2409 4200 Certatum
2442 4148 2526 4198 est
2553 4139 2745 4195 multis
2796 4138 2994 4193 diebus
3058 4134 3359 4206 utrimque,
3424 4132 3613 4188 donec
3644 4132 3755 4187 im-

424 4218 601 4319 victus
629 4234 753 4319 esse
778 4227 989 4319 amator
1032 4226 1101 4283 et,
1126 4219 1276 4288 juste
1316 4221 1627 4277 severitatis
1657 4230 1838 4279 tenax.
1883 4225 2039 4280 Luna
2138 4243 2351 4290 magum
2378 4238 2551 4288 πιοι-ιρ
2577 4235 2876 4303 preventus
2932 4225 3201 4282 Henricus
3252 4237 3346 4277 rex
3380 4221 3609 4291 juvenis
3644 4221 3760 4277 be]-

427 4310 634 4408 mensis
659 4309 887 4408 augusti
936 4319 991 4408 et
1023 4311 1075 4408 in
1108 4327 1329 4408 accessu
1364 4321 1437 4408 “et
1489 4314 1545 4369 iu
1575 4315 1821 4372 discessu
1872 4318 2040 4372 nimis
2139 4324 2288 4380 laudi
2320 4322 2485 4379 ﬁnem
2518 4320 2648 4376 fecit
2676 4320 2822 4389 (Jun.
2851 4316 2923 4388 3).
2957 4314 3058 4381 Qui
3113 4328 3236 4369 cum
3290 4310 3483 4366 multis
3515 4310 3759 4366 lacrimis

428 4399 607 4453 extitit
637 4399 887 4470 pluviosa
924 4405 978 4454 et
1006 4399 1302 4456 admodum
1358 4402 1561 4479 frigida
1593 4421 1608 4469 ;
1647 4422 1757 4477 que
1785 4422 2011 4480 magnam

2155 4423 2198 4472 3t
2223 4412 2643 4485 incomparabili
2666 4409 2914 4466 omnium
2954 4406 3106 4462 luctu
3142 4434 3213 4445 —
3250 4419 3378 4458 nam
3418 4401 3762 4477 diligebatur

433 4494 941 4551 incommoditatem
1003 4512 1102 4566 per
1165 4496 1336 4552 multa
1396 4500 1684 4573 generavit
1733 4501 1873 4558 loca.
1906 4502 2011 4557 Nan

2155 4509 2308 4565 nimis
2338 4508 2406 4563 ab
2436 4506 2695 4563 omnibus
2733 4533 2802 4544 --
2853 4497 3237 4571 Cenomannis
3266 4495 3541 4563 defertur,
3595 4503 3652 4551 et
3687 4494 3758 4549 ibi

433 4591 652 4657 segetes
680 4584 909 4639 humide
941 4585 996 4639 in
1053 4585 1264 4641 horreis
1306 4597 1436 4642 sunt
1496 4589 1780 4646 recondite
1812 4590 2011 4658 ;fenun

2155 4602 2432 4673 sepelitur.
2456 4597 2609 4664 Quod
2638 4602 2794 4668 pater
2812 4592 3048 4649 audiens
3092 4621 3142 4631 —
3170 4604 3285 4645 non
3307 4587 3462 4643 enim
3493 4586 3762 4642 interfue-

434 4672 684 4727 nundum
724 4680 1028 4729 resecatum
1062 4690 1165 4729 nec
1191 4675 1482 4732 collectum
1504 4677 1592 4734 vix
1614 4680 1788 4749 potuit
1815 4680 1999 4755 colligi

2155 4672 2398 4747 ratmorti
2429 4704 2532 4744 nec
2559 4685 2846 4758 sepultura
2871 4713 2936 4723 —
2971 4682 3163 4737 iterato
3212 4678 3439 4750 planctu
3479 4682 3537 4732 et
3566 4674 3758 4731 multi-

437 4766 512 4827 et,
553 4761 701 4831 quod
726 4762 850 4831 plus
878 4778 1074 4818 omnes
1112 4779 1257 4834 pene
1287 4764 1498 4835 dolent,
1525 4768 1639 4823 vini
1678 4769 1965 4825 maturitas
1993 4776 2048 4824 et

436 4848 689 4905 collectio
730 4850 939 4908 tardius
965 4853 1241 4924 provenit.
1275 4855 1516 4919 Quatuor
1544 4857 1773 4914 heretici
1805 4858 1862 4913 in
1892 4860 2048 4914 Atre-

439 4940 903 4998 batensiaivitate
954 4944 1312 5016 deprehensi,
1353 4962 1385 5001 a
1450 4947 1739 5005 Frumaldo
1798 4949 2047 5018 ejusdem

442 5029 678 5085 civitatis
697 5029 959 5102 episcopo
1006 5032 1064 5087 in
1117 5050 1336 5091 carcere
1390 5044 1519 5092 sunt
1556 5038 1778 5094 reclusi.
1807 5038 2049 5104 Quorum

447 5142 594 5181 unus
644 5126 933 5183 dicebatur
995 5130 1165 5186 Adam
1222 5131 1514 5200 litteratus,
1589 5135 1750 5202 alter,
1786 5135 2051 5192 Radulfus

443 5219 930 5292 eloquentissimus
978 5222 1193 5292 laicus;
1234 5226 1584 5297 sequentium
1617 5227 1844 5284 nomina
1865 5229 2050 5285 nesci-

2090 4835 2101 4843 ,
2148 4780 2369 4852 plicata,
2402 4778 2472 4833 ab
2499 4777 2622 4848 ipso
2651 4774 3053 4847 Rotbomagum
3111 4768 3378 4835 defertur,
3410 4776 3471 4823 et
3519 4766 3597 4821 ibi
3638 4781 3764 4821 cum

2148 4866 2397 4939 patribus
2410 4866 2546 4932 suis,
2578 4880 2702 4920 cum
2720 4876 2920 4933 magno
2934 4859 3166 4936 gemitu,
3195 4856 3445 4913 secundo
3476 4855 3761 4928 sepelitur.

2149 4961 2209 5015 ln
2236 4959 2453 5016 civitate
2516 4954 2861 5012 Atrebatensi
2916 4953 3107 5008 Petrus
3151 4949 3328 5006 abbas
3382 4947 3765 5006 Cistertiensis

2149 5035 2444 5121 episcopus
2473 5045 2712 5117 eligitur.

2219 5140 2378 5194 1184.
2585 5135 2676 5193 32.
2887 5135 2940 5189 4.
3125 5130 3214 5188 30.
3425 5129 3481 5186 8.

2221 5226 2545 5283 Fredericus
2572 5224 2871 5297 imperator
2893 5221 3105 5278 Italiam
3145 5217 3521 5292 proﬁciscitur
3553 5216 3763 5289 (Sept).

1794 5344 2015 5401 VARIA’.’
2036 5343 2411 5402 LECTIONES.

519 5436 588 5473 ‘5’
633 5439 745 5508 lege
772 5438 1077 5508 Paterinos,
1104 5444 1143 5495 ἱ.
1173 5459 1228 5512 q.
1260 5444 1534 5499 Petarenos
1554 5445 1623 5480 ⁸⁸³
1651 5426 1914 5503 sustautie
1941 5447 2058 5503 cod.

2002 5544 2212 5601 ΝΟΤΛΕ.

526 5638 1062 5718 ίᾲᾷρλροῃάᾄιὶρηβε
1088 5643 1257 5699 habet
1272 5643 1626 5718 AGislebertus
1658 5663 1712 5718 ρ.
1749 5648 1869 5718 147.

520 5710 749 5782 (44οΜ3
779 5716 893 5773 Kal.
924 5715 1047 5772 Mai.
1082 5716 1383 5771 secundum
1414 5715 1629 5772 Necrol.
1658 5710 2127 5789 "Aquicinctinum.
