3876 6208
138 348 216 404 3Ξ1
1041 338 1389 395 CHRONICA.
1440 370 1497 378 -—
1542 337 1977 395 CONTINUATIO
2018 338 2500 403 AQUlClNCTlNA.

3325 342 3428 399 322

138 480 339 538 Romani
370 478 600 534 Lucium
634 492 826 548 papam
854 475 1342 547 parvipendcntes,
1403 482 1459 531 et
1511 476 1715 531 clerum
1741 480 1797 549 Α
1822 474 1914 546 qui
1947 474 2015 529 de
2055 473 2220 528 futuri
2248 474 2393 528 venti
2439 473 2686 543 periculo
2718 473 2928 529 litteras
2956 476 3023 530 ad
3055 477 3429 548 archiepisco-

137 573 495 645 despieientes,
529 570 587 624 in
619 566 1001 625 contumeliam
1025 567 1384 622 cardinalium
1409 569 1721 643 excogitant

138 665 414 721 inauditum
465 662 756 738 ﬂagitium,
815 660 946 715 Nam
997 666 1149 714 extra
1198 659 1391 714 urbem
1451 659 1716 731 quosdam

136 756 340 812 clericos
404 752 548 809 forte
622 749 968 805 invenientes
1045 748 1612 819 comprehenderunt,
1666 756 1720 805 et

136 862 305 904 omnes
357 849 777 910 excecaverunt,
849 848 1033 914 preter
1100 858 1291 898 unum.
1353 842 1499 907 Quos
1553 858 1721 915 super

137 940 385 996 asinorum
439 936 609 993 dorsa
656 949 879 991 aversos
936 933 1306 1004 imponentes,
1376 934 1457 988 eis
1496 934 1722 990 nomina

137 1031 463 1088 cardinalium
491 1030 894 1099 imposuerunt.
934 1027 1033 1081 Hic
1077 1031 1176 1090 est,
1208 1025 1486 1098 inquiunt,
1539 1028 1721 1082 cardi—

139 1123 257 1176 nalt's
282 1121 471 1177 Sancte
497 1120 675 1174 Marte
703 1116 954 1186 majoris,
976 1115 1063 1169 hic
1078 1129 1201 1169 vero
1219 1115 1407 1171 Sancti
1434 1118 1721 1171 Laurentii

136 1216 252 1281 foris
301 1228 536 1279 murum,
576 1213 676 1266 iste
724 1214 903 1265 autem
968 1209 1286 1265 Sanctorum
1349 1209 1611 1263 Johannis
1672 1215 1718 1263 et

142 1307 290 1368 Pauli,
317 1311 375 1361 tu
409 1318 534 1359 vero
573 1304 761 1360 Sancti
798 1302 1017 1369 Georgii
1053 1300 1129 1354 ad
1171 1302 1347 1355 velum
1372 1316 1612 1355 aureum.
1658 1302 1721 1356 Et

138 1396 205 1450 sic
229 1395 293 1449 de
314 1392 535 1449 ceteris.
561 1391 714 1447 Tunc
738 1405 833 1461 per
863 1406 1011 1455 eum,
1044 1389 1134 1444 cui
1166 1396 1549 1461 perpeeerant,
1580 1406 1721 1461 pape

140 1485 446 1541 direxerunt.
487 1483 646 1548 Quod
673 1482 897 1536 intuens
931 1496 1073 1552 papa
1102 1480 1391 1555 ingemuit,
1423 1487 1477 1535 et
1504 1496 1599 1536 eos
1622 1482 1718 1552 qui

142 1583 229 1637 hoc
248 1581 420 1636 scelus
446 1586 923 1651 perpetraverant,
954 1584 1223 1649 perpetuo
1254 1576 1459 1632 feriens
1492 1580 1723 1633 anathe-

143 1682 283 1740 mate,
307 1688 424 1728 cum
453 1672 574 1727 suis
602 1670 736 1727 exiit
763 1671 832 1725 ab
861 1670 1017 1724 urbe.
1078 1669 1176 1734 Qui
1217 1670 1447 1725 veniens
1484 1670 1717 1734 Verene,

145 1766 208 1820 ibi
232 1765 424 1821 resedit
449 1781 634 1836 usque
684 1763 749 1819 ad
791 1761 939 1817 diem
981 1763 1173 1817 mortis
1197 1778 1316 1819 sue.
1357 1762 1726 1818 Cardinalium

145 1866 299 1913 autem
352 1855 584 1929 quidam
643 1853 859 1926 sequuti
897 1860 1027 1908 sunt
1077 1870 1241 1920 eum;
1301 1854 1524 1927 quidam
1572 1870 1724 1923 vero,

146 1962 346 2018 quorum
378 1951 638 2017 parentes
673 1944 857 1999 scelus
912 1942 1219 2015 predictum
1252 1949 1723 2014 perpetraverant,

145 2038 193 2092 in
239 2037 364 2094 urbe
417 2040 827 2092 remanserunt.
882 2034 1166 2106 Philippus
1222 2050 1317 2090 rex
1374 2034 1724 2103 Francorum,

145 2133 345 2190 consilio
395 2132 767 2205 quorumdam
818 2130 1087 2185 baronum
1163 2145 1412 2195 suorum,
1473 2129 1726 2202 Philippo

144 2221 300 2275 comiti
349 2220 604 2276 Flandrie
656 2218 1042 2287 invidentium,
1092 2219 1339 2293 reginam
1393 2218 1508 2274 vult
1536 2219 1725 2275 dimit-

144 2317 239 2365 tere
282 2312 343 2373 At
393 2311 484 2365 illa
533 2310 607 2365 ad
673 2310 845 2363 Deum
887 2323 1172 2374 conversa,
1202 2315 1407 2363 tantam
1447 2324 1577 2382 erga
1629 2310 1724 2364 Dei

144 2400 432 2469 genitricem
481 2400 537 2453 in
612 2398 832 2453 civitate
870 2396 1269 2452 Silvanectensi
1319 2397 1572 2452 exhibuit
1619 2398 1723 2453 de-

146 2488 406 2555 votionem,
458 2486 833 2542 humilitatem
890 2491 945 2540 et
975 2484 1389 2553 contritionem,
1445 2496 1505 2541 ut
1533 2501 1728 2542 omnes

150 2594 264 2651 pene
291 2581 568 2635 intuentes
602 2578 671 2633 ad
700 2576 959 2633 lacrimas
980 2584 1375 2634 commoveret.
1398 2577 1530 2632 Nam
1563 2579 1729 2634 nudis

152 2670 354 2740 pedibus
383 2687 482 2742 per
518 2670 736 2741 plateas
760 2668 997 2725 civitatis
1033 2668 1321 2734 incedens,
1353 2676 1407 2724 et
1445 2684 1636 2725 cereos
1669 2670 1724 2724 in

152 2762 370 2817 manibus
418 2770 688 2833 portans;
732 2760 1206 2832 elemosinamque
1267 2760 1525 2816 omnibus
1580 2761 1729 2815 indi-

154 2854 378 2927 gentibus
402 2854 705 2911 afﬂuenter
755 2854 1106 2924 diSpertiens,
1164 2853 1405 2920 intravit,
1434 2853 1596 2910 beate
1638 2856 1730 2912 Dei

152 2942 397 3011 genitricis
434 2942 752 2999 ecclesiam.
786 2941 887 2995 Ubi
918 2942 1125 2997 diutius
1149 2942 1345 3009 oravit,
1387 2950 1442 2998 et
1477 2943 1597 3014 ipso
1643 2945 1734 2999 die

153 3048 315 3089 omnes
338 3034 572 3091 civitatis
600 3049 875 3106 pauperes
919 3034 1063 3088 laute
1106 3032 1314 3095 refecit,
1374 3035 1577 3105 quibus
1616 3037 1736 3108 ipsa

1824 583 1949 638 pum
1966 567 2297 621 Remensem
2329 566 2621 621 direxerat.
2653 565 2942 637 Philippus
2967 584 3153 623 comes
3175 570 3427 625 Flandrie

1819 662 1874 710 et
1906 656 2202 711 Balduinus
2244 672 2431 711 comes
2460 655 2777 731 Montensis,
2817 656 2872 709 in
2913 657 3033 712 loco
3078 658 3170 728 qui
3214 675 3432 715 nuncu-

1821 753 1980 816 patur
2006 745 2159 800 Mons
2202 744 2375 800 sancti
2432 744 2663 818 Remigii
2706 744 2874 815 (441),
2917 745 2986 799 ad
3026 752 3277 801 mutuum
3328 764 3427 802 ve-

1822 840 1981 894 niunt
2035 838 2370 910 colloquium
2466 838 2562 893 Ubi
2624 837 2922 893 Balduinus
2978 854 3105 893 eum
3178 838 3434 895 obsecrat

1824 928 2085 999 quatinus
2141 936 2330 983 contra
2398 925 2685 982 Henricum
2743 927 2938 982 ducem
2982 927 3341 983 Lovaniesem
3373 945 3433 983 se

1824 1022 2273 1087 exheredantem,
2301 1022 2561 1077 auxilium
2596 1021 2761 1086 ferat;
2805 1023 2951 1093 quod
2981 1038 3168 1077 eomes
3195 1039 3437 1079 renunes

1823 1111 2107 1166 discordes
2136 1111 2427 1165 discedunt
2475 1112 2543 1165 ab
2594 1111 2849 1167 invicem.
2910 1112 3207 1167 Balduinus
3247 1128 3433 1168 comes

1821 1203 2140 1258 Mondensis
2190 1221 2360 1274 super
2428 1203 2716 1259 Henricum
2768 1205 2963 1258 ducem
3024 1204 3260 1260 Lovanie
3309 1222 3432 1260 cum

1821 1295 2063 1350 exercitu
2086 1296 2141 1349 in
2173 1296 2293 1351 loco
2325 1296 2421 1367 qui
2454 1296 2657 1350 dicitur
2718 1295 3020 1350 Lembecca
3060 1297 3203 1365 (442)
3244 1296 3433 1363 vadit;

1822 1392 1919 1446 sed
1951 1392 2147 1447 ducem
2178 1392 2501 1462 imparatum
2534 1407 2643 1446 non
2677 1391 2968 1445 inveniens
3016 1399 3091 1457 et,
3124 1398 3182 1445 ut
3209 1390 3431 1462 quidam

1820 1496 2091 1552 asserunt,
2123 1503 2155 1540 a
2206 1487 2323 1542 suis
2369 1487 2641 1558 proditus,
2706 1486 2957 1541 inefﬁcax
3022 1485 3203 1540 rediit.
3247 1484 3436 1538 Iliense

1825 1578 2063 1652 Augusto
2086 1576 2373 1647 Philippus
2424 1591 2610 1632 comes
2648 1575 2899 1629 Flandrie
2940 1574 3241 1629 secundam
3284 1572 3439 1627 duxit

1825 1681 2073 1731 uxorem,
2101 1664 2267 1718 filiam
2301 1664 2449 1739 regis
2488 1663 2873 1739 Portigalensis
2902 1662 3186 1728 Adelonsn,
3215 1662 3441 1717 nomine

1828 1755 2141 1811 Tharasiam
2192 1753 2335 1825 (M3)
2387 1754 2580 1809 Petrus
2616 1754 2785 1808 abbas
2824 1751 3182 1807 Cisteriencis
3220 1751 3447 1805 ordina-

1829 1850 1917 1899 tur
1945 1845 2241 1916 episeopus
2271 1842 2685 1906 Attrebatensis,
2719 1842 2933 1896 Verone
2966 1840 3018 1893 in
3041 1839 3274 1896 ecclesia
3295 1839 3443 1894 beati

1827 1938 2081 2009 martyris
2110 1936 2366 1991 Zenonis.
2409 1935 2588 2003 Greci,
2624 1934 2851 2007 indigne
2883 1933 3125 1989 ferentes
3163 1931 3441 2004 quodim-

1829 2037 2048 2104 perator
2075 2046 2264 2087 eorum
2299 2032 2534 2086 Francos
2559 2028 2641 2084 eis
2685 2033 3036 2099 preponeret,
3068 2023 3441 2080 Andronicum

1828 2130 2119 2196 cognatum
2143 2123 2264 2191 ejus
2288 2122 2480 2177 dolose
2520 2119 2807 2183 mandant,
2836 2119 2915 2172 uti
2947 2118 3152 2183 veniat,
3179 2123 3233 2169 et
3264 2115 3442 2186 impe-

1826 2225 2085 2284 ratorem,
2117 2226 2308 2289 utpote
2340 2232 2590 2288 puerum,
2631 2213 2785 2285 quasi
2817 2213 2900 2268 vir
2922 2212 3146 2282 sapiens
3174 2208 3436 2264 ma'nute-

1827 2318 1973 2366 neat.
2018 2311 2114 2375 Qui
2169 2310 2388 2365 nunciis
2435 2316 2716 2381 gratanter
2792 2304 3086 2376 susceptis,
3136 2300 3438 2370 assumptis

1827 2415 2015 2455 secum
2039 2398 2353 2453 Sarracenis
2388 2395 2815 2460 Yconiensibus,
2845 2394 3119 2448 civitatem
3151 2391 3437 2463 ingressus

1825 2500 1928 2547 est.
1974 2492 2071 2547 Die
2108 2490 2361 2563 sequenti
2396 2490 2665 2561 palacium
2702 2487 3011 2561 ingreditur
3041 2499 3172 2538 eum
3232 2480 3442 2552 paucis,

1828 2583 2214 2653 imperatorem
2246 2580 2437 2635 adorat
2457 2585 2511 2633 et
2539 2570 2766 2640 salutat;
2798 2582 2852 2629 at
2881 2574 2972 2628 ille
2999 2589 3122 2627 eum
3150 2570 3442 2643 magniﬁce

1828 2676 2082 2738 honorat,
2125 2680 2179 2727 et
2208 2687 2334 2726 sese
2383 2670 2532 2725 illius
2584 2667 2804 2724 tuitioni
2849 2663 3216 2721 commendat.
3269 2662 3439 2725 Quem

1835 2765 1927 2820 ille
1956 2765 2009 2819 in
2042 2780 2141 2819 sua
2160 2762 2391 2833 suscipit
2421 2761 2548 2815 ﬁde.
2582 2760 2682 2824 Qui
2713 2758 2918 2813 curiam
2934 2755 3152 2811 curiose
3176 2767 3437 2824 pensans,

1834 2853 1979 2926 quod
2003 2854 2094 2908 diu
2112 2852 2370 2924 cupiebat
2391 2858 2594 2912 mente,
2627 2846 3047 2919 pt-rﬁcitopere.
3082 2842 3275 2898 Paucis
3292 2840 3439 2895 enim

1834 2942 2038 3013 elapsis
2065 2942 2281 3007 diebus,
2322 2938 2591 3010 palacium
2632 2943 2840 2991 armato
2893 2933 3065 2988 milite
3097 2931 3332 3001 stipatus
3363 2928 3447 2981 in-

1835 3035 2104 3109 greditur,
2133 3034 2353 3098 Grecos,
2383 3031 2636 3093 Francos,
2670 3028 2895 3101 Anglos,
2937 3040 3078 3096 quos
3104 3023 3180 3076 ibi
3214 3020 3447 3082 invenit,

153 3126 442 3184 ministravit
492 3126 657 3193 Quod
686 3142 778 3180 rex
811 3134 866 3182 et
896 3140 1090 3182 omnes
1132 3126 1428 3196 optimates
1463 3127 1583 3195 ejus
1630 3143 1731 3183 au-
1763 3168 1809 3196 η
1837 3142 2030 3183 omnes
2057 3123 2371 3180 interfecit:
2413 3123 2592 3193 ipsum
2616 3120 2858 3190 denique
2889 3117 3276 3188 imperatorem
3316 3127 3440 3166 eum

496 3168 657 3193 κων..
690 3168 778 3180 ,νη
811 3168 866 3182 ν.
897 3168 1090 3182 an...“
1133 3168 1428 3196 arma...”
1464 3168 1583 3195 νδυυ
1630 3168 1731 3183 ..μ-
1838 3168 2030 3183 suum.
2058 3168 2371 3180 ..ην-ων..-
2415 3168 2592 3193 -ττηω
2620 3168 2856 3190 -----τ-ν
2890 3168 2985 3188 -ητι
3016 3168 3029 3170 ν
3204 3168 3207 3169 ν

153 3214 356 3282 dientes,
393 3215 678 3288 compassi
710 3221 861 3281 sunt,
888 3225 945 3270 et
972 3214 1280 3285 penitentia
1310 3215 1480 3281 ducti,
1535 3216 1604 3270 ab
1636 3217 1728 3271 in-
1762 3168 1930 3269 Csua
1960 3221 2132 3268 matre
2187 3212 2439 3283 capiens,
2496 3210 2552 3264 in
2600 3224 2818 3263 carcere
2867 3204 3101 3269 clausit;
3156 3216 3296 3273 quos
3328 3206 3449 3270 post

153 3314 281 3374 cepto
319 3305 654 3361 destiterunt
708 3304 994 3375 Philippus
1051 3311 1235 3359 tamen
1265 3319 1454 3360 comes
1508 3312 1615 3360 tam
1648 3323 1734 3361 ar-
1831 3307 2107 3362 modicum
2150 3306 2205 3359 in
2234 3320 2382 3357 mare
2438 3302 2754 3373 perductos,
2786 3297 3088 3354 crudeliter
3123 3294 3452 3348 innocentes

152 3394 527 3469 chiepiscOpum
583 3396 915 3451 Remensem
972 3411 1138 3467 quam
1178 3411 1371 3451 omnes
1435 3398 1528 3469 qui
1574 3398 1736 3469 hujus
1834 3396 2019 3451 necari
2062 3394 2210 3461 fecit,
2244 3402 2298 3448 et
2326 3408 2521 3447 omnes
2570 3391 2692 3459 ejus
2719 3388 3054 3452 familiares,
3088 3384 3181 3456 qui
3216 3383 3270 3436 in
3310 3380 3447 3435 urbe

152 3489 334 3543 consilii
364 3490 670 3562 complices
702 3488 942 3555 fuerunt,
1003 3504 1143 3560 quos
1183 3488 1392 3544 dudum
1433 3490 1652 3545 colebat
1680 3499 1740 3546 ut
1834 3492 2235 3551 remanserant,
2280 3483 2577 3538 interfecit.
2620 3482 2770 3536 Tunc
2800 3478 3056 3551 imposito
3087 3475 3194 3530 sibi
3243 3472 3447 3529 diade-

154 3579 344 3645 amicos,
391 3598 543 3637 nunc
601 3587 827 3635 veretur
875 3587 936 3635 ut
974 3579 1234 3635 inimicos
1305 3581 1538 3652 Propter
1597 3582 1740 3636 hanc
1834 3581 1999 3640 male,
2031 3574 2267 3644 imperat
2312 3571 2520 3627 civitati
2554 3570 2939 3631 nobilissimae,
2967 3575 3171 3622 nonut
3210 3564 3453 3635 impera-

155 3687 338 3729 causam
387 3684 441 3731 et
468 3676 616 3731 alias
648 3676 790 3730 inter
845 3690 1030 3750 regem
1086 3682 1141 3729 et
1188 3675 1443 3730 comitem
1501 3691 1603 3745 pax
1660 3682 1742 3729 est
1840 3675 1944 3732 tor,
1976 3666 2072 3721 sed
2104 3666 2247 3719 sicut
2276 3673 2541 3734 tyrannus
2610 3662 2820 3716 Deinde
2854 3661 2940 3713 his
2974 3675 3070 3730 pro
3111 3657 3318 3712 nichilo
3350 3655 3456 3710 du-

151 3763 347 3821 turbata.
380 3768 505 3824 Post
574 3749 942 3838 pentecosten
989 3782 1084 3821 rex
1114 3775 1170 3821 et
1214 3782 1403 3822 comes
1469 3782 1592 3822 cum
1622 3768 1740 3821 suis
1840 3761 1965 3822 ctis,
1999 3758 2220 3830 nuptias
2246 3756 2375 3838 facit
2404 3756 2645 3820 illicitas,
2675 3768 2899 3807 uxorem
2929 3750 3147 3821 cognati
3179 3750 3288 3815 sui,
3343 3749 3454 3803 im-

153 3859 442 3915 exercitibus
500 3860 568 3914 in
622 3859 861 3915 marchis
914 3865 1181 3914 terrarum
1258 3875 1479 3913 suarum
1540 3873 1744 3914 conve-
1842 3850 2113 3926 peratoris
2143 3834 2356 3905 scilicet
2380 3846 2589 3903 domini
2624 3844 2918 3911 sui,filiam
2952 3842 3096 3915 regis
3128 3842 3456 3896 Francorum

155 3946 301 4002 niunt.
371 3948 545 4024 Regis
593 3947 870 4002 exercitus
946 3946 1251 4018 equitibus,
1302 3962 1467 4018 porro
1523 3946 1744 4002 comitis
1843 3941 2187 4013 accipiendo.
2237 3937 2524 4007 Philippus
2581 3950 2765 3989 comes
2816 3931 3067 3987 Flandrie
3120 3928 3449 3983 Balduinum

154 4036 426 4107 agminibus
474 4035 737 4107 peditum
769 4034 977 4105 Optime
1021 4042 1350 4089 armatorum
1384 4034 1738 4105 precellebat.
1844 4033 2100 4089 comitem
2134 4031 2476 4085 Montensem
2510 4043 2608 4098 per
2647 4024 2882 4080 nuncios
2911 4034 3281 4092 sepenumero
3326 4034 3460 4073 con-

157 4124 443 4183 Standarum
473 4126 839 4188 altissimum,
890 4127 1226 4181 drachonem
1284 4126 1526 4196 desuper
1564 4126 1746 4197 prefe-

157 4222 354 4282 rentem,
384 4232 579 4273 comes
607 4230 794 4271 secum
842 4230 1012 4285 super
1064 4229 1285 4268 currum
1318 4220 1551 4285 quatuor
1608 4221 1747 4269 rota-

163 4321 259 4361 rum
285 4309 403 4365 duci
431 4309 604 4371 fecit;
629 4308 777 4379 quod
809 4324 902 4362 rex
928 4324 1052 4362 cum
1085 4314 1196 4362 tota
1224 4307 1449 4362 Francia
1477 4307 1637 4363 valde
1667 4309 1748 4362 in-

161 4393 301 4469 digne
354 4398 494 4454 tulit.
560 4396 785 4463 Tamen,
843 4396 1120 4451 mediante
1158 4395 1390 4450 Henrico
1447 4396 1746 4469 Anglorum

1848 4125 2023 4192 venit,-
2050 4131 2109 4179 ut
2136 4123 2241 4177 sibi
2269 4131 2323 4177 et
2354 4138 2469 4177 sum
2504 4117 3000 4175 utiliconcordaret
3024 4112 3313 4168 voluntati.
3361 4110 3458 4165 lllo

1845 4230 1974 4269 vero
1997 4212 2222 4266 minime
2246 4211 2644 4282 adquiescente
2669 4207 2757 4272 ‘5‘,
2774 4219 2964 4259 mense
2990 4198 3316 4257 Novembrio
3341 4197 3461 4252 Plii-

1847 4305 2031 4376 lippus
2055 4304 2501 4374 archiepiscopus
2531 4299 2753 4355 (Iolonie
2784 4297 2852 4351 ab
2893 4295 3125 4357 oriente,
3169 4290 3458 4360 Philippus

1848 4413 2033 4452 comes
2062 4396 2314 4450 Flandrie
2344 4411 2375 4449 a
2411 4392 2666 4457 meridie,
2725 4404 2888 4460 porro
2924 4380 3234 4441 Duaccnscs
3261 4388 3315 4437 et
3362 4379 3465 4433 Pa-

164 4498 288 4558 rege,
306 4487 370 4541 ab
398 4486 631 4543 instanti
662 4485 805 4541 festo
834 4485 1007 4540 sancti
1045 4486 1313 4541 Johannis
1350 4502 1528 4557 usque
1559 4487 1614 4541 in
1649 4503 1749 4541 an-
1769 4540 1820 4558 ἢ
1849 4488 2112 4544 bulenses
2141 4488 2209 4543 ab
2261 4486 2572 4551 occidente,
2604 4491 2804 4539 terram
2838 4480 2958 4548 ejus
2986 4474 3242 4548 ingressi,
3273 4474 3466 4527 incen-

162 4590 270 4631 num
296 4582 638 4650 protelantur
664 4579 910 4634 inducie.
958 4579 1018 4633 In
1055 4578 1142 4632 his
1190 4578 1428 4633 induciis
1450 4540 1824 4635 BalduinusD
1850 4580 1957 4635 diis
2002 4585 2056 4633 et
2103 4576 2311 4648 rapinis
2340 4592 2459 4630 eam
2507 4583 2634 4629 sunt
2665 4570 2933 4627 demoliti.
2988 4564 3287 4621 Balduinus
3328 4579 3460 4619 vero

160 4676 320 4720 comes
352 4667 683 4724 llainoensis
737 4684 769 4722 a
798 4683 927 4742 rege
965 4667 1210 4737 ponitur,
1253 4668 1400 4723 unde
1458 4668 1748 4740 Philippus

160 4768 320 4814 comes
362 4761 522 4817 valde
549 4767 637 4816 est
666 4760 1001 4833 indignatus.
1047 4760 1317 4816 Kalendas
1361 4760 1481 4816 Maii
1527 4761 1745 4835 signum

161 4847 281 4905 circa
299 4852 485 4910 horam
524 4862 738 4909 sextam
771 4853 827 4907 in
854 4852 970 4908 sole
1001 4853 1258 4925 apparuit
1309 4853 1438 4908 Nam
1471 4853 1591 4924 ejus
1622 4870 1747 4924 pars

164 4935 360 4999 inferior
385 4953 498 5002 tota
523 4953 609 5002 est
637 4944 951 5012 obscurata,
986 4945 1043 5001 in
1075 4945 1258 5001 medio
1288 4962 1419 5002 vero
1450 4946 1607 5017 quasi
1638 4955 1747 5001 tra-

164 5027 270 5086 bem
296 5036 651 5095 suboscuram
692 5036 951 5104 habebat,
987 5037 1201 5109 reliqua
1252 5046 1436 5093 autem
1478 5053 1606 5108 pars
1635 5044 1748 5093 tota

165 5130 262 5217 erat
284 5128 510 5196 pallida;
539 5131 615 5185 ita
636 5137 698 5186 ut
722 5145 918 5186 omnes
945 5129 1200 5186 videntes
1218 5129 1476 5186 eumdem
1505 5129 1746 5185 colorem

168 5214 215 5262 in
232 5214 376 5310 vultu
399 5217 733 5289 preferrent.
771 5218 927 5282 Quod
954 5217 1171 5293 signum
1200 5219 1406 5275 multos
1429 5217 1748 5289 perterruit,

165 5307 276 5369 quia
304 5307 521 5378 quidam
553 5308 818 5383 magister
846 5309 962 5365 Odo
988 5311 1095 5365 hoc
1142 5309 1381 5365 futurum
1415 5309 1747 5381 predixerat,

1848 4684 2054 4731 comes,
2124 4664 2474 4738 congregatis
2531 4660 2901 4733 septingentis
2959 4655 3203 4722 armatis,
3260 4661 3462 4709 terram

1848 4756 2063 4814 comitis
2087 4753 2287 4809 virtute
2315 4752 2551 4808 militum
2606 4751 2915 4821 irrumpere
2952 4747 3203 4817 cupiens,
3236 4759 3361 4800 cum
3391 4744 3461 4798 ad

1846 4846 2029 4902 villam
2059 4858 2165 4916 que
2188 4842 2555 4897 Obercicurtis
2587 4840 2809 4905 dicitur,
2854 4844 3096 4892 armatus
3136 4850 3259 4889 cum
3288 4849 3462 4887 arma-

1849 4941 1921 4996 tis
1948 4940 2210 5006 venisset,
2259 4944 2470 4993 mutato
2498 4936 2736 4992 consilio
2786 4947 3091 5009 regressus,
3124 4929 3329 4984 milites
3355 4944 3386 4982 a
3406 4944 3467 4983 se

1848 5031 2155 5088 conductos
2193 5029 2342 5084 abire
2390 5027 2662 5100 permisit.
2690 5027 2785 5081 Dic
2823 5031 3004 5080 autem
3034 5018 3336 5077 nativitatis
3365 5018 3463 5074 do-

1848 5123 2052 5179 minice
2084 5120 2510 5193 propinquante,
2531 5116 2755 5173 inducie
2787 5116 2989 5171 dantur
3009 5112 3316 5183 utrimque.

1922 5216 2080 5270 1185.
2232 5213 2295 5268 Β.
2337 5212 2425 5266 33.
2576 5209 2631 5264 F.
2675 5208 2728 5265 5.
2878 5209 2919 5261 Δ
2981 5206 3072 5260 31.
3221 5202 3283 5256 H.
3324 5201 3377 5255 9.

1922 5307 2075 5361 Multi
2129 5323 2228 5379 per
2257 5304 2375 5361 loca
2406 5303 2624 5360 diversa
2666 5302 2719 5356 in
2754 5299 2981 5355 Francia
3023 5302 3078 5353 et
3127 5292 3378 5349 Flandria
3408 5300 3466 5346 et

1477 5407 1698 5463 VARl/E
1736 5405 2117 5462 LECTIONES.

226 5472 284 5507 ⁸⁵³
311 5477 688 5552 adquiescenti
712 5480 830 5536 cod.

1685 5564 1893 5627 ΝΟΤᾹΞ.

244 5666 359 5749 ῥέε)
396 5672 501 5749 _Seu
526 5674 741 5749 _W_arda
770 5674 825 5730 S.
860 5673 1118 5749 Remigii.

245 5739 359 5809 ΜΞ)
396 5743 668 5802 Lombeke
708 5762 883 5818 prope
918 5739 1145 5803 Nineve.
1181 5743 1261 5802 Cf.
1323 5743 1393 5799 de
1424 5742 1509 5799 his
1536 5742 1715 5799 Gisle-

174 5802 385 5883 bet-tum,
408 5832 460 5891 p.
490 5818 620 5891 131,
651 5802 780 5891 sqq.

1908 5666 2069 5739 (4431
2094 5665 2416 5739 Mathildem
2447 5674 2604 5723 vocat
2629 5664 2990 5730 Gislebertus,
3037 5657 3328 5715 Beatricem
3366 5648 3464 5707 Ra-

1826 5737 2009 5796 dulfus
2040 5737 2109 5794 de
2156 5738 2363 5794 Diceto.
