  <div class='ocr_page' id='page_1' title='image "/cluster/home/n/w/nwhite01/storage/ocr_20150623/160/uva.x000829802/167.png"; bbox 0 0 3876 6208; ppageno 0'>
   <div class='ocr_carea' id='block_1_1' title="bbox 360 283 466 338">
    <p class='ocr_par' dir='ltr' id='par_1_1' title="bbox 360 283 466 338">
     <span class='ocr_line' id='line_1_1' title="bbox 360 283 466 338; baseline -0.019 0"><span class='ocrx_word' id='word_1_1' title='bbox 360 283 466 338; x_wconf 75' lang='lat'><strong>323</strong></span> 
     </span>
    </p>
   </div>
   <div class='ocr_carea' id='block_1_2' title="bbox 1567 273 2480 332">
    <p class='ocr_par' dir='ltr' id='par_1_2' title="bbox 1567 273 2480 332">
     <span class='ocr_line' id='line_1_2' title="bbox 1567 273 2480 332; baseline 0 -2"><span class='ocrx_word' id='word_1_2' title='bbox 1567 274 1910 331; x_wconf 85' lang='lat' dir='ltr'><strong>SlGEBERTl</strong></span> <span class='ocrx_word' id='word_1_3' title='bbox 1959 273 2480 332; x_wconf 81' lang='lat' dir='ltr'><strong>GEMBLACENSIS.</strong></span> 
     </span>
    </p>
   </div>
   <div class='ocr_carea' id='block_1_3' title="bbox 3590 275 3694 331">
    <p class='ocr_par' dir='ltr' id='par_1_3' title="bbox 3590 275 3694 331">
     <span class='ocr_line' id='line_1_3' title="bbox 3590 275 3694 331; baseline 0.019 -2"><span class='ocrx_word' id='word_1_4' title='bbox 3590 275 3694 331; x_wconf 73' lang='grc'><strong>324</strong></span> 
     </span>
    </p>
   </div>
   <div class='ocr_carea' id='block_1_4' title="bbox 361 402 3690 487">
    <p class='ocr_par' dir='ltr' id='par_1_4' title="bbox 361 402 3690 487">
     <span class='ocr_line' id='line_1_4' title="bbox 361 402 3690 487; baseline -0.001 -26"><span class='ocrx_word' id='word_1_5' title='bbox 361 408 570 462; x_wconf 90' lang='lat' dir='ltr'><strong>Hainau</strong></span> <span class='ocrx_word' id='word_1_6' title='bbox 601 404 936 461; x_wconf 82' lang='lat' dir='ltr'><strong>discordiam</strong></span> <span class='ocrx_word' id='word_1_7' title='bbox 969 403 1283 474; x_wconf 85' lang='lat' dir='ltr'><strong>principum</strong></span> <span class='ocrx_word' id='word_1_8' title='bbox 1335 409 1390 458; x_wconf 91' lang='lat' dir='ltr'><strong>et</strong></span> <span class='ocrx_word' id='word_1_9' title='bbox 1415 419 1667 478; x_wconf 89' lang='lat' dir='ltr'><strong>guerram</strong></span> <span class='ocrx_word' id='word_1_10' title='bbox 1709 405 1975 474; x_wconf 89' lang='lat' dir='ltr'><strong>pertime-</strong></span> <span class='ocrx_word' id='word_1_11' title='bbox 1995 421 2046 487; x_wconf 75' lang='grc' dir='ltr'><strong>Α</strong></span> <span class='ocrx_word' id='word_1_12' title='bbox 2075 415 2239 460; x_wconf 87' lang='lat' dir='ltr'><strong>ventu</strong></span> <span class='ocrx_word' id='word_1_13' title='bbox 2271 407 2390 475; x_wconf 88' lang='lat' dir='ltr'><strong>ejus</strong></span> <span class='ocrx_word' id='word_1_14' title='bbox 2437 404 2649 470; x_wconf 89' lang='lat' dir='ltr'><strong>audito,</strong></span> <span class='ocrx_word' id='word_1_15' title='bbox 2689 403 2912 459; x_wconf 92' lang='lat' dir='ltr'><strong>nuntios</strong></span> <span class='ocrx_word' id='word_1_16' title='bbox 2951 402 3145 458; x_wconf 79' lang='lat' dir='ltr'><strong>fideles</strong></span> <span class='ocrx_word' id='word_1_17' title='bbox 3177 403 3244 457; x_wconf 87' lang='lat' dir='ltr'><strong>ad</strong></span> <span class='ocrx_word' id='word_1_18' title='bbox 3295 419 3421 458; x_wconf 89' lang='lat' dir='ltr'><strong>eum</strong></span> <span class='ocrx_word' id='word_1_19' title='bbox 3480 403 3690 476; x_wconf 83' lang='lat' dir='ltr'><strong>dirigit,</strong></span> 
     </span>
    </p>
   </div>
   <div class='ocr_carea' id='block_1_5' title="bbox 360 493 1974 566">
    <p class='ocr_par' dir='ltr' id='par_1_5' title="bbox 360 493 1974 566">
     <span class='ocr_line' id='line_1_5' title="bbox 360 493 1974 566; baseline -0.003 -13"><span class='ocrx_word' id='word_1_20' title='bbox 360 507 598 560; x_wconf 91' lang='lat' dir='ltr'><strong>scentes,</strong></span> <span class='ocrx_word' id='word_1_21' title='bbox 642 494 1026 566; x_wconf 83' lang='lat' dir='ltr'><strong>unusquisque</strong></span> <span class='ocrx_word' id='word_1_22' title='bbox 1044 493 1319 548; x_wconf 87' lang='lat' dir='ltr'><strong>civitatem</strong></span> <span class='ocrx_word' id='word_1_23' title='bbox 1351 510 1525 560; x_wconf 89' lang='lat' dir='ltr'><strong>suam,</strong></span> <span class='ocrx_word' id='word_1_24' title='bbox 1557 494 1845 549; x_wconf 78' lang='lat' dir='ltr'><strong>castellum</strong></span> <span class='ocrx_word' id='word_1_25' title='bbox 1875 510 1974 548; x_wconf 90' lang='lat' dir='ltr'><strong>seu</strong></span> 
     </span>
    </p>
   </div>
   <div class='ocr_carea' id='block_1_6' title="bbox 360 585 1971 651">
    <p class='ocr_par' dir='ltr' id='par_1_6' title="bbox 360 585 1971 651">
     <span class='ocr_line' id='line_1_6' title="bbox 360 585 1971 651; baseline -0.003 -6"><span class='ocrx_word' id='word_1_26' title='bbox 360 591 542 646; x_wconf 87' lang='lat' dir='ltr'><strong>villam</strong></span> <span class='ocrx_word' id='word_1_27' title='bbox 588 603 747 642; x_wconf 91' lang='lat' dir='ltr'><strong>muro</strong></span> <span class='ocrx_word' id='word_1_28' title='bbox 805 586 1130 651; x_wconf 79' lang='lat' dir='ltr'><strong>circumdat,</strong></span> <span class='ocrx_word' id='word_1_29' title='bbox 1191 586 1336 641; x_wconf 89' lang='lat' dir='ltr'><strong>vallo</strong></span> <span class='ocrx_word' id='word_1_30' title='bbox 1368 585 1564 641; x_wconf 82' lang='lat' dir='ltr'><strong>ﬁrmat.</strong></span> <span class='ocrx_word' id='word_1_31' title='bbox 1614 587 1741 641; x_wconf 86' lang='lat' dir='ltr'><strong>Cum</strong></span> <span class='ocrx_word' id='word_1_32' title='bbox 1793 593 1971 640; x_wconf 90' lang='lat' dir='ltr'><strong>autem</strong></span> 
     </span>
    </p>
   </div>
   <div class='ocr_carea' id='block_1_7' title="bbox 362 677 1970 752">
    <p class='ocr_par' dir='ltr' id='par_1_7' title="bbox 362 677 1970 752">
     <span class='ocr_line' id='line_1_7' title="bbox 362 677 1970 752; baseline -0.004 -15"><span class='ocrx_word' id='word_1_33' title='bbox 362 683 508 737; x_wconf 90' lang='lat' dir='ltr'><strong>inter</strong></span> <span class='ocrx_word' id='word_1_34' title='bbox 537 695 723 752; x_wconf 82' lang='lat' dir='ltr'><strong>regem</strong></span> <span class='ocrx_word' id='word_1_35' title='bbox 763 685 817 733; x_wconf 92' lang='lat' dir='ltr'><strong>et</strong></span> <span class='ocrx_word' id='word_1_36' title='bbox 845 679 1100 734; x_wconf 91' lang='lat' dir='ltr'><strong>comitem</strong></span> <span class='ocrx_word' id='word_1_37' title='bbox 1148 678 1296 748; x_wconf 69' lang='grc'><strong>(444)</strong></span> <span class='ocrx_word' id='word_1_38' title='bbox 1345 678 1566 732; x_wconf 90' lang='lat' dir='ltr'><strong>inducie</strong></span> <span class='ocrx_word' id='word_1_39' title='bbox 1600 677 1842 731; x_wconf 86' lang='lat' dir='ltr'><strong>liniende</strong></span> <span class='ocrx_word' id='word_1_40' title='bbox 1874 694 1970 731; x_wconf 90' lang='lat' dir='ltr'><strong>es-</strong></span> 
     </span>
    </p>
   </div>
   <div class='ocr_carea' id='block_1_8' title="bbox 361 765 1973 837">
    <p class='ocr_par' dir='ltr' id='par_1_8' title="bbox 361 765 1973 837">
     <span class='ocr_line' id='line_1_8' title="bbox 361 765 1973 837; baseline -0.004 -12"><span class='ocrx_word' id='word_1_41' title='bbox 361 777 504 835; x_wconf 92' lang='lat' dir='ltr'><strong>sent,</strong></span> <span class='ocrx_word' id='word_1_42' title='bbox 536 775 591 824; x_wconf 90' lang='lat' dir='ltr'><strong>et</strong></span> <span class='ocrx_word' id='word_1_43' title='bbox 619 782 806 823; x_wconf 89' lang='lat' dir='ltr'><strong>comes</strong></span> <span class='ocrx_word' id='word_1_44' title='bbox 833 765 1183 821; x_wconf 90' lang='lat' dir='ltr'><strong>Flandrensis</strong></span> <span class='ocrx_word' id='word_1_45' title='bbox 1221 783 1374 820; x_wconf 89' lang='lat' dir='ltr'><strong>suam</strong></span> <span class='ocrx_word' id='word_1_46' title='bbox 1408 774 1725 837; x_wconf 89' lang='lat' dir='ltr'><strong>prepararet</strong></span> <span class='ocrx_word' id='word_1_47' title='bbox 1753 767 1973 836; x_wconf 78' lang='lat' dir='ltr'><strong>expc-li-</strong></span> 
     </span>
    </p>
   </div>
   <div class='ocr_carea' id='block_1_9' title="bbox 364 857 1974 927">
    <p class='ocr_par' dir='ltr' id='par_1_9' title="bbox 364 857 1974 927">
     <span class='ocr_line' id='line_1_9' title="bbox 364 857 1974 927; baseline -0.002 -11"><span class='ocrx_word' id='word_1_48' title='bbox 364 857 1065 927; x_wconf 67' lang='lat' dir='ltr'><strong>tionem,Balduinus(445)</strong></span> <span class='ocrx_word' id='word_1_49' title='bbox 1085 866 1482 913; x_wconf 89' lang='lat' dir='ltr'><strong>comesterram</strong></span> <span class='ocrx_word' id='word_1_50' title='bbox 1510 858 1698 912; x_wconf 84' lang='lat' dir='ltr'><strong>Jacobi</strong></span> <span class='ocrx_word' id='word_1_51' title='bbox 1721 858 1789 912; x_wconf 92' lang='lat' dir='ltr'><strong>de</strong></span> <span class='ocrx_word' id='word_1_52' title='bbox 1804 860 1974 913; x_wconf 81' lang='lat' dir='ltr'><strong>Aves-</strong></span> 
     </span>
    </p>
   </div>
   <div class='ocr_carea' id='block_1_10' title="bbox 366 950 1975 1020">
    <p class='ocr_par' dir='ltr' id='par_1_10' title="bbox 366 950 1975 1020">
     <span class='ocr_line' id='line_1_10' title="bbox 366 950 1975 1020; baseline -0.002 -13"><span class='ocrx_word' id='word_1_53' title='bbox 366 953 455 1008; x_wconf 89' lang='lat' dir='ltr'><strong>nis</strong></span> <span class='ocrx_word' id='word_1_54' title='bbox 483 952 685 1007; x_wconf 90' lang='lat' dir='ltr'><strong>virtute</strong></span> <span class='ocrx_word' id='word_1_55' title='bbox 717 950 1266 1020; x_wconf 90' lang='lat' dir='ltr'><strong>irrumpens,veteris</strong></span> <span class='ocrx_word' id='word_1_56' title='bbox 1287 966 1496 1005; x_wconf 92' lang='lat' dir='ltr'><strong>memor</strong></span> <span class='ocrx_word' id='word_1_57' title='bbox 1522 951 1744 1018; x_wconf 91' lang='lat' dir='ltr'><strong>injurie,</strong></span> <span class='ocrx_word' id='word_1_58' title='bbox 1787 951 1975 1004; x_wconf 91' lang='lat' dir='ltr'><strong>incen-</strong></span> 
     </span>
    </p>
   </div>
   <div class='ocr_carea' id='block_1_11' title="bbox 367 1039 1975 1108">
    <p class='ocr_par' dir='ltr' id='par_1_11' title="bbox 367 1039 1975 1108">
     <span class='ocr_line' id='line_1_11' title="bbox 367 1039 1975 1108; baseline -0.003 -12"><span class='ocrx_word' id='word_1_59' title='bbox 367 1042 460 1096; x_wconf 93' lang='lat' dir='ltr'><strong>dio</strong></span> <span class='ocrx_word' id='word_1_60' title='bbox 481 1042 662 1095; x_wconf 89' lang='lat' dir='ltr'><strong>tradit.</strong></span> <span class='ocrx_word' id='word_1_61' title='bbox 693 1041 785 1093; x_wconf 90' lang='lat' dir='ltr'><strong>llle</strong></span> <span class='ocrx_word' id='word_1_62' title='bbox 813 1039 1975 1108; x_wconf 76' lang='lat' dir='ltr'><strong>enirnincentordiscordieinterutrumqnc</strong></span> 
     </span>
    </p>
   </div>
   <div class='ocr_carea' id='block_1_12' title="bbox 369 1129 1980 1187">
    <p class='ocr_par' dir='ltr' id='par_1_12' title="bbox 369 1129 1980 1187">
     <span class='ocr_line' id='line_1_12' title="bbox 369 1129 1980 1187; baseline -0.003 -1"><span class='ocrx_word' id='word_1_63' title='bbox 369 1131 628 1187; x_wconf 92' lang='lat' dir='ltr'><strong>comitem</strong></span> <span class='ocrx_word' id='word_1_64' title='bbox 688 1146 807 1183; x_wconf 89' lang='lat' dir='ltr'><strong>esse</strong></span> <span class='ocrx_word' id='word_1_65' title='bbox 857 1129 1152 1184; x_wconf 80' lang='lat' dir='ltr'><strong>ferebatur.</strong></span> <span class='ocrx_word' id='word_1_66' title='bbox 1213 1129 1341 1184; x_wconf 84' lang='lat' dir='ltr'><strong>Post</strong></span> <span class='ocrx_word' id='word_1_67' title='bbox 1400 1130 1747 1185; x_wconf 88' lang='lat' dir='ltr'><strong>festivitatem</strong></span> <span class='ocrx_word' id='word_1_68' title='bbox 1807 1129 1980 1184; x_wconf 91' lang='lat' dir='ltr'><strong>sancti</strong></span> 
     </span>
    </p>
   </div>
   <div class='ocr_carea' id='block_1_13' title="bbox 367 1217 1985 1281">
    <p class='ocr_par' dir='ltr' id='par_1_13' title="bbox 367 1217 1985 1281">
     <span class='ocr_line' id='line_1_13' title="bbox 367 1217 1985 1281; baseline -0.003 -6"><span class='ocrx_word' id='word_1_69' title='bbox 367 1219 635 1275; x_wconf 86' lang='lat' dir='ltr'><strong>Johannis</strong></span> <span class='ocrx_word' id='word_1_70' title='bbox 668 1218 907 1272; x_wconf 86' lang='lat' dir='ltr'><strong>induciis</strong></span> <span class='ocrx_word' id='word_1_71' title='bbox 933 1218 1122 1281; x_wconf 79' lang='lat' dir='ltr'><strong>finitis,</strong></span> <span class='ocrx_word' id='word_1_72' title='bbox 1159 1235 1251 1272; x_wconf 88' lang='lat' dir='ltr'><strong>rex</strong></span> <span class='ocrx_word' id='word_1_73' title='bbox 1281 1226 1333 1272; x_wconf 90' lang='lat' dir='ltr'><strong>et</strong></span> <span class='ocrx_word' id='word_1_74' title='bbox 1363 1235 1551 1274; x_wconf 90' lang='lat' dir='ltr'><strong>comes</strong></span> <span class='ocrx_word' id='word_1_75' title='bbox 1581 1218 1856 1274; x_wconf 90' lang='lat' dir='ltr'><strong>exercitus</strong></span> <span class='ocrx_word' id='word_1_76' title='bbox 1882 1217 1985 1270; x_wconf 93' lang='lat' dir='ltr'><strong>mi-</strong></span> 
     </span>
    </p>
   </div>
   <div class='ocr_carea' id='block_1_14' title="bbox 366 1309 1985 1383">
    <p class='ocr_par' dir='ltr' id='par_1_14' title="bbox 366 1309 1985 1383">
     <span class='ocr_line' id='line_1_14' title="bbox 366 1309 1985 1383; baseline -0.001 -19"><span class='ocrx_word' id='word_1_77' title='bbox 366 1310 522 1364; x_wconf 89' lang='lat' dir='ltr'><strong>litum</strong></span> <span class='ocrx_word' id='word_1_78' title='bbox 552 1309 873 1378; x_wconf 91' lang='lat' dir='ltr'><strong>etpeditum</strong></span> <span class='ocrx_word' id='word_1_79' title='bbox 905 1315 1233 1364; x_wconf 88' lang='lat' dir='ltr'><strong>armatorum</strong></span> <span class='ocrx_word' id='word_1_80' title='bbox 1261 1310 1602 1380; x_wconf 88' lang='lat' dir='ltr'><strong>producunt;</strong></span> <span class='ocrx_word' id='word_1_81' title='bbox 1634 1310 1727 1380; x_wconf 89' lang='lat' dir='ltr'><strong>qui</strong></span> <span class='ocrx_word' id='word_1_82' title='bbox 1765 1310 1818 1362; x_wconf 91' lang='lat' dir='ltr'><strong>in</strong></span> <span class='ocrx_word' id='word_1_83' title='bbox 1845 1324 1985 1383; x_wconf 87' lang='lat' dir='ltr'><strong>pago</strong></span> 
     </span>
    </p>
   </div>
   <div class='ocr_carea' id='block_1_15' title="bbox 366 1399 1980 1472">
    <p class='ocr_par' dir='ltr' id='par_1_15' title="bbox 366 1399 1980 1472">
     <span class='ocr_line' id='line_1_15' title="bbox 366 1399 1980 1472; baseline -0.001 -17"><span class='ocrx_word' id='word_1_84' title='bbox 366 1399 720 1455; x_wconf 83' lang='lat' dir='ltr'><strong>Ambianensi</strong></span> <span class='ocrx_word' id='word_1_85' title='bbox 755 1400 1082 1466; x_wconf 87' lang='lat' dir='ltr'><strong>residentes,</strong></span> <span class='ocrx_word' id='word_1_86' title='bbox 1117 1401 1194 1454; x_wconf 91' lang='lat' dir='ltr'><strong>rei</strong></span> <span class='ocrx_word' id='word_1_87' title='bbox 1231 1400 1393 1454; x_wconf 87' lang='lat' dir='ltr'><strong>ﬁnem</strong></span> <span class='ocrx_word' id='word_1_88' title='bbox 1423 1400 1808 1472; x_wconf 87' lang='lat' dir='ltr'><strong>expectabant.</strong></span> <span class='ocrx_word' id='word_1_89' title='bbox 1842 1401 1980 1454; x_wconf 88' lang='lat' dir='ltr'><strong>Tan-</strong></span> 
     </span>
    </p>
   </div>
   <div class='ocr_carea' id='block_1_16' title="bbox 367 1488 1980 1565">
    <p class='ocr_par' dir='ltr' id='par_1_16' title="bbox 367 1488 1980 1565">
     <span class='ocr_line' id='line_1_16' title="bbox 367 1488 1980 1565; baseline -0.002 -20"><span class='ocrx_word' id='word_1_90' title='bbox 367 1491 491 1546; x_wconf 91' lang='lat' dir='ltr'><strong>dem</strong></span> <span class='ocrx_word' id='word_1_91' title='bbox 521 1489 615 1544; x_wconf 91' lang='lat' dir='ltr'><strong>Dei</strong></span> <span class='ocrx_word' id='word_1_92' title='bbox 639 1497 796 1553; x_wconf 91' lang='lat' dir='ltr'><strong>nutu,</strong></span> <span class='ocrx_word' id='word_1_93' title='bbox 830 1497 888 1543; x_wconf 91' lang='lat' dir='ltr'><strong>ut</strong></span> <span class='ocrx_word' id='word_1_94' title='bbox 914 1488 1213 1556; x_wconf 85' lang='lat' dir='ltr'><strong>credimus,</strong></span> <span class='ocrx_word' id='word_1_95' title='bbox 1249 1505 1439 1544; x_wconf 89' lang='lat' dir='ltr'><strong>comes</strong></span> <span class='ocrx_word' id='word_1_96' title='bbox 1469 1491 1535 1544; x_wconf 91' lang='lat' dir='ltr'><strong>ad</strong></span> <span class='ocrx_word' id='word_1_97' title='bbox 1570 1491 1798 1565; x_wconf 81' lang='lat' dir='ltr'><strong>gratiam</strong></span> <span class='ocrx_word' id='word_1_98' title='bbox 1831 1488 1980 1559; x_wconf 83' lang='lat' dir='ltr'><strong>regis</strong></span> 
     </span>
    </p>
   </div>
   <div class='ocr_carea' id='block_1_17' title="bbox 368 1581 1977 1655">
    <p class='ocr_par' dir='ltr' id='par_1_17' title="bbox 368 1581 1977 1655">
     <span class='ocr_line' id='line_1_17' title="bbox 368 1581 1977 1655; baseline -0.003 -15"><span class='ocrx_word' id='word_1_99' title='bbox 368 1587 552 1651; x_wconf 90' lang='lat' dir='ltr'><strong>rediit,</strong></span> <span class='ocrx_word' id='word_1_100' title='bbox 584 1591 880 1655; x_wconf 87' lang='lat' dir='ltr'><strong>antequam</strong></span> <span class='ocrx_word' id='word_1_101' title='bbox 911 1583 1111 1654; x_wconf 88' lang='lat' dir='ltr'><strong>aliquis</strong></span> <span class='ocrx_word' id='word_1_102' title='bbox 1150 1591 1460 1653; x_wconf 87' lang='lat' dir='ltr'><strong>caperetur,</strong></span> <span class='ocrx_word' id='word_1_103' title='bbox 1485 1584 1864 1639; x_wconf 82' lang='lat' dir='ltr'><strong>vulneraretur</strong></span> <span class='ocrx_word' id='word_1_104' title='bbox 1893 1581 1977 1636; x_wconf 85' lang='lat' dir='ltr'><strong>vel</strong></span> 
     </span>
    </p>
   </div>
   <div class='ocr_carea' id='block_1_18' title="bbox 2077 492 3693 569">
    <p class='ocr_par' dir='ltr' id='par_1_18' title="bbox 2077 492 3693 569">
     <span class='ocr_line' id='line_1_18' title="bbox 2077 492 3693 569; baseline 0 -21"><span class='ocrx_word' id='word_1_105' title='bbox 2077 497 2348 550; x_wconf 88' lang='lat' dir='ltr'><strong>mandans</strong></span> <span class='ocrx_word' id='word_1_106' title='bbox 2399 496 2448 550; x_wconf 92' lang='lat' dir='ltr'><strong>ei</strong></span> <span class='ocrx_word' id='word_1_107' title='bbox 2479 502 2533 550; x_wconf 91' lang='lat' dir='ltr'><strong>et</strong></span> <span class='ocrx_word' id='word_1_108' title='bbox 2571 494 2870 569; x_wconf 81' lang='lat' dir='ltr'><strong>designans</strong></span> <span class='ocrx_word' id='word_1_109' title='bbox 2901 492 3107 560; x_wconf 91' lang='lat' dir='ltr'><strong>locum,</strong></span> <span class='ocrx_word' id='word_1_110' title='bbox 3150 493 3246 548; x_wconf 91' lang='lat' dir='ltr'><strong>ubi</strong></span> <span class='ocrx_word' id='word_1_111' title='bbox 3291 495 3362 549; x_wconf 91' lang='lat' dir='ltr'><strong>ad</strong></span> <span class='ocrx_word' id='word_1_112' title='bbox 3416 502 3693 549; x_wconf 88' lang='lat' dir='ltr'><strong>secretum</strong></span> 
     </span>
    </p>
   </div>
   <div class='ocr_carea' id='block_1_19' title="bbox 2076 584 3694 656">
    <p class='ocr_par' dir='ltr' id='par_1_19' title="bbox 2076 584 3694 656">
     <span class='ocr_line' id='line_1_19' title="bbox 2076 584 3694 656; baseline -0.001 -16"><span class='ocrx_word' id='word_1_113' title='bbox 2076 587 2436 641; x_wconf 80' lang='lat' dir='ltr'><strong>convenirent</strong></span> <span class='ocrx_word' id='word_1_114' title='bbox 2475 585 2831 656; x_wconf 89' lang='lat' dir='ltr'><strong>colloquium.</strong></span> <span class='ocrx_word' id='word_1_115' title='bbox 2875 585 2987 639; x_wconf 83' lang='lat' dir='ltr'><strong>Rex</strong></span> <span class='ocrx_word' id='word_1_116' title='bbox 3017 599 3144 638; x_wconf 91' lang='lat' dir='ltr'><strong>eum</strong></span> <span class='ocrx_word' id='word_1_117' title='bbox 3177 584 3482 640; x_wconf 83' lang='lat' dir='ltr'><strong>honorifice</strong></span> <span class='ocrx_word' id='word_1_118' title='bbox 3513 585 3694 640; x_wconf 84' lang='lat' dir='ltr'><strong>susci-</strong></span> 
     </span>
    </p>
   </div>
   <div class='ocr_carea' id='block_1_20' title="bbox 2075 673 3698 746">
    <p class='ocr_par' dir='ltr' id='par_1_20' title="bbox 2075 673 3698 746">
     <span class='ocr_line' id='line_1_20' title="bbox 2075 673 3698 746; baseline 0.001 -18"><span class='ocrx_word' id='word_1_119' title='bbox 2075 676 2172 746; x_wconf 91' lang='lat' dir='ltr'><strong>pit,</strong></span> <span class='ocrx_word' id='word_1_120' title='bbox 2203 684 2394 731; x_wconf 90' lang='lat' dir='ltr'><strong>mutuo</strong></span> <span class='ocrx_word' id='word_1_121' title='bbox 2440 676 2805 742; x_wconf 80' lang='lat' dir='ltr'><strong>collocantur,</strong></span> <span class='ocrx_word' id='word_1_122' title='bbox 2838 683 2892 729; x_wconf 92' lang='lat' dir='ltr'><strong>et</strong></span> <span class='ocrx_word' id='word_1_123' title='bbox 2940 692 3046 746; x_wconf 85' lang='lat' dir='ltr'><strong>pax</strong></span> <span class='ocrx_word' id='word_1_124' title='bbox 3094 675 3238 730; x_wconf 91' lang='lat' dir='ltr'><strong>inter</strong></span> <span class='ocrx_word' id='word_1_125' title='bbox 3275 690 3374 730; x_wconf 83' lang='lat' dir='ltr'><strong>eos</strong></span> <span class='ocrx_word' id='word_1_126' title='bbox 3413 674 3574 729; x_wconf 84' lang='lat' dir='ltr'><strong>ﬁrma</strong></span> <span class='ocrx_word' id='word_1_127' title='bbox 3605 673 3698 730; x_wconf 86' lang='lat' dir='ltr'><strong>ﬁr—</strong></span> 
     </span>
    </p>
   </div>
   <div class='ocr_carea' id='block_1_21' title="bbox 2077 767 3695 838">
    <p class='ocr_par' dir='ltr' id='par_1_21' title="bbox 2077 767 3695 838">
     <span class='ocr_line' id='line_1_21' title="bbox 2077 767 3695 838; baseline 0.001 -18"><span class='ocrx_word' id='word_1_128' title='bbox 2077 774 2274 823; x_wconf 90' lang='lat' dir='ltr'><strong>matur.</strong></span> <span class='ocrx_word' id='word_1_129' title='bbox 2306 767 2555 822; x_wconf 89' lang='lat' dir='ltr'><strong>Urbanus</strong></span> <span class='ocrx_word' id='word_1_130' title='bbox 2602 784 2744 838; x_wconf 89' lang='lat' dir='ltr'><strong>papa</strong></span> <span class='ocrx_word' id='word_1_131' title='bbox 2774 776 2829 822; x_wconf 90' lang='lat' dir='ltr'><strong>et</strong></span> <span class='ocrx_word' id='word_1_132' title='bbox 2868 768 3169 838; x_wconf 89' lang='lat' dir='ltr'><strong>imperator</strong></span> <span class='ocrx_word' id='word_1_133' title='bbox 3219 768 3545 823; x_wconf 87' lang='lat' dir='ltr'><strong>Fredericus</strong></span> <span class='ocrx_word' id='word_1_134' title='bbox 3601 768 3695 822; x_wconf 90' lang='lat' dir='ltr'><strong>in-</strong></span> 
     </span>
    </p>
   </div>
   <div class='ocr_carea' id='block_1_22' title="bbox 2075 857 3696 913">
    <p class='ocr_par' dir='ltr' id='par_1_22' title="bbox 2075 857 3696 913">
     <span class='ocr_line' id='line_1_22' title="bbox 2075 857 3696 913; baseline 0.001 -3"><span class='ocrx_word' id='word_1_135' title='bbox 2075 864 2376 911; x_wconf 88' lang='lat' dir='ltr'><strong>veteratum</strong></span> <span class='ocrx_word' id='word_1_136' title='bbox 2412 857 2556 911; x_wconf 91' lang='lat' dir='ltr'><strong>inter</strong></span> <span class='ocrx_word' id='word_1_137' title='bbox 2582 873 2641 911; x_wconf 92' lang='lat' dir='ltr'><strong>se</strong></span> <span class='ocrx_word' id='word_1_138' title='bbox 2673 857 2862 912; x_wconf 92' lang='lat' dir='ltr'><strong>odium</strong></span> <span class='ocrx_word' id='word_1_139' title='bbox 2903 857 3300 912; x_wconf 90' lang='lat' dir='ltr'><strong>dissentientes</strong></span> <span class='ocrx_word' id='word_1_140' title='bbox 3353 857 3422 911; x_wconf 89' lang='lat' dir='ltr'><strong>ad</strong></span> <span class='ocrx_word' id='word_1_141' title='bbox 3453 857 3696 913; x_wconf 85' lang='lat' dir='ltr'><strong>invicem</strong></span> 
     </span>
    </p>
   </div>
   <div class='ocr_carea' id='block_1_23' title="bbox 2078 948 3693 1014">
    <p class='ocr_par' dir='ltr' id='par_1_23' title="bbox 2078 948 3693 1014">
     <span class='ocr_line' id='line_1_23' title="bbox 2078 948 3693 1014; baseline 0.002 -13"><span class='ocrx_word' id='word_1_142' title='bbox 2078 957 2362 1002; x_wconf 89' lang='lat' dir='ltr'><strong>renovant.</strong></span> <span class='ocrx_word' id='word_1_143' title='bbox 2425 949 2744 1004; x_wconf 87' lang='lat' dir='ltr'><strong>Multimode</strong></span> <span class='ocrx_word' id='word_1_144' title='bbox 2793 948 3018 1004; x_wconf 90' lang='lat' dir='ltr'><strong>fuerunt</strong></span> <span class='ocrx_word' id='word_1_145' title='bbox 3073 965 3236 1004; x_wconf 88' lang='lat' dir='ltr'><strong>cause</strong></span> <span class='ocrx_word' id='word_1_146' title='bbox 3294 949 3693 1014; x_wconf 85' lang='lat' dir='ltr'><strong>dissentionis;</strong></span> 
     </span>
    </p>
   </div>
   <div class='ocr_carea' id='block_1_24' title="bbox 2080 1037 3698 1110">
    <p class='ocr_par' dir='ltr' id='par_1_24' title="bbox 2080 1037 3698 1110">
     <span class='ocr_line' id='line_1_24' title="bbox 2080 1037 3698 1110; baseline 0.002 -21"><span class='ocrx_word' id='word_1_147' title='bbox 2080 1037 2362 1107; x_wconf 86' lang='lat' dir='ltr'><strong>precipua,</strong></span> <span class='ocrx_word' id='word_1_148' title='bbox 2383 1039 2526 1108; x_wconf 88' lang='lat' dir='ltr'><strong>quod</strong></span> <span class='ocrx_word' id='word_1_149' title='bbox 2547 1039 2854 1108; x_wconf 90' lang='lat' dir='ltr'><strong>patriarcha</strong></span> <span class='ocrx_word' id='word_1_150' title='bbox 2868 1038 3234 1110; x_wconf 80' lang='lat' dir='ltr'><strong>Aquileiensis</strong></span> <span class='ocrx_word' id='word_1_151' title='bbox 3247 1047 3301 1093; x_wconf 93' lang='lat' dir='ltr'><strong>et</strong></span> <span class='ocrx_word' id='word_1_152' title='bbox 3321 1039 3546 1110; x_wconf 88' lang='lat' dir='ltr'><strong>quidam</strong></span> <span class='ocrx_word' id='word_1_153' title='bbox 3577 1040 3698 1108; x_wconf 88' lang='lat' dir='ltr'><strong>epi-</strong></span> 
     </span>
    </p>
   </div>
   <div class='ocr_carea' id='block_1_25' title="bbox 2085 1127 3696 1200">
    <p class='ocr_par' dir='ltr' id='par_1_25' title="bbox 2085 1127 3696 1200">
     <span class='ocr_line' id='line_1_25' title="bbox 2085 1127 3696 1200; baseline 0.002 -22"><span class='ocrx_word' id='word_1_154' title='bbox 2085 1127 2234 1196; x_wconf 87' lang='lat' dir='ltr'><strong>sc0pi</strong></span> <span class='ocrx_word' id='word_1_155' title='bbox 2270 1127 2636 1182; x_wconf 88' lang='lat' dir='ltr'><strong>interfuerunt</strong></span> <span class='ocrx_word' id='word_1_156' title='bbox 2673 1129 2884 1200; x_wconf 91' lang='lat' dir='ltr'><strong>absque</strong></span> <span class='ocrx_word' id='word_1_157' title='bbox 2943 1144 3214 1183; x_wconf 90' lang='lat' dir='ltr'><strong>consensu</strong></span> <span class='ocrx_word' id='word_1_158' title='bbox 3255 1145 3395 1199; x_wconf 84' lang='lat' dir='ltr'><strong>pape</strong></span> <span class='ocrx_word' id='word_1_159' title='bbox 3452 1143 3696 1184; x_wconf 91' lang='lat' dir='ltr'><strong>corona-</strong></span> 
     </span>
    </p>
   </div>
   <div class='ocr_carea' id='block_1_26' title="bbox 2085 1217 3698 1290">
    <p class='ocr_par' dir='ltr' id='par_1_26' title="bbox 2085 1217 3698 1290">
     <span class='ocr_line' id='line_1_26' title="bbox 2085 1217 3698 1290; baseline 0.003 -21"><span class='ocrx_word' id='word_1_160' title='bbox 2085 1217 2219 1270; x_wconf 92' lang='lat' dir='ltr'><strong>tioni</strong></span> <span class='ocrx_word' id='word_1_161' title='bbox 2255 1217 2471 1272; x_wconf 88' lang='lat' dir='ltr'><strong>Henrici</strong></span> <span class='ocrx_word' id='word_1_162' title='bbox 2500 1219 2666 1289; x_wconf 89' lang='lat' dir='ltr'><strong>regis,</strong></span> <span class='ocrx_word' id='word_1_163' title='bbox 2699 1219 2791 1272; x_wconf 93' lang='lat' dir='ltr'><strong>die</strong></span> <span class='ocrx_word' id='word_1_164' title='bbox 2822 1219 3058 1290; x_wconf 87' lang='lat' dir='ltr'><strong>quodam</strong></span> <span class='ocrx_word' id='word_1_165' title='bbox 3083 1220 3402 1289; x_wconf 90' lang='lat' dir='ltr'><strong>sollempni,</strong></span> <span class='ocrx_word' id='word_1_166' title='bbox 3431 1219 3488 1274; x_wconf 91' lang='lat' dir='ltr'><strong>in</strong></span> <span class='ocrx_word' id='word_1_167' title='bbox 3521 1220 3698 1274; x_wconf 85' lang='lat' dir='ltr'><strong>Italia.</strong></span> 
     </span>
    </p>
   </div>
   <div class='ocr_carea' id='block_1_27' title="bbox 2087 1305 3699 1379">
    <p class='ocr_par' dir='ltr' id='par_1_27' title="bbox 2087 1305 3699 1379">
     <span class='ocr_line' id='line_1_27' title="bbox 2087 1305 3699 1379; baseline 0.002 -21"><span class='ocrx_word' id='word_1_168' title='bbox 2087 1305 2232 1369; x_wconf 90' lang='lat' dir='ltr'><strong>Quos</strong></span> <span class='ocrx_word' id='word_1_169' title='bbox 2286 1321 2478 1359; x_wconf 92' lang='lat' dir='ltr'><strong>omnes</strong></span> <span class='ocrx_word' id='word_1_170' title='bbox 2519 1324 2658 1376; x_wconf 89' lang='lat' dir='ltr'><strong>papa</strong></span> <span class='ocrx_word' id='word_1_171' title='bbox 2702 1324 2734 1361; x_wconf 90' lang='lat' dir='ltr'><strong>a</strong></span> <span class='ocrx_word' id='word_1_172' title='bbox 2761 1308 2952 1363; x_wconf 90' lang='lat' dir='ltr'><strong>divino</strong></span> <span class='ocrx_word' id='word_1_173' title='bbox 2999 1309 3289 1379; x_wconf 81' lang='lat' dir='ltr'><strong>suspendit</strong></span> <span class='ocrx_word' id='word_1_174' title='bbox 3316 1307 3525 1364; x_wconf 86' lang='lat' dir='ltr'><strong>officio.</strong></span> <span class='ocrx_word' id='word_1_175' title='bbox 3558 1308 3699 1374; x_wconf 85' lang='lat' dir='ltr'><strong>Alia,</strong></span> 
     </span>
    </p>
   </div>
   <div class='ocr_carea' id='block_1_28' title="bbox 2084 1395 3701 1465">
    <p class='ocr_par' dir='ltr' id='par_1_28' title="bbox 2084 1395 3701 1465">
     <span class='ocr_line' id='line_1_28' title="bbox 2084 1395 3701 1465; baseline 0.004 -17"><span class='ocrx_word' id='word_1_176' title='bbox 2084 1395 2231 1465; x_wconf 92' lang='lat' dir='ltr'><strong>quod</strong></span> <span class='ocrx_word' id='word_1_177' title='bbox 2275 1395 2590 1449; x_wconf 83' lang='lat' dir='ltr'><strong>Formosum</strong></span> <span class='ocrx_word' id='word_1_178' title='bbox 2620 1397 2855 1451; x_wconf 90' lang='lat' dir='ltr'><strong>electum</strong></span> <span class='ocrx_word' id='word_1_179' title='bbox 2885 1397 3300 1465; x_wconf 91' lang='lat' dir='ltr'><strong>Treverensem,</strong></span> <span class='ocrx_word' id='word_1_180' title='bbox 3330 1399 3573 1454; x_wconf 89' lang='lat' dir='ltr'><strong>electum</strong></span> <span class='ocrx_word' id='word_1_181' title='bbox 3607 1416 3701 1454; x_wconf 78' lang='lat' dir='ltr'><strong>ca-</strong></span> 
     </span>
    </p>
   </div>
   <div class='ocr_carea' id='block_1_29' title="bbox 2084 1485 3697 1559">
    <p class='ocr_par' dir='ltr' id='par_1_29' title="bbox 2084 1485 3697 1559">
     <span class='ocr_line' id='line_1_29' title="bbox 2084 1485 3697 1559; baseline 0.004 -21"><span class='ocrx_word' id='word_1_182' title='bbox 2084 1485 2298 1550; x_wconf 88' lang='lat' dir='ltr'><strong>nonice,</strong></span> <span class='ocrx_word' id='word_1_183' title='bbox 2330 1486 2562 1542; x_wconf 89' lang='lat' dir='ltr'><strong>sabbato</strong></span> <span class='ocrx_word' id='word_1_184' title='bbox 2594 1494 2785 1542; x_wconf 92' lang='lat' dir='ltr'><strong>sancto</strong></span> <span class='ocrx_word' id='word_1_185' title='bbox 2826 1496 3180 1558; x_wconf 89' lang='lat' dir='ltr'><strong>pentecostes</strong></span> <span class='ocrx_word' id='word_1_186' title='bbox 3219 1488 3274 1542; x_wconf 93' lang='lat' dir='ltr'><strong>in</strong></span> <span class='ocrx_word' id='word_1_187' title='bbox 3327 1491 3697 1559; x_wconf 87' lang='lat' dir='ltr'><strong>presbiterum</strong></span> 
     </span>
    </p>
   </div>
   <div class='ocr_carea' id='block_1_30' title="bbox 2084 1575 3701 1649">
    <p class='ocr_par' dir='ltr' id='par_1_30' title="bbox 2084 1575 3701 1649">
     <span class='ocr_line' id='line_1_30' title="bbox 2084 1575 3701 1649; baseline 0.002 -22"><span class='ocrx_word' id='word_1_188' title='bbox 2084 1575 2438 1642; x_wconf 87' lang='lat' dir='ltr'><strong>cardinalem,</strong></span> <span class='ocrx_word' id='word_1_189' title='bbox 2468 1586 2521 1630; x_wconf 89' lang='lat' dir='ltr'><strong>et</strong></span> <span class='ocrx_word' id='word_1_190' title='bbox 2559 1577 2798 1632; x_wconf 89' lang='lat' dir='ltr'><strong>crastino</strong></span> <span class='ocrx_word' id='word_1_191' title='bbox 2830 1578 2920 1632; x_wconf 91' lang='lat' dir='ltr'><strong>die</strong></span> <span class='ocrx_word' id='word_1_192' title='bbox 2947 1578 3000 1631; x_wconf 92' lang='lat' dir='ltr'><strong>in</strong></span> <span class='ocrx_word' id='word_1_193' title='bbox 3020 1578 3524 1649; x_wconf 88' lang='lat' dir='ltr'><strong>archiepiscopum,</strong></span> <span class='ocrx_word' id='word_1_194' title='bbox 3557 1593 3701 1634; x_wconf 83' lang='lat' dir='ltr'><strong>con-</strong></span> 
     </span>
    </p>
   </div>
   <div class='ocr_carea' id='block_1_31' title="bbox 369 1664 1900 1750">
    <p class='ocr_par' dir='ltr' id='par_1_31' title="bbox 369 1676 1900 1750">
     <span class='ocr_line' id='line_1_31' title="bbox 369 1676 1900 1750; baseline -0.003 -16"><span class='ocrx_word' id='word_1_195' title='bbox 369 1681 752 1750; x_wconf 89' lang='lat' dir='ltr'><strong>perimeretur.</strong></span> <span class='ocrx_word' id='word_1_196' title='bbox 807 1678 956 1732; x_wconf 91' lang='lat' dir='ltr'><strong>Tunc</strong></span> <span class='ocrx_word' id='word_1_197' title='bbox 1013 1676 1127 1748; x_wconf 90' lang='lat' dir='ltr'><strong>regi</strong></span> <span class='ocrx_word' id='word_1_198' title='bbox 1183 1677 1420 1731; x_wconf 90' lang='lat' dir='ltr'><strong>reddidit</strong></span> <span class='ocrx_word' id='word_1_199' title='bbox 1473 1677 1709 1749; x_wconf 88' lang='lat' dir='ltr'><strong>quedam</strong></span> <span class='ocrx_word' id='word_1_200' title='bbox 1760 1682 1900 1730; x_wconf 87' lang='lat' dir='ltr'><strong>caste</strong></span> 
     </span>
    </p>
   </div>
   <div class='ocr_carea' id='block_1_32' title="bbox 2166 1664 3697 1750">
    <p class='ocr_par' dir='ltr' id='par_1_32' title="bbox 2199 1664 3697 1735">
     <span class='ocr_line' id='line_1_32' title="bbox 2199 1664 3697 1735; baseline 0.003 -18"><span class='ocrx_word' id='word_1_201' title='bbox 2199 1672 2380 1719; x_wconf 90' lang='lat' dir='ltr'><strong>votum</strong></span> <span class='ocrx_word' id='word_1_202' title='bbox 2415 1664 2763 1735; x_wconf 89' lang='lat' dir='ltr'><strong>imperatoris</strong></span> <span class='ocrx_word' id='word_1_203' title='bbox 2807 1667 3167 1722; x_wconf 88' lang='lat' dir='ltr'><strong>consecravit.</strong></span> <span class='ocrx_word' id='word_1_204' title='bbox 3223 1667 3357 1721; x_wconf 88' lang='lat' dir='ltr'><strong>Nam</strong></span> <span class='ocrx_word' id='word_1_205' title='bbox 3399 1667 3540 1722; x_wconf 89' lang='lat' dir='ltr'><strong>alter</strong></span> <span class='ocrx_word' id='word_1_206' title='bbox 3571 1667 3697 1722; x_wconf 89' lang='lat' dir='ltr'><strong>ele-</strong></span> 
     </span>
    </p>
   </div>
   <div class='ocr_carea' id='block_1_33' title="bbox 371 1728 3696 1836">
    <p class='ocr_par' dir='ltr' id='par_1_33' title="bbox 371 1728 3696 1836">
     <span class='ocr_line' id='line_1_33' title="bbox 371 1728 3696 1836; baseline 0.001 -12"><span class='ocrx_word' id='word_1_207' title='bbox 371 1728 660 1824; x_wconf 58' lang='lat' dir='ltr'><strong>comitatus</strong></span> <span class='ocrx_word' id='word_1_208' title='bbox 728 1728 1205 1832; x_wconf 54' lang='lat' dir='ltr'><strong>Viromandegsis,</strong></span> <span class='ocrx_word' id='word_1_209' title='bbox 1288 1767 1433 1820; x_wconf 90' lang='lat' dir='ltr'><strong>inter</strong></span> <span class='ocrx_word' id='word_1_210' title='bbox 1478 1728 1616 1836; x_wconf 76' lang='lat' dir='ltr'><strong>1que</strong></span> <span class='ocrx_word' id='word_1_211' title='bbox 1662 1763 1981 1820; x_wconf 91' lang='lat' dir='ltr'><strong>eminebant</strong></span> <span class='ocrx_word' id='word_1_212' title='bbox 2009 1728 2058 1796; x_wconf 78' lang='grc' dir='ltr'>Β</span> <span class='ocrx_word' id='word_1_213' title='bbox 2084 1764 2201 1810; x_wconf 75' lang='lat' dir='ltr'><strong>Olus</strong></span> <span class='ocrx_word' id='word_1_214' title='bbox 2227 1773 2517 1827; x_wconf 72' lang='lat' dir='ltr'><strong>perperam</strong></span> <span class='ocrx_word' id='word_1_215' title='bbox 2548 1756 2747 1823; x_wconf 58' lang='lat' dir='ltr'><strong>fuerat.</strong></span> <span class='ocrx_word' id='word_1_216' title='bbox 2774 1775 2938 1829; x_wconf 86' lang='lat' dir='ltr'><strong>quem</strong></span> <span class='ocrx_word' id='word_1_217' title='bbox 2961 1759 3261 1830; x_wconf 73' lang='grc' dir='ltr'><strong>ἰιηρθτεῑοτ</strong></span> <span class='ocrx_word' id='word_1_218' title='bbox 3279 1759 3696 1814; x_wconf 67' lang='grc' dir='ltr'><strong>ῐηᾶιιιιῑεῠεδεῐ-</strong></span> 
     </span>
    </p>
   </div>
   <div class='ocr_carea' id='block_1_34' title="bbox 373 1857 1982 1926">
    <p class='ocr_par' dir='ltr' id='par_1_34' title="bbox 373 1857 1982 1926">
     <span class='ocr_line' id='line_1_34' title="bbox 373 1857 1982 1926; baseline -0.004 -10"><span class='ocrx_word' id='word_1_219' title='bbox 373 1861 691 1926; x_wconf 84' lang='lat' dir='ltr'><strong>Causiacus,</strong></span> <span class='ocrx_word' id='word_1_220' title='bbox 733 1860 952 1925; x_wconf 84' lang='lat' dir='ltr'><strong>Torota,</strong></span> <span class='ocrx_word' id='word_1_221' title='bbox 996 1858 1148 1914; x_wconf 85' lang='lat' dir='ltr'><strong>Mons</strong></span> <span class='ocrx_word' id='word_1_222' title='bbox 1208 1858 1499 1925; x_wconf 90' lang='lat' dir='ltr'><strong>Desiderii,</strong></span> <span class='ocrx_word' id='word_1_223' title='bbox 1559 1857 1863 1923; x_wconf 90' lang='lat' dir='ltr'><strong>Calmacus,</strong></span> <span class='ocrx_word' id='word_1_224' title='bbox 1929 1864 1982 1910; x_wconf 93' lang='lat' dir='ltr'><strong>et</strong></span> 
     </span>
    </p>
   </div>
   <div class='ocr_carea' id='block_1_35' title="bbox 375 1949 1984 2022">
    <p class='ocr_par' dir='ltr' id='par_1_35' title="bbox 375 1949 1984 2022">
     <span class='ocr_line' id='line_1_35' title="bbox 375 1949 1984 2022; baseline -0.005 -12"><span class='ocrx_word' id='word_1_225' title='bbox 375 1954 666 2010; x_wconf 87' lang='lat' dir='ltr'><strong>comitatus</strong></span> <span class='ocrx_word' id='word_1_226' title='bbox 693 1951 1102 2006; x_wconf 83' lang='lat' dir='ltr'><strong>Ambianensis.</strong></span> <span class='ocrx_word' id='word_1_227' title='bbox 1133 1951 1212 2006; x_wconf 93' lang='lat' dir='ltr'><strong>lbi</strong></span> <span class='ocrx_word' id='word_1_228' title='bbox 1237 1951 1594 2022; x_wconf 84' lang='lat' dir='ltr'><strong>pacificantur</strong></span> <span class='ocrx_word' id='word_1_229' title='bbox 1621 1967 1807 2006; x_wconf 90' lang='lat' dir='ltr'><strong>comes</strong></span> <span class='ocrx_word' id='word_1_230' title='bbox 1829 1949 1984 2003; x_wconf 82' lang='lat' dir='ltr'><strong>Flan-</strong></span> 
     </span>
    </p>
   </div>
   <div class='ocr_carea' id='block_1_36' title="bbox 375 2043 1979 2114">
    <p class='ocr_par' dir='ltr' id='par_1_36' title="bbox 375 2043 1979 2114">
     <span class='ocr_line' id='line_1_36' title="bbox 375 2043 1979 2114; baseline -0.006 -8"><span class='ocrx_word' id='word_1_231' title='bbox 375 2050 592 2105; x_wconf 91' lang='lat' dir='ltr'><strong>drensis</strong></span> <span class='ocrx_word' id='word_1_232' title='bbox 622 2056 676 2103; x_wconf 92' lang='lat' dir='ltr'><strong>et</strong></span> <span class='ocrx_word' id='word_1_233' title='bbox 702 2047 1044 2112; x_wconf 89' lang='lat' dir='ltr'><strong>Hainoensis,</strong></span> <span class='ocrx_word' id='word_1_234' title='bbox 1067 2055 1150 2102; x_wconf 91' lang='lat' dir='ltr'><strong>set</strong></span> <span class='ocrx_word' id='word_1_235' title='bbox 1180 2047 1426 2102; x_wconf 92' lang='lat' dir='ltr'><strong>nondum</strong></span> <span class='ocrx_word' id='word_1_236' title='bbox 1455 2045 1619 2100; x_wconf 92' lang='lat' dir='ltr'><strong>corde</strong></span> <span class='ocrx_word' id='word_1_237' title='bbox 1651 2043 1806 2100; x_wconf 87' lang='lat' dir='ltr'><strong>firmo</strong></span> <span class='ocrx_word' id='word_1_238' title='bbox 1836 2044 1979 2114; x_wconf 46' lang='lat'><strong>(446‘</strong></span> 
     </span>
    </p>
   </div>
   <div class='ocr_carea' id='block_1_37' title="bbox 378 2135 1985 2207">
    <p class='ocr_par' dir='ltr' id='par_1_37' title="bbox 378 2135 1985 2207">
     <span class='ocr_line' id='line_1_37' title="bbox 378 2135 1985 2207; baseline -0.003 -14"><span class='ocrx_word' id='word_1_239' title='bbox 378 2139 474 2195; x_wconf 92' lang='lat' dir='ltr'><strong>Hic</strong></span> <span class='ocrx_word' id='word_1_240' title='bbox 504 2155 680 2192; x_wconf 88' lang='lat' dir='ltr'><strong>annus</strong></span> <span class='ocrx_word' id='word_1_241' title='bbox 729 2137 1008 2190; x_wconf 87' lang='lat' dir='ltr'><strong>habundat</strong></span> <span class='ocrx_word' id='word_1_242' title='bbox 1057 2135 1330 2191; x_wconf 91' lang='lat' dir='ltr'><strong>frumento</strong></span> <span class='ocrx_word' id='word_1_243' title='bbox 1373 2145 1427 2190; x_wconf 87' lang='lat' dir='ltr'><strong>et</strong></span> <span class='ocrx_word' id='word_1_244' title='bbox 1453 2136 1581 2191; x_wconf 85' lang='lat' dir='ltr'><strong>vino</strong></span> <span class='ocrx_word' id='word_1_245' title='bbox 1651 2135 1985 2207; x_wconf 88' lang='lat' dir='ltr'><strong>Francigene</strong></span> 
     </span>
    </p>
   </div>
   <div class='ocr_carea' id='block_1_38' title="bbox 373 2230 1988 2304">
    <p class='ocr_par' dir='ltr' id='par_1_38' title="bbox 373 2230 1988 2304">
     <span class='ocr_line' id='line_1_38' title="bbox 373 2230 1988 2304; baseline -0.004 -16"><span class='ocrx_word' id='word_1_246' title='bbox 373 2233 728 2304; x_wconf 91' lang='lat' dir='ltr'><strong>vilipendunt</strong></span> <span class='ocrx_word' id='word_1_247' title='bbox 773 2231 1086 2302; x_wconf 89' lang='lat' dir='ltr'><strong>Philippum</strong></span> <span class='ocrx_word' id='word_1_248' title='bbox 1121 2232 1376 2286; x_wconf 89' lang='lat' dir='ltr'><strong>comitem</strong></span> <span class='ocrx_word' id='word_1_249' title='bbox 1427 2232 1480 2286; x_wconf 90' lang='lat' dir='ltr'><strong>in</strong></span> <span class='ocrx_word' id='word_1_250' title='bbox 1514 2230 1793 2302; x_wconf 90' lang='lat' dir='ltr'><strong>presentia</strong></span> <span class='ocrx_word' id='word_1_251' title='bbox 1845 2230 1988 2303; x_wconf 88' lang='lat' dir='ltr'><strong>regis</strong></span> 
     </span>
    </p>
   </div>
   <div class='ocr_carea' id='block_1_39' title="bbox 375 2319 1962 2393">
    <p class='ocr_par' dir='ltr' id='par_1_39' title="bbox 375 2319 1962 2393">
     <span class='ocr_line' id='line_1_39' title="bbox 375 2319 1962 2393; baseline -0.002 -17"><span class='ocrx_word' id='word_1_252' title='bbox 375 2323 521 2392; x_wconf 90' lang='lat' dir='ltr'><strong>apud</strong></span> <span class='ocrx_word' id='word_1_253' title='bbox 549 2320 951 2392; x_wconf 89' lang='lat' dir='ltr'><strong>Conpendium,</strong></span> <span class='ocrx_word' id='word_1_254' title='bbox 984 2320 1168 2374; x_wconf 87' lang='lat' dir='ltr'><strong>verbis</strong></span> <span class='ocrx_word' id='word_1_255' title='bbox 1197 2319 1504 2393; x_wconf 86' lang='lat' dir='ltr'><strong>nugacibus</strong></span> <span class='ocrx_word' id='word_1_256' title='bbox 1535 2321 1812 2374; x_wconf 88' lang='lat' dir='ltr'><strong>irritantes</strong></span> <span class='ocrx_word' id='word_1_257' title='bbox 1836 2336 1962 2374; x_wconf 89' lang='lat' dir='ltr'><strong>eum</strong></span> 
     </span>
    </p>
   </div>
   <div class='ocr_carea' id='block_1_40' title="bbox 375 2411 1990 2486">
    <p class='ocr_par' dir='ltr' id='par_1_40' title="bbox 375 2411 1990 2486">
     <span class='ocr_line' id='line_1_40' title="bbox 375 2411 1990 2486; baseline -0.002 -19"><span class='ocrx_word' id='word_1_258' title='bbox 375 2413 475 2477; x_wconf 88' lang='lat' dir='ltr'><strong>Qui</strong></span> <span class='ocrx_word' id='word_1_259' title='bbox 517 2413 571 2466; x_wconf 94' lang='lat' dir='ltr'><strong>in</strong></span> <span class='ocrx_word' id='word_1_260' title='bbox 613 2411 932 2466; x_wconf 80' lang='lat' dir='ltr'><strong>Alemannia</strong></span> <span class='ocrx_word' id='word_1_261' title='bbox 953 2427 1191 2483; x_wconf 83' lang='lat' dir='ltr'><strong>pergens</strong></span> <span class='ocrx_word' id='word_1_262' title='bbox 1218 2412 1285 2465; x_wconf 88' lang='lat' dir='ltr'><strong>ad</strong></span> <span class='ocrx_word' id='word_1_263' title='bbox 1316 2427 1501 2486; x_wconf 84' lang='lat' dir='ltr'><strong>regem</strong></span> <span class='ocrx_word' id='word_1_264' title='bbox 1530 2411 1842 2476; x_wconf 90' lang='lat' dir='ltr'><strong>Henricum,</strong></span> <span class='ocrx_word' id='word_1_265' title='bbox 1869 2411 1990 2478; x_wconf 88' lang='lat' dir='ltr'><strong>ejus</strong></span> 
     </span>
    </p>
   </div>
   <div class='ocr_carea' id='block_1_41' title="bbox 374 2499 1989 2566">
    <p class='ocr_par' dir='ltr' id='par_1_41' title="bbox 374 2499 1989 2566">
     <span class='ocr_line' id='line_1_41' title="bbox 374 2499 1989 2566; baseline -0.003 -8"><span class='ocrx_word' id='word_1_266' title='bbox 374 2501 607 2558; x_wconf 92' lang='lat' dir='ltr'><strong>consilio</strong></span> <span class='ocrx_word' id='word_1_267' title='bbox 653 2499 948 2564; x_wconf 90' lang='lat' dir='ltr'><strong>animatus,</strong></span> <span class='ocrx_word' id='word_1_268' title='bbox 995 2507 1048 2553; x_wconf 93' lang='lat' dir='ltr'><strong>et</strong></span> <span class='ocrx_word' id='word_1_269' title='bbox 1075 2499 1276 2554; x_wconf 91' lang='lat' dir='ltr'><strong>auxilio</strong></span> <span class='ocrx_word' id='word_1_270' title='bbox 1306 2502 1351 2554; x_wconf 91' lang='lat' dir='ltr'><strong>si</strong></span> <span class='ocrx_word' id='word_1_271' title='bbox 1393 2515 1619 2555; x_wconf 88' lang='lat' dir='ltr'><strong>necesse</strong></span> <span class='ocrx_word' id='word_1_272' title='bbox 1649 2499 1832 2566; x_wconf 91' lang='lat' dir='ltr'><strong>fuerit,</strong></span> <span class='ocrx_word' id='word_1_273' title='bbox 1866 2515 1989 2554; x_wconf 89' lang='lat' dir='ltr'><strong>cor—</strong></span> 
     </span>
    </p>
   </div>
   <div class='ocr_carea' id='block_1_42' title="bbox 377 2587 1990 2659">
    <p class='ocr_par' dir='ltr' id='par_1_42' title="bbox 377 2587 1990 2659">
     <span class='ocr_line' id='line_1_42' title="bbox 377 2587 1990 2659; baseline 0 -15"><span class='ocrx_word' id='word_1_274' title='bbox 377 2589 745 2655; x_wconf 89' lang='lat' dir='ltr'><strong>roborandus,</strong></span> <span class='ocrx_word' id='word_1_275' title='bbox 780 2587 988 2659; x_wconf 89' lang='lat' dir='ltr'><strong>hylaris</strong></span> <span class='ocrx_word' id='word_1_276' title='bbox 1020 2588 1073 2642; x_wconf 92' lang='lat' dir='ltr'><strong>in</strong></span> <span class='ocrx_word' id='word_1_277' title='bbox 1108 2588 1414 2644; x_wconf 85' lang='lat' dir='ltr'><strong>Flandriam</strong></span> <span class='ocrx_word' id='word_1_278' title='bbox 1439 2589 1743 2644; x_wconf 87' lang='lat' dir='ltr'><strong>revertitur.</strong></span> <span class='ocrx_word' id='word_1_279' title='bbox 1776 2588 1990 2644; x_wconf 87' lang='lat' dir='ltr'><strong>Andro-</strong></span> 
     </span>
    </p>
   </div>
   <div class='ocr_carea' id='block_1_43' title="bbox 379 2680 1990 2752">
    <p class='ocr_par' dir='ltr' id='par_1_43' title="bbox 379 2680 1990 2752">
     <span class='ocr_line' id='line_1_43' title="bbox 379 2680 1990 2752; baseline 0 -16"><span class='ocrx_word' id='word_1_280' title='bbox 379 2683 538 2737; x_wconf 91' lang='lat' dir='ltr'><strong>nicus</strong></span> <span class='ocrx_word' id='word_1_281' title='bbox 585 2680 1230 2750; x_wconf 87' lang='lat' dir='ltr'><strong>Constantinopolitauus</strong></span> <span class='ocrx_word' id='word_1_282' title='bbox 1287 2688 1550 2750; x_wconf 78' lang='lat' dir='ltr'><strong>tyrannus</strong></span> <span class='ocrx_word' id='word_1_283' title='bbox 1579 2689 1631 2736; x_wconf 89' lang='lat' dir='ltr'><strong>et</strong></span> <span class='ocrx_word' id='word_1_284' title='bbox 1663 2691 1990 2752; x_wconf 76' lang='lat' dir='ltr'><strong>apostata—</strong></span> 
     </span>
    </p>
   </div>
   <div class='ocr_carea' id='block_1_44' title="bbox 379 2769 1989 2843">
    <p class='ocr_par' dir='ltr' id='par_1_44' title="bbox 379 2769 1989 2843">
     <span class='ocr_line' id='line_1_44' title="bbox 379 2769 1989 2843; baseline 0.001 -20"><span class='ocrx_word' id='word_1_285' title='bbox 379 2770 587 2824; x_wconf 90' lang='lat' dir='ltr'><strong>dudum</strong></span> <span class='ocrx_word' id='word_1_286' title='bbox 622 2769 766 2822; x_wconf 92' lang='lat' dir='ltr'><strong>enim</strong></span> <span class='ocrx_word' id='word_1_287' title='bbox 799 2769 1254 2827; x_wconf 85' lang='lat' dir='ltr'><strong>christianilatcm</strong></span> <span class='ocrx_word' id='word_1_288' title='bbox 1288 2769 1664 2843; x_wconf 85' lang='lat' dir='ltr'><strong>abnegaverat</strong></span> <span class='ocrx_word' id='word_1_289' title='bbox 1695 2803 1752 2812; x_wconf 95' lang='lat'>—</span> <span class='ocrx_word' id='word_1_290' title='bbox 1786 2771 1989 2828; x_wconf 64' lang='lat' dir='ltr'><strong>interfio</strong></span> 
     </span>
    </p>
   </div>
   <div class='ocr_carea' id='block_1_45' title="bbox 384 2859 1997 2935">
    <p class='ocr_par' dir='ltr' id='par_1_45' title="bbox 384 2859 1997 2935">
     <span class='ocr_line' id='line_1_45' title="bbox 384 2859 1997 2935; baseline 0.003 -21"><span class='ocrx_word' id='word_1_291' title='bbox 384 2860 526 2914; x_wconf 90' lang='lat' dir='ltr'><strong>citur</strong></span> <span class='ocrx_word' id='word_1_292' title='bbox 550 2860 605 2912; x_wconf 91' lang='lat' dir='ltr'><strong>in</strong></span> <span class='ocrx_word' id='word_1_293' title='bbox 638 2859 841 2928; x_wconf 88' lang='lat' dir='ltr'><strong>palatio</strong></span> <span class='ocrx_word' id='word_1_294' title='bbox 891 2875 921 2912; x_wconf 90' lang='lat' dir='ltr'><strong>a</strong></span> <span class='ocrx_word' id='word_1_295' title='bbox 951 2860 1187 2930; x_wconf 90' lang='lat' dir='ltr'><strong>quodam</strong></span> <span class='ocrx_word' id='word_1_296' title='bbox 1221 2862 1394 2931; x_wconf 89' lang='lat' dir='ltr'><strong>probo</strong></span> <span class='ocrx_word' id='word_1_297' title='bbox 1433 2863 1606 2916; x_wconf 91' lang='lat' dir='ltr'><strong>milite</strong></span> <span class='ocrx_word' id='word_1_298' title='bbox 1649 2864 1781 2935; x_wconf 81' lang='lat' dir='ltr'><strong>regii</strong></span> <span class='ocrx_word' id='word_1_299' title='bbox 1824 2881 1997 2935; x_wconf 82' lang='lat' dir='ltr'><strong>gene-</strong></span> 
     </span>
    </p>
   </div>
   <div class='ocr_carea' id='block_1_46' title="bbox 383 2947 2000 3018">
    <p class='ocr_par' dir='ltr' id='par_1_46' title="bbox 383 2947 2000 3018">
     <span class='ocr_line' id='line_1_46' title="bbox 383 2947 2000 3018; baseline 0.001 -15"><span class='ocrx_word' id='word_1_300' title='bbox 383 2947 480 3012; x_wconf 91' lang='lat' dir='ltr'><strong>ris,</strong></span> <span class='ocrx_word' id='word_1_301' title='bbox 506 2963 668 3018; x_wconf 91' lang='lat' dir='ltr'><strong>quem</strong></span> <span class='ocrx_word' id='word_1_302' title='bbox 689 2947 879 3001; x_wconf 87' lang='lat' dir='ltr'><strong>dolose</strong></span> <span class='ocrx_word' id='word_1_303' title='bbox 906 2947 1159 3002; x_wconf 90' lang='lat' dir='ltr'><strong>occidere</strong></span> <span class='ocrx_word' id='word_1_304' title='bbox 1190 2948 1519 3018; x_wconf 90' lang='lat' dir='ltr'><strong>disponebat</strong></span> <span class='ocrx_word' id='word_1_305' title='bbox 1580 2949 1700 3013; x_wconf 85' lang='lat' dir='ltr'><strong>Qui,</strong></span> <span class='ocrx_word' id='word_1_306' title='bbox 1724 2949 2000 3009; x_wconf 86' lang='lat' dir='ltr'><strong>animatus</strong></span> 
     </span>
    </p>
   </div>
   <div class='ocr_carea' id='block_1_47' title="bbox 384 3038 1994 3108">
    <p class='ocr_par' dir='ltr' id='par_1_47' title="bbox 384 3038 1994 3108">
     <span class='ocr_line' id='line_1_47' title="bbox 384 3038 1994 3108; baseline 0.002 -16"><span class='ocrx_word' id='word_1_307' title='bbox 384 3038 589 3093; x_wconf 78' lang='lat' dir='ltr'><strong>auxilio</strong></span> <span class='ocrx_word' id='word_1_308' title='bbox 648 3044 934 3108; x_wconf 89' lang='lat' dir='ltr'><strong>parentum</strong></span> <span class='ocrx_word' id='word_1_309' title='bbox 976 3053 1198 3092; x_wconf 92' lang='lat' dir='ltr'><strong>suorum</strong></span> <span class='ocrx_word' id='word_1_310' title='bbox 1252 3047 1307 3094; x_wconf 90' lang='lat' dir='ltr'><strong>et</strong></span> <span class='ocrx_word' id='word_1_311' title='bbox 1363 3039 1562 3094; x_wconf 87' lang='lat' dir='ltr'><strong>civium</strong></span> <span class='ocrx_word' id='word_1_312' title='bbox 1623 3040 1994 3096; x_wconf 85' lang='lat' dir='ltr'><strong>Andronicum</strong></span> 
     </span>
    </p>
   </div>
   <div class='ocr_carea' id='block_1_48' title="bbox 385 3129 1994 3194">
    <p class='ocr_par' dir='ltr' id='par_1_48' title="bbox 385 3129 1994 3194">
     <span class='ocr_line' id='line_1_48' title="bbox 385 3129 1994 3194; baseline 0.001 -9"><span class='ocrx_word' id='word_1_313' title='bbox 385 3129 718 3191; x_wconf 90' lang='lat' dir='ltr'><strong>odientium,</strong></span> <span class='ocrx_word' id='word_1_314' title='bbox 749 3129 1005 3184; x_wconf 88' lang='lat' dir='ltr'><strong>occidere</strong></span> <span class='ocrx_word' id='word_1_315' title='bbox 1033 3146 1092 3183; x_wconf 91' lang='lat' dir='ltr'><strong>se</strong></span> <span class='ocrx_word' id='word_1_316' title='bbox 1117 3129 1392 3186; x_wconf 87' lang='lat' dir='ltr'><strong>volentem</strong></span> <span class='ocrx_word' id='word_1_317' title='bbox 1425 3131 1721 3194; x_wconf 92' lang='lat' dir='ltr'><strong>occidit,et</strong></span> <span class='ocrx_word' id='word_1_318' title='bbox 1752 3148 1994 3187; x_wconf 90' lang='lat' dir='ltr'><strong>consen-</strong></span> 
     </span>
    </p>
   </div>
   <div class='ocr_carea' id='block_1_49' title="bbox 384 3226 1999 3299">
    <p class='ocr_par' dir='ltr' id='par_1_49' title="bbox 384 3226 1999 3299">
     <span class='ocr_line' id='line_1_49' title="bbox 384 3226 1999 3299; baseline 0.003 -19"><span class='ocrx_word' id='word_1_319' title='bbox 384 3226 655 3281; x_wconf 89' lang='lat' dir='ltr'><strong>tientibus</strong></span> <span class='ocrx_word' id='word_1_320' title='bbox 683 3239 782 3296; x_wconf 92' lang='lat' dir='ltr'><strong>pro</strong></span> <span class='ocrx_word' id='word_1_321' title='bbox 805 3241 871 3280; x_wconf 93' lang='lat' dir='ltr'><strong>eo</strong></span> <span class='ocrx_word' id='word_1_322' title='bbox 894 3226 1214 3296; x_wconf 88' lang='lat' dir='ltr'><strong>imperavit;</strong></span> <span class='ocrx_word' id='word_1_323' title='bbox 1256 3227 1349 3298; x_wconf 92' lang='lat' dir='ltr'><strong>qui</strong></span> <span class='ocrx_word' id='word_1_324' title='bbox 1380 3228 1806 3299; x_wconf 87' lang='lat' dir='ltr'><strong>imperatricem,</strong></span> <span class='ocrx_word' id='word_1_325' title='bbox 1831 3229 1999 3286; x_wconf 78' lang='lat' dir='ltr'><strong>filiam</strong></span> 
     </span>
    </p>
   </div>
   <div class='ocr_carea' id='block_1_50' title="bbox 387 3315 1998 3391">
    <p class='ocr_par' dir='ltr' id='par_1_50' title="bbox 387 3315 1998 3391">
     <span class='ocr_line' id='line_1_50' title="bbox 387 3315 1998 3391; baseline 0.002 -20"><span class='ocrx_word' id='word_1_326' title='bbox 387 3316 597 3372; x_wconf 87' lang='lat' dir='ltr'><strong>scilicet</strong></span> <span class='ocrx_word' id='word_1_327' title='bbox 651 3315 910 3371; x_wconf 89' lang='lat' dir='ltr'><strong>Ludovici</strong></span> <span class='ocrx_word' id='word_1_328' title='bbox 970 3321 1116 3391; x_wconf 87' lang='lat' dir='ltr'><strong>regis</strong></span> <span class='ocrx_word' id='word_1_329' title='bbox 1169 3318 1523 3386; x_wconf 87' lang='lat' dir='ltr'><strong>Francorum,</strong></span> <span class='ocrx_word' id='word_1_330' title='bbox 1573 3320 1789 3386; x_wconf 75' lang='lat' dir='ltr'><strong>clausnt,</strong></span> <span class='ocrx_word' id='word_1_331' title='bbox 1843 3331 1898 3377; x_wconf 95' lang='lat' dir='ltr'><strong>et</strong></span> <span class='ocrx_word' id='word_1_332' title='bbox 1949 3323 1998 3375; x_wconf 91' lang='lat' dir='ltr'><strong>ei</strong></span> 
     </span>
    </p>
   </div>
   <div class='ocr_carea' id='block_1_51' title="bbox 383 3405 2000 3481">
    <p class='ocr_par' dir='ltr' id='par_1_51' title="bbox 383 3405 2000 3481">
     <span class='ocr_line' id='line_1_51' title="bbox 383 3405 2000 3481; baseline 0.002 -19"><span class='ocrx_word' id='word_1_333' title='bbox 383 3406 662 3478; x_wconf 90' lang='lat' dir='ltr'><strong>condigno</strong></span> <span class='ocrx_word' id='word_1_334' title='bbox 692 3405 900 3460; x_wconf 90' lang='lat' dir='ltr'><strong>honore</strong></span> <span class='ocrx_word' id='word_1_335' title='bbox 948 3407 1260 3462; x_wconf 88' lang='lat' dir='ltr'><strong>ministrare</strong></span> <span class='ocrx_word' id='word_1_336' title='bbox 1317 3409 1583 3479; x_wconf 89' lang='lat' dir='ltr'><strong>precepit.</strong></span> <span class='ocrx_word' id='word_1_337' title='bbox 1635 3410 1830 3464; x_wconf 84' lang='lat' dir='ltr'><strong>Lucius</strong></span> <span class='ocrx_word' id='word_1_338' title='bbox 1860 3427 2000 3481; x_wconf 89' lang='lat' dir='ltr'><strong>papa</strong></span> 
     </span>
    </p>
   </div>
   <div class='ocr_carea' id='block_1_52' title="bbox 385 3495 1998 3572">
    <p class='ocr_par' dir='ltr' id='par_1_52' title="bbox 385 3495 1998 3572">
     <span class='ocr_line' id='line_1_52' title="bbox 385 3495 1998 3572; baseline 0.004 -22"><span class='ocrx_word' id='word_1_339' title='bbox 385 3495 531 3568; x_wconf 88' lang='lat' dir='ltr'><strong>apud</strong></span> <span class='ocrx_word' id='word_1_340' title='bbox 599 3495 868 3550; x_wconf 88' lang='lat' dir='ltr'><strong>Veronam</strong></span> <span class='ocrx_word' id='word_1_341' title='bbox 927 3501 1174 3552; x_wconf 92' lang='lat' dir='ltr'><strong>mortuus</strong></span> <span class='ocrx_word' id='word_1_342' title='bbox 1212 3503 1294 3551; x_wconf 91' lang='lat' dir='ltr'><strong>est</strong></span> <span class='ocrx_word' id='word_1_343' title='bbox 1326 3497 1482 3569; x_wconf 88' lang='lat' dir='ltr'><strong>(Nov.</strong></span> <span class='ocrx_word' id='word_1_344' title='bbox 1537 3500 1674 3569; x_wconf 70' lang='lat'><strong>24.};</strong></span> <span class='ocrx_word' id='word_1_345' title='bbox 1729 3517 1894 3572; x_wconf 91' lang='lat' dir='ltr'><strong>quem</strong></span> <span class='ocrx_word' id='word_1_346' title='bbox 1943 3502 1998 3555; x_wconf 90' lang='lat' dir='ltr'><strong>in</strong></span> 
     </span>
    </p>
   </div>
   <div class='ocr_carea' id='block_1_53' title="bbox 387 3584 1998 3656">
    <p class='ocr_par' dir='ltr' id='par_1_53' title="bbox 387 3584 1998 3656">
     <span class='ocr_line' id='line_1_53' title="bbox 387 3584 1998 3656; baseline 0.004 -18"><span class='ocrx_word' id='word_1_347' title='bbox 387 3585 623 3638; x_wconf 86' lang='lat' dir='ltr'><strong>ecclesia</strong></span> <span class='ocrx_word' id='word_1_348' title='bbox 663 3585 821 3640; x_wconf 89' lang='lat' dir='ltr'><strong>beate</strong></span> <span class='ocrx_word' id='word_1_349' title='bbox 857 3584 1044 3652; x_wconf 84' lang='lat' dir='ltr'><strong>Marie,</strong></span> <span class='ocrx_word' id='word_1_350' title='bbox 1097 3586 1149 3638; x_wconf 93' lang='lat' dir='ltr'><strong>in</strong></span> <span class='ocrx_word' id='word_1_351' title='bbox 1189 3587 1484 3656; x_wconf 91' lang='lat' dir='ltr'><strong>sepulchro</strong></span> <span class='ocrx_word' id='word_1_352' title='bbox 1535 3605 1842 3646; x_wconf 90' lang='lat' dir='ltr'><strong>marmoreo</strong></span> <span class='ocrx_word' id='word_1_353' title='bbox 1873 3598 1998 3646; x_wconf 91' lang='lat' dir='ltr'><strong>ante</strong></span> 
     </span>
    </p>
   </div>
   <div class='ocr_carea' id='block_1_54' title="bbox 385 3673 2002 3745">
    <p class='ocr_par' dir='ltr' id='par_1_54' title="bbox 385 3673 2002 3745">
     <span class='ocr_line' id='line_1_54' title="bbox 385 3673 2002 3745; baseline 0.004 -18"><span class='ocrx_word' id='word_1_354' title='bbox 385 3673 564 3742; x_wconf 86' lang='lat' dir='ltr'><strong>majus</strong></span> <span class='ocrx_word' id='word_1_355' title='bbox 614 3675 783 3728; x_wconf 90' lang='lat' dir='ltr'><strong>altare</strong></span> <span class='ocrx_word' id='word_1_356' title='bbox 838 3673 1210 3745; x_wconf 88' lang='lat' dir='ltr'><strong>sepelierunt;</strong></span> <span class='ocrx_word' id='word_1_357' title='bbox 1265 3677 1352 3731; x_wconf 91' lang='lat' dir='ltr'><strong>cui</strong></span> <span class='ocrx_word' id='word_1_358' title='bbox 1407 3679 1672 3734; x_wconf 90' lang='lat' dir='ltr'><strong>successit</strong></span> <span class='ocrx_word' id='word_1_359' title='bbox 1729 3679 2002 3736; x_wconf 88' lang='lat' dir='ltr'><strong>Hubertus</strong></span> 
     </span>
    </p>
   </div>
   <div class='ocr_carea' id='block_1_55' title="bbox 385 3765 2004 3841">
    <p class='ocr_par' dir='ltr' id='par_1_55' title="bbox 385 3765 2004 3841">
     <span class='ocr_line' id='line_1_55' title="bbox 385 3765 2004 3841; baseline 0.004 -21"><span class='ocrx_word' id='word_1_360' title='bbox 385 3765 814 3821; x_wconf 87' lang='lat' dir='ltr'><strong>Mediolanensis</strong></span> <span class='ocrx_word' id='word_1_361' title='bbox 843 3766 1315 3838; x_wconf 86' lang='lat' dir='ltr'><strong>archiepiscopus,</strong></span> <span class='ocrx_word' id='word_1_362' title='bbox 1361 3771 1637 3841; x_wconf 91' lang='lat' dir='ltr'><strong>quondam</strong></span> <span class='ocrx_word' id='word_1_363' title='bbox 1697 3772 2004 3828; x_wconf 89' lang='lat' dir='ltr'><strong>Bituricen-</strong></span> 
     </span>
    </p>
   </div>
   <div class='ocr_carea' id='block_1_56' title="bbox 389 3854 1998 3930">
    <p class='ocr_par' dir='ltr' id='par_1_56' title="bbox 389 3854 1998 3930">
     <span class='ocr_line' id='line_1_56' title="bbox 389 3854 1998 3930; baseline 0.003 -22"><span class='ocrx_word' id='word_1_364' title='bbox 389 3854 468 3908; x_wconf 84' lang='lat' dir='ltr'><strong>sis</strong></span> <span class='ocrx_word' id='word_1_365' title='bbox 498 3854 943 3922; x_wconf 87' lang='lat' dir='ltr'><strong>archidiaconus,</strong></span> <span class='ocrx_word' id='word_1_366' title='bbox 984 3855 1102 3926; x_wconf 91' lang='lat' dir='ltr'><strong>qui,</strong></span> <span class='ocrx_word' id='word_1_367' title='bbox 1124 3855 1271 3924; x_wconf 86' lang='lat' dir='ltr'><strong>justa</strong></span> <span class='ocrx_word' id='word_1_368' title='bbox 1302 3873 1509 3913; x_wconf 89' lang='lat' dir='ltr'><strong>morem</strong></span> <span class='ocrx_word' id='word_1_369' title='bbox 1543 3859 1998 3930; x_wconf 90' lang='lat' dir='ltr'><strong>predecessorum</strong></span> 
     </span>
    </p>
   </div>
   <div class='ocr_carea' id='block_1_57' title="bbox 386 3944 1992 4013">
    <p class='ocr_par' dir='ltr' id='par_1_57' title="bbox 386 3944 1992 4013">
     <span class='ocr_line' id='line_1_57' title="bbox 386 3944 1992 4013; baseline 0.004 -16"><span class='ocrx_word' id='word_1_370' title='bbox 386 3958 612 3998; x_wconf 90' lang='lat' dir='ltr'><strong>suorum</strong></span> <span class='ocrx_word' id='word_1_371' title='bbox 650 3944 875 4000; x_wconf 90' lang='lat' dir='ltr'><strong>nomine</strong></span> <span class='ocrx_word' id='word_1_372' title='bbox 927 3950 1156 4010; x_wconf 90' lang='lat' dir='ltr'><strong>mutato,</strong></span> <span class='ocrx_word' id='word_1_373' title='bbox 1198 3954 1422 4000; x_wconf 84' lang='lat' dir='ltr'><strong>vocatur</strong></span> <span class='ocrx_word' id='word_1_374' title='bbox 1466 3946 1716 4001; x_wconf 87' lang='lat' dir='ltr'><strong>Urbanus</strong></span> <span class='ocrx_word' id='word_1_375' title='bbox 1762 3949 1992 4013; x_wconf 88' lang='lat' dir='ltr'><strong>tercius;</strong></span> 
     </span>
    </p>
   </div>
   <div class='ocr_carea' id='block_1_58' title="bbox 381 4036 1996 4108">
    <p class='ocr_par' dir='ltr' id='par_1_58' title="bbox 381 4036 1996 4108">
     <span class='ocr_line' id='line_1_58' title="bbox 381 4036 1996 4108; baseline 0.004 -19"><span class='ocrx_word' id='word_1_376' title='bbox 381 4037 498 4108; x_wconf 90' lang='lat' dir='ltr'><strong>qui,</strong></span> <span class='ocrx_word' id='word_1_377' title='bbox 525 4036 678 4104; x_wconf 83' lang='lat' dir='ltr'><strong>juxta</strong></span> <span class='ocrx_word' id='word_1_378' title='bbox 727 4051 1016 4090; x_wconf 89' lang='lat' dir='ltr'><strong>numerum</strong></span> <span class='ocrx_word' id='word_1_379' title='bbox 1057 4037 1431 4107; x_wconf 82' lang='lat' dir='ltr'><strong>suprascripto</strong></span> <span class='ocrx_word' id='word_1_380' title='bbox 1480 4039 1722 4107; x_wconf 89' lang='lat' dir='ltr'><strong>cronice,</strong></span> <span class='ocrx_word' id='word_1_381' title='bbox 1753 4040 1996 4096; x_wconf 84' lang='lat' dir='ltr'><strong>Romane</strong></span> 
     </span>
    </p>
   </div>
   <div class='ocr_carea' id='block_1_59' title="bbox 383 4125 1036 4196">
    <p class='ocr_par' dir='ltr' id='par_1_59' title="bbox 383 4125 1036 4196">
     <span class='ocr_line' id='line_1_59' title="bbox 383 4125 1036 4196; baseline -0.002 -16"><span class='ocrx_word' id='word_1_382' title='bbox 383 4125 506 4180; x_wconf 87' lang='lat' dir='ltr'><strong>urbi</strong></span> <span class='ocrx_word' id='word_1_383' title='bbox 539 4125 785 4196; x_wconf 90' lang='lat' dir='ltr'><strong>presidet</strong></span> <span class='ocrx_word' id='word_1_384' title='bbox 814 4126 919 4179; x_wconf 83' lang='grc'><strong>170</strong></span> <span class='ocrx_word' id='word_1_385' title='bbox 950 4126 1036 4179; x_wconf 67' lang='lat'><strong>‘55.</strong></span> 
     </span>
    </p>
   </div>
   <div class='ocr_carea' id='block_1_60' title="bbox 493 4219 1836 4279">
    <p class='ocr_par' dir='ltr' id='par_1_60' title="bbox 493 4219 1836 4279">
     <span class='ocr_line' id='line_1_60' title="bbox 493 4219 1836 4279; baseline 0.004 -6"><span class='ocrx_word' id='word_1_386' title='bbox 493 4220 652 4274; x_wconf 82' lang='grc'>1186.</span> <span class='ocrx_word' id='word_1_387' title='bbox 771 4219 963 4274; x_wconf 72' lang='grc' dir='ltr'><strong>Β.34.</strong></span> <span class='ocrx_word' id='word_1_388' title='bbox 1077 4220 1133 4275; x_wconf 81' lang='lat' dir='ltr'><strong>F.</strong></span> <span class='ocrx_word' id='word_1_389' title='bbox 1175 4223 1226 4274; x_wconf 84' lang='lat'><strong>6.</strong></span> <span class='ocrx_word' id='word_1_390' title='bbox 1340 4223 1528 4277; x_wconf 78' lang='grc' dir='ltr'><strong>Ᾱ.32.</strong></span> <span class='ocrx_word' id='word_1_391' title='bbox 1645 4223 1704 4278; x_wconf 89' lang='lat' dir='ltr'><strong>H.</strong></span> <span class='ocrx_word' id='word_1_392' title='bbox 1752 4226 1836 4279; x_wconf 85' lang='grc'><strong>10.</strong></span> 
     </span>
    </p>
   </div>
   <div class='ocr_carea' id='block_1_61' title="bbox 453 4306 1997 4379">
    <p class='ocr_par' dir='ltr' id='par_1_61' title="bbox 453 4306 1997 4379">
     <span class='ocr_line' id='line_1_61' title="bbox 453 4306 1997 4379; baseline 0.003 -17"><span class='ocrx_word' id='word_1_393' title='bbox 453 4309 757 4379; x_wconf 87' lang='lat' dir='ltr'><strong>Imperator</strong></span> <span class='ocrx_word' id='word_1_394' title='bbox 794 4306 1114 4362; x_wconf 87' lang='lat' dir='ltr'><strong>Fredericus</strong></span> <span class='ocrx_word' id='word_1_395' title='bbox 1170 4308 1291 4363; x_wconf 90' lang='lat' dir='ltr'><strong>dies</strong></span> <span class='ocrx_word' id='word_1_396' title='bbox 1357 4310 1636 4365; x_wconf 92' lang='lat' dir='ltr'><strong>dominice</strong></span> <span class='ocrx_word' id='word_1_397' title='bbox 1702 4312 1997 4367; x_wconf 83' lang='lat' dir='ltr'><strong>nativitatis</strong></span> 
     </span>
    </p>
   </div>
   <div class='ocr_carea' id='block_1_62' title="bbox 2085 1848 3704 1923">
    <p class='ocr_par' dir='ltr' id='par_1_62' title="bbox 2085 1848 3704 1923">
     <span class='ocr_line' id='line_1_62' title="bbox 2085 1848 3704 1923; baseline 0.004 -22"><span class='ocrx_word' id='word_1_398' title='bbox 2085 1848 2175 1901; x_wconf 91' lang='lat' dir='ltr'><strong>His</strong></span> <span class='ocrx_word' id='word_1_399' title='bbox 2208 1856 2262 1902; x_wconf 94' lang='lat' dir='ltr'><strong>et</strong></span> <span class='ocrx_word' id='word_1_400' title='bbox 2291 1849 2414 1902; x_wconf 89' lang='lat' dir='ltr'><strong>aliis</strong></span> <span class='ocrx_word' id='word_1_401' title='bbox 2452 1850 2633 1904; x_wconf 88' lang='lat' dir='ltr'><strong>causis</strong></span> <span class='ocrx_word' id='word_1_402' title='bbox 2673 1851 3170 1906; x_wconf 89' lang='lat' dir='ltr'><strong>intercurrentibus</strong></span> <span class='ocrx_word' id='word_1_403' title='bbox 3201 1852 3346 1907; x_wconf 91' lang='lat' dir='ltr'><strong>inter</strong></span> <span class='ocrx_word' id='word_1_404' title='bbox 3405 1867 3608 1923; x_wconf 81' lang='lat' dir='ltr'><strong>papam</strong></span> <span class='ocrx_word' id='word_1_405' title='bbox 3651 1861 3704 1907; x_wconf 89' lang='lat' dir='ltr'><strong>et</strong></span> 
     </span>
    </p>
   </div>
   <div class='ocr_carea' id='block_1_63' title="bbox 2085 1943 3704 2019">
    <p class='ocr_par' dir='ltr' id='par_1_63' title="bbox 2085 1943 3704 2019">
     <span class='ocr_line' id='line_1_63' title="bbox 2085 1943 3704 2019; baseline 0.006 -24"><span class='ocrx_word' id='word_1_406' title='bbox 2085 1943 2495 2014; x_wconf 89' lang='lat' dir='ltr'><strong>imperatorem,</strong></span> <span class='ocrx_word' id='word_1_407' title='bbox 2555 1946 2609 1999; x_wconf 93' lang='lat' dir='ltr'><strong>in</strong></span> <span class='ocrx_word' id='word_1_408' title='bbox 2642 1946 2795 2000; x_wconf 87' lang='lat' dir='ltr'><strong>Italia</strong></span> <span class='ocrx_word' id='word_1_409' title='bbox 2834 1963 2934 2017; x_wconf 73' lang='lat' dir='ltr'><strong>pax</strong></span> <span class='ocrx_word' id='word_1_410' title='bbox 2974 1947 3224 2002; x_wconf 86' lang='lat' dir='ltr'><strong>turbatur</strong></span> <span class='ocrx_word' id='word_1_411' title='bbox 3260 1948 3456 2019; x_wconf 61' lang='lat' dir='ltr'><strong>(Jan),</strong></span> <span class='ocrx_word' id='word_1_412' title='bbox 3499 1949 3704 2004; x_wconf 82' lang='lat' dir='ltr'><strong>Frede-</strong></span> 
     </span>
    </p>
   </div>
   <div class='ocr_carea' id='block_1_64' title="bbox 2083 2031 3705 2103">
    <p class='ocr_par' dir='ltr' id='par_1_64' title="bbox 2083 2031 3705 2103">
     <span class='ocr_line' id='line_1_64' title="bbox 2083 2031 3705 2103; baseline 0.005 -18"><span class='ocrx_word' id='word_1_413' title='bbox 2083 2031 2231 2087; x_wconf 91' lang='lat' dir='ltr'><strong>ricus</strong></span> <span class='ocrx_word' id='word_1_414' title='bbox 2267 2034 2563 2103; x_wconf 90' lang='lat' dir='ltr'><strong>imperator</strong></span> <span class='ocrx_word' id='word_1_415' title='bbox 2601 2035 3000 2092; x_wconf 87' lang='lat' dir='ltr'><strong>Cremonenses</strong></span> <span class='ocrx_word' id='word_1_416' title='bbox 3071 2037 3177 2091; x_wconf 86' lang='lat' dir='ltr'><strong>sibi</strong></span> <span class='ocrx_word' id='word_1_417' title='bbox 3207 2038 3464 2102; x_wconf 88' lang='lat' dir='ltr'><strong>rebelles,</strong></span> <span class='ocrx_word' id='word_1_418' title='bbox 3501 2038 3705 2093; x_wconf 81' lang='lat' dir='ltr'><strong>auxilio</strong></span> 
     </span>
    </p>
   </div>
   <div class='ocr_carea' id='block_1_65' title="bbox 2088 2126 3710 2204">
    <p class='ocr_par' dir='ltr' id='par_1_65' title="bbox 2088 2126 3710 2204">
     <span class='ocr_line' id='line_1_65' title="bbox 2088 2126 3710 2204; baseline 0.003 -24"><span class='ocrx_word' id='word_1_419' title='bbox 2088 2126 2578 2181; x_wconf 87' lang='lat' dir='ltr'><strong>Mediolanensium</strong></span> <span class='ocrx_word' id='word_1_420' title='bbox 2625 2128 2681 2182; x_wconf 91' lang='lat' dir='ltr'><strong>in</strong></span> <span class='ocrx_word' id='word_1_421' title='bbox 2720 2144 2878 2183; x_wconf 91' lang='lat' dir='ltr'><strong>suum</strong></span> <span class='ocrx_word' id='word_1_422' title='bbox 2940 2129 3139 2186; x_wconf 90' lang='lat' dir='ltr'><strong>invitos</strong></span> <span class='ocrx_word' id='word_1_423' title='bbox 3196 2131 3343 2204; x_wconf 87' lang='lat' dir='ltr'><strong>cogit</strong></span> <span class='ocrx_word' id='word_1_424' title='bbox 3399 2131 3710 2185; x_wconf 87' lang='lat' dir='ltr'><strong>servitium.</strong></span> 
     </span>
    </p>
   </div>
   <div class='ocr_carea' id='block_1_66' title="bbox 2090 2216 3709 2291">
    <p class='ocr_par' dir='ltr' id='par_1_66' title="bbox 2090 2216 3709 2291">
     <span class='ocr_line' id='line_1_66' title="bbox 2090 2216 3709 2291; baseline 0.002 -21"><span class='ocrx_word' id='word_1_425' title='bbox 2090 2216 2387 2286; x_wconf 88' lang='lat' dir='ltr'><strong>Imperator</strong></span> <span class='ocrx_word' id='word_1_426' title='bbox 2405 2217 2726 2288; x_wconf 90' lang='lat' dir='ltr'><strong>relinquens</strong></span> <span class='ocrx_word' id='word_1_427' title='bbox 2767 2218 3054 2274; x_wconf 91' lang='lat' dir='ltr'><strong>Henricum</strong></span> <span class='ocrx_word' id='word_1_428' title='bbox 3086 2219 3261 2274; x_wconf 85' lang='lat' dir='ltr'><strong>filium</strong></span> <span class='ocrx_word' id='word_1_429' title='bbox 3292 2236 3455 2275; x_wconf 91' lang='lat' dir='ltr'><strong>suum</strong></span> <span class='ocrx_word' id='word_1_430' title='bbox 3490 2220 3547 2274; x_wconf 92' lang='lat' dir='ltr'><strong>in</strong></span> <span class='ocrx_word' id='word_1_431' title='bbox 3583 2237 3709 2291; x_wconf 88' lang='lat' dir='ltr'><strong>par-</strong></span> 
     </span>
    </p>
   </div>
   <div class='ocr_carea' id='block_1_67' title="bbox 2088 2306 3711 2378">
    <p class='ocr_par' dir='ltr' id='par_1_67' title="bbox 2088 2306 3711 2378">
     <span class='ocr_line' id='line_1_67' title="bbox 2088 2306 3711 2378; baseline 0.002 -19"><span class='ocrx_word' id='word_1_432' title='bbox 2088 2306 2235 2360; x_wconf 90' lang='lat' dir='ltr'><strong>tibus</strong></span> <span class='ocrx_word' id='word_1_433' title='bbox 2275 2306 2702 2374; x_wconf 88' lang='lat' dir='ltr'><strong>Beneventanis,</strong></span> <span class='ocrx_word' id='word_1_434' title='bbox 2736 2307 2789 2361; x_wconf 92' lang='lat' dir='ltr'><strong>in</strong></span> <span class='ocrx_word' id='word_1_435' title='bbox 2828 2306 3175 2362; x_wconf 88' lang='lat' dir='ltr'><strong>Germaniam</strong></span> <span class='ocrx_word' id='word_1_436' title='bbox 3217 2309 3361 2364; x_wconf 88' lang='lat' dir='ltr'><strong>redit</strong></span> <span class='ocrx_word' id='word_1_437' title='bbox 3395 2316 3506 2378; x_wconf 85' lang='lat' dir='ltr'><strong>(an.</strong></span> <span class='ocrx_word' id='word_1_438' title='bbox 3552 2311 3711 2376; x_wconf 79' lang='grc'><strong>1187,</strong></span> 
     </span>
    </p>
   </div>
   <div class='ocr_carea' id='block_1_68' title="bbox 2088 2397 3716 2473">
    <p class='ocr_par' dir='ltr' id='par_1_68' title="bbox 2088 2397 3716 2473">
     <span class='ocr_line' id='line_1_68' title="bbox 2088 2397 3716 2473; baseline 0.003 -21"><span class='ocrx_word' id='word_1_439' title='bbox 2088 2398 2287 2466; x_wconf 73' lang='lat' dir='ltr'><strong>Febr.).</strong></span> <span class='ocrx_word' id='word_1_440' title='bbox 2334 2397 2599 2454; x_wconf 91' lang='lat' dir='ltr'><strong>Henricus</strong></span> <span class='ocrx_word' id='word_1_441' title='bbox 2665 2414 2779 2464; x_wconf 87' lang='lat' dir='ltr'><strong>rex,</strong></span> <span class='ocrx_word' id='word_1_442' title='bbox 2803 2398 3158 2468; x_wconf 91' lang='lat' dir='ltr'><strong>imperatoris</strong></span> <span class='ocrx_word' id='word_1_443' title='bbox 3207 2397 3374 2466; x_wconf 83' lang='lat' dir='ltr'><strong>filius,</strong></span> <span class='ocrx_word' id='word_1_444' title='bbox 3435 2403 3716 2473; x_wconf 87' lang='lat' dir='ltr'><strong>quendam</strong></span> 
     </span>
    </p>
   </div>
   <div class='ocr_carea' id='block_1_69' title="bbox 2094 2484 3725 2557">
    <p class='ocr_par' dir='ltr' id='par_1_69' title="bbox 2094 2484 3725 2557">
     <span class='ocr_line' id='line_1_69' title="bbox 2094 2484 3725 2557; baseline 0.006 -20"><span class='ocrx_word' id='word_1_445' title='bbox 2094 2484 2294 2539; x_wconf 89' lang='lat' dir='ltr'><strong>Urbani</strong></span> <span class='ocrx_word' id='word_1_446' title='bbox 2329 2502 2469 2557; x_wconf 88' lang='lat' dir='ltr'><strong>pape</strong></span> <span class='ocrx_word' id='word_1_447' title='bbox 2491 2489 2821 2543; x_wconf 84' lang='lat' dir='ltr'><strong>servientem</strong></span> <span class='ocrx_word' id='word_1_448' title='bbox 2853 2495 2910 2542; x_wconf 90' lang='lat' dir='ltr'><strong>et</strong></span> <span class='ocrx_word' id='word_1_449' title='bbox 2940 2489 3140 2544; x_wconf 90' lang='lat' dir='ltr'><strong>multas</strong></span> <span class='ocrx_word' id='word_1_450' title='bbox 3165 2506 3353 2545; x_wconf 90' lang='lat' dir='ltr'><strong>secum</strong></span> <span class='ocrx_word' id='word_1_451' title='bbox 3386 2493 3512 2546; x_wconf 88' lang='lat' dir='ltr'><strong>auri</strong></span> <span class='ocrx_word' id='word_1_452' title='bbox 3551 2501 3608 2548; x_wconf 91' lang='lat' dir='ltr'><strong>et</strong></span> <span class='ocrx_word' id='word_1_453' title='bbox 3635 2510 3725 2547; x_wconf 90' lang='lat' dir='ltr'><strong>ar-</strong></span> 
     </span>
    </p>
   </div>
   <div class='ocr_carea' id='block_1_70' title="bbox 2092 2575 3713 2651">
    <p class='ocr_par' dir='ltr' id='par_1_70' title="bbox 2092 2575 3713 2651">
     <span class='ocr_line' id='line_1_70' title="bbox 2092 2575 3713 2651; baseline 0.005 -24"><span class='ocrx_word' id='word_1_454' title='bbox 2092 2575 2244 2647; x_wconf 81' lang='lat' dir='ltr'><strong>genti</strong></span> <span class='ocrx_word' id='word_1_455' title='bbox 2274 2576 2538 2644; x_wconf 89' lang='lat' dir='ltr'><strong>pecunias</strong></span> <span class='ocrx_word' id='word_1_456' title='bbox 2567 2575 2909 2632; x_wconf 89' lang='lat' dir='ltr'><strong>deferentem</strong></span> <span class='ocrx_word' id='word_1_457' title='bbox 2937 2577 3162 2633; x_wconf 91' lang='lat' dir='ltr'><strong>obvium</strong></span> <span class='ocrx_word' id='word_1_458' title='bbox 3193 2595 3263 2634; x_wconf 81' lang='lat' dir='ltr'><strong>ex</strong></span> <span class='ocrx_word' id='word_1_459' title='bbox 3291 2580 3580 2651; x_wconf 90' lang='lat' dir='ltr'><strong>insperato</strong></span> <span class='ocrx_word' id='word_1_460' title='bbox 3612 2582 3713 2635; x_wconf 78' lang='lat' dir='ltr'><strong>lia-</strong></span> 
     </span>
    </p>
   </div>
   <div class='ocr_carea' id='block_1_71' title="bbox 2093 2665 3711 2740">
    <p class='ocr_par' dir='ltr' id='par_1_71' title="bbox 2093 2665 3711 2740">
     <span class='ocr_line' id='line_1_71' title="bbox 2093 2665 3711 2740; baseline 0.006 -23"><span class='ocrx_word' id='word_1_461' title='bbox 2093 2665 2248 2730; x_wconf 90' lang='lat' dir='ltr'><strong>bens,</strong></span> <span class='ocrx_word' id='word_1_462' title='bbox 2282 2682 2473 2720; x_wconf 78' lang='lat' dir='ltr'><strong>aurum</strong></span> <span class='ocrx_word' id='word_1_463' title='bbox 2513 2674 2566 2720; x_wconf 89' lang='lat' dir='ltr'><strong>et</strong></span> <span class='ocrx_word' id='word_1_464' title='bbox 2593 2675 2881 2740; x_wconf 84' lang='lat' dir='ltr'><strong>argentum</strong></span> <span class='ocrx_word' id='word_1_465' title='bbox 2912 2669 3192 2738; x_wconf 84' lang='lat' dir='ltr'><strong>auferens,</strong></span> <span class='ocrx_word' id='word_1_466' title='bbox 3235 2670 3711 2727; x_wconf 85' lang='lat' dir='ltr'><strong>incontumeliam</strong></span> 
     </span>
    </p>
   </div>
   <div class='ocr_carea' id='block_1_72' title="bbox 2095 2755 3720 2828">
    <p class='ocr_par' dir='ltr' id='par_1_72' title="bbox 2095 2755 3720 2828">
     <span class='ocr_line' id='line_1_72' title="bbox 2095 2755 3720 2828; baseline 0.005 -22"><span class='ocrx_word' id='word_1_467' title='bbox 2095 2769 2235 2823; x_wconf 89' lang='lat' dir='ltr'><strong>pape</strong></span> <span class='ocrx_word' id='word_1_468' title='bbox 2269 2770 2457 2808; x_wconf 87' lang='lat' dir='ltr'><strong>nasum</strong></span> <span class='ocrx_word' id='word_1_469' title='bbox 2491 2755 2540 2809; x_wconf 91' lang='lat' dir='ltr'><strong>ei</strong></span> <span class='ocrx_word' id='word_1_470' title='bbox 2568 2756 2826 2828; x_wconf 92' lang='lat' dir='ltr'><strong>precidit.</strong></span> <span class='ocrx_word' id='word_1_471' title='bbox 2857 2758 3159 2814; x_wconf 87' lang='lat' dir='ltr'><strong>Balduinus</strong></span> <span class='ocrx_word' id='word_1_472' title='bbox 3190 2775 3380 2815; x_wconf 91' lang='lat' dir='ltr'><strong>comes</strong></span> <span class='ocrx_word' id='word_1_473' title='bbox 3439 2761 3720 2817; x_wconf 83' lang='lat' dir='ltr'><strong>Hainoen-</strong></span> 
     </span>
    </p>
   </div>
   <div class='ocr_carea' id='block_1_73' title="bbox 2095 2845 3715 2921">
    <p class='ocr_par' dir='ltr' id='par_1_73' title="bbox 2095 2845 3715 2921">
     <span class='ocr_line' id='line_1_73' title="bbox 2095 2845 3715 2921; baseline 0.006 -23"><span class='ocrx_word' id='word_1_474' title='bbox 2095 2845 2170 2898; x_wconf 88' lang='lat' dir='ltr'><strong>sis</strong></span> <span class='ocrx_word' id='word_1_475' title='bbox 2201 2853 2255 2900; x_wconf 92' lang='lat' dir='ltr'><strong>et</strong></span> <span class='ocrx_word' id='word_1_476' title='bbox 2290 2847 2557 2903; x_wconf 91' lang='lat' dir='ltr'><strong>Henricus</strong></span> <span class='ocrx_word' id='word_1_477' title='bbox 2586 2851 2890 2905; x_wconf 91' lang='lat' dir='ltr'><strong>avunculus</strong></span> <span class='ocrx_word' id='word_1_478' title='bbox 2931 2852 3073 2920; x_wconf 89' lang='lat' dir='ltr'><strong>ejus,</strong></span> <span class='ocrx_word' id='word_1_479' title='bbox 3109 2868 3298 2908; x_wconf 91' lang='lat' dir='ltr'><strong>comes</strong></span> <span class='ocrx_word' id='word_1_480' title='bbox 3330 2853 3715 2921; x_wconf 85' lang='lat' dir='ltr'><strong>Namucensis,</strong></span> 
     </span>
    </p>
   </div>
   <div class='ocr_carea' id='block_1_74' title="bbox 2096 2938 3723 3012">
    <p class='ocr_par' dir='ltr' id='par_1_74' title="bbox 2096 2938 3723 3012">
     <span class='ocr_line' id='line_1_74' title="bbox 2096 2938 3723 3012; baseline 0.006 -22"><span class='ocrx_word' id='word_1_481' title='bbox 2096 2952 2264 3006; x_wconf 88' lang='lat' dir='ltr'><strong>super</strong></span> <span class='ocrx_word' id='word_1_482' title='bbox 2295 2938 2651 2994; x_wconf 87' lang='lat' dir='ltr'><strong>Godefridum</strong></span> <span class='ocrx_word' id='word_1_483' title='bbox 2701 2941 2898 2996; x_wconf 93' lang='lat' dir='ltr'><strong>ducem</strong></span> <span class='ocrx_word' id='word_1_484' title='bbox 2949 2943 3349 2998; x_wconf 86' lang='lat' dir='ltr'><strong>Lovaniensem</strong></span> <span class='ocrx_word' id='word_1_485' title='bbox 3407 2947 3640 3012; x_wconf 86' lang='lat' dir='ltr'><strong>vadunt,</strong></span> <span class='ocrx_word' id='word_1_486' title='bbox 3673 2954 3723 3000; x_wconf 92' lang='lat' dir='ltr'><strong>et</strong></span> 
     </span>
    </p>
   </div>
   <div class='ocr_carea' id='block_1_75' title="bbox 2099 3029 3717 3109">
    <p class='ocr_par' dir='ltr' id='par_1_75' title="bbox 2099 3029 3717 3109">
     <span class='ocr_line' id='line_1_75' title="bbox 2099 3029 3717 3109; baseline 0.006 -27"><span class='ocrx_word' id='word_1_487' title='bbox 2099 3029 2222 3097; x_wconf 87' lang='lat' dir='ltr'><strong>ejus</strong></span> <span class='ocrx_word' id='word_1_488' title='bbox 2253 3038 2450 3085; x_wconf 89' lang='lat' dir='ltr'><strong>terram</strong></span> <span class='ocrx_word' id='word_1_489' title='bbox 2484 3032 2806 3088; x_wconf 89' lang='lat' dir='ltr'><strong>incendunt.</strong></span> <span class='ocrx_word' id='word_1_490' title='bbox 2848 3035 2984 3089; x_wconf 88' lang='lat' dir='ltr'><strong>Villa</strong></span> <span class='ocrx_word' id='word_1_491' title='bbox 3025 3036 3442 3092; x_wconf 89' lang='lat' dir='ltr'><strong>Gemblacensis</strong></span> <span class='ocrx_word' id='word_1_492' title='bbox 3470 3038 3717 3109; x_wconf 72' lang='grc' dir='ltr'><strong>ρει-οριί-</strong></span> 
     </span>
    </p>
   </div>
   <div class='ocr_carea' id='block_1_76' title="bbox 2101 3124 3722 3185">
    <p class='ocr_par' dir='ltr' id='par_1_76' title="bbox 2101 3124 3722 3185">
     <span class='ocr_line' id='line_1_76' title="bbox 2101 3124 3722 3185; baseline 0.004 -10"><span class='ocrx_word' id='word_1_493' title='bbox 2101 3137 2188 3176; x_wconf 90' lang='lat' dir='ltr'><strong>ma</strong></span> <span class='ocrx_word' id='word_1_494' title='bbox 2227 3139 2348 3176; x_wconf 92' lang='lat' dir='ltr'><strong>cum</strong></span> <span class='ocrx_word' id='word_1_495' title='bbox 2401 3124 2636 3178; x_wconf 89' lang='lat' dir='ltr'><strong>ecclesia</strong></span> <span class='ocrx_word' id='word_1_496' title='bbox 2675 3127 2850 3180; x_wconf 86' lang='lat' dir='ltr'><strong>sancti</strong></span> <span class='ocrx_word' id='word_1_497' title='bbox 2903 3127 3135 3182; x_wconf 84' lang='lat' dir='ltr'><strong>Wiberti</strong></span> <span class='ocrx_word' id='word_1_498' title='bbox 3167 3136 3299 3183; x_wconf 91' lang='lat' dir='ltr'><strong>tunc</strong></span> <span class='ocrx_word' id='word_1_499' title='bbox 3338 3136 3424 3183; x_wconf 88' lang='lat' dir='ltr'><strong>est</strong></span> <span class='ocrx_word' id='word_1_500' title='bbox 3470 3129 3722 3185; x_wconf 86' lang='lat' dir='ltr'><strong>incensa.</strong></span> 
     </span>
    </p>
   </div>
   <div class='ocr_carea' id='block_1_77' title="bbox 2101 3213 3720 3290">
    <p class='ocr_par' dir='ltr' id='par_1_77' title="bbox 2101 3213 3720 3290">
     <span class='ocr_line' id='line_1_77' title="bbox 2101 3213 3720 3290; baseline 0.006 -24"><span class='ocrx_word' id='word_1_501' title='bbox 2101 3213 2388 3284; x_wconf 89' lang='lat' dir='ltr'><strong>Philippus</strong></span> <span class='ocrx_word' id='word_1_502' title='bbox 2419 3231 2508 3270; x_wconf 88' lang='lat' dir='ltr'><strong>rex</strong></span> <span class='ocrx_word' id='word_1_503' title='bbox 2541 3216 2870 3272; x_wconf 87' lang='lat' dir='ltr'><strong>Francorum</strong></span> <span class='ocrx_word' id='word_1_504' title='bbox 2904 3224 2958 3272; x_wconf 91' lang='lat' dir='ltr'><strong>et</strong></span> <span class='ocrx_word' id='word_1_505' title='bbox 2986 3217 3274 3290; x_wconf 77' lang='lat' dir='ltr'><strong>Philippus</strong></span> <span class='ocrx_word' id='word_1_506' title='bbox 3314 3235 3508 3276; x_wconf 90' lang='lat' dir='ltr'><strong>comes</strong></span> <span class='ocrx_word' id='word_1_507' title='bbox 3552 3221 3720 3276; x_wconf 85' lang='lat' dir='ltr'><strong>Flan-</strong></span> 
     </span>
    </p>
   </div>
   <div class='ocr_carea' id='block_1_78' title="bbox 2101 3307 3722 3384">
    <p class='ocr_par' dir='ltr' id='par_1_78' title="bbox 2101 3307 3722 3384">
     <span class='ocr_line' id='line_1_78' title="bbox 2101 3307 3722 3384; baseline 0.005 -24"><span class='ocrx_word' id='word_1_508' title='bbox 2101 3307 2241 3375; x_wconf 91' lang='lat' dir='ltr'><strong>drie,</strong></span> <span class='ocrx_word' id='word_1_509' title='bbox 2266 3311 2658 3366; x_wconf 89' lang='lat' dir='ltr'><strong>contrahentes</strong></span> <span class='ocrx_word' id='word_1_510' title='bbox 2673 3311 3065 3384; x_wconf 90' lang='lat' dir='ltr'><strong>undecumque</strong></span> <span class='ocrx_word' id='word_1_511' title='bbox 3087 3313 3375 3384; x_wconf 90' lang='lat' dir='ltr'><strong>copiosum</strong></span> <span class='ocrx_word' id='word_1_512' title='bbox 3396 3315 3722 3378; x_wconf 82' lang='lat' dir='ltr'><strong>exercitum,</strong></span> 
     </span>
    </p>
   </div>
   <div class='ocr_carea' id='block_1_79' title="bbox 2102 3399 3721 3480">
    <p class='ocr_par' dir='ltr' id='par_1_79' title="bbox 2102 3399 3721 3480">
     <span class='ocr_line' id='line_1_79' title="bbox 2102 3399 3721 3480; baseline 0.004 -28"><span class='ocrx_word' id='word_1_513' title='bbox 2102 3399 2383 3455; x_wconf 89' lang='lat' dir='ltr'><strong>hostiliter</strong></span> <span class='ocrx_word' id='word_1_514' title='bbox 2420 3402 2628 3456; x_wconf 90' lang='lat' dir='ltr'><strong>vadunt</strong></span> <span class='ocrx_word' id='word_1_515' title='bbox 2679 3419 2848 3473; x_wconf 89' lang='lat' dir='ltr'><strong>super</strong></span> <span class='ocrx_word' id='word_1_516' title='bbox 2885 3404 3080 3458; x_wconf 92' lang='lat' dir='ltr'><strong>ducem</strong></span> <span class='ocrx_word' id='word_1_517' title='bbox 3131 3406 3611 3480; x_wconf 83' lang='lat' dir='ltr'><strong>Burgundionum,</strong></span> <span class='ocrx_word' id='word_1_518' title='bbox 3675 3417 3721 3462; x_wconf 84' lang='lat' dir='ltr'><strong>et</strong></span> 
     </span>
    </p>
   </div>
   <div class='ocr_carea' id='block_1_80' title="bbox 2094 3492 3720 3568">
    <p class='ocr_par' dir='ltr' id='par_1_80' title="bbox 2094 3492 3720 3568">
     <span class='ocr_line' id='line_1_80' title="bbox 2094 3492 3720 3568; baseline 0.006 -24"><span class='ocrx_word' id='word_1_519' title='bbox 2094 3492 2272 3562; x_wconf 91' lang='lat' dir='ltr'><strong>juste;</strong></span> <span class='ocrx_word' id='word_1_520' title='bbox 2304 3492 2703 3563; x_wconf 90' lang='lat' dir='ltr'><strong>injustissimus</strong></span> <span class='ocrx_word' id='word_1_521' title='bbox 2734 3495 2881 3549; x_wconf 92' lang='lat' dir='ltr'><strong>enim</strong></span> <span class='ocrx_word' id='word_1_522' title='bbox 2922 3504 3074 3551; x_wconf 90' lang='lat' dir='ltr'><strong>erat:</strong></span> <span class='ocrx_word' id='word_1_523' title='bbox 3127 3497 3222 3568; x_wconf 89' lang='lat' dir='ltr'><strong>qui</strong></span> <span class='ocrx_word' id='word_1_524' title='bbox 3270 3507 3612 3553; x_wconf 83' lang='lat' dir='ltr'><strong>mercatores</strong></span> <span class='ocrx_word' id='word_1_525' title='bbox 3643 3516 3720 3554; x_wconf 84' lang='lat' dir='ltr'><strong>re—</strong></span> 
     </span>
    </p>
   </div>
   <div class='ocr_carea' id='block_1_81' title="bbox 2099 3583 3729 3661">
    <p class='ocr_par' dir='ltr' id='par_1_81' title="bbox 2099 3583 3729 3661">
     <span class='ocr_line' id='line_1_81' title="bbox 2099 3583 3729 3661; baseline 0.007 -25"><span class='ocrx_word' id='word_1_526' title='bbox 2099 3583 2184 3654; x_wconf 91' lang='lat' dir='ltr'><strong>gis</strong></span> <span class='ocrx_word' id='word_1_527' title='bbox 2222 3592 2277 3638; x_wconf 93' lang='lat' dir='ltr'><strong>et</strong></span> <span class='ocrx_word' id='word_1_528' title='bbox 2301 3585 2518 3640; x_wconf 89' lang='lat' dir='ltr'><strong>comitis</strong></span> <span class='ocrx_word' id='word_1_529' title='bbox 2547 3587 2601 3640; x_wconf 95' lang='lat' dir='ltr'><strong>in</strong></span> <span class='ocrx_word' id='word_1_530' title='bbox 2657 3585 2766 3642; x_wconf 87' lang='lat' dir='ltr'><strong>fide</strong></span> <span class='ocrx_word' id='word_1_531' title='bbox 2806 3603 2904 3642; x_wconf 92' lang='lat' dir='ltr'><strong>sua</strong></span> <span class='ocrx_word' id='word_1_532' title='bbox 2938 3589 3144 3644; x_wconf 89' lang='lat' dir='ltr'><strong>tuendo</strong></span> <span class='ocrx_word' id='word_1_533' title='bbox 3192 3590 3529 3661; x_wconf 90' lang='lat' dir='ltr'><strong>suscipiens,</strong></span> <span class='ocrx_word' id='word_1_534' title='bbox 3564 3591 3729 3648; x_wconf 82' lang='lat' dir='ltr'><strong>latro-</strong></span> 
     </span>
    </p>
   </div>
   <div class='ocr_carea' id='block_1_82' title="bbox 2103 3675 3724 3747">
    <p class='ocr_par' dir='ltr' id='par_1_82' title="bbox 2103 3675 3724 3747">
     <span class='ocr_line' id='line_1_82' title="bbox 2103 3675 3724 3747; baseline 0.007 -19"><span class='ocrx_word' id='word_1_535' title='bbox 2103 3675 2264 3730; x_wconf 92' lang='lat' dir='ltr'><strong>nibus</strong></span> <span class='ocrx_word' id='word_1_536' title='bbox 2295 3676 2410 3731; x_wconf 91' lang='lat' dir='ltr'><strong>suis</strong></span> <span class='ocrx_word' id='word_1_537' title='bbox 2458 3679 2820 3747; x_wconf 84' lang='lat' dir='ltr'><strong>expoliandos</strong></span> <span class='ocrx_word' id='word_1_538' title='bbox 2868 3679 3129 3736; x_wconf 90' lang='lat' dir='ltr'><strong>donabat.</strong></span> <span class='ocrx_word' id='word_1_539' title='bbox 3190 3682 3289 3746; x_wconf 92' lang='lat' dir='ltr'><strong>Qui</strong></span> <span class='ocrx_word' id='word_1_540' title='bbox 3340 3681 3724 3739; x_wconf 87' lang='lat' dir='ltr'><strong>fortitudinem</strong></span> 
     </span>
    </p>
   </div>
   <div class='ocr_carea' id='block_1_83' title="bbox 2102 3765 3726 3840">
    <p class='ocr_par' dir='ltr' id='par_1_83' title="bbox 2102 3765 3726 3840">
     <span class='ocr_line' id='line_1_83' title="bbox 2102 3765 3726 3840; baseline 0.006 -22"><span class='ocrx_word' id='word_1_541' title='bbox 2102 3765 2247 3838; x_wconf 88' lang='lat' dir='ltr'><strong>regis</strong></span> <span class='ocrx_word' id='word_1_542' title='bbox 2278 3772 2331 3820; x_wconf 89' lang='lat' dir='ltr'><strong>et</strong></span> <span class='ocrx_word' id='word_1_543' title='bbox 2361 3767 2592 3822; x_wconf 92' lang='lat' dir='ltr'><strong>comites</strong></span> <span class='ocrx_word' id='word_1_544' title='bbox 2624 3783 2733 3821; x_wconf 91' lang='lat' dir='ltr'><strong>non</strong></span> <span class='ocrx_word' id='word_1_545' title='bbox 2780 3768 3083 3835; x_wconf 90' lang='lat' dir='ltr'><strong>sustinens,</strong></span> <span class='ocrx_word' id='word_1_546' title='bbox 3119 3769 3451 3840; x_wconf 89' lang='lat' dir='ltr'><strong>quibusdam</strong></span> <span class='ocrx_word' id='word_1_547' title='bbox 3486 3771 3726 3827; x_wconf 87' lang='lat' dir='ltr'><strong>castellis</strong></span> 
     </span>
    </p>
   </div>
   <div class='ocr_carea' id='block_1_84' title="bbox 2104 3855 3725 3931">
    <p class='ocr_par' dir='ltr' id='par_1_84' title="bbox 2104 3855 3725 3931">
     <span class='ocr_line' id='line_1_84' title="bbox 2104 3855 3725 3931; baseline 0.004 -21"><span class='ocrx_word' id='word_1_548' title='bbox 2104 3855 2351 3925; x_wconf 90' lang='lat' dir='ltr'><strong>perditis.</strong></span> <span class='ocrx_word' id='word_1_549' title='bbox 2387 3856 2454 3910; x_wconf 90' lang='lat' dir='ltr'><strong>ad</strong></span> <span class='ocrx_word' id='word_1_550' title='bbox 2488 3857 2658 3926; x_wconf 89' lang='lat' dir='ltr'><strong>pedes</strong></span> <span class='ocrx_word' id='word_1_551' title='bbox 2681 3859 2826 3931; x_wconf 89' lang='lat' dir='ltr'><strong>regis</strong></span> <span class='ocrx_word' id='word_1_552' title='bbox 2853 3860 3106 3927; x_wconf 90' lang='lat' dir='ltr'><strong>veniens,</strong></span> <span class='ocrx_word' id='word_1_553' title='bbox 3139 3867 3317 3914; x_wconf 91' lang='lat' dir='ltr'><strong>semet</strong></span> <span class='ocrx_word' id='word_1_554' title='bbox 3349 3861 3535 3931; x_wconf 92' lang='lat' dir='ltr'><strong>ipsum</strong></span> <span class='ocrx_word' id='word_1_555' title='bbox 3566 3863 3725 3918; x_wconf 88' lang='lat' dir='ltr'><strong>dedi-</strong></span> 
     </span>
    </p>
   </div>
   <div class='ocr_carea' id='block_1_85' title="bbox 2097 3950 3723 4030">
    <p class='ocr_par' dir='ltr' id='par_1_85' title="bbox 2097 3950 3723 4030">
     <span class='ocr_line' id='line_1_85' title="bbox 2097 3950 3723 4030; baseline 0.006 -27"><span class='ocrx_word' id='word_1_556' title='bbox 2097 3950 2192 4003; x_wconf 89' lang='lat' dir='ltr'><strong>dit.</strong></span> <span class='ocrx_word' id='word_1_557' title='bbox 2221 3951 2403 4006; x_wconf 81' lang='lat' dir='ltr'><strong>Pridie</strong></span> <span class='ocrx_word' id='word_1_558' title='bbox 2444 3951 2559 4005; x_wconf 88' lang='lat' dir='ltr'><strong>Kal.</strong></span> <span class='ocrx_word' id='word_1_559' title='bbox 2591 3952 2719 4007; x_wconf 82' lang='lat' dir='ltr'><strong>Julii</strong></span> <span class='ocrx_word' id='word_1_560' title='bbox 2752 3954 2913 4008; x_wconf 88' lang='lat' dir='ltr'><strong>turbo</strong></span> <span class='ocrx_word' id='word_1_561' title='bbox 2942 3954 3300 4027; x_wconf 88' lang='lat' dir='ltr'><strong>gravissimus</strong></span> <span class='ocrx_word' id='word_1_562' title='bbox 3333 3965 3388 4011; x_wconf 93' lang='lat' dir='ltr'><strong>et</strong></span> <span class='ocrx_word' id='word_1_563' title='bbox 3420 3965 3723 4030; x_wconf 87' lang='lat' dir='ltr'><strong>tempestas</strong></span> 
     </span>
    </p>
   </div>
   <div class='ocr_carea' id='block_1_86' title="bbox 2096 4042 3718 4108">
    <p class='ocr_par' dir='ltr' id='par_1_86' title="bbox 2096 4042 3718 4108">
     <span class='ocr_line' id='line_1_86' title="bbox 2096 4042 3718 4108; baseline 0.007 -14"><span class='ocrx_word' id='word_1_564' title='bbox 2096 4042 2296 4108; x_wconf 90' lang='lat' dir='ltr'><strong>valida,</strong></span> <span class='ocrx_word' id='word_1_565' title='bbox 2333 4043 2400 4096; x_wconf 91' lang='lat' dir='ltr'><strong>ab</strong></span> <span class='ocrx_word' id='word_1_566' title='bbox 2430 4042 2628 4098; x_wconf 64' lang='lat' dir='ltr'><strong>Amico</strong></span> <span class='ocrx_word' id='word_1_567' title='bbox 2679 4045 2910 4099; x_wconf 88' lang='lat' dir='ltr'><strong>veniens</strong></span> <span class='ocrx_word' id='word_1_568' title='bbox 2938 4054 2991 4100; x_wconf 92' lang='lat' dir='ltr'><strong>et</strong></span> <span class='ocrx_word' id='word_1_569' title='bbox 3048 4047 3116 4100; x_wconf 90' lang='lat' dir='ltr'><strong>ad</strong></span> <span class='ocrx_word' id='word_1_570' title='bbox 3171 4047 3538 4104; x_wconf 89' lang='lat' dir='ltr'><strong>subsolanum</strong></span> <span class='ocrx_word' id='word_1_571' title='bbox 3592 4058 3718 4104; x_wconf 86' lang='lat' dir='ltr'><strong>ten-</strong></span> 
     </span>
    </p>
   </div>
   <div class='ocr_carea' id='block_1_87' title="bbox 2097 4130 3720 4208">
    <p class='ocr_par' dir='ltr' id='par_1_87' title="bbox 2097 4130 3720 4208">
     <span class='ocr_line' id='line_1_87' title="bbox 2097 4130 3720 4208; baseline 0.006 -25"><span class='ocrx_word' id='word_1_572' title='bbox 2097 4130 2256 4194; x_wconf 92' lang='lat' dir='ltr'><strong>dens,</strong></span> <span class='ocrx_word' id='word_1_573' title='bbox 2291 4149 2388 4201; x_wconf 90' lang='lat' dir='ltr'><strong>per</strong></span> <span class='ocrx_word' id='word_1_574' title='bbox 2414 4133 2584 4186; x_wconf 88' lang='lat' dir='ltr'><strong>multa</strong></span> <span class='ocrx_word' id='word_1_575' title='bbox 2610 4134 2729 4188; x_wconf 88' lang='lat' dir='ltr'><strong>loca</strong></span> <span class='ocrx_word' id='word_1_576' title='bbox 2761 4133 2946 4208; x_wconf 86' lang='lat' dir='ltr'><strong>fruges</strong></span> <span class='ocrx_word' id='word_1_577' title='bbox 2977 4142 3031 4188; x_wconf 92' lang='lat' dir='ltr'><strong>et</strong></span> <span class='ocrx_word' id='word_1_578' title='bbox 3082 4137 3268 4190; x_wconf 89' lang='lat' dir='ltr'><strong>omnia</strong></span> <span class='ocrx_word' id='word_1_579' title='bbox 3299 4145 3419 4191; x_wconf 87' lang='lat' dir='ltr'><strong>sata</strong></span> <span class='ocrx_word' id='word_1_580' title='bbox 3461 4153 3720 4208; x_wconf 87' lang='lat' dir='ltr'><strong>pessum-</strong></span> 
     </span>
    </p>
   </div>
   <div class='ocr_carea' id='block_1_88' title="bbox 2098 4223 3715 4300">
    <p class='ocr_par' dir='ltr' id='par_1_88' title="bbox 2098 4223 3715 4300">
     <span class='ocr_line' id='line_1_88' title="bbox 2098 4223 3715 4300; baseline 0.005 -24"><span class='ocrx_word' id='word_1_581' title='bbox 2098 4223 2271 4278; x_wconf 88' lang='lat' dir='ltr'><strong>dedit.</strong></span> <span class='ocrx_word' id='word_1_582' title='bbox 2306 4224 2436 4278; x_wconf 83' lang='lat' dir='ltr'><strong>Nam</strong></span> <span class='ocrx_word' id='word_1_583' title='bbox 2463 4225 2674 4294; x_wconf 89' lang='lat' dir='ltr'><strong>lapides</strong></span> <span class='ocrx_word' id='word_1_584' title='bbox 2702 4241 2806 4281; x_wconf 91' lang='lat' dir='ltr'><strong>ovo</strong></span> <span class='ocrx_word' id='word_1_585' title='bbox 2836 4225 3042 4300; x_wconf 90' lang='lat' dir='ltr'><strong>galline</strong></span> <span class='ocrx_word' id='word_1_586' title='bbox 3070 4227 3308 4295; x_wconf 88' lang='lat' dir='ltr'><strong>majores</strong></span> <span class='ocrx_word' id='word_1_587' title='bbox 3337 4244 3440 4297; x_wconf 89' lang='lat' dir='ltr'><strong>per</strong></span> <span class='ocrx_word' id='word_1_588' title='bbox 3472 4229 3593 4284; x_wconf 91' lang='lat' dir='ltr'><strong>loca</strong></span> <span class='ocrx_word' id='word_1_589' title='bbox 3625 4231 3715 4284; x_wconf 94' lang='lat' dir='ltr'><strong>di-</strong></span> 
     </span>
    </p>
   </div>
   <div class='ocr_carea' id='block_1_89' title="bbox 2098 4315 3722 4389">
    <p class='ocr_par' dir='ltr' id='par_1_89' title="bbox 2098 4315 3722 4389">
     <span class='ocr_line' id='line_1_89' title="bbox 2098 4315 3722 4389; baseline 0.006 -24"><span class='ocrx_word' id='word_1_590' title='bbox 2098 4331 2253 4369; x_wconf 87' lang='lat' dir='ltr'><strong>versa</strong></span> <span class='ocrx_word' id='word_1_591' title='bbox 2280 4315 2620 4382; x_wconf 89' lang='lat' dir='ltr'><strong>ceciderunt,</strong></span> <span class='ocrx_word' id='word_1_592' title='bbox 2673 4317 2765 4388; x_wconf 91' lang='lat' dir='ltr'><strong>qui</strong></span> <span class='ocrx_word' id='word_1_593' title='bbox 2799 4333 2996 4387; x_wconf 90' lang='lat' dir='ltr'><strong>pecora</strong></span> <span class='ocrx_word' id='word_1_594' title='bbox 3028 4318 3086 4372; x_wconf 91' lang='lat' dir='ltr'><strong>in</strong></span> <span class='ocrx_word' id='word_1_595' title='bbox 3146 4320 3359 4389; x_wconf 89' lang='lat' dir='ltr'><strong>campis</strong></span> <span class='ocrx_word' id='word_1_596' title='bbox 3399 4327 3456 4374; x_wconf 93' lang='lat' dir='ltr'><strong>et</strong></span> <span class='ocrx_word' id='word_1_597' title='bbox 3484 4337 3617 4376; x_wconf 86' lang='lat' dir='ltr'><strong>aves</strong></span> <span class='ocrx_word' id='word_1_598' title='bbox 3673 4323 3722 4374; x_wconf 91' lang='lat' dir='ltr'><strong>in</strong></span> 
     </span>
    </p>
   </div>
   <div class='ocr_carea' id='block_1_90' title="bbox 382 4402 3722 4482">
    <p class='ocr_par' dir='ltr' id='par_1_90' title="bbox 382 4402 3722 4482">
     <span class='ocr_line' id='line_1_90' title="bbox 382 4402 3722 4482; baseline 0.002 -21"><span class='ocrx_word' id='word_1_599' title='bbox 382 4421 510 4461; x_wconf 92' lang='lat' dir='ltr'><strong>cum</strong></span> <span class='ocrx_word' id='word_1_600' title='bbox 542 4404 775 4458; x_wconf 88' lang='lat' dir='ltr'><strong>Henrico</strong></span> <span class='ocrx_word' id='word_1_601' title='bbox 809 4418 961 4476; x_wconf 82' lang='lat' dir='ltr'><strong>rege,</strong></span> <span class='ocrx_word' id='word_1_602' title='bbox 997 4402 1108 4458; x_wconf 88' lang='lat' dir='ltr'><strong>lilio</strong></span> <span class='ocrx_word' id='word_1_603' title='bbox 1139 4420 1260 4470; x_wconf 90' lang='lat' dir='ltr'><strong>suo,</strong></span> <span class='ocrx_word' id='word_1_604' title='bbox 1303 4405 1447 4475; x_wconf 89' lang='lat' dir='ltr'><strong>apud</strong></span> <span class='ocrx_word' id='word_1_605' title='bbox 1494 4405 1716 4476; x_wconf 89' lang='lat' dir='ltr'><strong>Papiam</strong></span> <span class='ocrx_word' id='word_1_606' title='bbox 1750 4407 2075 4478; x_wconf 83' lang='lat' dir='ltr'><strong>cclcbresD</strong></span> <span class='ocrx_word' id='word_1_607' title='bbox 2100 4407 2260 4478; x_wconf 90' lang='lat' dir='ltr'><strong>aquis</strong></span> <span class='ocrx_word' id='word_1_608' title='bbox 2289 4406 2633 4474; x_wconf 90' lang='lat' dir='ltr'><strong>occiderunt,</strong></span> <span class='ocrx_word' id='word_1_609' title='bbox 2666 4407 2935 4464; x_wconf 90' lang='lat' dir='ltr'><strong>fenestras</strong></span> <span class='ocrx_word' id='word_1_610' title='bbox 2967 4427 3189 4482; x_wconf 88' lang='lat' dir='ltr'><strong>quoque</strong></span> <span class='ocrx_word' id='word_1_611' title='bbox 3220 4412 3424 4467; x_wconf 90' lang='lat' dir='ltr'><strong>vitreas</strong></span> <span class='ocrx_word' id='word_1_612' title='bbox 3458 4414 3722 4470; x_wconf 88' lang='lat' dir='ltr'><strong>ecclesia-</strong></span> 
     </span>
    </p>
   </div>
   <div class='ocr_carea' id='block_1_91' title="bbox 378 4490 1996 4566">
    <p class='ocr_par' dir='ltr' id='par_1_91' title="bbox 378 4490 1996 4566">
     <span class='ocr_line' id='line_1_91' title="bbox 378 4490 1996 4566; baseline 0.002 -18"><span class='ocrx_word' id='word_1_613' title='bbox 378 4499 512 4564; x_wconf 79' lang='lat' dir='ltr'><strong>egtt.</strong></span> <span class='ocrx_word' id='word_1_614' title='bbox 569 4492 678 4545; x_wconf 88' lang='lat' dir='ltr'><strong>Illis</strong></span> <span class='ocrx_word' id='word_1_615' title='bbox 706 4490 904 4545; x_wconf 89' lang='lat' dir='ltr'><strong>diebus</strong></span> <span class='ocrx_word' id='word_1_616' title='bbox 940 4490 1068 4546; x_wconf 91' lang='lat' dir='ltr'><strong>fecit</strong></span> <span class='ocrx_word' id='word_1_617' title='bbox 1120 4492 1417 4562; x_wconf 87' lang='lat' dir='ltr'><strong>imperator</strong></span> <span class='ocrx_word' id='word_1_618' title='bbox 1470 4496 1690 4566; x_wconf 89' lang='lat' dir='ltr'><strong>nuptias</strong></span> <span class='ocrx_word' id='word_1_619' title='bbox 1741 4495 1855 4552; x_wconf 89' lang='lat' dir='ltr'><strong>filio</strong></span> <span class='ocrx_word' id='word_1_620' title='bbox 1895 4513 1996 4552; x_wconf 92' lang='lat' dir='ltr'><strong>suo</strong></span> 
     </span>
    </p>
   </div>
   <div class='ocr_carea' id='block_1_92' title="bbox 381 4583 1996 4662">
    <p class='ocr_par' dir='ltr' id='par_1_92' title="bbox 381 4583 1996 4662">
     <span class='ocr_line' id='line_1_92' title="bbox 381 4583 1996 4662; baseline 0.004 -24"><span class='ocrx_word' id='word_1_621' title='bbox 381 4589 530 4652; x_wconf 86' lang='lat' dir='ltr'><strong>(Jan.</strong></span> <span class='ocrx_word' id='word_1_622' title='bbox 589 4585 700 4654; x_wconf 61' lang='lat'><strong>27;,</strong></span> <span class='ocrx_word' id='word_1_623' title='bbox 737 4585 1092 4654; x_wconf 80' lang='lat' dir='ltr'><strong>despondeas</strong></span> <span class='ocrx_word' id='word_1_624' title='bbox 1149 4586 1198 4639; x_wconf 92' lang='lat' dir='ltr'><strong>ei</strong></span> <span class='ocrx_word' id='word_1_625' title='bbox 1241 4583 1410 4641; x_wconf 83' lang='lat' dir='ltr'><strong>filiam</strong></span> <span class='ocrx_word' id='word_1_626' title='bbox 1467 4587 1684 4662; x_wconf 81' lang='lat' dir='ltr'><strong>Rogeri,</strong></span> <span class='ocrx_word' id='word_1_627' title='bbox 1741 4590 1996 4645; x_wconf 88' lang='lat' dir='ltr'><strong>ditissimi</strong></span> 
     </span>
    </p>
   </div>
   <div class='ocr_carea' id='block_1_93' title="bbox 381 4675 1993 4756">
    <p class='ocr_par' dir='ltr' id='par_1_93' title="bbox 381 4675 1993 4756">
     <span class='ocr_line' id='line_1_93' title="bbox 381 4675 1993 4756; baseline 0.006 -28"><span class='ocrx_word' id='word_1_628' title='bbox 381 4675 659 4745; x_wconf 91' lang='lat' dir='ltr'><strong>quondam</strong></span> <span class='ocrx_word' id='word_1_629' title='bbox 691 4676 834 4747; x_wconf 87' lang='lat' dir='ltr'><strong>regis</strong></span> <span class='ocrx_word' id='word_1_630' title='bbox 860 4676 1047 4730; x_wconf 87' lang='lat' dir='ltr'><strong>Sicilie</strong></span> <span class='ocrx_word' id='word_1_631' title='bbox 1088 4683 1142 4730; x_wconf 90' lang='lat' dir='ltr'><strong>et</strong></span> <span class='ocrx_word' id='word_1_632' title='bbox 1181 4677 1338 4732; x_wconf 90' lang='lat' dir='ltr'><strong>ducis</strong></span> <span class='ocrx_word' id='word_1_633' title='bbox 1388 4680 1602 4748; x_wconf 80' lang='lat' dir='ltr'><strong>Apulie,</strong></span> <span class='ocrx_word' id='word_1_634' title='bbox 1635 4682 1780 4756; x_wconf 89' lang='lat' dir='ltr'><strong>regis</strong></span> <span class='ocrx_word' id='word_1_635' title='bbox 1829 4683 1993 4737; x_wconf 91' lang='lat' dir='ltr'><strong>Fran-</strong></span> 
     </span>
    </p>
   </div>
   <div class='ocr_carea' id='block_1_94' title="bbox 383 4771 1997 4839">
    <p class='ocr_par' dir='ltr' id='par_1_94' title="bbox 383 4771 1997 4839">
     <span class='ocr_line' id='line_1_94' title="bbox 383 4771 1997 4839; baseline 0.007 -19"><span class='ocrx_word' id='word_1_636' title='bbox 383 4781 568 4821; x_wconf 90' lang='lat' dir='ltr'><strong>corum</strong></span> <span class='ocrx_word' id='word_1_637' title='bbox 603 4779 912 4839; x_wconf 81' lang='lat' dir='ltr'><strong>cognatam.</strong></span> <span class='ocrx_word' id='word_1_638' title='bbox 949 4771 1056 4825; x_wconf 89' lang='lat' dir='ltr'><strong>Hec</strong></span> <span class='ocrx_word' id='word_1_639' title='bbox 1085 4771 1231 4825; x_wconf 90' lang='lat' dir='ltr'><strong>enim</strong></span> <span class='ocrx_word' id='word_1_640' title='bbox 1262 4778 1388 4825; x_wconf 89' lang='lat' dir='ltr'><strong>nata</strong></span> <span class='ocrx_word' id='word_1_641' title='bbox 1419 4779 1502 4826; x_wconf 87' lang='lat' dir='ltr'><strong>est</strong></span> <span class='ocrx_word' id='word_1_642' title='bbox 1530 4789 1595 4828; x_wconf 89' lang='lat' dir='ltr'><strong>ex</strong></span> <span class='ocrx_word' id='word_1_643' title='bbox 1627 4774 1740 4829; x_wconf 82' lang='lat' dir='ltr'><strong>filia</strong></span> <span class='ocrx_word' id='word_1_644' title='bbox 1781 4777 1997 4832; x_wconf 90' lang='lat' dir='ltr'><strong>comitis</strong></span> 
     </span>
    </p>
   </div>
   <div class='ocr_carea' id='block_1_95' title="bbox 386 4855 1995 4929">
    <p class='ocr_par' dir='ltr' id='par_1_95' title="bbox 386 4855 1995 4929">
     <span class='ocr_line' id='line_1_95' title="bbox 386 4855 1995 4929; baseline 0.009 -22"><span class='ocrx_word' id='word_1_645' title='bbox 386 4855 456 4909; x_wconf 90' lang='lat' dir='ltr'><strong>de</strong></span> <span class='ocrx_word' id='word_1_646' title='bbox 507 4855 766 4911; x_wconf 81' lang='lat' dir='ltr'><strong>Reitesta.</strong></span> <span class='ocrx_word' id='word_1_647' title='bbox 831 4858 921 4912; x_wconf 91' lang='lat' dir='ltr'><strong>His</strong></span> <span class='ocrx_word' id='word_1_648' title='bbox 950 4859 1159 4929; x_wconf 90' lang='lat' dir='ltr'><strong>nuptiis</strong></span> <span class='ocrx_word' id='word_1_649' title='bbox 1216 4860 1467 4916; x_wconf 90' lang='lat' dir='ltr'><strong>interfuit</strong></span> <span class='ocrx_word' id='word_1_650' title='bbox 1497 4878 1681 4918; x_wconf 90' lang='lat' dir='ltr'><strong>comes</strong></span> <span class='ocrx_word' id='word_1_651' title='bbox 1742 4865 1995 4922; x_wconf 89' lang='lat' dir='ltr'><strong>Flandrie</strong></span> 
     </span>
    </p>
   </div>
   <div class='ocr_carea' id='block_1_96' title="bbox 381 4945 1997 5027">
    <p class='ocr_par' dir='ltr' id='par_1_96' title="bbox 381 4945 1997 5027">
     <span class='ocr_line' id='line_1_96' title="bbox 381 4945 1997 5027; baseline 0.009 -28"><span class='ocrx_word' id='word_1_652' title='bbox 381 4945 694 5018; x_wconf 86' lang='lat' dir='ltr'><strong>Philippus,</strong></span> <span class='ocrx_word' id='word_1_653' title='bbox 726 4965 850 5002; x_wconf 89' lang='lat' dir='ltr'><strong>cum</strong></span> <span class='ocrx_word' id='word_1_654' title='bbox 884 4950 1134 5020; x_wconf 90' lang='lat' dir='ltr'><strong>plurimis</strong></span> <span class='ocrx_word' id='word_1_655' title='bbox 1184 4952 1403 5023; x_wconf 91' lang='lat' dir='ltr'><strong>imperii</strong></span> <span class='ocrx_word' id='word_1_656' title='bbox 1436 4954 1661 5008; x_wconf 78' lang='lat' dir='ltr'><strong>Romani</strong></span> <span class='ocrx_word' id='word_1_657' title='bbox 1716 4957 1997 5027; x_wconf 84' lang='lat' dir='ltr'><strong>Optimati-</strong></span> 
     </span>
    </p>
   </div>
   <div class='ocr_carea' id='block_1_97' title="bbox 381 5038 1996 5118">
    <p class='ocr_par' dir='ltr' id='par_1_97' title="bbox 381 5038 1996 5118">
     <span class='ocr_line' id='line_1_97' title="bbox 381 5038 1996 5118; baseline 0.008 -26"><span class='ocrx_word' id='word_1_658' title='bbox 381 5038 506 5094; x_wconf 88' lang='lat' dir='ltr'><strong>bus.</strong></span> <span class='ocrx_word' id='word_1_659' title='bbox 543 5040 644 5103; x_wconf 88' lang='lat' dir='ltr'><strong>Qui</strong></span> <span class='ocrx_word' id='word_1_660' title='bbox 677 5040 729 5094; x_wconf 92' lang='lat' dir='ltr'><strong>in</strong></span> <span class='ocrx_word' id='word_1_661' title='bbox 763 5043 947 5098; x_wconf 91' lang='lat' dir='ltr'><strong>eundo</strong></span> <span class='ocrx_word' id='word_1_662' title='bbox 977 5043 1254 5099; x_wconf 83' lang='lat' dir='ltr'><strong>Franciam</strong></span> <span class='ocrx_word' id='word_1_663' title='bbox 1289 5045 1594 5114; x_wconf 91' lang='lat' dir='ltr'><strong>dimittens,</strong></span> <span class='ocrx_word' id='word_1_664' title='bbox 1647 5065 1744 5118; x_wconf 91' lang='lat' dir='ltr'><strong>per</strong></span> <span class='ocrx_word' id='word_1_665' title='bbox 1769 5050 1996 5106; x_wconf 82' lang='lat' dir='ltr'><strong>Germa-</strong></span> 
     </span>
    </p>
   </div>
   <div class='ocr_carea' id='block_1_98' title="bbox 382 5127 1996 5209">
    <p class='ocr_par' dir='ltr' id='par_1_98' title="bbox 382 5127 1996 5209">
     <span class='ocr_line' id='line_1_98' title="bbox 382 5127 1996 5209; baseline 0.008 -29"><span class='ocrx_word' id='word_1_666' title='bbox 382 5127 529 5182; x_wconf 89' lang='lat' dir='ltr'><strong>niam</strong></span> <span class='ocrx_word' id='word_1_667' title='bbox 564 5129 667 5183; x_wconf 90' lang='lat' dir='ltr'><strong>iter</strong></span> <span class='ocrx_word' id='word_1_668' title='bbox 707 5129 870 5194; x_wconf 85' lang='lat' dir='ltr'><strong>fecit;</strong></span> <span class='ocrx_word' id='word_1_669' title='bbox 919 5140 1198 5186; x_wconf 85' lang='lat' dir='ltr'><strong>revertens</strong></span> <span class='ocrx_word' id='word_1_670' title='bbox 1227 5149 1358 5188; x_wconf 92' lang='lat' dir='ltr'><strong>vero</strong></span> <span class='ocrx_word' id='word_1_671' title='bbox 1386 5149 1484 5204; x_wconf 91' lang='lat' dir='ltr'><strong>per</strong></span> <span class='ocrx_word' id='word_1_672' title='bbox 1514 5135 1790 5191; x_wconf 87' lang='lat' dir='ltr'><strong>Franciam</strong></span> <span class='ocrx_word' id='word_1_673' title='bbox 1824 5140 1996 5209; x_wconf 87' lang='lat' dir='ltr'><strong>venit,</strong></span> 
     </span>
    </p>
   </div>
   <div class='ocr_carea' id='block_1_99' title="bbox 383 5219 1998 5294">
    <p class='ocr_par' dir='ltr' id='par_1_99' title="bbox 383 5219 1998 5294">
     <span class='ocr_line' id='line_1_99' title="bbox 383 5219 1998 5294; baseline 0.008 -23"><span class='ocrx_word' id='word_1_674' title='bbox 383 5233 453 5272; x_wconf 88' lang='lat' dir='ltr'><strong>ne</strong></span> <span class='ocrx_word' id='word_1_675' title='bbox 477 5219 592 5291; x_wconf 88' lang='lat' dir='ltr'><strong>regi</strong></span> <span class='ocrx_word' id='word_1_676' title='bbox 621 5219 952 5274; x_wconf 86' lang='lat' dir='ltr'><strong>Francorum</strong></span> <span class='ocrx_word' id='word_1_677' title='bbox 983 5229 1128 5276; x_wconf 90' lang='lat' dir='ltr'><strong>esset</strong></span> <span class='ocrx_word' id='word_1_678' title='bbox 1152 5222 1480 5293; x_wconf 91' lang='lat' dir='ltr'><strong>suspicioni.</strong></span> <span class='ocrx_word' id='word_1_679' title='bbox 1525 5223 1635 5279; x_wconf 86' lang='lat' dir='ltr'><strong>Rex</strong></span> <span class='ocrx_word' id='word_1_680' title='bbox 1667 5235 1873 5294; x_wconf 91' lang='lat' dir='ltr'><strong>autem,</strong></span> <span class='ocrx_word' id='word_1_681' title='bbox 1897 5230 1998 5284; x_wconf 85' lang='lat' dir='ltr'><strong>ad-</strong></span> 
     </span>
    </p>
   </div>
   <div class='ocr_carea' id='block_1_100' title="bbox 2101 4498 3726 4576">
    <p class='ocr_par' dir='ltr' id='par_1_100' title="bbox 2101 4498 3726 4576">
     <span class='ocr_line' id='line_1_100' title="bbox 2101 4498 3726 4576; baseline 0.004 -26"><span class='ocrx_word' id='word_1_682' title='bbox 2101 4514 2242 4564; x_wconf 87' lang='lat' dir='ltr'><strong>rum,</strong></span> <span class='ocrx_word' id='word_1_683' title='bbox 2290 4507 2344 4552; x_wconf 90' lang='lat' dir='ltr'><strong>et</strong></span> <span class='ocrx_word' id='word_1_684' title='bbox 2402 4498 2692 4553; x_wconf 90' lang='lat' dir='ltr'><strong>domorum</strong></span> <span class='ocrx_word' id='word_1_685' title='bbox 2760 4501 2974 4572; x_wconf 82' lang='lat' dir='ltr'><strong>tegulas</strong></span> <span class='ocrx_word' id='word_1_686' title='bbox 3040 4501 3470 4574; x_wconf 87' lang='lat' dir='ltr'><strong>confregerunt;</strong></span> <span class='ocrx_word' id='word_1_687' title='bbox 3527 4505 3726 4576; x_wconf 83' lang='lat' dir='ltr'><strong>stipula</strong></span> 
     </span>
    </p>
   </div>
   <div class='ocr_carea' id='block_1_101' title="bbox 2099 4590 3728 4665">
    <p class='ocr_par' dir='ltr' id='par_1_101' title="bbox 2099 4590 3728 4665">
     <span class='ocr_line' id='line_1_101' title="bbox 2099 4590 3728 4665; baseline 0.004 -23"><span class='ocrx_word' id='word_1_688' title='bbox 2099 4605 2344 4660; x_wconf 87' lang='lat' dir='ltr'><strong>quoque,</strong></span> <span class='ocrx_word' id='word_1_689' title='bbox 2375 4606 2485 4659; x_wconf 90' lang='lat' dir='ltr'><strong>que</strong></span> <span class='ocrx_word' id='word_1_690' title='bbox 2517 4590 2570 4642; x_wconf 92' lang='lat' dir='ltr'><strong>in</strong></span> <span class='ocrx_word' id='word_1_691' title='bbox 2622 4591 2766 4665; x_wconf 89' lang='lat' dir='ltr'><strong>agris</strong></span> <span class='ocrx_word' id='word_1_692' title='bbox 2821 4601 3178 4659; x_wconf 89' lang='lat' dir='ltr'><strong>remanserat,</strong></span> <span class='ocrx_word' id='word_1_693' title='bbox 3211 4594 3284 4647; x_wconf 91' lang='lat' dir='ltr'><strong>ita</strong></span> <span class='ocrx_word' id='word_1_694' title='bbox 3315 4603 3435 4650; x_wconf 86' lang='lat' dir='ltr'><strong>erat</strong></span> <span class='ocrx_word' id='word_1_695' title='bbox 3468 4594 3652 4651; x_wconf 87' lang='lat' dir='ltr'><strong>fetens</strong></span> <span class='ocrx_word' id='word_1_696' title='bbox 3681 4605 3728 4649; x_wconf 90' lang='lat' dir='ltr'><strong>et</strong></span> 
     </span>
    </p>
   </div>
   <div class='ocr_carea' id='block_1_102' title="bbox 2098 4683 3723 4757">
    <p class='ocr_par' dir='ltr' id='par_1_102' title="bbox 2098 4683 3723 4757">
     <span class='ocr_line' id='line_1_102' title="bbox 2098 4683 3723 4757; baseline 0.005 -19"><span class='ocrx_word' id='word_1_697' title='bbox 2098 4683 2330 4749; x_wconf 91' lang='lat' dir='ltr'><strong>inutilis,</strong></span> <span class='ocrx_word' id='word_1_698' title='bbox 2362 4694 2421 4737; x_wconf 91' lang='lat' dir='ltr'><strong>ut</strong></span> <span class='ocrx_word' id='word_1_699' title='bbox 2453 4700 2555 4739; x_wconf 92' lang='lat' dir='ltr'><strong>nec</strong></span> <span class='ocrx_word' id='word_1_700' title='bbox 2586 4685 2761 4754; x_wconf 89' lang='lat' dir='ltr'><strong>pastui</strong></span> <span class='ocrx_word' id='word_1_701' title='bbox 2795 4694 2940 4742; x_wconf 89' lang='lat' dir='ltr'><strong>esset</strong></span> <span class='ocrx_word' id='word_1_702' title='bbox 2971 4695 3098 4757; x_wconf 90' lang='lat' dir='ltr'><strong>apta</strong></span> <span class='ocrx_word' id='word_1_703' title='bbox 3127 4689 3341 4742; x_wconf 88' lang='lat' dir='ltr'><strong>bestiis.</strong></span> <span class='ocrx_word' id='word_1_704' title='bbox 3399 4689 3552 4745; x_wconf 90' lang='lat' dir='ltr'><strong>Obiit</strong></span> <span class='ocrx_word' id='word_1_705' title='bbox 3583 4692 3723 4746; x_wconf 89' lang='lat' dir='ltr'><strong>Gau-</strong></span> 
     </span>
    </p>
   </div>
   <div class='ocr_carea' id='block_1_103' title="bbox 2098 4775 3713 4858">
    <p class='ocr_par' dir='ltr' id='par_1_103' title="bbox 2098 4775 3713 4858">
     <span class='ocr_line' id='line_1_103' title="bbox 2098 4775 3713 4858; baseline 0.005 -28"><span class='ocrx_word' id='word_1_706' title='bbox 2098 4775 2271 4831; x_wconf 89' lang='lat' dir='ltr'><strong>fridus</strong></span> <span class='ocrx_word' id='word_1_707' title='bbox 2300 4793 2490 4832; x_wconf 90' lang='lat' dir='ltr'><strong>comes</strong></span> <span class='ocrx_word' id='word_1_708' title='bbox 2529 4777 2828 4844; x_wconf 86' lang='lat' dir='ltr'><strong>Britannic,</strong></span> <span class='ocrx_word' id='word_1_709' title='bbox 2873 4776 3019 4833; x_wconf 83' lang='lat' dir='ltr'><strong>filius</strong></span> <span class='ocrx_word' id='word_1_710' title='bbox 3049 4780 3269 4834; x_wconf 90' lang='lat' dir='ltr'><strong>Henrici</strong></span> <span class='ocrx_word' id='word_1_711' title='bbox 3304 4782 3455 4854; x_wconf 89' lang='lat' dir='ltr'><strong>regis</strong></span> <span class='ocrx_word' id='word_1_712' title='bbox 3503 4783 3713 4858; x_wconf 79' lang='lat' dir='ltr'><strong>Anglic,</strong></span> 
     </span>
    </p>
   </div>
   <div class='ocr_carea' id='block_1_104' title="bbox 2097 4868 3719 4949">
    <p class='ocr_par' dir='ltr' id='par_1_104' title="bbox 2097 4868 3719 4949">
     <span class='ocr_line' id='line_1_104' title="bbox 2097 4868 3719 4949; baseline 0.004 -28"><span class='ocrx_word' id='word_1_713' title='bbox 2097 4868 2184 4922; x_wconf 77' lang='lat'><strong>15.</strong></span> <span class='ocrx_word' id='word_1_714' title='bbox 2217 4868 2332 4923; x_wconf 86' lang='lat' dir='ltr'><strong>Kal.</strong></span> <span class='ocrx_word' id='word_1_715' title='bbox 2360 4868 2474 4922; x_wconf 90' lang='lat' dir='ltr'><strong>Oct.</strong></span> <span class='ocrx_word' id='word_1_716' title='bbox 2506 4869 2728 4939; x_wconf 91' lang='lat' dir='ltr'><strong>quando</strong></span> <span class='ocrx_word' id='word_1_717' title='bbox 2760 4871 2842 4923; x_wconf 92' lang='lat' dir='ltr'><strong>sol</strong></span> <span class='ocrx_word' id='word_1_718' title='bbox 2875 4876 2982 4924; x_wconf 89' lang='lat' dir='ltr'><strong>stat</strong></span> <span class='ocrx_word' id='word_1_719' title='bbox 3005 4871 3060 4924; x_wconf 93' lang='lat' dir='ltr'><strong>in</strong></span> <span class='ocrx_word' id='word_1_720' title='bbox 3102 4871 3317 4940; x_wconf 87' lang='lat' dir='ltr'><strong>libram,</strong></span> <span class='ocrx_word' id='word_1_721' title='bbox 3353 4875 3544 4949; x_wconf 88' lang='lat' dir='ltr'><strong>magni</strong></span> <span class='ocrx_word' id='word_1_722' title='bbox 3574 4875 3719 4930; x_wconf 89' lang='lat' dir='ltr'><strong>venti</strong></span> 
     </span>
    </p>
   </div>
   <div class='ocr_carea' id='block_1_105' title="bbox 2097 4963 3725 5039">
    <p class='ocr_par' dir='ltr' id='par_1_105' title="bbox 2097 4963 3725 5039">
     <span class='ocr_line' id='line_1_105' title="bbox 2097 4963 3725 5039; baseline 0.002 -22"><span class='ocrx_word' id='word_1_723' title='bbox 2097 4963 2403 5034; x_wconf 88' lang='lat' dir='ltr'><strong>periculum</strong></span> <span class='ocrx_word' id='word_1_724' title='bbox 2462 4975 2626 5018; x_wconf 79' lang='lat' dir='ltr'><strong>antea</strong></span> <span class='ocrx_word' id='word_1_725' title='bbox 2654 4965 3041 5035; x_wconf 85' lang='lat' dir='ltr'><strong>prophetatum</strong></span> <span class='ocrx_word' id='word_1_726' title='bbox 3073 4981 3173 5036; x_wconf 90' lang='lat' dir='ltr'><strong>per</strong></span> <span class='ocrx_word' id='word_1_727' title='bbox 3210 4966 3304 5021; x_wconf 89' lang='lat' dir='ltr'><strong>Dei</strong></span> <span class='ocrx_word' id='word_1_728' title='bbox 3337 4967 3574 5039; x_wconf 89' lang='lat' dir='ltr'><strong>gratiam</strong></span> <span class='ocrx_word' id='word_1_729' title='bbox 3602 4983 3725 5022; x_wconf 86' lang='lat' dir='ltr'><strong>eva-</strong></span> 
     </span>
    </p>
   </div>
   <div class='ocr_carea' id='block_1_106' title="bbox 2098 5052 3719 5122">
    <p class='ocr_par' dir='ltr' id='par_1_106' title="bbox 2098 5052 3719 5122">
     <span class='ocr_line' id='line_1_106' title="bbox 2098 5052 3719 5122; baseline 0 -15"><span class='ocrx_word' id='word_1_730' title='bbox 2098 5052 2294 5108; x_wconf 88' lang='lat' dir='ltr'><strong>simus.</strong></span> <span class='ocrx_word' id='word_1_731' title='bbox 2353 5053 2550 5108; x_wconf 86' lang='lat' dir='ltr'><strong>Futura</strong></span> <span class='ocrx_word' id='word_1_732' title='bbox 2581 5053 2729 5107; x_wconf 90' lang='lat' dir='ltr'><strong>enim</strong></span> <span class='ocrx_word' id='word_1_733' title='bbox 2777 5069 2940 5109; x_wconf 87' lang='lat' dir='ltr'><strong>nemo</strong></span> <span class='ocrx_word' id='word_1_734' title='bbox 2989 5054 3144 5109; x_wconf 90' lang='lat' dir='ltr'><strong>novit</strong></span> <span class='ocrx_word' id='word_1_735' title='bbox 3181 5055 3286 5109; x_wconf 91' lang='lat' dir='ltr'><strong>nisi</strong></span> <span class='ocrx_word' id='word_1_736' title='bbox 3321 5056 3490 5122; x_wconf 89' lang='lat' dir='ltr'><strong>Deus,</strong></span> <span class='ocrx_word' id='word_1_737' title='bbox 3546 5063 3601 5110; x_wconf 91' lang='lat' dir='ltr'><strong>et</strong></span> <span class='ocrx_word' id='word_1_738' title='bbox 3638 5055 3719 5110; x_wconf 91' lang='lat' dir='ltr'><strong>cui</strong></span> 
     </span>
    </p>
   </div>
   <div class='ocr_carea' id='block_1_107' title="bbox 2099 5140 3721 5214">
    <p class='ocr_par' dir='ltr' id='par_1_107' title="bbox 2099 5140 3721 5214">
     <span class='ocr_line' id='line_1_107' title="bbox 2099 5140 3721 5214; baseline 0.002 -20"><span class='ocrx_word' id='word_1_739' title='bbox 2099 5141 2216 5210; x_wconf 91' lang='lat' dir='ltr'><strong>ipse</strong></span> <span class='ocrx_word' id='word_1_740' title='bbox 2249 5141 2509 5213; x_wconf 89' lang='lat' dir='ltr'><strong>dignatus</strong></span> <span class='ocrx_word' id='word_1_741' title='bbox 2538 5140 2704 5196; x_wconf 91' lang='lat' dir='ltr'><strong>fuerit</strong></span> <span class='ocrx_word' id='word_1_742' title='bbox 2727 5142 2992 5197; x_wconf 90' lang='lat' dir='ltr'><strong>revelare.</strong></span> <span class='ocrx_word' id='word_1_743' title='bbox 3018 5143 3130 5197; x_wconf 90' lang='lat' dir='ltr'><strong>Nec</strong></span> <span class='ocrx_word' id='word_1_744' title='bbox 3153 5144 3328 5214; x_wconf 80' lang='lat' dir='ltr'><strong>ipsius</strong></span> <span class='ocrx_word' id='word_1_745' title='bbox 3361 5152 3422 5199; x_wconf 87' lang='lat' dir='ltr'><strong>ut</strong></span> <span class='ocrx_word' id='word_1_746' title='bbox 3451 5144 3721 5200; x_wconf 88' lang='lat' dir='ltr'><strong>credimus</strong></span> 
     </span>
    </p>
   </div>
   <div class='ocr_carea' id='block_1_108' title="bbox 2096 5233 3716 5310">
    <p class='ocr_par' dir='ltr' id='par_1_108' title="bbox 2096 5233 3716 5310">
     <span class='ocr_line' id='line_1_108' title="bbox 2096 5233 3716 5310; baseline 0.002 -24"><span class='ocrx_word' id='word_1_747' title='bbox 2096 5233 2322 5303; x_wconf 90' lang='lat' dir='ltr'><strong>sapiens</strong></span> <span class='ocrx_word' id='word_1_748' title='bbox 2373 5233 2662 5303; x_wconf 91' lang='lat' dir='ltr'><strong>dispositio</strong></span> <span class='ocrx_word' id='word_1_749' title='bbox 2693 5233 2946 5302; x_wconf 88' lang='lat' dir='ltr'><strong>subjecta</strong></span> <span class='ocrx_word' id='word_1_750' title='bbox 2976 5242 3058 5288; x_wconf 88' lang='lat' dir='ltr'><strong>est</strong></span> <span class='ocrx_word' id='word_1_751' title='bbox 3089 5234 3253 5289; x_wconf 87' lang='lat' dir='ltr'><strong>alicui</strong></span> <span class='ocrx_word' id='word_1_752' title='bbox 3303 5237 3584 5310; x_wconf 81' lang='lat' dir='ltr'><strong>astrologo</strong></span> <span class='ocrx_word' id='word_1_753' title='bbox 3623 5251 3716 5290; x_wconf 88' lang='lat' dir='ltr'><strong>nec</strong></span> 
     </span>
    </p>
   </div>
   <div class='ocr_carea' id='block_1_109' title="bbox 1729 5361 2378 5421">
    <p class='ocr_par' dir='ltr' id='par_1_109' title="bbox 1729 5361 2378 5421">
     <span class='ocr_line' id='line_1_109' title="bbox 1729 5361 2378 5421; baseline 0.006 -7"><span class='ocrx_word' id='word_1_754' title='bbox 1729 5361 1946 5417; x_wconf 78' lang='lat' dir='ltr'><strong>VARUE</strong></span> <span class='ocrx_word' id='word_1_755' title='bbox 2000 5363 2378 5421; x_wconf 83' lang='lat' dir='ltr'><strong>LECTlONES.</strong></span> 
     </span>
    </p>
   </div>
   <div class='ocr_carea' id='block_1_110' title="bbox 453 5423 1445 5496">
    <p class='ocr_par' dir='ltr' id='par_1_110' title="bbox 453 5423 1445 5496">
     <span class='ocr_line' id='line_1_110' title="bbox 453 5423 1445 5496; baseline 0.009 -21"><span class='ocrx_word' id='word_1_756' title='bbox 453 5424 522 5458; x_wconf 68' lang='lat'><strong>‘5‘</strong></span> <span class='ocrx_word' id='word_1_757' title='bbox 553 5423 828 5480; x_wconf 60' lang='lat' dir='ltr'><strong>CLXXXI&quot;</strong></span> <span class='ocrx_word' id='word_1_758' title='bbox 857 5424 1044 5494; x_wconf 68' lang='lat' dir='ltr'><strong>eodem,</strong></span> <span class='ocrx_word' id='word_1_759' title='bbox 1075 5427 1125 5480; x_wconf 83' lang='lat' dir='ltr'><strong>el</strong></span> <span class='ocrx_word' id='word_1_760' title='bbox 1156 5429 1236 5481; x_wconf 77' lang='lat' dir='ltr'><strong>ita</strong></span> <span class='ocrx_word' id='word_1_761' title='bbox 1261 5442 1445 5496; x_wconf 79' lang='lat' dir='ltr'><strong>porro.</strong></span> 
     </span>
    </p>
   </div>
   <div class='ocr_carea' id='block_1_111' title="bbox 1944 5536 2157 5594">
    <p class='ocr_par' dir='ltr' id='par_1_111' title="bbox 1944 5536 2157 5594">
     <span class='ocr_line' id='line_1_111' title="bbox 1944 5536 2157 5594; baseline 0.014 -3"><span class='ocrx_word' id='word_1_762' title='bbox 1944 5536 2157 5594; x_wconf 79' lang='grc' dir='ltr'><strong>ΝΟΤᾹΞ.</strong></span> 
     </span>
    </p>
   </div>
   <div class='ocr_carea' id='block_1_112' title="bbox 454 5597 1055 5670">
    <p class='ocr_par' dir='ltr' id='par_1_112' title="bbox 454 5597 1055 5670">
     <span class='ocr_line' id='line_1_112' title="bbox 454 5597 1055 5670; baseline -0.003 -17"><span class='ocrx_word' id='word_1_763' title='bbox 454 5598 595 5670; x_wconf 71' lang='grc'>(444)</span> <span class='ocrx_word' id='word_1_764' title='bbox 637 5597 805 5655; x_wconf 84' lang='lat' dir='ltr'><strong>Fland</strong></span> <span class='ocrx_word' id='word_1_765' title='bbox 815 5613 1055 5654; x_wconf 89' lang='lat' dir='ltr'><strong>rensem.</strong></span> 
     </span>
    </p>
   </div>
   <div class='ocr_carea' id='block_1_113' title="bbox 455 5669 967 5741">
    <p class='ocr_par' dir='ltr' id='par_1_113' title="bbox 455 5669 967 5741">
     <span class='ocr_line' id='line_1_113' title="bbox 455 5669 967 5741; baseline -0.002 -17"><span class='ocrx_word' id='word_1_766' title='bbox 455 5670 600 5741; x_wconf 71' lang='grc'><strong>(445)</strong></span> <span class='ocrx_word' id='word_1_767' title='bbox 639 5669 967 5727; x_wconf 73' lang='lat' dir='ltr'><strong>Montensis.</strong></span> 
     </span>
    </p>
   </div>
   <div class='ocr_carea' id='block_1_114' title="bbox 2239 5609 3586 5682">
    <p class='ocr_par' dir='ltr' id='par_1_114' title="bbox 2239 5609 3586 5682">
     <span class='ocr_line' id='line_1_114' title="bbox 2239 5609 3586 5682; baseline 0.002 -19"><span class='ocrx_word' id='word_1_768' title='bbox 2239 5609 2385 5681; x_wconf 72' lang='lat'><strong>(446)</strong></span> <span class='ocrx_word' id='word_1_769' title='bbox 2427 5611 2550 5666; x_wconf 58' lang='lat' dir='ltr'><strong>Hec</strong></span> <span class='ocrx_word' id='word_1_770' title='bbox 2582 5610 2763 5667; x_wconf 88' lang='lat' dir='ltr'><strong>fusius</strong></span> <span class='ocrx_word' id='word_1_771' title='bbox 2784 5616 2967 5667; x_wconf 88' lang='lat' dir='ltr'><strong>narrat</strong></span> <span class='ocrx_word' id='word_1_772' title='bbox 3005 5609 3350 5668; x_wconf 84' lang='lat' dir='ltr'><strong>Gislebertus</strong></span> <span class='ocrx_word' id='word_1_773' title='bbox 3378 5629 3434 5682; x_wconf 90' lang='lat' dir='ltr'><strong>p.</strong></span> <span class='ocrx_word' id='word_1_774' title='bbox 3461 5611 3586 5668; x_wconf 70' lang='grc'><strong>165.</strong></span> 
     </span>
    </p>
   </div>
  </div>
