3876 6208
134 352 223 410 335
1028 349 1373 406 CHRONICA.
1416 382 1482 391 —
1523 346 1958 407 CONTINUATIO
1997 347 2485 417 AQUICINCTINA.
3325 361 3431 421 326

130 482 358 539 Toletano
398 480 838 535 nichromantico
890 480 1061 551 (M7),
1112 480 1401 535 Vindemia
1446 481 1501 535 in
1562 497 1707 555 pago
1736 486 1787 554 Α
1814 483 2002 537 fertur.
2034 482 2145 537 Rex
2184 482 2465 554 capituret
2494 498 2690 539 omnes
2730 486 3007 558 principes
3035 498 3129 545 aut
3155 493 3428 549 occidun-

134 571 414 628 Belvacensi
456 579 510 626 et
540 570 892 627 Noviomensi
943 587 1043 642 per
1081 578 1466 641 tempestatem
1506 589 1707 643 supra-
1814 573 2000 626 turvel
2048 571 2362 642 capiuntur,
2421 572 2624 647 vulgus
2665 574 3069 634 innumerabile
3116 583 3425 652 perimitur.

130 664 353 735 scriptam
379 670 492 718 toto
522 679 674 733 pene
712 663 947 733 perdita,
978 678 1089 718 non
1141 664 1320 718 solum
1354 664 1410 717 in
1440 663 1526 719 his
1554 666 1709 732 locis,
1815 664 2016 737 Sicque
2047 666 2197 720 omni
2217 674 2361 721 terra
2390 684 2534 738 pene
2560 685 2591 723 a
2613 669 2729 723 suis
2759 668 3152 728 defensoribus
3176 685 3431 745 vacuata,

130 760 210 814 sed
235 759 386 814 etiam
416 758 473 811 in
502 757 672 812 Arida
715 757 998 812 Gamantia
1045 757 1188 826 (448)
1240 756 1329 811 vel
1359 757 1612 823 Humida,
1655 758 1710 814 in
1813 753 2176 810 Salahadinus
2227 764 2426 812 terram
2522 760 2888 829 perambulat,
2944 763 3193 821 civitates
3261 771 3430 841 capit,

130 848 358 903 comitatu
396 862 628 919 quoque
659 846 1153 903 Ostrevandensiet
1183 845 1715 913 Ilainoensi;etubi-
1821 846 2044 901 castella
2090 854 2184 902 aut
2231 848 2335 901 sibi
2394 850 2593 904 retinet
2641 858 2733 906 aut
2797 852 3048 923 destruit,
3100 863 3431 917 monasteria

130 955 331 1010 cumque
358 938 630 999 transivit.
652 937 901 994 ﬂendaet
927 937 1409 1009 dolendareliquit
1460 939 1713 1014 vestigia.
1819 941 2035 1009 evertit,
2082 944 2403 1011 monachos,
2455 946 2815 1016 presbiteros,
2864 948 3099 1007 clericos
3149 953 3429 1024 interficit,

187 1032 325 1087 1187.
360 1031 719 1087 lacrimabilis
760 1032 946 1088 nobis.
1173 1032 1232 1086 R.
1274 1031 1364 1087 35.
1564 1033 1617 1087 F.
1661 1034 1713 1088 7.
1818 1035 2267 1091 sanctimoniales
2312 1037 2643 1094 dehonestat
2697 1047 2751 1094 et
2790 1042 3011 1098 occidit.
3047 1045 3158 1100 Rex
3189 1063 3312 1103 cum
3340 1066 3434 1105 ce-

132 1124 180 1174 Α.
212 1120 273 1175 33
433 1121 494 1176 Il.
535 1121 629 1177 11.
1817 1128 1947 1182 teris
1971 1129 2201 1200 captivis
2231 1138 2285 1186 et
2314 1147 2477 1187 cruce
2503 1133 2784 1189 dominica
2814 1134 3136 1193 Damascum
3167 1140 3428 1212 ducitur;

186 1211 325 1266 Anno
353 1210 570 1265 Domini
624 1211 779 1276 1187,
831 1225 979 1266 anno
1034 1210 1123 1266 26.
1156 1210 1431 1266 Frederici
1464 1211 1710 1283 impera-
1812 1218 2076 1285 Armenii,
2107 1220 2281 1286 Greci,
2325 1222 2630 1291 christiani,
2680 1242 2880 1299 magno
2913 1229 3039 1283 dato
3077 1232 3194 1285 auri
3245 1210 3431 1303 precio

131 1302 259 1367 toris,
286 1302 411 1373 et].
439 1302 682 1373 Philippi
714 1302 1043 1359 Francorum
1103 1303 1271 1375 regis,
1304 1318 1469 1373 porro
1494 1303 1711 1358 Henrici
1814 1310 2168 1379 sepulchrum
2201 1313 2418 1368 Domini
2467 1331 2589 1370 cum
2647 1333 2746 1372 sua
2808 1321 3043 1376 ecclesia
3102 1331 3157 1378 et
3212 1302 3430 1383 Domini

129 1390 392 1465 Anglorum
417 1391 565 1465 regis
589 1390 682 1457 33,
724 1391 1173 1463 incomparabilis
1212 1391 1371 1447 dolor
1398 1385 1454 1447 et
1485 1392 1715 1447 tristicia
1817 1401 2081 1473 templum
2112 1420 2143 1458 a
2171 1404 2503 1461 Salahadino
2538 1410 2915 1468 redemerunt.
2948 1414 3039 1470 Hm
3071 1423 3198 1471 sunt
3220 1419 3418 1476 civita-

130 1479 393 1537 ineti‘abilis
418 1482 687 1537 universe
725 1482 929 1538 accidit
975 1482 1388 1539 christianitati.
1426 1484 1559 1538 Nam
1592 1484 1717 1538 Bal-
1817 1498 1920 1554 tes,
1944 1494 2037 1564 qui
2086 1495 2404 1552 christianis
2454 1510 2855 1558 remanserunt,
2905 1505 3191 1563 Antiochia
3251 1510 3430 1581 syria,

131 1575 272 1629 duino
300 1591 423 1650 rege
450 1576 945 1632 lherosolimorum
973 1575 1087 1633 filio
1116 1577 1373 1633 Amalrici
1405 1577 1666 1634 defuncto
1700 1597 1715 1643 ;
1819 1581 2143 1640 fortitudine
2166 1587 2433 1658 principis
2456 1591 2538 1645 sui
2558 1598 2612 1646 et
2652 1592 3078 1652 inhabitantium
3109 1575 3383 1659 custodita

132 1662 362 1718 successit
386 1664 437 1717 ei
470 1664 778 1719 Balduinus
834 1680 992 1735 puer,
1055 1664 1175 1733 ejus
1200 1680 1267 1719 ex
1304 1680 1497 1720 sorore
1519 1681 1713 1737 nepos.
1818 1673 1989 1746 Tyrus
2016 1677 2207 1732 civitas
2236 1679 2477 1747 Fenicie,
2517 1699 2616 1752 per
2676 1685 2997 1743 industriam
3032 1690 3128 1745 filii
3176 1696 3437 1752 marchisi

133 1752 250 1859 libus
275 1754 528 1810 Willelmi
557 1756 819 1853 mare-hisi
851 1756 921 1810 de
961 1755 1301 1859 licutferrat,
1333 1773 1517 1856 .quem
1549 1773 1715 1857 supra
1744 1792 1793 1859 Β
1817 1764 1886 1819 de
1916 1765 2252 1835 Montferrat,
2295 1769 2475 1825 fratris
2495 1771 2778 1840 Willelmi,
2829 1793 2995 1847 quem
3045 1795 3212 1851 supra
3235 1784 3433 1839 retuli-

132 1839 331 1895 diximus
355 1857 577 1898 veneno
606 1843 931 1898 extinctum.
964 1843 1157 1899 Tutela
1189 1845 1347 1915 pueri
1389 1852 1443 1900 et
1470 1848 1624 1920 regni
1649 1865 1713 1903 ex
1744 1839 1793 1859 υ
1817 1871 1941 1910 mus
1972 1858 2270 1914 extinctum
2303 1877 2540 1930 veneno,
2564 1870 2774 1920 retenta
2816 1884 2830 1931 ;
2860 1866 3095 1938 Tripolis
3117 1839 3304 1927 uetiam
3337 1892 3437 1945 per

132 1932 330 1987 consilio
355 1933 656 2003 primatum
710 1935 875 1990 totius
913 1935 1201 2006 provincie
1230 1937 1595 1993 committitur
1624 1954 1717 1995 co-
1818 1945 2075 1999 comitcm
2105 1954 2161 2001 et
2190 1948 2566 2006 inhabitantes
2597 1963 2828 2010 servata.
2854 1932 3000 2013 Obiit
3023 1974 3209 2016 comes
3239 1932 3435 2034 Tripo—

130 2019 599 2092 mitiTripolitano.
662 2021 834 2078 Mater
892 2030 1074 2078 autem
1138 2024 1298 2096 pueri
1351 2026 1486 2081 satis
1538 2035 1717 2083 astuta
1818 2030 2041 2100 litanus,
2076 2035 2236 2104 hujus
2276 2038 2402 2092 mali
2446 2040 2717 2097 incentor.

134 2114 322 2167 extorsit
344 2129 375 2167 a
412 2115 730 2185 patriarcha
758 2122 814 2170 et
839 2116 1041 2171 ceteris
1074 2116 1420 2188 principibus
1447 2120 1623 2192 regni,
1656 2128 1717 2175 ut
1891 2123 2141 2183 Urbanus
2197 2148 2339 2203 papa
2389 2150 2420 2188 a
2476 2134 2689 2190 Verona
2719 2138 3012 2208 secedens,
3065 2149 3120 2197 et
3146 2145 3429 2203 Venetiam

135 2207 310 2278 ςίρυει-
336 2210 636 2266 decederet
662 2217 835 2266 morte
874 2211 1187 2279 immatura,
1241 2212 1350 2267 sibi
1391 2214 1716 2271 redderetur
1822 2209 1901 2267 ire
1931 2214 2257 2287 disponens,
2290 2224 2435 2293 apud
2501 2226 2801 2283 Ferrariam
2852 2231 3002 2286 venit
3031 2233 3327 2290 civitatem.
3352 2238 3431 2291 lbi

137 2314 304 2355 corona
329 2302 497 2377 regia,
528 2303 838 2358 Balduinus
870 2320 962 2359 rex
994 2305 1486 2362 lherosolimorum
1511 2308 1617 2363 sub
1642 2319 1725 2364 ιιι-
1825 2304 2015 2360 audito
2043 2308 2192 2380 gravi
2216 2313 2419 2368 nuncio
2451 2314 2520 2369 de
2546 2316 2858 2385 perditione
2890 2323 3256 2378 transmarino
3287 2326 3430 2380 chri-

138 2392 222 2447 tela
245 2396 445 2451 comitis
500 2397 831 2467 Tripolitani
887 2399 1169 2465 moritur;
1214 2406 1386 2455 mater
1434 2417 1568 2458 vero
1601 2403 1725 2470 ejus
1824 2395 2140 2466 stianitatis,
2186 2400 2241 2454 in
2292 2402 2663 2460 infirmitatem
2713 2408 2921 2465 decidit
2988 2411 3126 2483 (Oct.
3173 2413 3279 2484 19).
3319 2416 3435 2481 Quo

139 2486 373 2541 ωπιίιίεεα
393 2488 464 2542 de
491 2488 699 2559 Joppe’
732 2505 762 2542 δ
793 2489 1105 2559 patriarcha
1136 2498 1194 2545 ει
1231 2490 1502 2547 militibus
1531 2493 1721 2563 templi
1824 2492 2039 2541 mortuo
2069 2496 2127 2542 et
2156 2488 2363 2545 ibidem
2407 2497 2699 2560 tumulato,
2754 2500 3003 2555 succedit
3049 2503 3099 2556 ei
3131 2504 3430 2561 Autbertus

141 2582 183 2628 et
207 2576 469 2648 hospitalis
507 2580 782 2635 etceteris
841 2580 1125 2651 provincie
1181 2582 1522 2652 primoribus
1552 2600 1722 2641 coro-
1823 2578 2187 2634 cancellarius
2215 2584 2357 2650 eius.
2402 2585 2495 2656 (illi
2547 2588 2773 2645 alteram
2817 2592 3043 2648 nomine
3090 2602 3315 2651 vocatus
3348 2607 3434 2653 est

143 2685 239 2724 nam
264 2673 518 2747 regnisihi
553 2674 896 2729 hereditario
938 2675 1062 2743 jure
1116 2684 1520 2748 competentem
1552 2694 1724 2750 cxpe—
1824 2664 2119 2740 Gregorius
2166 2670 2302 2737 V1",
2352 2690 2494 2744 Papa
2539 2676 2629 2732 171
2712 2679 2799 2732 ⁸⁵⁶ο
2854 2680 2951 2744 QUi
2986 2692 3109 2753 Post
3137 2700 3435 2742 consecra-

141 2760 207 2815 tiit
247 2763 350 2826 Qua
372 2771 620 2835 recepta,
653 2765 818 2834 capiti
858 2765 958 2819 viri
993 2766 1078 2820 sui
1118 2767 1384 2823 Guidonis
1408 2769 1672 2824 comitisd

1893 2776 2029 2814 mem
2060 2778 2215 2818 suam
2257 2764 2483 2822 Romam
2517 2768 2595 2823 ire
2627 2770 2951 2842 disponens,
2986 2774 3040 2828 in
3073 2775 3191 2846 ipso
3224 2778 3424 2834 itinere

141 2847 283 2919 loppe
308 2851 588 2922 imposuit.
618 2853 672 2907 Is
703 2853 851 2907 enim
904 2852 1067 2909 Wido
1097 2861 1212 2909 erat
1258 2871 1464 2929 genere
1496 2858 1672 2928 Aquit:

1905 2850 2012 2905 luis
2038 2853 2267 2909 moritur
2316 2855 2456 2925 (Dec.
2524 2860 2631 2929 17),
2675 2870 2730 2916 et
2767 2869 2891 2932 post
2934 2866 3283 2940 septuaginta
3314 2868 3436 2924 dies

144 2951 242 3003 nus,
268 2938 332 2993 de
365 2941 593 2996 castello
629 2939 922 2995 Lesinione
953 2941 1115 3011 (449),
1144 2944 1402 2999 asemiue
1427 2945 1724 3017 regioalie-
1821 2940 2113 3028 sacerdotii
2144 2943 2229 2997 sui
2260 2943 2335 2998 ibi
2359 2946 2412 3000 in
2445 2948 2679 3004 ecclesia
2722 2950 2882 3008 beate
2921 2953 3090 3009 Marie
3137 2938 3428 3028 sepelitur,

144 3046 240 3086 nus.
295 3033 443 3098 Quod
498 3034 709 3089 factum
763 3034 953 3090 muiiis
1023 3036 1368 3108 principibus
1407 3038 1718 3110 dispiicuii,
1823 3023 1915 3079 (iui
1939 3029 2185 3085 succedit
2214 3031 2416 3089 Paulus
2454 3034 2810 3094 Prenestinus
2853 3041 3170 3114 episcopus,
3198 3023 3436 3116 nuimu;

146 3123 342 3179 maxime
382 3126 574 3180 comiti
648 3125 986 3196 Tripolitano
1080 3127 1191 3182 Rex
1255 3144 1386 3183 vero
1440 3130 1677 3200 predictt

1911 3130 1934 3170 ο
1968 3118 2194 3173 nomine
2224 3128 2450 3177 vocatur
2471 3123 2726 3181 Clemens
2766 3128 2857 3194 IlI,
2887 3129 2943 3183 in
2975 3131 3170 3186 ordine
3214 3134 3442 3204 pontifi-

144 3219 242 3261 cum
271 3208 903 3284 hominiumvrequireret
929 3230 959 3269 a
992 3214 1201 3285 prefato
1232 3217 1452 3280 comite,
1487 3219 1538 3273 ei
1555 3219 1723 3275 dene-
1750 3206 1799 3233 υ
1822 3217 1946 3257 cum
1982 3206 2082 3259 1⁷2
2156 3208 2245 3263 m-
2280 3209 2620 3268 mehamhus
2646 3215 2934 3287 Αίῖυίίθηίθ
2966 3219 3097 3286 du‘,
3127 3219 3271 3275 ﬁlius
3305 3221 3444 3276 Ηθη·

143 3300 260 3367 gavit
295 3319 308 3365 ;
345 3303 573 3375 insuper
603 3310 661 3359 et
690 3305 1084 3360 Salahadinum
1126 3323 1311 3381 regem
1346 3308 1674 3379 Babylonisl

1908 3297 2256 3375 iAnglorum
2318 3306 2484 3380 regis,
2544 3308 2800 3376 injuriam
2826 3312 3106 3383 sepulchri
3163 3314 3434 3372 dominici

147 3390 409 3464 principem
438 3397 695 3451 Damasci
752 3413 918 3468 super
962 3413 1087 3453 eum
1140 3398 1407 3468 invitavit,
1458 3409 1514 3456 et
1544 3400 1678 3458 fcedt

1901 3388 2221 3457 ndicaturus,
2243 3394 2453 3465 primus
2471 3399 2717 3454 omnium
2750 3402 3059 3474 principum
3086 3405 3238 3479 regni
3262 3404 3432 3461 Fran-

146 3486 284 3553 pacis,
320 3492 460 3562 quod
499 3508 634 3547 cum
667 3492 977 3547 christianis
1002 3510 1102 3565 per
1128 3494 1268 3550 duos
1288 3510 1463 3551 annos
1492 3496 1724 3570 pepige—
1826 3496 2014 3536 eorum
2054 3500 2275 3541 crucem
2306 3490 2556 3559 assumit,
2587 3501 2712 3547 ειηιο
2754 3494 2990 3550 natalem
3027 3497 3260 3552 Domini-

144 3584 223 3643 rat,
248 3579 588 3654 disrumpere
605 3581 752 3638 fecit.
794 3584 1159 3641 Salahadinus
1186 3587 1373 3641 audita
1415 3603 1605 3643 eorum
1630 3588 1723 3643 di-
1897 3571 2057 3627 “38-
2274 3577 2344 3631 36
2652 3581 2686 3636 8
2996 3584 3084 3641 34.
3307 3589 3361 3645 1.

144 3669 324 3724 ποι-ἀίει
350 3673 577 3743 gavisus
606 3679 709 3740 est,
742 3681 797 3728 ei
850 3682 1129 3730 οοηιηιοιο
1158 3676 1550 3748 undecumque
1580 3677 1723 3731 Tur-
1827 3661 1955 3717 Post
1985 3664 2327 3721 natiuitatem
2367 3669 2605 3737 Domini,
2637 3671 2924 3744 Philippus
2975 3692 3071 3730 rex
3112 3677 3440 3736 Francorum

147 3772 302 3815 corum
344 3772 395 3817 et
480 3765 919 3820 Sarracenorum
1004 3767 1397 3822 innumerabili
1454 3769 1678 3824 exerciti

1910 3754 2172 3811 Henricus
2234 3774 2327 3812 rex
2382 3760 2679 3833 Anglorum
2737 3769 2791 3817 et
2848 3764 3114 3820 Henricus
3142 3769 3441 3842 episc0pus

146 3854 490 3908 autemenscm
532 3853 838 3928 Augusium
886 3870 1057 3925 prope
1109 3864 1353 3911 monium
1385 3856 1605 3913 Thubor
1625 3874 1725 3912 cu-
1827 3843 2174 3906 Albanensis.
2228 3846 2440 3918 legatus
2484 3849 2781 3915 Romanus,
2841 3861 2896 3906 et
2970 3853 3129 3908 multi
3183 3856 3277 3909 alii
3335 3865 3445 3912 tam

146 3943 235 3993 stra
263 3940 463 4000 locavit.
488 3943 676 3997 Guido
733 3951 913 3998 autem
960 3961 1075 4010 rex,
1117 3954 1450 4019 congregato
1481 3947 1726 4002 exercitu
1831 3936 2099 4009 ορῖεοορίν
2132 3954 2295 4009 quam
2314 3939 2483 3995 duces
2508 3947 2561 3995 θι
2592 3941 2843 4010 comites.
2892 3945 2947 3997 ίῐι
2977 3946 3217 4001 maPChiS
3239 3949 3448 4003 utrius-

147 4027 962 4104 christianorumcomparatione
993 4050 1335 4108 paganorum
1378 4035 1726 4106 parvissimo,
1831 4043 1939 4098 quo
1967 4028 2121 4101 regni
2157 4038 2535 4085 convenerunt
2568 4030 2697 4095 ςιὼί
2755 4032 2898 4087 ἱηιοι·
2955 4049 3053 4088 003
3095 4035 3164 4089 de
3200 4035 3437 4092 divel‘SiS

145 4119 266 4187 juxta
289 4127 566 4183 civitatem
580 4128 846 4182 Nazareth
874 4129 1109 4184 tentoria
1136 4128 1270 4183 fixit.
1328 4130 1524 4185 Comes
1546 4138 1671 4185 aute

1913 4121 2013 4175 lSiS
2075 4128 2202 4174 sunt
2246 4129 2470 4177 tractata
2500 4122 2716 4178 diversa
2796 4124 3031 4179 maxime
3077 4125 3146 4181 de
3205 4126 3444 4183 ecclesia

147 4212 491 4286 Tripolitanus.
532 4218 660 4274 facii
687 4220 964 4290 uenimus,
997 4222 1065 4276 ad
1096 4237 1282 4294 regem
1312 4222 1463 4277 venit
1497 4241 1512 4289 ;
1550 4231 1605 4278 ει
1646 4223 1730 4277 vi-
1833 4214 2214 4268 transmarina.
2276 4214 2449 4270 Ambo
2500 4231 2659 4289 rcges
2703 4231 2827 4271 cum
2905 4216 3091 4271 multis
3147 4217 3230 4272 sui
3292 4220 3448 4293 regni

153 4301 266 4359 deus
283 4309 579 4364 exercitum
614 4307 1034 4363 christianorum
1066 4310 1456 4379 imparatumet
1472 4327 1726 4381 parvum,
1834 4306 2199 4377 principibus,
2230 4308 2509 4379 episcopis
2524 4318 2577 4364 et
2608 4309 2890 4377 militibus,
2915 4310 3197 4366 nobilibus
3215 4319 3269 4366 et
3285 4312 3450 4385 igno-

153 4397 402 4454 consilium
425 4401 523 4455 dat
555 4399 693 4471 regi,
718 4406 776 4454 ut
826 4401 894 4454 ad
937 4408 1155 4471 tempus
1186 4402 1428 4470 recedat,
1455 4410 1509 4457 et
1537 4402 1732 4458 civita-
1833 4399 2061 4466 bilibus,
2120 4409 2270 4455 trans
2315 4418 2464 4456 mare
2530 4402 2827 4473 profecturi
2885 4420 3077 4459 cruces
3138 4404 3439 4475 accipiunt.

155 4494 284 4544 teset
310 4495 530 4549 castella
563 4495 731 4548 totius
758 4495 912 4569 regni
967 4496 1198 4551 muniat.
1241 4496 1336 4551 cui
1385 4513 1475 4553 rex
1505 4498 1732 4553 minime
1837 4489 2139 4544 Richardus
2170 4490 2459 4562 Aquitanie
2491 4492 2600 4546 dux
2659 4494 2893 4567 insurgit
2948 4502 3140 4549 contra
3163 4494 3448 4550 dominum

152 4582 408 4651 acquievit.
437 4583 638 4640 Comes
689 4589 871 4639 autem
909 4585 1091 4640 statim
1144 4602 1265 4640 cum
1315 4586 1430 4642 suis
1483 4588 1610 4643 inde
1642 4604 1732 4643 περ..
1760 4583 1993 4651 Dsuum
2024 4595 2210 4653 regem
2241 4579 2589 4636 Francorum.
2615 4582 2785 4646 Quem
2821 4600 2913 4637 rex
2939 4583 3066 4638 totis
3107 4584 3318 4639 viribus
3345 4602 3449 4639 ex-

100 4688 105 4693 ·
153 4672 308 4738 cessit,
323 4683 374 4729 et
403 4683 607 4730 terram
637 4690 792 4730 suam
824 4676 1055 4731 munivit
1094 4683 1149 4731 et
1187 4678 1504 4732 custodivit.
1564 4680 1738 4735 Guido
1840 4669 2073 4741 οίρίθηδν
2095 4669 2363 4740 comp“lit
2392 4670 2460 4723 ad
2521 4671 2886 4726 ἀθάίίίοηοῐη·
2921 4671 3059 4726 Pace
3086 4680 3271 4729 amem
3302 4673 3448 4729 ίηίθτ

153 4776 259 4819 vero
286 4783 371 4821 rex
394 4768 643 4823 nondum
675 4767 1022 4823 duomenses
1053 4768 1108 4822 in
1170 4785 1342 4842 regno
1372 4777 1731 4846 transegerat.
1840 4779 1937 4818 COS
2010 4761 2243 4829 ﬁrmam,
2307 4770 2497 4817 contra
2563 4764 2849 4819 Ηεηνίουιη
2912 4780 3100 4840 regem
3151 4765 3451 4841 Anglorum

155 4851 301 4910 lnitur
339 4858 543 4915 bellum
597 4859 935 4922 miserabile,
993 4868 1048 4915 et
1097 4862 1355 4916 omnibus
1406 4863 1740 4919 Christicolis
1841 4851 2139 4907 0X0"?in
2172 4851 2402 4916 ducum,
2462 4851 2653 4920 “eius
2708 4852 2931 4907 ϐεδῑθηδ
2980 4854 3335 4925 diripi“let
3366 4856 3453 4910 in‘

154 4944 284 5000 valde
308 4948 677 5004 lamentabile.
748 4948 1143 5004 Bethleemites
1189 4950 1488 5022 episc0pus
1527 4951 1736 5008 ferebat
1839 4942 2082 4995 οθηίίιιηῑ
2112 4944 2269 5010 (nam
2324 4956 2547 5011 semper
2603 4940 2927 4996 Francorum
2974 4944 3201 5018 regibus
3220 4943 3448 4999 rebellis

154 5048 341 5093 crucem
363 5041 701 5096 dominicam
733 5040 829 5106 ;in
877 5055 988 5111 quo
1029 5040 1291 5096 conflictu
1318 5041 1438 5112 ipse
1473 5043 1735 5098 sacerdos
1838 5031 2091 5086 οκίίῑθτδῑ
2122 5031 2306 5101 (Mart:
2339 5030 2446 5100 27')-
2477 5030 2758 5086 Dominica
2798 5031 2981 5087 media
3005 5033 3455 5108 quadragesime.

153 5123 407 5193 occiditur,
426 5145 557 5184 οι-υχ
589 5127 871 5184 dominica
893 5145 925 5182 ει
948 5129 1175 5203 paganis
1212 5129 1476 5196 aufertur,
1501 5138 1555 5185 ei
1582 5132 1690 5186 heu
1719 5130 1732 5185 ι
1838 5125 1984 5195 apud
2015 5124 2415 5198 Maguntiacum
2466 5124 2712 5199 generali
2760 5126 2912 5181 curia
2940 5138 3294 5203 congregata,
3320 5128 3453 5183 Fre-

156 5221 382 5278 translata
419 5234 503 5280 est
532 5224 710 5298 gloria
736 5224 805 5278 ab
837 5223 1025 5290 Israel,
1057 5231 1117 5279 ut
1141 5224 1209 5279 de
1234 5241 1360 5281 arca
1399 5225 1615 5281 Domini
1646 5242 1738 5281 re-
1839 5222 2061 5277 dericus
2091 5222 2389 5293 imperator
2433 5238 2556 5277 cum
2613 5222 2804 5276 multis
2856 5222 3136 5293 episcopis
3188 5229 3245 5279 et
3284 5225 3451 5280 totius

1474 5347 1693 5403 νΑηιιιΕ
1724 5347 1996 5405 LECTION
2004 5346 2101 5402 ES.

214 5411 275 5447 ‘“
295 5413 547 5473 (.LXXXI.
575 5417 688 5473 cod.
718 5415 785 5451 “7
813 5414 1095 5473 CLXXXII.
1129 5419 1241 5474 cod.

1681 5516 1889 5573 ΝΟΤιΕ.

214 5610 585 5692 (Ii7)__lnnuit
604 5614 948 5692 vaticinium,
969 5617 1119 5688 quod
1140 5616 1344 5691 legitur
1357 5618 1502 5689 apud
1528 5618 1739 5675 Rober-
1848 5618 2133 5692 Gamautia
2163 5618 2392 5692 inferior
2431 5623 2550 5690 ejus
2566 5637 2693 5692 pars
2719 5619 2820 5676 erit
2858 5621 2928 5675 ad
2951 5619 3260 5675 Sambram.

160 5682 598 5763 tumugﬂpmgua
652 5687 813 5763 1179,
934 5682 953 5763 '_
987 5682 1004 5688 ’
1082 5761 1092 5763 4
1196 5682 1228 5691 “’
1288 5760 1298 5763 Α
1504 5760 1553 5763 __
1922 5690 2067 5761 (449)
2102 5688 2394 5763 Lusignan.

222 5752 349 5826 (“8)
380 5756 469 5813 Est
494 5759 632 5815 silva
663 5758 721 5812 in
749 5774 891 5833 pago
931 5760 1322 5818 Attrebatensi.
1359 5760 1613 5815 Humida.
