3876 6208
369 346 471 402 327

1583 326 1923 388 SlGEBERTl
1961 320 2472 384 GEMBLACENSIS.

3599 312 3715 369 328

371 475 524 548 regni
554 473 640 530 sui
664 469 1008 544 principibus
1059 471 1116 522 et
1172 462 1566 520 innumerabili
1624 460 1976 518 multitudine
2003 458 2221 533 Aultra
2249 471 2415 528 quam
2445 450 2598 508 credi
2642 455 2823 522 potest
2877 447 3257 513 contristatus,
3307 445 3362 500 in
3405 443 3717 501 inﬁrmita-

369 538 1073 623 Tlieutonie-orumeruces
1128 564 1371 614 sumunt.
1403 556 1596 612 Comes
1626 552 1983 609 Namucensis
2082 558 2190 607 tem
2219 547 2445 604 decidit.
2477 546 2723 616 Cumque
2762 542 2908 613 apud
2959 541 3250 596 castellum
3307 538 3458 610 quod
3474 546 3714 594 vocatur

375 662 640 718 Henricus
662 658 831 714 ﬁliam
869 672 1023 712 suam
1054 653 1297 718 unicam,
1355 650 1536 706 adhuc
1557 643 1987 711 lactentem,dat
2088 644 2259 699 Cinon
2290 641 2549 705 venisset,
2582 638 2677 693 ubi
2728 653 2853 707 pars
2909 635 3298 690 thesaurorum
3350 633 3478 703 ejus
3524 637 3727 687 custo-

379 751 613 807 Henrico
639 748 827 805 comiti
847 747 1159 807 Trecarum,
1215 749 1269 796 et
1298 756 1420 795 cum
1447 755 1513 793 ea
1554 744 1678 807 post
1706 750 1867 790 suum
1887 732 1989 785 de-
2090 733 2367 797 diebatur,
2395 732 2620 801 langore
2655 727 3096 799 ingravescente,
3157 721 3417 778 moritur.
3451 720 3553 786 Qui
3572 719 3726 791 apud

377 855 594 895 cessum
642 852 864 893 omnem
920 840 1062 887 terre
1129 846 1229 885 sue
1300 826 1639 883 comitatum.
1696 820 1993 877 Balduinus

378 928 574 983 Comes
604 922 953 987 Hainoensis,
987 937 1052 975 ex
1105 933 1294 974 sorore
1346 930 1521 986 nepos
1571 913 1714 982 ejus,
1746 910 1851 965 hoc
1895 924 1997 962 au—

378 1016 540 1087 diens
564 1020 618 1070 et
639 1014 856 1077 videns,
918 1008 1175 1073 indoluit,
1225 1006 1352 1077 quia
1397 1002 1636 1057 eundem
1678 999 1995 1055 comitatum

375 1106 534 1161 valde
565 1102 875 1165 affectabat,
907 1106 957 1153 et
986 1112 1082 1167 pro
1107 1112 1173 1150 eo
1201 1092 1563 1164 adipiscendo
1618 1097 1723 1144 tam
1756 1089 1996 1158 impera-

382 1198 483 1253 tori
510 1194 823 1257 Frederico,
866 1206 1027 1261 quam
1060 1186 1263 1242 ceteris
1292 1186 1361 1239 de
1392 1184 1560 1246 curia,
1598 1181 1794 1235 multas
1822 1178 1997 1231 dede-

382 1293 465 1340 rat
504 1282 767 1355 pecunias
818 1280 952 1332 (‘um
994 1283 1174 1330 autem
1236 1281 1361 1327 ante
1412 1286 1654 1325 mensem
1696 1269 1997 1339 Augustum

383 1377 439 1430 in
466 1389 663 1449 guerra
690 1370 833 1442 regis
856 1367 1185 1421 Francorum
1260 1360 1523 1416 Henricus
1546 1372 1734 1413 comes
1762 1356 2001 1409 Trecen-

380 1468 457 1522 sis
497 1461 948 1520 inexcusabiliter
999 1461 1301 1526 occupatus
1380 1458 1550 1517 esset,
1614 1460 1669 1504 et
1735 1446 2002 1501 Henricus

383 1573 571 1614 comes
626 1556 769 1610 lecto
815 1549 1195 1613 decumberet,
1254 1544 1555 1600 Balduinus
1610 1540 2003 1609 undecumque

385 1657 665 1705 contracto
688 1645 953 1706 exercitu,
982 1647 1224 1696 castrum
1273 1637 1446 1691 milite
1490 1633 1753 1687 nudatum
1802 1638 1858 1685 et
1902 1629 2005 1683 de-

389 1736 709 1793 fensoribus
754 1729 1101 1802 repperiens,
1152 1723 1586 1798 inexpugnabile
1625 1728 1861 1775 castrum
1894 1717 2003 1771 Na-

384 1848 671 1895 mucense,
702 1837 762 1884 ut
783 1826 1098 1898 putabatur,
1125 1821 1349 1877 fortuna
1378 1819 1483 1873 sibi
1524 1816 1804 1871 arridente
1832 1811 1997 1883 cepit.

391 1917 670 1973 Mediante
695 1923 877 1970 autem
936 1926 1127 1967 mense
1174 1912 1417 1982 Augusto
1457 1906 1599 1960 ultra
1628 1901 2002 1977 progreditur,

393 2018 448 2066 et
476 2007 765 2065 castellum
792 2003 1152 2060 fortissimum
1191 1998 1517 2055 Boviniense
1546 1994 1681 2067 (450,
1713 1992 2005 2049 obsidione

397 2104 651 2177 cingens,
680 2105 802 2170 post
821 2097 968 2152 diem
1000 2096 1090 2162 15,
1122 2093 1353 2147 viriliter
1374 2090 1545 2160 cepit,
1578 2097 1632 2143 et
1653 2101 1875 2143 omnem
1896 2089 2009 2138 ter-

401 2209 516 2247 ram
547 2191 693 2246 circa
716 2189 919 2243 Mosam
952 2184 1244 2241 comitatus
1286 2178 1645 2236 Namucensis
1692 2176 1800 2231 sibi
1828 2173 2013 2230 subdi-

400 2288 497 2342 dit.
532 2284 727 2340 Paucis
746 2298 876 2337 vero
906 2280 1106 2336 diebus
1139 2276 1447 2341 transactis,
1492 2288 1679 2330 comes
1704 2271 2013 2326 Namucen-

401 2379 476 2433 sis
496 2375 793 2432 canonicos
837 2371 908 2425 de
955 2368 1194 2425 ecclesia
1220 2364 1475 2421 Florefﬁa
1528 2362 1781 2433 ejiciens,
1823 2365 2015 2415 contra

403 2466 666 2536 impetum
727 2458 977 2515 Balduini
1022 2455 1302 2511 castellum
1350 2454 1457 2508 sibi
1520 2451 1667 2517 fecit,
1710 2456 1764 2504 et
1814 2447 2018 2502 milites

402 2570 526 2609 eum
541 2552 656 2607 suis
687 2548 1015 2604 satellitibus
1036 2544 1111 2599 ibi
1131 2543 1415 2599 constituit
1440 2541 1609 2611 (451‘).

477 2642 637 2697 1189.
788 2638 852 2693 li.
903 2636 991 2693 37.
1121 2634 1178 2688 F.
1209 2634 1265 2688 9.
1380 2633 1437 2685 A.
1472 2631 1561 2686 35.

476 2732 801 2788 Fredericus
832 2730 1132 2799 imperator
1186 2742 1311 2779 eum
1361 2738 1462 2778 suo
1488 2720 1727 2776 exercitu
1743 2725 1868 2789 post
1903 2715 2023 2769 dies

408 2840 571 2898 pasce
610 2821 839 2892 arripuit
870 2821 994 2887 iter,
1024 2826 1226 2872 etcum
1262 2829 1462 2888 magno
1488 2809 1764 2867 exercitus
1800 2806 1887 2861 sui
1924 2804 2025 2859 de-

410 2897 671 2972 trimento
698 2913 892 2969 transit
942 2926 1039 2981 per
1096 2906 1447 2981 Hungariam,
1507 2902 1750 2957 Traeiam
1801 2906 1854 2954 et
1884 2897 2024 2951 Gre-

412 3009 577 3073 ciam,
609 3013 668 3059 et
695 3002 949 3075 pervenit
986 3014 1162 3071 usque
1208 2998 1277 3051 ad
1308 2996 1533 3050 ﬂuvium
1587 2992 1742 3063 Syrie
1772 2989 2027 3045 nomina—

1716 2628 1775 2681 Η.
1819 2626 1876 2679 2.

2030 1769 2080 1837 Β

2096 825 2323 880 Fontem
2352 822 2420 857 ³⁵³
2453 817 2674 875 Ebraldi
2705 817 3050 887 deportatus,
3073 812 3165 868 vix
3196 810 3544 867 necessarios
3573 824 3732 863 sum-

2099 925 2224 990 ptus
2250 918 2343 973 ille
2373 913 2651 987 quondam
2688 910 2843 965 dives
2891 915 2947 963 et
2994 913 3299 978 prapotens
3326 904 3396 959 ad
3426 902 3728 973 sepelien-

2101 1010 2232 1063 dum
2260 1005 2495 1068 habens,
2520 1001 2597 1056 ibi
2633 1001 2689 1054 in
2743 997 3080 1054 monasterio
3156 994 3433 1070 virginum
3482 992 3734 1047 tumula-

2098 1111 2201 1157 tur.
2239 1100 2331 1154 Cui
2361 1095 2609 1153 succedit
2638 1093 2947 1148 Richardus
3003 1106 3191 1147 comes
3219 1088 3547 1160 Aquitanus,
3574 1084 3731 1140 ﬁlius

2098 1195 2235 1264 ejus.
2271 1191 2415 1247 Obiit
2442 1190 2593 1260 Hugo
2623 1184 2957 1241 castellanus
2987 1178 3419 1244 Cameracensis,
3433 1175 3726 1232 Elizabeth

2103 1283 2430 1337 Francorum
2487 1276 2701 1350 regina,
2755 1273 2887 1328 satis
2950 1270 3229 1344 religiosa,
3295 1267 3366 1321 ad
3430 1266 3731 1321 Dominum

2102 1371 2357 1445 migravit
2413 1371 2599 1439 (Mart.
2652 1366 2764 1433 15),
2822 1370 2877 1419 et
2944 1379 3071 1416 cum
3125 1359 3318 1415 nimtio
3373 1358 3716 1412 Francorum

2103 1466 2323 1537 planctu
2348 1463 2403 1516 in
2444 1458 2679 1514 ecclesia
2727 1457 2891 1511 beate
2947 1453 3110 1509 Marie
3168 1451 3408 1506 Parisius
3432 1448 3730 1520 sepelitur.

2103 1557 2305 1614 Civitas
2341 1549 2757 1613 Attrcbatensis,
2813 1562 2936 1602 cum
2998 1543 3235 1600 ecclesia
3265 1542 3470 1613 sanctiJ
3490 1538 3741 1605 Vedasti,

2106 1642 2363 1699 incendio
2386 1639 2774 1712 conﬂagratur.

2381 1732 2541 1786 1190.
2759 1728 2853 1782 38.
3076 1723 3162 1781 10.
3389 1722 3440 1774 1.

2104 1831 2254 1885 Circa
2311 1826 2658 1882 festivitatem
2716 1822 2889 1877 sancti
2946 1819 3200 1884 Joannis,
3269 1815 3568 1885 Philippus
3636 1828 3737 1866 rex

2104 1926 2434 1980 Francorum
2454 1928 2509 1976 et
2534 1918 2842 1974 Richardus
2898 1931 2994 1970 rex
3045 1912 3346 1986 Anglorum
3394 1919 3553 1965 trans
3585 1922 3739 1961 mare

2107 2011 2426 2085 profecturi,
2481 2010 2585 2063 iter
2636 2006 2950 2077 arripiunt;
2984 2019 3075 2058 rex
3133 2002 3470 2056 Francorum
3506 2003 3732 2068 portum

2109 2084 2281 2157 ianue
2309 2099 2546 2155 civitatis
2568 2094 2818 2166 expetiit,
2886 2100 2940 2147 et
2970 2108 3064 2147 rex
3096 2089 3398 2161 Anglorum
3428 2084 3731 2141 Massiliam

2112 2193 2282 2248 venit.
2339 2190 2522 2245 Pridie
2574 2187 2688 2242 Kal.
2739 2184 2990 2258 Augusti,
3048 2180 3336 2237 christiani
3389 2177 3487 2249 qui
3541 2176 3732 2231 Achon

2114 2284 2467 2348 obsederant,
2500 2278 2824 2335 inconsultis
2852 2274 3126 2331 exercitus
3181 2269 3555 2343 principibus,
3593 2264 3739 2320 infe-

2114 2375 2291 2431 liciter
2341 2375 2724 2446 pugnaverunt
2769 2367 3034 2422 adversus
3090 2359 3511 2422 Salaltadinum,
3580 2355 3746 2409 insti—

2117 2476 2280 2545 gante
2310 2481 2406 2521 eos
2444 2464 2662 2518 Elberto
2710 2458 3041 2531 presbitero,
3074 2451 3343 2510 Duacensi
3411 2451 3657 2514 decano,
3684 2456 3745 2501 ut

2120 2535 2348 2612 relatum
2368 2560 2451 2608 est
2488 2550 2646 2606 nobis
2687 2548 2755 2602 ab
2807 2547 2893 2601 his
2923 2545 3018 2617 qui
3051 2540 3440 2598 interfuerunt.
3472 2536 3554 2591 lbi
3590 2535 3744 2591 occi-

2121 2666 2215 2705 sus
2246 2655 2329 2703 est
2386 2646 2530 2700 idem
2588 2642 2839 2697 Elbertus
2900 2646 2955 2694 et
2984 2636 3144 2692 multi
3193 2634 3285 2689 alii
3333 2648 3516 2703 usque
3542 2629 3616 2685 ad
3645 2645 3738 2684 sex

2123 2743 2278 2799 milia
2329 2739 2660 2795 interierunt
2742 2734 2871 2790 Cum
2925 2748 3021 2787 rex
3074 2731 3410 2784 Francorum
3464 2726 3523 2779 in
3577 2724 3748 2779 Janua

2124 2842 2351 2891 ventum
2380 2831 2449 2887 ad
2489 2825 2959 2885 transfretandum
3011 2827 3325 2892 expectaret
3355 2824 3574 2888 aptum,
3614 2831 3750 2888 qua-

2127 2926 2253 2980 dam
2285 2923 2373 2976 die
2396 2921 2452 2974 in
2480 2919 2677 2973 eadem
2707 2915 2930 2971 civitate
2961 2910 3146 2984 fulgur
3190 2908 3258 2962 de
3287 2906 3411 2962 celo
3446 2903 3750 2976 quinquies

2130 3014 2367 3077 cecidit;
2393 3010 2541 3083 quod
2575 3024 2758 3081 regem
2777 3006 2935 3061 valde
2959 3000 3273 3075 perterruit.
3297 2998 3547 3053 'l‘anaem
3571 2995 3752 3051 omni-

416 3104 687 3187 l'ss‘mrum.
702 3090 904 3187 Farfér‘
945 3089 1111 3187 f0???
1152 3083 1607 3187 noémmmlmpﬁs’
1638 3078 2023 3187 “fami-5?-
2049 3119 2100 3187 ί]
2126 3110 2228 3163 bus
2253 3078 2583 3159 necessariis
2615 3078 2938 3169 preparatis,
2969 3094 3025 3147 in
3078 3091 3171 3146 die
3226 3086 3551 3143 festivitatis
3579 3085 3749 3140 sancti

416 3189 546 3242 licet
571 3186 641 3239 de
662 3182 909 3243 Avesnis,
945 3180 1193 3234 Hellinus
1218 3175 1456 3247 dapifer,
1510 3181 1566 3228 et
1621 3171 1777 3226 multi
1821 3169 1910 3224 alii
1940 3168 2026 3222 di-

416 3295 574 3335 verse
601 3275 885 3352 dignitatis
912 3280 968 3328 et
988 3270 1220 3336 ordinis,
1252 3286 1351 3341 per
1378 3267 1628 3339 Apuliam
1683 3263 2025 3327 incedentes,

418 3388 568 3429 mare
597 3377 901 3434 transeunt,
932 3373 987 3423 et
1007 3364 1199 3421 urbem
1257 3364 1468 3429 Achon,
1507 3377 1672 3431 quam
1712 3355 2030 3412 Tholomai-

418 3465 549 3517 dam
590 3460 872 3530 Scriptura
934 3456 1121 3510 divina
1185 3462 1363 3519 vocat,
1427 3450 1721 3508 obsidione
1776 3448 2024 3521 cingunt.

421 3558 625 3613 Eodem
653 3562 902 3617 tempore
933 3550 1069 3607 obiit
1098 3548 1408 3604 Willelmus
1475 3546 1566 3617 pie
1621 3542 1887 3598 memorie
1934 3555 2029 3594 rex

420 3647 636 3720 Apulie.
677 3643 1100 3700 christianorum
1132 3636 1619 3695 transmarinorum
1660 3639 1941 3706 protector
1976 3637 2031 3684 et

421 3740 700 3804 defensor,
731 3735 940 3807 absque
974 3732 1178 3788 herede
1214 3750 1229 3797 ;
1262 3727 1740 3803 qui,congregatis
1760 3724 1930 3781 totius
1952 3738 2032 3776 re-

420 3832 515 3906 gni
551 3831 638 3885 sui
670 3825 1037 3900 principibus,
1064 3822 1327 3878 heredem
1360 3818 1515 3895 regni
1545 3816 1804 3891 designat
1839 3815 2032 3869 Henri-

2132 3193 2611 3254 Laurentiirelicto
2644 3195 2828 3261 portu,
2858 3183 3150 3241 veliticavit
3180 3200 3195 3249 ;
3220 3194 3466 3251 cumque
3489 3191 3751 3249 prospere

2131 3286 2471 3359 navigarent,
2500 3288 2555 3334 et
2586 3279 2699 3347 jam
2739 3276 2911 3331 multa
2968 3271 3135 3328 maris
3184 3268 3373 3341 spacia
3403 3266 3747 3322 transvolas-

2131 3383 2275 3442 sent,
2307 3379 2534 3444 repente
2565 3376 2762 3425 ventus
2781 3382 3016 3442 surgens
3080 3369 3413 3424 contrarius,
3444 3374 3638 3433 regem
3670 3372 3750 3411 re-

2132 3468 2448 3541 trogradare
2477 3463 2676 3538 coegit.
2706 3460 2872 3516 Multe
2898 3475 3066 3514 naves
3128 3458 3409 3514 confracte
3436 3459 3589 3515 sunt,
3620 3449 3746 3523 equi

2129 3557 2337 3623 amissi,
2362 3556 2727 3610 instrumenta
2760 3551 2945 3625 lignea
2980 3592 2992 3609 .
3025 3565 3135 3620 que
3187 3563 3375 3602 secum
3411 3543 3655 3599 ducebat
3686 3539 3752 3594 ad

2129 3644 2429 3717 capiendas
2458 3640 2818 3703 munitiones,
2867 3643 2996 3692 sunt
3053 3636 3292 3707 perdita,
3351 3633 3555 3688 Milites
3590 3630 3749 3685 etiam

2129 3736 2282 3790 multi
2342 3731 2615 3788 submersi
2666 3736 2721 3784 et
2776 3728 2993 3800 perditi.
3029 3726 3231 3797 Sicque
3286 3740 3381 3779 rex
3406 3722 3743 3777 Francorum

2128 3839 2228 3880 suo
2251 3824 2540 3878 frustratus
2583 3826 2804 3881 conatu,
2862 3816 2919 3870 in
2971 3814 3224 3870 Messana
3276 3811 3477 3883 Apulie
3527 3809 3746 3866 civitate

423 3939 545 3979 cum
587 3934 794 3993 regem:
826 3915 1002 3970 mium
1053 3911 1324 3968 FredeFiCi
1389 3906 1758 3979 imperatoris:
1787 3916 1886 3975 (Ιυῑ
1917 3903 2036 3971 eius
2136 3932 2260 3973 cum
2287 3930 2415 3987 rege
2455 3912 2774 3986 Anglorum.
2832 3908 3119 3964 transitum
3167 3904 3458 3977 sequentis
3493 3901 3630 3957 anni
3663 3916 3753 3955 ex-

424 4014 643 4069 amitam
684 4007 925 4065 habebat
973 4006 1031 4060 in
1086 4004 1367 4076 conjugio.
1397 4002 1497 4067 Qui
1561 4012 1758 4055 omnes
1787 4011 1913 4052 cum
1938 4011 2033 4049 sa-

424 4110 731 4166 cramento,
763 4097 871 4152 ﬁde
895 4095 1241 4166 interposita,
1272 4091 1643 4162 promiserunt
1670 4106 1771 4145 sua
1788 4086 2034 4159 predicto

2138 4018 2366 4084 pectans
2420 4006 2643 4063 resedit.
2688 4004 2884 4060 Comes
2930 4011 3116 4058 autem
3174 3998 3429 4055 Flandrie
3474 3995 3754 4067 Philippus

2138 4102 2416 4157 mediante
2461 4103 2706 4173 Augusto
2768 4096 2912 4166 (452)
2972 4096 3252 4166 protectus
3281 4098 3385 4155 est,
3428 4098 3486 4145 et
3515 4090 3575 4143 in
3606 4086 3751 4143 italia

425 4193 540 4268 regi
599 4190 740 4246 00”“
788 4185 1184 4242 submissuros'
1256 4181 1384 4235 Ροδί
1425 4186 1657 4235 mortem
1707 4192 1838 4233 νθτο
1892 4176 2039 4250 regis
2139 4189 2437 4262 hyemavit.
2468 4188 2592 4258 lpso
2639 4200 2785 4240 anno
2814 4199 3049 4258 magnus
3097 4179 3413 4237 christianis
3439 4177 3650 4232 nostris
3671 4190 3753 4230 ac-

425 4283 703 4347 Willelmi,
769 4278 930 4333 ﬁdem
991 4284 1046 4331 et
1101 4279 1526 4338 sacramentum,
1572 4270 1718 4342 quod
1774 4269 2038 4333 fecerant,

426 4374 918 4451 parvipendcntes,
970 4371 1246 4443 quendam
1305 4367 1671 4424 Trancredum
1731 4382 1797 4421 ex
1826 4365 2041 4419 semine

2142 4283 2279 4338 cidit
2316 4281 2492 4335 dolor.
2549 4279 2681 4333 Nam
2722 4275 3044 4332 Fredericus
3098 4273 3384 4345 piissimus
3437 4270 3751 4339 imperator,

2145 4390 2268 4431 cum
2302 4373 2358 4426 in
2389 4369 2618 4425 ﬂumine
2643 4367 2829 4424 Farfar
2871 4382 3043 4437 pr0pe
3098 4362 3485 4419 Anthiochiam
3544 4357 3753 4415 lavandi

426 4471 578 4543 regio
608 4469 716 4524 Sibi
756 4482 942 4539 regem
995 4469 1337 4518 creaverunt
1374 4460 1660 4532 Philippus
1685 4475 1778 4514 rex
1811 4458 2043 4513 Franco-
2064 4443 2120 4511 D
2145 4470 2200 4518 et
2224 4458 2586 4534 refrigerandi
2617 4473 2782 4513 causa
2810 4462 3043 4519 nataret,
3100 4451 3418 4508 violentiam
3478 4462 3625 4518 aque
3655 4457 3754 4498 non

427 4562 868 4628 rum,assumpto
900 4569 1087 4609 secum
1125 4552 1378 4623 Philippo
1435 4550 1635 4605 comite
1689 4546 1945 4602 Flandrie
1985 4554 2041 4600 et
2141 4549 2445 4614 sustinens,
2478 4555 2560 4602 ter
2589 4547 2644 4600 in
2704 4544 2953 4613 ejusdem
2999 4558 3145 4614 aque
3171 4538 3449 4612 profundo
3476 4536 3753 4591 demersus

428 4649 705 4706 “iChaI‘dO
734 4646 1025 4719 Αίῖυίῐδηίθ
1056 4643 1279 4708 comite,
1341 4641 1566 4697 caSlCHa
1617 4646 1673 4695 οἱ
1698 4638 1857 4694 villas
1885 4637 2039 4709 regni
2144 4652 2247 4710 est,
2276 4651 2332 4698 et
2359 4656 2483 4696 cum
2508 4654 2710 4713 magno
2746 4637 2978 4692 militum
3006 4633 3343 4690 laborcinde
3362 4639 3450 4687 est
3471 4634 3753 4685 extractus.

430 4739 648 4793 Henrici
679 4736 824 4809 regis
871 4734 1063 4809 Anglic
1117 4741 1171 4787 et
1225 4730 1472 4787 incendit
1523 4737 1577 4785 et
1635 4728 1889 4785 destruit.
1933 4728 2044 4781 Rex
2146 4737 2247 4802 Qui
2279 4733 2460 4791 triduo
2481 4730 2785 4802 supervixit
2812 4727 3076 4802 elinguis,
3107 4732 3162 4782 et
3212 4738 3449 4795 corpore
3480 4717 3751 4776 dominico

429 4847 561 4888 vero
589 4831 778 4905 .tnglie
806 4830 874 4884 ad
941 4827 1261 4885 conﬂictum
1309 4841 1419 4881 non
1449 4824 1756 4880 sustinebat
1786 4839 1905 4887 eos,
1937 4823 2036 4877 sed
2138 4833 2364 4897 accepto
2392 4840 2515 4881 cum
2547 4838 2705 4877 sacra
2761 4820 3048 4886 unctione,
3101 4818 3253 4874 diem
3282 4816 3539 4873 ultimum
3572 4808 3755 4867 clausit

430 4936 622 4977 eorum
648 4919 888 4973 adventu
916 4917 1129 4981 θυάίιον
1185 4916 1341 4987 (ἰυδεί
1369 4913 1587 4986 fugiens
1616 4913 1684 4967 de
1713 4913 1834 4969 ¹οίιο
1865 4912 1935 4966 ad
1960 4913 2042 4967 10-
2141 4923 2291 4987 (Jun.
2328 4917 2394 4971 10
2422 4956 2435 4970 .
2471 4916 2682 4985 Corpus
2712 4915 2833 4983 ejus
2857 4913 3138 4968 conditum
3174 4908 3543 4973 aromatibus,
3591 4902 3755 4958 adhuc

432 5025 557 5065 cum
586 5006 901 5063 “cedebat”
935 5005 1176 5061 Tandem
1236 5003 1603 5060 cenomannis
1659 5002 1912 5072 Ροτνθῐιίῑ
1962 5002 2040 5055 lbi
2146 5007 2483 5079 insepultum
2508 5004 2834 5060 custoditur.
2869 5001 2964 5056 Cui
2997 5000 3265 5056 successit
3316 4998 3376 5052 in
3418 5009 3591 5069 regno
3624 4991 3757 5046 Hen-

429 5114 552 5152 eum
601 5111 694 5151 rex
727 5095 1055 5150 Francorum
1099 5101 1153 5149 et
1199 5093 1504 5148 Richardus
1568 5106 1754 5147 comes
1809 5090 2045 5147 insecuti
2146 5078 2294 5154 picus
2323 5096 2470 5151 ﬁlius
2501 5096 2641 5164 ejus,
2673 5095 2839 5151 Porro
2867 5092 3169 5148 exercitum
3203 5090 3347 5161 ejus,
3405 5088 3501 5160 qui
3533 5088 3588 5141 in
3618 5078 3758 5152 Syria

428 5199 610 5258 sunt;
667 5188 764 5262 qui
815 5187 1154 5258 insperatum
1209 5201 1400 5241 eorum
1460 5185 1696 5240 audiens
1750 5185 2025 5241 adventun

2148 5198 2517 5258 remanserat,
2560 5188 2699 5244 rexit
2755 5184 3039 5242 Conradus
3076 5182 3185 5237 dux
3255 5181 3584 5241 Suevorum,
3626 5171 3759 5227 ﬁlius

502 5390 571 5426 ηε
600 5387 840 5445 frontem
871 5389 983 5445 cod.
1793 5315 2014 5370 unus
2053 5316 2433 5374 LECTIONES.

2009 5489 2217 5546 NOTAE.

2294 5588 2435 5658 (452)
2469 5588 2653 5644 Mense
2704 5584 3014 5657 Septembri
3073 5580 3379 5654 profectum
3428 5578 3560 5633 dicit
3603 5572 3758 5629 Gisle-

681 5591 862 5674 Prope
894 5590 1115 5674 Qinant.

2216 5660 2423 5715 bertus.

508 5655 652 5730 (451)
681 5655 875 5719 Fusius
921 5662 1039 5716 haec
1092 5655 1281 5713 omnia
1331 5665 1516 5712 narrat
1552 5658 1758 5715 Gisleb.
1797 5676 1851 5730 ιι.
1904 5659 1999 5714 161
2037 5690 2104 5698 —-

436 5735 556 5792 166.
592 5734 845 5789 170.177
876 5760 945 5774 --
977 5730 1098 5787 186.
