3876 6208
157 374 246 430 329
1051 365 1400 421 CHRONICA.
1444 395 1510 405 —
1553 364 1990 421 CONTINUATIO
2030 366 2515 431 AQUICINCTINA.
3354 372 3460 429 330

157 500 325 570 ipsius,
347 496 500 550 miles
552 494 798 550 inclitus.
861 492 1004 547 Obiit
1063 492 1333 547 Evrardus
1379 490 1743 547 Tornacensis
1762 497 1818 565 A
1842 495 2017 549 sancti
2039 494 2309 553 Johannis
2341 495 2627 567 Philippus
2654 511 2746 551 rex
2779 496 3108 555 Francorum
3139 507 3194 556 et
3238 501 3461 558 Richar‘

156 595 438 664 episcopus.
466 591 524 645 In
549 588 879 657 ebdomada,
932 605 1041 660 que
1097 589 1361 659 processit
1401 587 1739 643 nativitatem
1840 588 1944 643 dus
1968 588 2367 661 rexAnglorum
2395 604 2519 643 cum
2537 589 2652 644 suis
2681 590 3019 646 exercitibus
3038 592 3264 659 vallum,
3283 609 3451 665 quem

155 681 475 746 dominicam,
501 678 703 734 factum
752 685 835 733 est
881 677 1120 749 prelium
1180 676 1235 731 in
1296 676 1569 748 Hyspania
1600 676 1743 730 inter
1841 676 2128 732 Sarraceni
2170 676 2224 730 in
2257 677 2486 732 circuitu
2536 678 2777 734 civitatis
2821 679 3248 736 munitissimum
3309 682 3460 738 fece—

153 789 290 848 reges
323 771 714 842 Hyspaniarum
747 777 803 825 et
848 770 1180 824 Sarracenos
1229 768 1284 822 in
1312 784 1422 839 quo
1452 767 1739 824 christiani
1841 773 1987 834 rant,
2042 782 2165 821 cum
2197 782 2398 840 magno
2440 766 2626 822 labore
2666 782 2823 824 muro
2868 767 3106 823 civitatis
3148 784 3457 842 coequave-

152 866 246 920 Deo
281 863 570 919 auxiliante
600 862 839 917 victores
866 860 1015 928 facti,
1045 859 1508 915 innumerabilem
1550 873 1740 914 eorum
1844 866 1989 925 runt,
2023 866 2078 914 et
2109 859 2375 930 petrarias
2406 858 2603 913 decem
2646 874 2820 930 prope
2870 875 3087 915 murum
3140 869 3457 917 erexerunt.

152 954 530 1013 multitudinem
551 960 931 1026 peremerunt.
1844 949 2132 1005 Sarraceni
2165 964 2293 1005 vero
2325 956 2380 1004 et
2407 948 2585 1016 Turci,
2610 948 2878 1019 impetum
2910 964 3100 1005 eorum
3131 965 3244 1006 non
3276 950 3461 1006 feren-

282 1047 430 1103 Il9l.
620 1046 680 1100 Β.
719 1046 770 1100 I.
994 1043 1049 1097 F.
1082 1045 1169 1097 ll.
1385 1044 1441 1095 Α.
1475 1043 1508 1096 2
1845 1050 1951 1109 tes,
1982 1050 2037 1097 et
2068 1042 2136 1096 de
2187 1041 2423 1097 civitatis
2453 1042 2763 1099 retentione
2818 1040 3157 1109 difﬁdentes,
3191 1058 3311 1097 eam
3343 1042 3457 1114 regi

206 1135 342 1190 Multi
372 1142 475 1190 tam
506 1134 791 1206 principes
821 1149 985 1204 quam
1013 1132 1282 1203 episc.0pi,
1316 1140 1393 1199 et,
1420 1132 1741 1185 innumera-
1851 1135 2177 1189 Francorum
2210 1139 2263 1187 et
2287 1132 2549 1188 exercitui
2581 1132 2882 1189 christiano
2902 1133 2936 1186 5
2967 1132 3082 1187 Kal.
3112 1132 3240 1187 Julii
3274 1133 3462 1186 reddi-

160 1226 266 1280 hilis
288 1225 578 1281 multitudo
606 1225 780 1299 vulgi,
814 1224 909 1295 qui
936 1222 1131 1277 urbem
1164 1223 1353 1277 Acram
1383 1221 1743 1289 obsidebant,
1849 1221 2066 1276 derunt.
2101 1221 2269 1286 Quam
2301 1236 2394 1275 rex
2424 1235 2489 1275 ea
2539 1221 2862 1276 conditione
2892 1220 3124 1290 recepit,
3166 1229 3225 1275 ut
3268 1235 3463 1276 omnes

153 1315 486 1381 mortuisunt,
512 1319 622 1369 tam
678 1313 902 1384 prepria
961 1319 1162 1378 morte,
1194 1327 1358 1382 quam
1411 1311 1746 1366 Sarraeeno-
1851 1312 1978 1367 inde
2009 1311 2129 1366 sani
2161 1310 2394 1378 exirent,
2453 1310 2498 1365 si
2539 1317 2593 1366 et
2634 1310 3004 1366 Salahadinus
3049 1318 3294 1366 sanctam
3333 1327 3463 1366 cru-

148 1424 243 1461 rum
268 1407 425 1473 telis;
471 1405 776 1461 Balduinus
813 1403 1270 1475 archiepiscopus
1309 1401 1745 1470 Cantuariensis,
1849 1423 1968 1463 cem
2033 1413 2088 1462 et
2122 1406 2265 1462 2600
2313 1406 2558 1478 captivos
2628 1406 2888 1462 redderet
2939 1406 3287 1462 christianos.
3339 1404 3465 1461 Post

147 1496 361 1570 Rogerus
416 1477 841 1551 Cameracensis
899 1493 1220 1565 episcopHS,
1285 1492 1610 1550 Fredericus
1641 1492 1749 1547 dux
1850 1498 2157 1554 discessum
2192 1513 2322 1554 vero
2344 1477 2491 1571 regis
2517 1497 2844 1553 Francorum
2866 1496 3116 1568 predicta
3141 1494 3463 1552 conditione

157 1585 429 1639 Suevorum
452 1583 622 1638 miles
650 1581 971 1648 acerrimus,
1004 1580 1358 1637 Theobaldus
1413 1595 1600 1636 comes
1626 1581 1752 1638 Ble-
1853 1592 2148 1659 inﬁrmata,
2209 1608 2303 1647 ι-εχ
2331 1591 2649 1665 Anglorum,
2703 1592 2799 1663 qui
2854 1590 3064 1646 ibidem
3105 1595 3461 1654 remanserat,

161 1671 334 1738 sensis,
373 1678 426 1726 et
449 1670 769 1741 Stephanus
813 1670 981 1725 frater
1029 1669 1173 1739 ejus,
1230 1668 1479 1724 Hellinus
1530 1683 1692 1740 quoqi

1933 1683 2015 1750 DO,
2046 1680 2238 1753 paucis
2268 1681 2338 1735 de
2367 1678 2739 1736 nobilioribus
2768 1679 3019 1747 retentis,
3050 1694 3149 1749 per
3178 1693 3316 1750 quos
3343 1694 3464 1733 san-

154 1760 338 1831 dapiler
380 1761 761 1832 Flandrensis,
800 1769 854 1816 et
884 1760 1039 1815 multi
1092 1759 1208 1828 alii,
1237 1766 1484 1833 ,quorum
1513 1759 1739 1815 nomina
1765 1814 1810 1847 Β
1840 1789 1981 1838 ctam
2010 1792 2230 1835 crucem
2260 1782 2315 1831 et
2341 1776 2609 1847 quosdam
2643 1780 2890 1846 capuvos
2908 1790 3237 1847 recuperare
3269 1789 3459 1845 spera-

155 1855 365 1911 scribere
396 1855 703 1922 noluimus,
763 1856 894 1927 quia
923 1855 1125 1911 diversi
1166 1855 1454 1925 relatores,
1483 1854 1651 1910 dubia
1684 1861 1738 1910 et
1761 1854 1813 1884 υ
1844 1870 1999 1935 ωιτην
2033 1865 2267 1923 diversis
2297 1863 2572 1920 interfecit
2600 1863 2910 1919 tormentis,

157 1949 337 2006 incerta
379 1952 732 2019 nunciautes,
762 1966 864 2007 nos
904 1949 1431 2007 Ieceruntincertos.
1462 1949 1748 2021 Philippus
1919 1963 2185 2019 Henricus
2240 1960 2544 2031 imperator
2592 1965 2783 2015 contra
2863 1958 3205 2013 Tancredum
3279 1972 3464 2030 regem

159 2057 235 2096 rex
260 2043 609 2111 Francorum,
631 2043 939 2099 Richardus
968 2059 1064 2098 rex
1102 2043 1424 2117 Anglorum,
1456 2040 1690 2113 Philippi

1934 2052 2043 2108 ulie
2089 2050 2382 2115 dimicans,
2438 2048 2715 2104 civitatem
2768 2046 3184 2119 Neapolitanam
3246 2046 3465 2103 obsedit

157 2149 316 2191 εθῐηθδ
354 2136 635 2203 Fland'ie,
695 2142 821 2207 Post
867 2151 1121 2191 mensem
1158 2136 1411 2191 Martium
1466 2151 1590 2190 cum
1631 2134 1747 2189 θυῖε
1849 2147 2047 2219 (Mai.);
2108 2146 2165 2200 in
2204 2160 2314 2217 qua
2372 2143 2665 2199 obsidione
2697 2142 2989 2214 Philippus
3016 2142 3465 2213 archiepiscopus

160 2227 456 2283 exercitibus
483 2244 644 2283 mare
700 2234 1004 2284 transeunt.
1038 2227 1343 2284 Richardus
1404 2242 1499 2282 rex
1542 2225 1746 2299 Anglo-
1848 2235 2073 2291 Colonie
2110 2243 2165 2289 et
2192 2233 2349 2288 multi
2384 2232 2477 2287 alii
2532 2232 2703 2287 duces
2733 2237 2789 2287 et
2826 2231 3059 2286 comites
3084 2230 3284 2287 mortui
3314 2237 3462 2296 sunt,

154 2335 251 2373 rum
279 2329 565 2393 antequam
590 2321 869 2389 transiret,
901 2336 1125 2377 uxorem
1160 2320 1317 2376 duxit
1379 2318 1548 2374 tiliam
1597 2319 1746 2392 regis
1846 2332 1902 2380 et
1932 2325 2112 2381 omnis
2161 2323 2436 2379 exercitus
2475 2322 2597 2391 ejus
2625 2319 3079 2377 incommoditate
3124 2320 3269 2374 aeris
3320 2334 3465 2389 pene

160 2410 380 2477 Νενειιτθ,
414 2417 737 2482 comeum
765 2424 954 2465 εονονθ
985 2409 1133 2483 regis
1189 2410 1547 2477 Francorum,
1579 2425 1743 2480 quam
1846 2423 2209 2488 consumptus
2260 2423 2363 2469 est.
2408 2414 2523 2478 Quo
2576 2419 2866 2484 comperto
2905 2413 3054 2468 cives
3109 2410 3462 2478 Salernitani,

160 2504 517 2575 spoponderat.
549 2502 808 2558 Clemens
838 2502 909 2557 ΠΙ
938 2518 1079 2573 Papa
1104 2502 1136 2555 7
1159 2501 1274 2556 Κείς
1308 2500 1510 2572 Aprilis
1556 2500 1693 2557 Obiit
1723 2520 1739 2567 ;
1843 2517 1899 2565 et
1921 2510 2099 2581 ipsum
2132 2509 2520 2579 imperatorem
2554 2506 2719 2560 etiam
2750 2512 3030 2579 mortuum
3066 2504 3464 2569 existimantes,

155 2596 367 2651 succedit
427 2596 478 2650 ei
524 2595 813 2651 Jacinetus
859 2594 1130 2649 diaconus
1194 2592 1493 2648 cardinalis
1544 2592 1742 2648 Sancte
1843 2599 1939 2673 qui
1971 2599 2022 2654 ei
2051 2605 2215 2654 antea
2254 2596 2492 2663 favebat,
2534 2595 2604 2653 ob
2635 2595 2867 2670 gratiam
2903 2588 3170 2651 Tancredi
3230 2609 3467 2665 recupe-

157 2684 293 2741 IIarie
339 2687 390 2741 in
428 2685 583 2742 scola
627 2683 820 2749 Greca,
875 2698 1082 2758 genere
1134 2681 1539 2746 nobilissimus,
1599 2689 1743 2738 etate
1844 2689 2095 2753 randam;
2126 2686 2711 2759 imperatricem,quia
2740 2686 2795 2741 in
2828 2684 3022 2741 eadem
3041 2683 3178 2740 urbe
3203 2684 3462 2758 degebat,

156 2788 430 2847 provectus,
459 2786 515 2834 et
533 2785 769 2835 vocatus
789 2785 871 2832 est
901 2775 1207 2831 Celestinus
1239 2774 1330 2830 IlI.
1365 2775 1466 2841 Qui
1496 2774 1742 2831 Romane
1855 2788 2145 2853 ceperunt,
2175 2786 2231 2834 et
2252 2778 2503 2834 custodio
2526 2778 2759 2833 honeste
2792 2778 3262 2849 mancipaverunt.
3288 2777 3470 2848 Impe-

158 2867 359 2924 ecclesie
400 2866 838 2940 presidet175“
863 2867 953 2920 “9-
986 2864 1253 2920 Ηθιπίϐιιε
1282 2880 1397 2930 rex,
1446 2862 1595 2919 ﬁlius
1625 2864 1754 2919 Fre-
1854 2878 2005 2927 rator
2032 2876 2238 2937 autem,
2277 2868 2479 2923 amisso
2525 2870 2769 2923 exercitu
2810 2874 2866 2924 et
2893 2884 3087 2936 uxore,
3148 2868 3203 2922 in
3259 2866 3468 2923 Italiam

164 2961 305 3018 clerici
335 2960 714 3034 imperatoris,
755 2960 811 3014 in
841 2959 1232 3030 imperatorem
1256 2957 1313 3014 in
1343 2958 1755 3029 sollempnitate
1850 2959 2174 3016 interiorem
2207 2958 2371 3014 rediit
2396 2974 2521 3016 cum
2554 2958 2785 3013 tristicia
2817 2968 2873 3014 et
2912 2959 3126 3014 dolore.
3158 2958 3217 3012 In
3248 2956 3470 3014 civitate

159 3051 366 3119 Paschaii
393 3052 460 3106 ab
486 3066 556 3108 eo
584 3056 884 3106 coronatur
922 3047 1071 3119 (Αρν-
1110 3047 1198 3118 15)
1234 3066 1246 3112 ;
1278 3046 1455 3118 quiin
1489 3062 1587 3101 sua
1619 3060 1752 3117 PI‘O-
1854 3054 2232 3111 Cameracensi
2265 3053 2567 3120 Johannes,
2626 3054 2877 3124 ejusdem
2920 3053 3157 3109 ecclesie
3197 3052 3469 3109 archidia-

156 3144 368 3201 motione
422 3146 634 3202 multas
686 3142 1154 3200 contradictiones
1205 3149 1314 3198 tam
1370 3159 1401 3197 a
1460 3141 1741 3207 Romanis,
1768 3171 1817 3242 Ο
1844 3158 2019 3200 conus
2052 3149 2108 3198 et
2147 3141 2544 3196 Attrebatensis
2569 3141 2836 3210 decanus,
2868 3141 3092 3217 eligitur
3146 3140 3464 3212 episcopus.

157 3255 293 3310 quam
316 3258 345 3296 a
372 3239 761 3297 eardinalibus
783 3238 1046 3295 sustinuit
1078 3256 1094 3305 ;
1128 3239 1352 3314 tandem
1380 3255 1617 3295 cernens
1648 3254 1743 3293 re-
1778 3234 1816 3242 ν
1921 3235 2225 3293 Richardus
2255 3249 2347 3290 rex
2402 3235 2722 3311 Anglorum,
2781 3243 2906 3308 post
2952 3251 3265 3309 regressum
3322 3234 3473 3308 regis

156 3343 355 3400 gnorum
385 3327 872 3402 perturbationem
895 3336 950 3383 et
979 3327 1358 3400 Apultensium
1391 3343 1522 3401 erga
1554 3343 1613 3382 se
1662 3343 1751 3381 re-
1852 3329 2183 3386 Francorum
2242 3335 2298 3383 et
2328 3327 2507 3383 ruinis
2565 3343 2847 3384 murorum
2893 3327 3132 3385 civitatis
3160 3328 3331 3384 Achre
3374 3344 3473 3399 pro

164 3416 453 3485 bellionem,
486 3434 592 3491 pro
623 3426 878 3489 tempore
904 3424 1010 3472 tam
1055 3416 1431 3472 cardinalins
1460 3416 1748 3483 satisfecit,
1855 3428 2104 3493 tempore
2132 3419 2418 3493 reparatis,
2452 3418 2646 3475 divisis
2685 3420 3022 3485 exercitibus
3062 3420 3178 3476 suis
3209 3420 3265 3476 in
3295 3419 3475 3475 tribus

164 3525 285 3580 pape
304 3511 603 3567 restituens
634 3508 828 3576 multa,
870 3525 977 3582 que
1006 3517 1386 3563 antecessores
1416 3508 1535 3580 ejus
1565 3507 1752 3562 eecle-
1855 3510 2069 3576 turmis,
2101 3525 2296 3565 versus
2339 3510 2701 3564 Aschalonem
2754 3511 2951 3566 tendit.
3008 3510 3233 3567 Tractus
3288 3517 3473 3567 autem

166 3600 235 3656 sie
257 3602 614 3670 abstulerant,
644 3602 907 3658 Romanis
956 3617 1087 3657 vero
1128 3600 1493 3656 munitionem
1548 3600 1759 3655 Tuscu-
1858 3599 1944 3654 vie
1979 3598 2123 3653 inter
2152 3597 2382 3652 Achram
2414 3606 2468 3652 et
2508 3598 2853 3654 Aschalonen
2884 3599 3085 3675 longus
3132 3607 3270 3656 erat.
3302 3599 3370 3655 In
3396 3600 3479 3655 ul-

164 3688 317 3746 lanam
347 3695 596 3758 tradens,
622 3706 786 3763 quam
814 3697 971 3762 pater
998 3690 1120 3760 ejus
1141 3704 1282 3761 pape
1297 3689 1614 3744 abstulerat.
1644 3688 1759 3752 Qua
1858 3689 1993 3743 tima
2023 3697 2219 3754 turma,
2243 3702 2350 3757 que
2387 3685 2754 3756 precedentes
2785 3687 3094 3757 muniebat,
3122 3689 3278 3745 multi
3328 3690 3480 3746 ceci-

169 3779 371 3837 Itomani
400 3793 654 3854 accepta.
690 3782 745 3837 in
772 3782 1130 3839 coronalione
1153 3781 1504 3853 imperatoris
1522 3780 1760 3851 prebue-
1861 3778 2063 3834 derunt
2088 3774 2407 3831 Salahadini
2451 3773 2671 3830 insidiis
2700 3786 2757 3831 et
2783 3777 3083 3835 'I’urcorum
3147 3781 3294 3837 telis.
3333 3781 3483 3837 Tan-

166 3882 276 3931 runt
299 3890 608 3931 assensum.
1863 3868 1990 3923 dem
2040 3865 2328 3922 Cesaream
2360 3873 2758 3937 pervenerunt,
2798 3874 2853 3921 et
2881 3868 2960 3921 ibi
2990 3868 3272 3939 paululum
3320 3872 3480 3943 quie-

224 3964 705 4038 Philippuscomes
733 3965 984 4020 Flandrie
1004 3963 1060 4018 in
1092 3962 1762 4031 obsidioneurbisAehre,
1862 3964 2081 4015 verunt.
2140 3956 2273 4012 Cum
2332 3961 2515 4011 autem
2572 3956 2643 4010 de
2700 3955 2928 4012 Cesarea
2989 3966 3286 4034 pergerent
3332 3963 3482 4032 apud

171 4056 531 4132 indigentibus
561 4066 618 4115 et
645 4060 885 4114 maxime
913 4058 1185 4114 militibus
1213 4059 1309 4130 qui
1350 4075 1451 4113 sua
1487 4058 1764 4130 stipendia
1864 4051 2103 4122 JOppeu,
2136 4048 2505 4105 Salahadinus
2543 4063 2668 4103 cum
2699 4048 2814 4104 suis
2842 4047 2903 4104 tit
2922 4050 3006 4105 eis
3030 4049 3249 4121 obvius,
3280 4051 3335 4107 in
3355 4053 3485 4109 sab-

173 4162 638 4229 consumpserant,
671 4171 771 4210 sua
797 4155 1101 4229 eroganda,
1143 4154 1374 4210 nimium
1406 4154 1651 4210 liberalis
1676 4171 1771 4210 ex.
1871 4144 1999 4199 bato
2029 4142 2216 4217 vigilie
2249 4140 2549 4198 nativitatis
2578 4142 2742 4197 beate
2794 4142 2979 4200 Marie.
3006 4141 3142 4198 Mira
3171 4144 3267 4199 Dei
3308 4146 3485 4203 virtus

174 4244 283 4302 ﬁm-
311 4248 363 4303 εἰ
402 4249 563 4304 mine
596 4247 858 4303 haberem
888 4246 1128 4323 linguas,
1162 4262 1273 4303 ηοη
1302 4254 1495 4320 potero
1526 4246 1773 4319 proferre
1872 4247 2095 4294 ostensa
2133 4243 2218 4292 est
2242 4236 2301 4291 in
2332 4235 2426 4291 illa
2455 4235 2568 4291 die.
2598 4235 2730 4290 Nam
2762 4236 3128 4292 Salahadinus
3176 4253 3300 4292 cum
3332 4254 3487 4295 exer-

175 4337 509 4393 necessitates
542 4335 724 4401 famis,
783 4335 1003 4411 frigoris
1052 4343 1108 4391 et
1164 4343 1334 4404 estus,
1388 4352 1526 4408 quas
1556 4336 1610 4390 in
1638 4351 1774 4407 qua—
1875 4339 1985 4387 ettu
2023 4346 2147 4399 suo,
2189 4330 2396 4386 nostris
2444 4329 2932 4403 persequentibus,
2992 4330 3175 4407 fugam
3231 4332 3485 4405 arripuit,

174 4422 385 4481 drienna
413 4425 577 4482 urbis
612 4424 907 4481 obsidione
938 4423 1211 4481 exercitus
1240 4424 1334 4480 Dei
1362 4424 1777 4480 sustinuit.Plti-
1876 4430 2196 4495 tantamque
2214 4430 2453 4499 stragem
2479 4422 2551 4478 de
2576 4422 2947 4478 nobilioribus
2978 4422 3318 4493 Sarraceuis,
3349 4441 3489 4499 quos

172 4511 337 4584 lippus
362 4532 555 4572 comes
583 4514 835 4569 Flandrie
867 4514 1089 4569 inclitus
1120 4513 1379 4569 Kalendis
1426 4513 1575 4569 Junii
1619 4513 1775 4579 obiit,
1802 4522 1856 4592 ι)
1878 4530 2068 4571 secum
2102 4514 2390 4581 habuerat,
2447 4513 2538 4569 die
2568 4513 2664 4568 illa
2714 4528 2885 4586 prepe
2916 4515 3081 4569 Assur
3107 4515 3282 4569 nostri
3338 4516 3491 4573 fece-

174 4604 326 4660 tercio
355 4620 551 4663 mense
582 4604 1045 4663 transfretationis
1069 4621 1190 4673 sue,
1218 4612 1273 4661 et
1299 4605 1548 4677 sepultus
1579 4614 1665 4661 est
1715 4606 1773 4660 in
1874 4617 2022 4680 runt,
2073 4617 2337 4681 quantam
2379 4607 2531 4665 omni
2588 4615 2838 4680 tempore
2881 4608 3226 4682 principatus
3263 4611 3346 4667 sui
3378 4628 3491 4670 non

176 4692 387 4752 basilica
436 4696 619 4753 sancti
680 4696 908 4763 Nicolai,
960 4695 1096 4752 foris
1133 4712 1352 4751 murum
1414 4696 1586 4751 Achre
1628 4695 1772 4761 ;ubi
1874 4698 2137 4754 sustinuit
2162 4713 2273 4753 una
2305 4697 2418 4753 die.
2473 4696 2550 4752 De
2580 4698 2785 4753 nostris
2823 4703 3005 4753 autem
3065 4697 3251 4753 nullus
3271 4700 3491 4771 cecidit,

178 4782 324 4839 etiam
378 4777 635 4841 tumulati
696 4792 824 4840 sunt
854 4785 978 4856 plus
1007 4801 1170 4857 quam
1229 4785 1633 4860 quinquaginta
1662 4792 1774 4841 tam
1876 4791 1983 4847 nisi
2012 4790 2253 4847 Jacobus
2286 4790 2355 4845 de
2395 4789 2644 4851 Avesnis.
2688 4789 2854 4845 miles
2901 4791 3160 4867 egregius
3217 4799 3272 4848 et
3300 4793 3397 4850 uni
3425 4795 3495 4852 de

176 4873 429 4946 episcopi,
463 4890 633 4946 quam
699 4874 871 4929 duces
929 4883 985 4929 et
1041 4873 1291 4930 comites.
1334 4873 1394 4928 In
1439 4874 1598 4943 cujus
1622 4874 1707 4929 obi

1965 4883 2190 4940 chabeis
2219 4867 2627 4955 comparandus
2658 4881 2822 4952 (453).
2858 4882 2916 4937 In
2958 4899 3148 4940 mense
3179 4883 3496 4958 Septembri

178 4960 319 5017 dolor
354 4962 808 5035 iacomparabilis
836 4961 1152 5018 ehristianis
1188 4961 1309 5029 fuit,
1352 4962 1615 5035 gaudium
1645 4978 1775 5019 vero
1878 4973 2073 5029 relatio
2103 4988 2271 5027 verax
2304 4972 2375 5027 de
2405 4980 2582 5027 morte
2635 4970 2873 5043 Philippi
2903 4972 3141 5043 comitis,
3169 4977 3265 5047 qui
3324 4978 3497 5033 οοηιί-

177 5047 479 5107 Sarracenis
518 5058 574 5107 et
619 5051 829 5107 Turcis.
874 5050 1121 5122 Eclypsis
1148 5051 1284 5107 solis
1314 5050 1458 5107 facta
1485 5059 1568 5108 est
1595 5053 1630 5109 9
1659 5053 1772 5109 Kal.
1878 5070 2052 5119 tarum
2099 5060 2354 5116 Flandrie
2406 5058 2479 5113 24
2540 5059 2702 5114 annis
2748 5065 2973 5116 strenue
3028 5071 3262 5132 rexerat,
3320 5066 3497 5123 venit,

177 5139 314 5211 Julii,
341 5145 433 5200 die
460 5145 765 5212 dominica,
797 5146 934 5201 hora
961 5145 995 5199 6
1027 5144 1081 5199 in
1121 5144 1308 5219 vigilia
1330 5144 1478 5200 beati
1510 5144 1781 5201 Johannis
1880 5149 2082 5205 Omnes
2109 5148 2328 5215 timent,
2354 5162 2549 5203 omnes
2579 5145 2791 5211 dolent,
2823 5155 2932 5203 tam
2982 5147 3165 5205 clerus
3197 5166 3363 5222 quam
3394 5169 3501 5224 po-

179 5231 425 5304 baptiste,
460 5236 673 5310 fulgore
688 5238 809 5306 ejus
838 5235 893 5290 in
920 5236 1230 5307 aquilonari
1260 5242 1410 5307 parte
1434 5246 1778 5306 remanente,
1882 5241 2065 5313 pqus.
2100 5240 2359 5297 Succedit
2389 5240 2441 5295 ei
2474 5239 2779 5295 Balduinus
2807 5256 2994 5297 comes
3048 5241 3376 5299 Hainoensis
3402 5243 3501 5298 he-

175 5323 314 5392 juxta
355 5331 717 5401 quantitatem
779 5330 1019 5386 tereiane
1060 5329 1211 5385 Iune.
1253 5329 1381 5385 Post
1430 5330 1781 5388 festivitatem
1886 5332 2148 5389 reditario
2197 5332 2343 5403 jure.
2390 5332 2524 5388 Nam
2562 5332 2925 5408 Margaretam
2974 5333 3140 5391 tiliam
3173 5334 3500 5392 Theoderici

1502 5454 1724 5511 VARIAJ‘.
1786 5455 2059 5513 LECTION
2068 5455 2164 5511 ES.

1725 5597 1949 5655 NOTAE.

244 5695 392 5767 (453)
450 5698 587 5754 1192
665 5697 894 5755 Jacobus
940 5699 1004 5753 de
1056 5700 1298 5766 Avesnis,
1322 5696 1476 5751 miles
1524 5700 1767 5768 egregius
1798 5703 1850 5753 et
1911 5700 2013 5752 uni
2036 5697 2100 5753 de
2123 5695 2382 5753 Macabeis
2428 5698 2844 5767 commrandus,
2873 5701 2933 5753 in
2959 5699 3092 5755 bello
3146 5716 3181 5755 a
3221 5696 3502 5752 Saracenis

179 5771 572 5827 martirzzatur.
605 5770 748 5826 Ann.
776 5769 971 5842 Aquic.

472 5903 772 5969 PATROL.
826 5898 1020 5967 CLX.
1120 5852 1126 5860 '
1185 5889 1200 5897 ’
2887 5969 2890 5972 ,
3092 5902 3164 5961 11

244 5524 307 5560 ¹⁵⁹
340 5525 631 5583 CLXXXIII
672 5528 766 5583 cod
