3876 6208
373 326 466 382 331

1582 321 1927 378 SlGEBERTl
1970 324 2479 379 CEMBLACENSIS.

3597 338 3703 393 332

371 456 613 523 comitis,
631 471 876 511 sororem
909 453 1169 523 Philippi,
1212 451 1447 507 habebat
1506 453 1560 531 in
1594 454 1891 529 conjugio;
1926 460 2062 527 exA
2092 455 2428 521 intenderet,
2483 454 2668 510 subito
2704 454 2815 511 duo
2859 470 2924 511 ex
2981 456 3073 512 illo
3126 472 3336 531 genere
3395 461 3710 525 hominum,

372 567 482 622 qua
509 557 779 625 genuerat
805 547 1082 603 Elizabeth
1125 546 1456 601 Francorum
1488 547 1732 619 reginam
1765 555 1820 602 et
1849 548 1990 602 ﬁlios

373 642 701 696 Balduinum
730 685 746 709 ,
773 639 1087 710 Philippum
1120 647 1174 693 et
1220 638 1531 694 Henricum.
1574 640 1859 709 Philippus
1898 655 1987 694 rex

370 733 728 797 Francorum,
770 738 894 785 ante
924 731 1043 785 dies
1072 730 1369 785 nativitatis
1404 731 1701 797 dominice,
1737 731 1790 786 in
1822 732 1991 785 Fran-

371 819 513 873 ciam
544 819 714 874 venit.
767 818 1026 875 Videntes
1063 829 1245 875 autem
1273 820 1497 891 quidam
1539 821 1766 888 milites,
1816 821 1985 875 Deum

368 905 444 965 mi
482 927 557 965 .us
587 911 899 986 diligentes,
921 912 1041 981 ejus
1058 911 1527 982 repatriationem,
1555 912 1758 968 laboris
1788 921 1842 968 et
1868 929 1988 967 cer-

370 1000 593 1055 taminis
617 1016 715 1070 pro
748 1000 958 1055 Christo
990 1000 1357 1069 impatientes.
1384 1008 1435 1054 et
1465 1018 1585 1056 cum
1629 1001 1755 1055 ﬁliis
1789 1001 1981 1056 Eﬁ'rem

369 1090 425 1145 in
456 1091 546 1145 die
588 1091 718 1145 belli
780 1099 933 1163 terga
964 1092 1214 1147 hostibus
1245 1093 1460 1159 dantes,
1519 1109 1628 1149 non
1670 1102 1729 1148 ut
1758 1094 1977 1154 milites.

367 1186 465 1240 sed
494 1193 554 1241 ut
584 1186 799 1254 lepores
829 1187 1027 1250 timidi,
1059 1186 1129 1241 ad
1145 1204 1297 1241 suam
1323 1194 1567 1241 eternam
1596 1187 1976 1242 confusionem

365 1277 433 1331 ad
464 1277 688 1348 propria
709 1285 839 1332 sunt
866 1279 1089 1333 reversi.
1125 1278 1241 1334 Non
1265 1279 1346 1333 sic
1374 1279 1611 1334 Jacobus
1638 1279 1709 1333 de
1731 1279 1977 1344 Avesnis,

370 1387 481 1428 non
512 1373 618 1438 sic;
672 1373 769 1427 sed
804 1373 933 1445 quia
978 1374 1349 1444 perseveravit
1374 1390 1550 1445 usque
1603 1373 1658 1427 in
1702 1372 1892 1439 ﬁnem,
1925 1383 1983 1427 ut

367 1464 667 1529 credimus,
699 1465 879 1519 salvus
911 1465 1034 1531 erit,
1069 1474 1124 1520 et
1152 1481 1280 1520 cum
1318 1466 1523 1521 sanctis
1561 1466 1896 1537 martyribus
1926 1465 1979 1519 in

370 1553 507 1609 celis
534 1554 915 1625 triumphabit.

438 1644 598 1700 1192.
818 1646 883 1700 R.
921 1646 975 1700 2.
1198 1646 1253 1700 F.
1304 1646 1390 1699 12.
1609 1647 1669 1699 Α.
1711 1645 1766 1700 3.

440 1734 707 1789 Henricus
737 1736 1032 1806 imperator
1049 1734 1170 1789 dies
1186 1733 1491 1789 nativitatis
1523 1733 1803 1788 dominice
1834 1734 1978 1804 apud

367 1823 721 1878 Wormatiam
759 1839 883 1877 cum
913 1821 1271 1891 optimatibus
1308 1821 1462 1893 regni
1519 1817 1845 1881 celebravit;
1907 1816 1980 1872 ibi

369 1914 428 1970 in
460 1914 740 1984 presentia
771 1912 939 1968 totius
966 1911 1118 1967 curie
1147 1909 1493 1966 conﬁrmavit
1531 1908 1860 1963 electionem
1887 1906 1980 1961 Jo-

369 2002 568 2056 hannis
629 2000 1036 2056 Cameracensis
1084 1999 1266 2055 electi.
1338 1998 1625 2068 Philippus
1664 1996 1829 2051 etiam
1886 2012 1979 2049 rex

322 2088 323 2091 “
367 2093 698 2149 Francorum
757 2091 993 2147 Parisius
1049 2108 1170 2146 cum
1229 2091 1343 2145 suis
1389 2090 1613 2145 eosdem
1663 2090 1783 2143 dies
1830 2088 1981 2142 cele-

368 2182 568 2237 bravit.
599 2183 675 2237 Ad
708 2183 866 2250 cujus
890 2181 1097 2236 curiam
1157 2179 1457 2234 Balduinus
1486 2193 1672 2234 comes
1705 2176 1977 2244 Flandrie,

365 2274 561 2330 litteris
593 2275 766 2345 ipsius
795 2272 1245 2344 precipicntibus,
1274 2271 1443 2327 venit.
1485 2271 1596 2325 Rex
1637 2277 1821 2324 autem
1876 2286 1979 2325 nec

365 2371 605 2425 humane
658 2385 762 2424 nec
790 2369 1034 2441 benigne
1068 2384 1193 2423 eum
1225 2367 1490 2437 suscepit.
1548 2366 1703 2431 Quod
1734 2382 1975 2421 cernens

362 2474 575 2523 comes,
629 2474 760 2531 rege
816 2456 1132 2522 insalutato,
1187 2456 1326 2511 clam
1394 2472 1425 2510 a
1476 2455 1700 2510 civitate
1754 2454 1971 2509 disces-

362 2552 431 2606 sit
458 2552 622 2623 (454).
656 2551 726 2605 18
756 2550 868 2606 Kal.
913 2549 1077 2605 Febr.
1109 2551 1144 2603 4
1201 2549 1337 2603 feria
1367 2555 1494 2619 post
1529 2548 1663 2602 solis
1693 2563 1973 2615 occasum,

362 2641 415 2695 in
477 2641 598 2712 ipso
643 2642 818 2696 noctis
856 2638 1204 2711 crepusculo,
1237 2638 1353 2692 visa
1411 2643 1493 2692 est
1524 2636 1714 2691 multis
1756 2636 1974 2707 species

357 2722 507 2809 ignis
548 2734 835 2801 terribilis,
886 2741 1063 2790 totum
1120 2733 1309 2789 orbem
1351 2733 1419 2788 ad
1451 2739 1660 2804 partem
1693 2732 1971 2788 borealem

359 2838 659 2893 occupans.
703 2824 1008 2879 Subsccuta
1039 2830 1123 2878 est
1153 2823 1208 2876 in
1238 2822 1424 2877 multis
1465 2822 1602 2877 locis
1632 2821 1687 2876 in
1720 2821 1972 2892 partibus

353 2910 411 2964 ill
433 2910 478 2965 τε
502 2911 661 2985 plaga
698 2911 843 2985 ignis
872 2911 1067 2966 divini.
1124 2910 1276 2965 Unde
1328 2911 1384 2963 in
1414 2910 1739 2980 episcopatu
1765 2909 1971 2965 Torna-

2091 561 2230 615 qnos
2253 543 2693 617 hysteriographi
2720 545 3013 600 Arsacidas
3028 554 3245 614 vocant,
3271 564 3301 601 a
3330 549 3552 618 prefato
3584 568 3712 621 per-

2092 633 2202 687 ﬁdo
2233 634 2482 703 principe
2515 633 2838 699 transmissi,
2888 641 3187 706 utrumque
3244 637 3388 691 latus
3435 639 3563 707 ejus
3603 657 3722 695 am-

2092 724 2344 790 bierunt;
2386 725 2480 795 qui
2524 724 2733 780 nullum
2797 726 3074 793 timentes,
3143 726 3290 783 clara
3341 728 3455 795 die,
3505 738 3718 787 astante

2090 814 2278 884 pepuli
2312 814 2645 884 frequentia,
2707 813 2947 869 cultellis
2975 831 3116 886 quos
3157 815 3462 888 impr0prie
3494 820 3717 876 miseri-

2088 907 2306 961 cordias
2327 913 2524 962 vocant
2554 906 2860 962 crudeliter
2896 908 3171 963 lateribus
3194 909 3315 977 ejus
3344 909 3549 978 inﬁxis,
3571 914 3714 969 heu!

2089 994 2491 1049 nobilissimum
2522 993 2827 1064 principem
2863 994 3291 1051 interfecerunt.
3327 998 3408 1053 11Ιί
3464 1002 3651 1055 statim
3685 1020 3715 1057 a

2086 1082 2289 1152 populo
2322 1083 2524 1147 necati,
2560 1093 2617 1137 ut
2667 1083 2892 1155 dignum
2946 1090 3082 1148 erat,
3142 1087 3599 1143 transmittuntur
3640 1092 3715 1143 ad

2085 1179 2311 1236 tartara;
2369 1171 2529 1225 miles
2581 1172 2784 1244 dignus
2816 1172 2987 1244 digno
3034 1173 3257 1242 planctu
3309 1176 3617 1251 plangitur,
3654 1195 3717 1243 et

2085 1263 2379 1333 sepulchro
2414 1271 2565 1318 tanto
2611 1264 2864 1334 principe
2923 1264 3094 1335 digno
3132 1267 3422 1337 sepulture
3455 1270 3713 1325 traditur.

2089 1351 2224 1405 Proh
2258 1351 2442 1407 dolor!
2497 1351 2776 1422 principes
2804 1359 2859 1406 et
2889 1351 3096 1407 milites
3135 1352 3310 1410 incliti
3363 1356 3553 1429 gladio
3587 1374 3715 1414 cor-

2086 1450 2252 1498 ruunt
2286 1450 2341 1497 et
2394 1444 2723 1509 moriuntur,
2768 1442 3091 1499 Fredericus
3128 1446 3339 1502 scilicet
3378 1448 3711 1520 imperator,

2084 1534 2403 1589 Fredericus
2429 1535 2538 1589 dux
2589 1535 2915 1601 Suavorum,
2966 1535 3114 1591 ﬁlius
3154 1537 3294 1605 ejus,
3352 1538 3594 1595 Jacobus
3645 1542 3714 1597 de

2080 1622 2329 1689 Avesnis,
2374 1623 2618 1678 Hellinus
2657 1622 2892 1692 dapifer,
2948 1621 3240 1694 Philippus
3295 1640 3484 1681 comes
3540 1627 3709 1683 Flau-

2080 1715 2319 1783 drensis,
2366 1714 2717 1770 Theodaldus
2762 1715 3134 1781 Carnotensis,
3191 1717 3510 1789 Stephanus
3582 1721 3711 1776 Ble-

2008 1787 2057 1853 Β
2078 1803 2280 1869 sensis,
2313 1813 2368 1858 et
2398 1803 2834 1859 innumerabiles
2879 1805 2973 1859 alii
3005 1806 3180 1875 (457);
3213 1814 3268 1861 et
3291 1787 3500 1863 militie
3532 1811 3711 1866 scoria

2081 1911 2185 1950 nec
2230 1895 2590 1960 nominanda,
2630 1911 2739 1966 que
2795 1912 3016 1951 crucem
3050 1895 3247 1952 Christi
3302 1912 3704 1970 assumpserat,

2080 1989 2172 2044 illa
2204 1991 2469 2061 projecta.
2527 1988 2745 2063 fugiens
2796 2007 3013 2045 reversa
3045 1998 3127 2046 est
3182 2006 3292 2047 non
3332 1994 3534 2068 sagitta
3580 2012 3709 2066 per-

2080 2084 2351 2147 sequente
2384 2092 2487 2132 nec
2526 2075 2718 2131 lancea
2754 2077 2849 2133 vel
2893 2076 3100 2149 gladio,
3154 2080 3252 2135 sed
3284 2081 3429 2136 sicut
3458 2084 3617 2138 canis
3643 2085 3708 2139 ad

2079 2171 2343 2227 vomitum
2376 2180 2683 2238 revertens,
2716 2180 2771 2226 et
2801 2178 2857 2226 ut
2888 2172 3054 2243 lupus
3085 2188 3251 2244 rapax
3277 2182 3331 2230 et
3370 2175 3708 2233 insatiabilis

2081 2258 2253 2313 hianti
2286 2274 2384 2313 ore
2455 2259 2605 2315 bona
2660 2260 2896 2315 ecclesie
2926 2261 3172 2316 comedit
3212 2270 3269 2317 et
3302 2263 3705 2321 substantiolas

2080 2369 2384 2424 pauperum
2414 2351 2683 2408 cruciﬁxi.

2148 2444 2451 2499 Richardus
2486 2460 2577 2500 rex
2608 2444 2906 2520 Anglorum
2941 2452 2996 2501 et
3052 2445 3163 2501 dux
3221 2447 3565 2522 Burgundio,
3616 2453 3699 2509 vel

2076 2541 2246 2595 ceteri
2277 2540 2576 2611 principes,
2593 2541 2783 2611 templi
2817 2557 3038 2614 quoque
3068 2552 3123 2599 et
3151 2543 3442 2616 hospitalis
3468 2547 3697 2618 milites,

2075 2632 2480 2688 communicato
2511 2633 2579 2687 ad
2612 2633 2847 2689 invicem
2878 2635 3133 2702 consilio,
3165 2636 3459 2693 Henricum
3509 2642 3689 2696 comi-

2076 2728 2184 2777 tem
2233 2722 2660 2792 Campanensem
2708 2723 3021 2793 principem
3054 2725 3222 2780 totius
3280 2726 3700 2785 christianitatis

2075 2816 2439 2871 transmarino
2491 2825 2721 2886 excepto
2763 2817 3077 2888 principatu
3125 2819 3495 2888 Antiocheno,
3556 2840 3696 2879 con-

2069 2908 2385 2971 stituerunt,
2417 2916 2472 2962 et
2512 2907 2561 2962 ei
2609 2923 2835 2963 uxorem
2884 2911 3142 2966 marchisi
3174 2912 3230 2966 in
3258 2914 3529 2988 conjugio
3577 2925 3688 2972 tra-

356 2999 510 3053 censi
541 3006 596 3053 et
623 2999 813 3053 multis
842 2999 977 3054 locis
1009 2999 1273 3053 indictum
1335 3005 1418 3053 est
1455 2998 1728 3066 jejunium
1758 2998 1793 3053 6
1830 2997 1968 3053 ferie
2069 2998 2350 3053 diderunt.
2378 2998 2486 3052 Hec
2526 2998 2675 3052 enim
2707 3007 2826 3054 erat
2872 3007 2990 3056 orta
3010 3002 3080 3056 de
3111 3004 3282 3076 regali
3310 3021 3554 3079 genere;
3587 3008 3695 3063 ﬁlia

357 3091 602 3163 exceptis
631 3090 863 3147 inﬁrmis
902 3099 957 3146 et
996 3092 1299 3146 infantibus
1338 3092 1632 3147 universis.
1669 3092 1968 3147 Balduinus
1996 3139 2038 3163 η
2070 3084 2218 3138 enim
2250 3083 2505 3139 Amall‘iCi
2535 3085 2681 3157 regis
2703 3094 2878 3141 mater
2906 3087 3024 3160 ejus
3056 3089 3252 3146 extitit.
3271 3090 3531 3162 jGuidoni
3566 3112 3693 3151 vero

354 3198 565 3252 comes,
595 3184 702 3239 sibi
731 3190 786 3239 et
816 3193 957 3239 terre
998 3201 1097 3239 sue
1144 3183 1459 3252 consulens,
1504 3186 1570 3240 ad
1625 3200 1965 3256 recuperan-
1993 3174 2041 3207 υ
2070 3174 2348 3246 φαοηάειῐη
2388 3175 2503 3248 regi
2533 3176 2688 3231 dedit
2716 3193 2810 3231 rex
2851 3179 3152 3251 Anglorum
3183 3181 3422 3238 insulam
3454 3188 3693 3256 opulen-

355 3272 480 3327 dam
513 3272 660 3347 regis
704 3273 959 3346 gratiam,
1014 3272 1269 3327 abbatem
1307 3273 1601 3342 symonem
1632 3274 1969 3345 Αφιίρίηεη-
2070 3264 2334 3319 tissimam
2396 3266 2583 3337 Cypri?
2627 3266 2830 3322 Ordine
2885 3276 3012 3325 utor
3058 3283 3409 3344 prepostero,
3447 3278 3551 3332 sed
3592 3279 3691 3335 hoc

356 3379 474 3418 εοπι
518 3370 573 3418 ει
622 3362 942 3418 Danihelem
990 3364 1060 3417 de
1112 3362 1416 3418 Camberon
1452 3365 1520 3419 ad
1574 3380 1699 3418 eum
1747 3365 1962 3420 direxit,
2069 3357 2198 3412 fecit
2223 3358 2451 3414 oblivio.
2495 3360 2817 3415 Precedenti
2851 3362 3001 3417 enim
3038 3380 3207 3435 anno,
3239 3383 3364 3422 cum
3400 3385 3495 3424 rex
3525 3371 3693 3426 Fran-

354 3449 597 3505 Tandem
628 3458 755 3522 post
784 3450 1062 3506 mediante
1092 3450 1366 3507 Willelmo
1398 3451 1653 3506 Remensi
1683 3453 1964 3524 archiepi-

353 3557 525 3613 scopo
556 3549 611 3598 et
657 3541 815 3597 Petro
852 3542 1217 3598 Attrebatensi
1258 3542 1541 3614 episcopo,
1563 3559 1666 3615 pax
1698 3546 1842 3600 inter
1871 3560 1963 3600 re-

352 3650 479 3709 gem
533 3641 588 3688 et
633 3633 891 3688 comitem
951 3632 1181 3689 formata
1211 3641 1315 3702 est,
1361 3635 1512 3705 apud
1571 3636 1868 3691 Perronam
1910 3646 1966 3691 et

355 3723 501 3794 apud
533 3722 871 3778 Attrebatum
906 3722 1194 3779 ﬁrmanda.
1232 3725 1291 3778 ln
1321 3724 1350 3779 7
1372 3725 1681 3781 ebdomada
1709 3734 1838 3781 ante
1867 3744 1965 3798 pa-

352 3816 510 3885 scha,
536 3832 630 3870 rex
662 3815 955 3871 Perronam
986 3833 1110 3872 cum
1134 3818 1253 3872 suis
1281 3817 1561 3888 episcopis
1582 3826 1635 3873 et
1664 3820 1966 3875 baronibus

348 3906 518 3962 venit.
568 3906 647 3961 lbi
704 3907 1006 3964 Balduinus
1054 3924 1240 3965 comes
1266 3925 1387 3963 cum
1420 3910 1536 3964 suis
1565 3909 1739 3977 affuit,
1777 3919 1833 3964 et
1865 3910 1962 3965 ho-

350 4000 577 4055 minium
637 4000 752 4072 regi
806 3999 1033 4068 faciens,
1073 4008 1282 4071 partem
1336 4001 1587 4056 Flandrie
1636 4002 1962 4058 orientalem

350 4088 617 4159 possedit,
650 4104 743 4143 rex
781 4104 911 4144 vero
941 4089 1365 4155 occidentalem,
1399 4090 1655 4145 Sanctum
1691 4092 1966 4146 Audoma-

346 4194 490 4245 rum,
545 4177 748 4247 Ariam,
813 4179 1178 4245 Attrebatum,
1250 4180 1555 4249 Bapalmas,
1641 4181 1959 4236 comitatum

348 4269 766 4325 Hesdiniensem
812 4278 868 4325 et
900 4272 1254 4337 Lenseusem,
1298 4271 1675 4344 hominagium
1708 4273 1959 4340 Bolonie,

347 4370 404 4416 et
433 4360 616 4416 Sancti
650 4361 826 4430 Pauli,
855 4369 910 4418 et
940 4362 1207 4418 Gisnense
1249 4370 1303 4417 et
1355 4363 1587 4418 Linense
1617 4365 1777 4435 (455).
1813 4366 1964 4420 Reli-

342 4472 457 4528 qua
514 4456 781 4512 Balduino
830 4463 1117 4511 cesserunt
1201 4456 1308 4511 Hec
1347 4456 1532 4511 omnia
1585 4458 1964 4529 suprascripta

345 4543 499 4600 dedit
519 4544 814 4615 Philippus
843 4558 1029 4598 comes
1058 4543 1197 4619 regi,
1225 4545 1448 4614 quando
1476 4543 1526 4598 ei
1558 4552 1781 4615 neptem
1805 4562 1959 4600 suam

345 4630 649 4699 Elizabeth,
683 4631 850 4685 ﬁliam
899 4632 1199 4707 Margarete
1229 4632 1439 4687 sororis
1482 4648 1602 4700 sue,
1639 4633 1960 4691 llainoensis

344 4725 645 4792 comitisse,
671 4726 833 4798 legali
858 4727 1212 4783 matrimonio
1245 4727 1531 4796 conjunxit
1563 4729 1718 4800 (456).

415 4813 548 4869 Cum
598 4814 903 4870 marchisus
947 4814 1228 4871 Conradus
1256 4816 1480 4888 Tyrum,
1518 4817 1670 4889 Syrie
1703 4817 1957 4873 Phenicis

340 4902 615 4958 civitatem
658 4901 1081 4971 nobilissimam,
1116 4904 1266 4974 justo
1305 4906 1686 4961 moderamine
1717 4917 1952 4981 regeret,

339 4990 751 5046 machinatione
782 4992 1064 5061 cujusdam
1096 4995 1461 5065 potentissimi
1510 4995 1779 5066 principis
1807 4997 1952 5051 chri-

338 5085 527 5153 stiani,
587 5084 847 5156 probitati
877 5096 941 5153 et
967 5089 1216 5145 felicitati
1272 5090 1447 5162 ipsius
1484 5090 1809 5158 invidentis,
1850 5092 1953 5147 hoc

338 5176 503 5233 modo
534 5177 752 5232 occisus
773 5186 877 5232 est.
911 5180 969 5233 ln
1001 5179 1201 5236 diebus
1222 5182 1369 5237 enim
1395 5182 1750 5254 paschalibus
1778 5184 1811 5238 3
1834 5183 1946 5239 Kal.

334 5266 482 5331 Maii,
505 5282 631 5322 cum
676 5265 937 5338 princeps
967 5267 1087 5339 ipse
1121 5270 1358 5341 quadam
1399 5272 1491 5327 die
1531 5272 1587 5326 in
1619 5272 1739 5329 loco
1767 5272 1954 5335 civita-

332 5359 423 5425 tis,
458 5360 552 5415 ubi
582 5359 871 5416 moneturii
892 5369 1066 5431 erant,
1098 5379 1268 5434 super
1292 5380 1497 5435 equum
1525 5365 1730 5420 sedens
1757 5365 1826 5421 ad
1854 5381 1951 5422 eos

1989 4413 2046 4481 D

2067 3461 2257 3502 corum
2288 3463 2411 3502 cum
2454 3449 2569 3503 suis
2621 3450 2689 3503 ad
2722 3450 2913 3506 urbem
2948 3454 3357 3512 transfretasset
3395 3460 3693 3527 Acconam,

2068 3550 2159 3590 rex
2204 3536 2501 3610 Anglorum
2548 3538 2619 3592 ad
2647 3537 2946 3609 Cyprorum
3004 3542 3283 3619 navigavit
3336 3545 3598 3603 insulam.
3632 3550 3691 3604 ln

2066 3646 2131 3685 ea
2164 3646 2404 3702 namque
2434 3631 2659 3703 quidam
2689 3642 2991 3705 prepotcns
3047 3645 3238 3694 contra
3289 3639 3685 3712 imperatorem

2068 3716 2731 3790 Constantinopolitanum
2790 3723 3186 3793 tyrannizabat,
3231 3736 3287 3782 et
3325 3744 3535 3785 nomen
3579 3732 3685 3786 sibi

2067 3810 2354 3881 imperiale
2407 3820 2788 3883 usurpaverat.
2842 3813 3043 3871 Contra
3100 3817 3249 3873 hunc
3275 3822 3532 3877 ascendit
3591 3840 3685 3879 rex

2066 3903 2362 3977 Anglorum
2411 3919 2535 3958 cum
2571 3904 2686 3958 suis
2715 3905 2784 3959 de
2813 3907 2979 3972 mari;
3022 3924 3184 3979 quem
3224 3910 3462 3967 viriliter
3494 3914 3685 3970 debel-

2066 3991 2208 4060 lans,
2233 4010 2356 4048 cum
2389 4000 2499 4049 tota
2530 3995 2633 4049 sibi
2667 3997 2887 4070 subegit
2922 3998 3122 4053 insula.
3158 4000 3326 4066 Quem
3361 4020 3487 4058 cum
3520 4023 3685 4063 uxore

2066 4091 2120 4137 et
2153 4082 2341 4137 liberis
2370 4084 2667 4155 captivum,
2716 4101 2841 4140 cum
2881 4087 3001 4141 auri
3037 4095 3092 4142 et
3132 4091 3347 4162 argenti
3394 4100 3449 4147 et
3500 4111 3681 4149 rerum

2064 4186 2370 4233 ceterarum
2401 4179 2600 4250 copiis,
2655 4196 2839 4235 secum
2873 4181 3122 4249 adduxit,
3178 4190 3233 4239 et
3260 4183 3330 4240 ad
3374 4188 3679 4243 exercitum

2063 4270 2300 4339 Domini,
2342 4271 2398 4325 in
2453 4271 2746 4327 obsidione
2796 4273 2948 4328 urbis
2976 4275 3192 4331 Accone
3242 4275 3388 4332 fame
3420 4280 3682 4335 diuturna

2063 4362 2432 4431 laborantem,
2474 4365 2743 4433 pervenit,
2776 4380 3080 4437 eorumque
3110 4368 3355 4439 inepiam
3388 4370 3458 4425 de
3480 4372 3681 4443 Opibus

2063 4470 2253 4509 secum
2309 4454 2565 4511 adductis
2606 4455 2897 4531 magniﬁce
2944 4458 3223 4514 relevavit.
3269 4460 3462 4516 Filiam
3513 4464 3672 4533 hujus

2062 4549 2349 4619 principis,
2364 4566 2528 4621 quem
2551 4566 2737 4606 secum
2768 4553 3007 4608 vinetum
3039 4553 3365 4620 adduxerat,
3398 4557 3556 4612 dedit
3586 4574 3679 4613 rex

2059 4641 2357 4711 Anglorum
2416 4641 2651 4697 Guidoni
2682 4643 2959 4713 quondam
3002 4644 3144 4718 regi,
3197 4661 3321 4700 cum
3353 4654 3468 4702 tota
3518 4648 3676 4719 Cypri

2060 4726 2261 4782 insula.
2310 4728 2505 4783 Comes
2549 4745 2678 4785 vero
2721 4730 3008 4799 Henricus,
3064 4732 3109 4786 si
3154 4733 3297 4788 Deus
3326 4735 3493 4790 nobis
3520 4735 3679 4790 resti-

2059 4823 2223 4877 tuerit
2251 4822 2613 4885 Hierusalem,
2654 4840 2750 4878 rex
2781 4823 2998 4881 futurus
3027 4827 3192 4894 £458),
3220 4826 3441 4899 Tyrum,
3474 4831 3673 4886 Asche-

2055 4912 2262 4981 lonem,
2303 4916 2635 4983 Accbonem,
2669 4916 2977 4984 Cesaream,
3006 4918 3225 4991 Joppen
3263 4928 3320 4976 et
3348 4929 3532 4978 cetera
3579 4939 3676 4977 ca-

2053 5008 2213 5062 stella
2232 5024 2402 5078 super
2424 5009 2578 5064 littus
2606 5009 2776 5064 maris
2809 5011 3011 5066 stantia
3041 5012 3310 5082 possedit.

2122 5101 2438 5157 Tancredus
2476 5102 2671 5173 Apulie
2711 5109 2977 5173 tyrannus
3019 5105 3254 5162 nuncios
3282 5123 3417 5164 suos
3472 5110 3537 5164 ad
3566 5110 3670 5165 Ce-

2052 5190 2312 5245 lestinum
2360 5207 2559 5263 papam
2619 5199 2675 5247 et
2708 5192 2984 5249 Romanos
3022 5194 3240 5269 dirigit,
3295 5197 3576 5267 spondens
3602 5213 3667 5252 se

2052 5278 2397 5334 redditurum
2439 5287 2630 5336 sancto
2677 5280 2857 5347 Petro,
2900 5282 3165 5354 quicquid
3198 5284 3528 5355 Apulienses
3564 5286 3673 5339 du-

2051 5385 2143 5424 ces
2190 5369 2258 5423 ab
2313 5369 2555 5440 antiquis
2600 5369 2802 5425 diebus
2854 5369 2933 5424 illi
2971 5370 3333 5443 asbtulerant,
3391 5374 3437 5429 si
3481 5373 3665 5453 ﬁdem,

1884 5495 2099 5553 NOTAE.

402 5594 545 5663 (454)
576 5592 653 5649 Cl.
698 5592 931 5667 Gisleb.,
973 5612 1029 5667 p.
1061 5593 1186 5651 230.

425 5667 548 5722 455)
579 5666 886 5721 lnsulense.

425 5668 531 5722 455
579 5668 886 5721 lnsulense.

399 5668 548 5815 £456;
583 5737 750 5794 Paulo
776 5737 883 5793 alia
913 5742 1097 5792 narrat
1123 5733 1483 5804 Gislebertus,
1519 5754 1571 5809 p.
1596 5738 1723 5796 233.

2119 5599 2263 5673 (457)
2286 5599 2770 5673 ΒῙιιῐδεεγηοπιίηιιι
2800 5600 3159 5667 Gislebertus,
3198 5618 3256 5673 p.
3299 5602 3425 5660 232.

2125 5670 2271 5744 (458)
2305 5672 2429 5744 Haec
2487 5672 2656 5744 igitur
2687 5673 2891 5743 scripta
2915 5681 3050 5744 sunt
3079 5670 3216 5727 ante
3246 5684 3476 5731 mortem
3516 5674 3662 5729 Heu-

2038 5739 2157 5809 rici,
2189 5758 2352 5814 quam
2387 5739 2512 5815 ipse
2529 5739 2725 5802 auctor
2752 5739 2813 5799 aI
2837 5743 2971 5801 H97
3004 5750 3213 5801 narrat.
