3876 6208
154 418 241 474 333
1037 408 1384 465 CHRONICA.
1428 438 1497 448 —
1536 406 1972 495 CONTINUATIQ
2013 405 2497 472 AQUICINCTINA.

3345 407 3450 464 334

156 561 290 616 quam
334 542 593 597 habebant
648 556 768 595 cum
831 539 1063 594 Henrico
1113 538 1468 608 imperatore,
1526 537 1595 591 ad
1664 551 1722 591 se
1748 536 2021 608 Adomos
2065 535 2413 600 clericorum,
2455 533 2549 604 qui
2595 532 2644 587 ei
2674 532 3041 601 adherebant,
3071 533 3360 603 subvertit,
3397 541 3452 590 et

155 630 490 687 transferrent.
548 627 699 692 Quod
731 626 961 681 audiens
1002 643 1144 697 papa
1185 626 1516 689 Celestinus,
1567 624 1725 680 valde

1832 626 1986 699 regni
2018 627 2101 681 sui
2133 626 2417 680 introitum
2469 623 2650 678 eidem
2689 622 2953 695 episcopo
2984 624 3278 680 interdixit.
3306 626 3452 681 Tan-

153 727 220 774 est
244 718 571 789 indignatus;
603 715 693 787 qui
749 731 907 768 versa
936 714 1055 769 vice
1107 713 1342 767 nuncios
1373 728 1526 775 suos,
1591 712 1730 765 duos
1832 718 2031 773 credus
2084 718 2281 788 Apulia
2331 723 2598 787 tyrannus
2643 714 2894 770 moritur.
2950 714 3254 771 Celestinus
3284 732 3449 788 papa,

156 807 333 862 scilicet
381 804 709 868 cardinal“.
764 803 831 857 ad
883 819 1009 857 eum
1059 802 1288 869 ἀίτθκίῑ,
1333 801 1620 864 mandans.
1673 805 1732 852 ιιι
1833 814 2007 861 morte
2063 807 2183 874 eius
2210 806 2416 870 audita,
2475 811 2666 860 contra
2696 804 2987 860 Henricum
3032 804 3449 876 imperatorem,

156 897 524 969 imperatricem
567 895 637 949 de
688 894 941 949 custodia
981 892 1227 947 educcns
1285 889 1602 961 imperatori
1643 905 1733 942 re-

153 994 389 1057 mitteret;
422 992 467 1046 si
495 1006 623 1045 vero
656 992 758 1045 hoc
797 989 978 1044 facere
1009 988 1201 1055 nollet,
1232 988 1581 1041 anathemate
1608 1000 1731 1055 per-

162 1093 303 1154 petuo
330 1100 386 1138 se
443 1082 749 1137 feriendum
796 1098 920 1137 cum
956 1088 1107 1150 parte
1150 1078 1455 1150 provincia,
1512 1093 1619 1147 que
1662 1076 1736 1129 illi

155 1174 354 1242 favebat,
385 1187 480 1243 pro
520 1179 671 1226 certo
703 1171 889 1225 sciret.
951 1167 1182 1222 ltadulfo
1242 1163 1570 1221 Leodicensi
1612 1162 1740 1232 epi-

157 1278 320 1334 scopo,
342 1262 574 1333 quicum
604 1260 894 1315 Frederico
924 1258 1258 1329 imperatore
1289 1271 1509 1311 crucem
1539 1269 1745 1308 assum-

162 1359 336 1423 pserat,
398 1351 453 1404 in
484 1350 682 1404 itinere
711 1363 859 1403 anno
913 1346 1185 1417 superiori
1226 1353 1462 1410 mortuo,
1503 1343 1612 1396 duo
1648 1356 1747 1411 per

158 1441 531 1496 contentionem
555 1441 611 1493 in
630 1439 878 1510 predicta
901 1436 1139 1492 ecclesia
1161 1443 1291 1490 sunt
1312 1434 1496 1499 electi,
1521 1432 1746 1489 Autber.

151 1544 227 1589 tus
252 1532 466 1599 scilicet,
499 1532 670 1587 frater
707 1530 867 1585 ducis
910 1527 1290 1593 Lovaniensis,
1331 1532 1389 1580 et
1428 1524 1742 1586 Autbertus,

152 1628 293 1681 frater
318 1625 525 1681 comitis
563 1625 635 1679 de
670 1623 935 1679 Heitesta.
991 1621 1383 1676 Verumtamen
1416 1616 1743 1686 Lovaniensi

157 1716 384 1772 Autberto
406 1716 605 1787 justior
636 1731 787 1786 pars,
812 1713 999 1768 sanior
1025 1721 1080 1767 et
1110 1708 1469 1780 multiplicior
1498 1705 1732 1762 favebat.

1833 911 1997 966 quem
2032 904 2257 965 pr0pter
2287 895 2604 949 Autbertum
2628 894 3022 949 Leodicensem
3045 893 3364 965 episcopum
3398 902 3455 948 et

1840 986 1977 1041 alias
2006 986 2245 1041 latentes
2275 1001 2471 1042 causas
2507 984 2768 1041 infestum
2811 985 3074 1052 habebat,
3104 984 3277 1041 filium
3309 987 3456 1041 Tan-

1843 1076 1994 1130 credi
2025 1076 2078 1129 in
2115 1076 2326 1147 Apulia,
2362 1076 2609 1131 Calabria
2641 1083 2696 1131 et
2732 1076 2918 1131 Sicilia
2949 1092 3132 1150 regem
3173 1077 3451 1132 sublimat.

1847 1166 2091 1236 Eelypsis
2133 1166 2261 1220 tunc
2284 1165 2483 1219 accidit
2510 1166 2567 1219 11
2608 1165 2721 1220 Kal.
2754 1167 3015 1222 Decemb.
3043 1166 3173 1223 luna
3207 1168 3292 1233 12,
3320 1170 3455 1223 hora

1844 1254 2023 1309 noctis
2079 1256 2132 1318 8,
2166 1253 2382 1308 duabus
2428 1254 2679 1321 ejusdem
2730 1255 2976 1326 partibus
3024 1256 3347 1320 obscuratis,
3400 1258 3454 1311 in

1844 1358 1944 1397 suo
2000 1342 2213 1415 fulgore
2254 1349 2404 1412 parte
2444 1341 2613 1396 tcrcia
2650 1352 3029 1413 permanente.
3084 1344 3456 1415 Subsequenti

1846 1434 1936 1489 die
1963 1433 2257 1488 Autbertus
2297 1433 2649 1489 Leodicensis
2699 1434 3012 1506 episcopus,
3052 1452 3085 1491 a
3122 1436 3453 1508 quibusdam

1846 1524 2220 1596 proditoribus
2245 1531 2399 1578 extra
2428 1525 2621 1580 urbem
2651 1525 2978 1581 Hemensem
3010 1527 3262 1593 eductus,
3291 1528 3454 1583 inau-

1846 1615 1962 1670 dita
1990 1614 2189 1669 mortis
2215 1613 2543 1669 crudelitate
2567 1615 2649 1670 vir
2678 1615 2860 1687 justus
2896 1615 2964 1669 ab
3012 1617 3201 1688 impiis
3232 1625 3287 1673 et
3327 1634 3457 1689 pro-

1838 1707 2115 1763 ditoribus
2137 1707 2467 1761 innocenter
2482 1707 2792 1777 perimitur.
2820 1708 2953 1763 Nam
2985 1709 3249 1765 Henricus
3278 1710 3452 1782 impe-

158 1805 393 1859 Henricus
440 1812 625 1859 autem
668 1804 969 1874 imperator
1021 1801 1087 1855 ab
1140 1797 1493 1869 expeditione
1548 1800 1736 1866 Appu-
1760 1842 1813 1912 Β
1840 1805 2009 1862 rator,
2049 1797 2144 1867 qui
2175 1796 2430 1851 Lothario
2470 1795 2709 1865 favebat,
2750 1814 2915 1869 quem
2969 1799 3026 1853 in
3075 1804 3208 1854 sede
3262 1801 3457 1857 Leodi-

158 1895 182 1912 I'
277 1896 286 1906 -
700 1896 711 1912 ι
789 1896 850 1912 .-,
917 1909 987 1912 id-
1033 1892 1316 1912 e_.a:__-_____
1385 1886 1611 1912 ---..--.:a
1687 1892 1735 1912 ιιι
1845 1889 1989 1912 -..ημζ
2024 1888 2316 1912 :_a........_-a
2376 1904 2494 1912 ..κ-..ι
2549 1905 2573 1912 -
2626 1904 2795 1912 ..Α-...Α
2831 1905 2926 1912 ----
2976 1890 3249 1912 --._--I-_-a
3320 1892 3421 1912 “12]

155 1895 290 1951 liensi
332 1912 604 1963 reversus,
665 1896 993 1951 electionem
1033 1892 1322 1961 utriusque
1381 1886 1636 1954 cassavit,
1684 1892 1739 1940 et

157 1985 430 2040 Lmharium
473 1986 826 2041 Bonnensem
879 1981 1221 2054 prepositum
1280 1978 1611 2033 ditissimum
1672 1975 1741 2029 ad

156 2079 396 2135 civitatem
428 2080 682 2154 dirigens
736 2079 1010 2151 palacium
1055 2075 1325 2147 episcOpi,
1358 2073 1518 2129 villas
1559 2079 1612 2127 et
1652 2087 1744 2126 ca-

153 2170 281 2223 stella
328 2170 597 2241 episeopii
655 2169 707 2224 ei
758 2168 1011 2228 tradidit;
1081 2166 1286 2220 clerum
1340 2177 1561 2234 quoque
1619 2176 1742 2215 cum

157 2257 328 2327 populo
359 2257 408 2312 ei
448 2256 684 2313 obedire
712 2256 981 2327 precepit.
1035 2253 1143 2308 Hec
1163 2253 1369 2319 omnia,
1425 2258 1484 2305 ut
1514 2250 1741 2321 quidam

154 2349 452 2417 existimant,
482 2348 622 2405 fecit
672 2349 970 2418 imperator
1008 2346 1241 2403 consilio
1271 2343 1521 2399 Balduini
1562 2341 1738 2397 comi-

156 2441 210 2495 tis
252 2442 566 2498 Hainoensis
629 2442 801 2514 (459).
859 2442 991 2496 Nam
1049 2446 1277 2511 pr0pter
1348 2437 1526 2510 ipsius
1583 2434 1740 2490 ducis

156 2534 433 2604 superbiam
462 2540 518 2589 et
564 2533 932 2588 inveteratum
974 2548 1104 2605 erga
1134 2548 1194 2587 se
1253 2531 1443 2587 odium
1477 2527 1736 2583 infestum

155 2624 353 2680 habebat
378 2625 556 2697 ipsius
617 2624 858 2682 fratrem.
894 2625 1016 2697 ipse
1048 2639 1179 2680 vero
1229 2623 1522 2678 Autbertus
1571 2620 1739 2675 frater

156 2719 306 2786 ducis,
363 2718 563 2775 videns
622 2718 677 2773 in
746 2734 805 2773 se
874 2717 1070 2772 factam
1128 2715 1481 2786 injusticiam,
1538 2713 1736 2769 timore

156 2806 463 2877 imperatoris
493 2806 695 2862 habitu
746 2806 1009 2878 pauperis
1046 2804 1273 2861 viatoris
1314 2806 1619 2872 assumpto,
1665 2801 1735 2856 ad

154 2899 296 2968 pedes
318 2899 584 2955 Celestini
618 2915 775 2969 papa:
806 2898 1088 2953 Lateranis
1106 2895 1373 2968 pervenit.
1410 2893 1606 2949 Audita
1638 2909 1738 2947 au-

155 2994 241 3041 tem
263 3004 396 3059 papa
427 2986 730 3044 electionis
758 2986 973 3042 ratione
1001 2993 1056 3041 et
1085 2984 1404 3050 concordia,
1439 2983 1619 3037 electo
1652 2981 1742 3035 lit-

154 3086 273 3135 teras
319 3097 442 3135 suas
473 3079 727 3145 tradidit,
793 3077 1216 3149 archiepiscOpO
1264 3076 1534 3131 mandans
1580 3072 1740 3129 Colo-

154 3174 329 3242 niensi,
360 3184 417 3231 ut
437 3175 488 3230 ei
518 3188 730 3229 munus
773 3172 1022 3229 conferat
1059 3169 1508 3227 consecrationis.
1544 3168 1740 3223 Lotha-

151 3263 243 3319 rius
255 3272 424 3321 tamen
454 3264 816 3337 imperatoris
834 3263 1065 3329 electus,
1094 3278 1194 3332 per
1214 3260 1496 3327 ecclesias,
1520 3257 1747 3315 castella

155 3362 197 3407 et
223 3356 456 3423 ejusdem
492 3354 770 3427 episcOpii
798 3353 957 3409 villas
996 3351 1341 3425 pontificales
1371 3350 1567 3425 agebat
1612 3365 1746 3404 cau-

153 3459 241 3501 sas.
292 3447 434 3503 Luna
472 3445 691 3502 mensis
747 3445 978 3520 Augusti
1030 3459 1286 3499 crescens
1324 3449 1377 3497 et
1415 3442 1747 3497 decrescens

153 3536 293 3592 nimis
320 3539 496 3595 extitit
526 3537 785 3609 pluviosa
817 3544 871 3592 et
894 3543 1293 3607 tempestuosa,
1327 3541 1382 3589 et
1409 3532 1750 3588 metentibus

155 3624 295 3681 nimis
341 3629 605 3693 molesta;
682 3633 868 3681 tamen
926 3625 1276 3697 subsequens
1360 3623 1491 3678 luna
1542 3620 1751 3677 mensis

156 3717 463 3790 Septembris
520 3720 627 3776 fuit
674 3721 940 3794 gratiosa,
987 3720 1136 3776 unde
1191 3718 1390 3774 messis
1445 3716 1660 3772 triticea
1697 3723 1752 3769 et

156 3810 404 3869 vindemia
443 3813 808 3869 mediocriter
837 3812 940 3867 fuit
980 3812 1144 3867 bona.
1182 3809 1489 3865 Richardus
1518 3823 1611 3863 rex
1642 3807 1749 3860 An-

158 3900 365 3970 glorum,
394 3918 568 3974 supra
600 3911 851 3956 naturam
895 3902 1188 3955 humanam
1244 3899 1482 3970 cupidus
1538 3904 1592 3952 et
1620 3912 1750 3952 ava-

158 4008 253 4061 rus,
291 4005 343 4050 et
370 3996 526 4051 omni
558 3995 945 4052 Christianitati
973 3995 1186 4051 invisus
1217 4003 1273 4049 et
1306 3992 1553 4060 rebellis,
1582 4008 1614 4046 a
1651 3992 1750 4046 Sa-

156 4087 383 4147 lahadino
413 4106 624 4166 magno
656 4092 846 4162 precio
886 4092 1001 4145 auri
1056 4095 1336 4160 suscepto,
1382 4087 1744 4143 Aschalonem

153 4180 622 4236 nominatissimam
663 4179 1089 4235 christianorum
1128 4176 1406 4233 civitatem
1450 4175 1743 4232 subvertit.

151 4270 432 4331 Tancredus
459 4274 662 4345 Apulie
711 4281 975 4345 tyrannus
1007 4289 1036 4327 a
1086 4271 1360 4327 Celestino
1404 4286 1547 4342 papa
1593 4284 1747 4325 com-

156 4364 319 4432 pulsus
348 4366 758 4439 imperatricem
810 4366 879 4421 de
909 4364 1158 4421 custodia
1202 4364 1471 4427 relaxans,
1504 4362 1748 4431 impera-

157 4458 244 4510 tori
273 4460 520 4515 remittit.

1841 1889 1992 1944 censi
2024 1888 2339 1954 intruserat,
2373 1904 2497 1943 eum
2547 1905 2579 1943 a
2626 1904 2799 1961 regno
2830 1905 2931 1945 suo
2971 1890 3271 1961 expulerat.
3320 1892 3457 1946 Wil-

1843 1980 2041 2035 lelmus
2088 1985 2270 2033 autem
2320 1978 2606 2033 Remensis
2668 1979 3120 2050 archiepiscopus
3158 1988 3212 2036 et
3264 1995 3459 2036 omnes

1842 2070 1990 2127 cives
2036 2071 2357 2137 Remenses,
2397 2086 2524 2126 eum
2564 2071 2878 2125 detinentes
2923 2070 3151 2139 ibidem,
3194 2088 3451 2148 magnum

1844 2165 1894 2219 ei
1927 2165 2193 2226 honorem
2226 2169 2279 2218 et
2304 2163 2668 2218 reverentiam
2713 2163 3026 2219 exibebant.
3065 2163 3329 2235 Sepultus
3369 2173 3460 2219 est

1845 2262 2025 2309 autem
2073 2270 2195 2308 cum
2254 2253 2469 2327 magnis
2505 2252 2755 2307 omnium
2814 2254 3058 2309 lacrimis
3114 2255 3169 2309 in
3222 2256 3457 2311 ecclesia

1840 2346 2033 2414 majori
2061 2344 2378 2400 beatissime
2409 2343 2576 2399 Marie
2617 2345 2711 2398 Dei
2744 2346 3053 2417 genitricis,
3094 2346 3151 2400 in
3186 2347 3307 2403 loco
3360 2347 3454 2402 ubi

1840 2437 2035 2492 beatus
2073 2435 2363 2491 Nichasius
2383 2435 2858 2507 (archiepiscopus
2895 2453 2994 2509 pro
3034 2437 3247 2494 Christo
3288 2453 3456 2495 occu-

1840 2524 1978 2581 buit.
2013 2526 2113 2591 Qui
2159 2525 2381 2581 fuerunt
2439 2526 2820 2584 interfectores
2849 2528 3124 2601 episcopi,
3184 2540 3240 2586 et
3278 2548 3309 2585 a
3345 2547 3457 2604 quo

1837 2618 2014 2686 missi,
2048 2620 2331 2692 ignoratur
2360 2619 2547 2691 (460);
2597 2621 2704 2677 hoc
2730 2628 2917 2678 tamen
2959 2623 3149 2691 scitur,
3205 2625 3353 2695 quod
3385 2624 3456 2679 de

1838 2708 2125 2763 Germania
2171 2708 2446 2775 venerint,
2505 2717 2560 2764 et
2622 2708 2752 2765 illuc
2800 2709 3136 2784 aufugerint.
3190 2711 3265 2767 Ve
3323 2711 3453 2779 illis,

1836 2799 1966 2871 quia
2018 2800 2105 2855 via
2156 2799 2287 2855 Cain
2330 2801 2610 2868 abierunt,
2665 2804 2759 2874 qui
2827 2802 3053 2858 fratrem
3101 2819 3263 2859 suum
3321 2804 3456 2859 Abel

1836 2892 2046 2961 justum
2079 2893 2133 2947 in
2167 2908 2299 2968 agro
2332 2892 2629 2959 interfecit,
2682 2910 2712 2949 e
2741 2894 3098 2950 tabernaculo
3126 2901 3453 2953 extractum.

1842 2983 2007 3055 Cujus
2035 3000 2301 3056 sequaces
2339 2984 2450 3052 isti,
2507 2992 2717 3057 patrem
2745 3002 2905 3042 suum
2942 2994 2997 3043 et
3049 2986 3337 3044 dominum
3387 2989 3457 3045 de

1842 3074 2067 3131 civitate
2108 3074 2365 3130 Remensi
2395 3075 2594 3131 callide
2623 3076 2948 3145 educentes,
2973 3085 3032 3135 ut
3058 3078 3291 3135 liberius
3321 3096 3457 3153 per-

1844 3170 2119 3235 petrarent
2165 3164 2455 3238 flagitium,
2486 3166 2735 3222 secundo
2784 3183 2977 3223 mense
3024 3169 3461 3226 consecrationis

1845 3253 1967 3324 ejus
2022 3254 2107 3310 vix
2148 3254 2360 3325 elapso,
2416 3261 2581 3325 caput
2623 3256 2798 3311 sancti
2851 3257 3154 3314 sacerdotis
3192 3273 3459 3315 mucrone

1848 3344 2021 3416 impio
2047 3346 2457 3401 mutilaverunt.
2490 3346 2740 3403 Prudens
2774 3349 2966 3417 lector,
2997 3358 3129 3406 nota
3157 3350 3462 3407 inauditam

1846 3434 2187 3504 proditorum
2218 3435 2538 3491 versutiam.
2568 3437 2749 3493 Pridie
2777 3438 2927 3494 enim
2954 3456 3118 3511 quam
3166 3440 3268 3495 ista
3296 3456 3462 3515 agere

1849 3524 2244 3595 deliberarent,
2274 3527 2585 3583 hominium
2616 3530 2667 3584 ei
2701 3528 2976 3596 fecerunt,
3017 3547 3087 3588 ne
3105 3547 3203 3588 eos
3236 3531 3467 3589 haberet

1850 3621 2154 3685 suapectos.
2198 3614 2272 3669 Ve
2304 3614 2489 3686 impiis
2527 3617 2909 3686 traditoribus,
2952 3634 3183 3690 quorum
3217 3620 3467 3692 impieta-

1854 3721 1961 3766 tem
1988 3704 2091 3761 celi
2124 3704 2474 3769 revelabunt,
2498 3713 2553 3761 et
2584 3716 2727 3762 terra
2752 3708 3016 3764 adversus
3044 3726 3141 3767 eos
3171 3718 3468 3787 consurget

1850 3803 1907 3857 in
1934 3799 2023 3855 die
2050 3796 2248 3852 furoris
2271 3797 2508 3863 Domini,
2541 3799 2650 3853 nisi
2692 3798 2894 3855 fuerint
2924 3802 3156 3858 Domino
3188 3810 3465 3873 prestante

1852 3887 2122 3949 conversi.
2167 3887 2315 3941 Inter
2345 3886 2677 3944 Richardum
2710 3905 2895 3961 regem
2948 3891 3247 3965 Anglorum
3278 3898 3333 3947 et
3374 3892 3468 3947 Sa-

1852 3981 2196 4050 lahadinum,
2221 3976 2553 4034 christianos
2580 3994 2806 4050 quoque
2845 3986 2902 4035 et
2931 3980 3265 4036 Sarracenos
3287 3989 3464 4036 trans-

1848 4073 2115 4143 marinos,
2145 4071 2369 4128 inducic
2395 4070 2562 4125 trium
2594 4085 2862 4126 annorum
2912 4068 3220 4135 ﬁrmantur,
3263 4071 3467 4126 misera

1844 4167 2178 4225 condicione
2211 4166 2559 4238 interposita,
2600 4174 2661 4221 ut
2689 4165 2878 4222 civitas
2919 4164 3189 4221 Aschalon
3234 4164 3468 4220 nobilis-

1846 4264 1985 4319 sima
2013 4263 2427 4319 subverteretur
2464 4279 2496 4316 a
2547 4261 2769 4317 nostris.
2800 4260 2954 4335 Hugo
2997 4261 3109 4316 dux
3128 4258 3470 4334 Burgundio-

1848 4372 1979 4411 num
2011 4355 2214 4410 ibidem
2245 4354 2503 4421 moritur;
2538 4354 2625 4409 cui
2664 4354 2721 4407 in
2752 4354 2952 4409 ducatu
3011 4352 3466 4428 Burgundionum

1848 4444 2113 4500 successit
2139 4443 2274 4511 Odo,
2324 4442 2472 4499 filius
2499 4443 2640 4512 ejus.
2682 4441 2835 4498 Multi
2883 4441 3086 4498 milites
3132 4440 3300 4496 armis
3328 4446 3473 4495 stre-

212 4544 515 4604 Willelmus
553 4547 846 4602 Remensis
908 4545 1381 4616 archiepiscOpus,
1448 4542 1645 4598 litteris
1718 4557 1750 4595 a
1776 4533 1947 4641 Dmli
1989 4533 2095 4589 hoc
2122 4548 2268 4588 anno
2298 4538 2449 4587 trans
2479 4547 2631 4586 mare
2662 4538 2790 4587 sum
2822 4531 3045 4641 ηξοΐιυίε
3086 4528 3311 4602 quidam
3342 4527 3472 4583 δεῖ·-

216 4635 227 4641 -
315 4638 324 4641 _
859 4637 870 4641 _
1000 4638 1007 4641 .
1090 4637 1100 4641 _
1362 4635 1378 4641 _
1488 4634 1523 4641 -.
2222 4620 2407 4641 ηιΑΔξξλ-
2459 4620 2769 4641 Lanam:
2831 4619 2916 4641 ,ξε
2970 4633 3097 4641 -----
3149 4623 3325 4641 μη.-
3370 4632 3435 4641 ..-

156 4632 405 4695 Celestino
466 4653 613 4710 papa
661 4637 922 4708 acceptis,
984 4637 1302 4691 Autbertum
1358 4634 1752 4690 Leodicensem

157 4726 365 4785 electum
418 4732 475 4785 in
510 4730 732 4785 civitate
786 4728 1047 4785 Remensi
1079 4744 1269 4784 mense
1300 4726 1609 4798 Septembri
1638 4725 1757 4795 epi—

1857 4636 2179 4678 racenorum
2211 4620 2411 4696 gladiis
2459 4620 2797 4691 interempti,
2828 4619 2918 4674 alii
2970 4633 3100 4674 vero
3149 4623 3328 4674 morte
3370 4632 3473 4671 na-

1859 4714 2037 4770 turali.
2070 4711 2296 4768 Residui
2336 4718 2518 4767 autem
2546 4717 2774 4782 excepto
2811 4709 3046 4765 Henrico
3085 4723 3214 4783 rege
3252 4707 3471 4776 etsuis,

156 4834 362 4893 scOpnm
440 4823 812 4880 consecravit.
869 4821 1332 4893 Arehiepiscopus
1385 4821 1549 4878 etiam
1597 4817 1743 4874 Colo-

1862 4819 2051 4875 parum
2083 4802 2156 4857 ibi
2189 4798 2565 4873 proficientes,
2590 4800 2659 4854 ad
2690 4798 2915 4871 propria
2943 4804 3071 4853 sunt
3098 4796 3327 4855 reversi.

156 4908 365 4978 niensis,
401 4912 472 4966 ab
528 4912 650 4981 ejus
695 4910 1118 4967 consecratione
1158 4926 1221 4966 se
1273 4923 1563 4975 excusans,
1617 4913 1676 4961 ut
1705 4905 1755 4960 ei

156 5012 339 5055 manus
376 4998 818 5057 consecrationis
858 4999 1191 5069 imponeret,
1245 5014 1346 5069 per
1384 4997 1595 5052 litteras
1628 5009 1758 5049 suas

1930 4898 2087 4955 1193.
2166 4898 2229 4953 Β.
2271 4897 2324 4951 3.
2404 4895 2461 4950 F.
2504 4894 2593 4953 13.
2674 4897 2734 4950 Λ.
2776 4896 2830 4949 4.

1928 4990 2118 5046 Mense
2186 4988 2445 5045 Januario
2502 4985 2780 5060 peregrini
2840 4985 3191 5042 transmarini
3249 4984 3318 5040 ad
3373 5000 3477 5041 nos

154 5089 394 5158 eptinuit.
429 5092 699 5148 Henricus
721 5092 1026 5161 imperator
1055 5090 1305 5145 audiens.
1344 5088 1494 5161 quod
1524 5087 1761 5143 Autber-
1856 5082 2063 5139 reversi
2092 5088 2241 5149 sunt,
2274 5079 2345 5136 de
2396 5080 2815 5150 recuperatione
2861 5083 3008 5131 terre
3046 5076 3282 5148 perdite,
3324 5075 3477 5147 quod

156 5184 231 5233 tus
293 5180 650 5239 Leodieensis
708 5182 920 5238 electus
965 5181 1196 5257 gratiam
1236 5179 1674 5238 consecrationis
1729 5194 1760 5233 a
1861 5173 2274 5230 nosletificaret
2302 5171 2388 5227 vel
2419 5170 2625 5241 scripto
2656 5168 2887 5243 dignum
2914 5174 3082 5234 esset,
3114 5165 3286 5223 nichil
3316 5180 3470 5221 nun-

156 5287 281 5343 papa
328 5284 382 5331 et
409 5277 674 5333 Romanis
703 5283 893 5333 contra
931 5292 1093 5331 suum
1123 5276 1466 5346 pr0positum
1500 5273 1757 5344 impetra—
1858 5267 2089 5323 ciantes.
2124 5264 2430 5321 Richardus
2466 5270 2655 5319 sancte
2680 5260 2948 5317 memorie
2978 5274 3279 5317 conversus
3307 5258 3482 5343 Aqui-

155 5362 297 5432 verit,
331 5366 564 5421 nimium
589 5366 911 5439 indignatus
953 5365 1213 5420 Leodium
1246 5365 1397 5419 venit
1443 5364 1661 5435 (Sept),
1703 5369 1758 5417 et
1859 5358 2158 5414 cinctensis
2186 5357 2437 5423 moritur,
2489 5362 2545 5412 et
2575 5356 2629 5410 in
2664 5355 2861 5411 eodem
2903 5352 3241 5410 monasterio
3278 5349 3481 5421 sepeli-

1713 5482 1922 5539 NOTAE.

220 5608 359 5683 i459)
409 5611 762 5683 Nequaquam
786 5628 809 5683 ;A
858 5610 1155 5683 Balduinus
1203 5607 1349 5683 enim
1406 5622 1538 5683 pro-
1570 5620 1774 5683 conso-
1884 5604 2134 5683 bertum,_
2156 5619 2322 5683 quem
2356 5603 2785 5683 Balduipusnpro
2807 5600 3143 5683 .t‘lbertpnad
3184 5599 3480 5683 irppver‘altlo,

162 5660 327 5753 bas;
342 5660 761 5738 355315353"
781 5660 1150 5736 agrisagris
1200 5660 1431 5753 multum
1472 5660 1743 5753 laborabat

1892 5692 2007 5753 rem
2026 5660 2441 5753 ’de'legavithp.
2473 5674 2600 5753 217,
2650 5660 2777 5753 est,
2799 5674 2931 5753 est.
2961 5671 3068 5726 229
3088 5687 3185 5753 sq.
3211 5660 3484 5753 ass-ists-

160 5749 236 5803 cui
265 5764 320 5806 et
344 5754 640 5823 imperator
669 5761 1046 5823 episc0patum
1079 5751 1428 5823 promiserat,
1459 5749 1557 5823 sed
1592 5755 1782 5823 postea
1905 5817 1917 5823 _
1962 5744 2109 5817 (460)
2177 5742 2295 5800 Dux
2357 5742 2713 5800 L‘ovaniensis
2761 5744 2813 5796 id
2874 5742 3186 5810 imperatori
3240 5742 3477 5805 imputa-

162 5832 377 5895 accepta
419 5817 586 5880 nimia
617 5817 876 5895 pecunia,
908 5817 1165 5880 Lothario
1197 5820 1445 5877 contulit.
1494 5818 1571 5873 Cf.
1595 5817 1791 5874 ’Gisle-
1905 5817 2014 5873 bat.
