3876 6208
391 361 495 442 333
1604 362 1946 419 SIGEBER'I‘I
1987 357 2499 416 GEMBLACENSIS.
3616 358 3721 411 336

396 529 505 587 tur,
540 494 709 586 Hujus
735 512 836 568 viri
898 509 1036 563 mira
1067 506 1168 560 fuit
1207 503 1332 575 cybi
1372 510 1426 556 et
1463 507 1621 571 potus
1648 496 1999 560 abstinentia,
2032 498 2075 564 Α
2104 490 2290 557 Marie,
2315 488 2614 543 Ambianis.
2638 487 2696 541 In
2721 488 2810 542 die
2832 492 3016 542 autem
3038 487 3733 557 assumptionisejusdem.

394 577 572 665 lectus
595 577 780 661 nullus
809 606 904 656 aut
946 598 1137 662 durus,
1183 592 1351 647 vestis
1407 590 1642 659 abjecta,
1691 585 2002 657 compassio
2104 583 2195 637 die
2233 579 2529 647 dominica,
2558 586 2815 650 presente
2859 577 3135 635 Willclmo
3168 579 3592 651 archiepiscopo
3625 579 3737 635 Ite-

397 716 528 774 erga
556 709 831 769 panperes
868 696 923 745 et
946 682 1581 743 monachosclaustrales
1603 677 1800 735 eximia
1836 674 1998 748 (461).
2104 672 2304 736 mensi,
2356 671 2513 726 Petro
2564 669 2948 736 Attrebatensi,
2999 670 3250 725 Iohanne
3307 668 3729 734 Cameracensi,

396 763 667 847 Heynricus
706 787 811 842 dux
842 778 1197 838 Lovaniensis
1228 783 1280 831 et
1320 773 1586 829 Henricus
1606 776 1834 843 patruus
1862 768 2003 835 ejus,
2109 766 2423 823 Theobaldo
2476 764 2854 831 Ambiancnsi,
2903 763 3193 819 Lamberto
3229 763 3555 831 Morinensi,
3611 763 3737 820 ste-

402 883 511 937 dux
561 872 963 939 Ardennensis,
1003 869 1296 939 insurgunt
1365 868 1554 918 contra
1628 858 1884 915 comitem
1942 856 2010 909 de
2111 866 2297 936 phano
2319 861 2651 918 Tornacensi
2683 867 2737 916 et
2766 858 3270 934 aliissuﬁ‘raganeis
3298 860 3734 931 archiepiscOpi,

401 974 603 1031 Ostada
642 970 787 1040 (462)
820 975 874 1023 et
904 963 1218 1021 Lotharium
1250 959 1473 1014 fratrem
1504 957 1641 1030 ejus,
1674 970 1838 1027 quem
1865 952 2012 1006 lien-
2113 960 2167 1008 et
2192 952 2379 1007 multis
2412 951 2636 1007 Francie
2687 949 3035 1022 principibus
3064 949 3397 1016 astantibus,
3431 949 3588 1024 regio
3620 948 3737 1004 dia-

402 1071 549 1127 ricus
580 1068 877 1138 imperator
925 1060 982 1115 in
1021 1059 1154 1114 sede
1183 1057 1479 1111 intrusera‘t
1532 1048 1877 1112 Leodicensi,
1912 1060 2009 1116 pro

2144 1054 2330 1103 lemate
2366 1053 2626 1103 coronata
2675 1052 2780 1110 est,
2814 1046 2869 1100 in
2924 1046 3095 1101 totius
3148 1045 3386 1100 civitatis
3440 1043 3648 1118 gaudio
3680 1052 3735 1099 et

399 1136 784 1217 interiectione
840 1147 1087 1206 Autberti
1159 1144 1409 1216 episcopi
1497 1140 1776 1196 nominate
1836 1136 2009 1190 urbis.

400 1248 594 1306 Omnia
624 1244 746 1313 ejus
773 1238 1018 1300 castella,
1050 1236 1174 1307 {que
1226 1233 1371 1287 circa
1420 1231 1628 1285 Renum
1676 1225 2011 1298 possidebat.

403 1341 646 1412 capiunt,
682 1345 739 1391 et
767 1331 1001 1405 quedam
1058 1329 1350 1383 destruunt
1401 1332 1456 1379 et
1503 1319 1829 1376 incendunt.
1896 1317 2017 1386 lpse

401 1404 581 1488 autem
614 1404 801 1483 comes
833 1437 954 1476 cum
1012 1418 1174 1473 fratre
1205 1430 1306 1471 suo
1340 1413 1409 1468 ad
1450 1413 1836 1483 imperatorem
1891 1404 2020 1459 fecit

401 1523 744 1597 confugium.
764 1515 1073 1572 Celestinus
1094 1528 1237 1584 papa
1267 1524 1462 1566 omnes
1480 1504 1860 1563 interfectores
1888 1500 2009 1572 epi-

402 1617 556 1688 sc0pi
577 1595 935 1670 anathemate
973 1613 1245 1678 perpetuo
1274 1600 1579 1657 innodavit.
1618 1597 1747 1652 Cum
1779 1595 2010 1649 Richar-

403 1687 514 1763 dusﬁ
539 1720 632 1759 rex
664 1700 855 1775 Anglic
899 1703 1024 1752 ante
1056 1694 1176 1749 dies
1202 1689 1626 1765 quadragesime
1652 1687 1721 1741 de
1752 1694 2022 1740 transma-

408 1796 545 1851 rinis
568 1774 815 1865 partibus
845 1788 1243 1845 reverteretur;
1298 1785 1581 1848 suspectas
1610 1774 1822 1829 habens
1850 1787 2017 1844 quas-
2045 1821 2094 1890 Β

424 1887 434 1890 λ
682 1881 693 1890 ·
923 1878 935 1890 ι
1033 1874 1064 1890 ιι
1191 1888 1205 1890 -
1227 1871 1390 1890 λυ--.
1439 1876 1486 1890 ,Α
1538 1865 1837 1890 n_I-L_:-_..
1894 1863 1998 1890 ρΑ..

406 1887 530 1940 dam
570 1863 862 1955 regiones,
912 1874 1159 1947 Apuliam
1186 1871 1397 1927 scilicet
1434 1876 1489 1925 et
1537 1865 1863 1930 Calabriam,
1894 1863 2018 1918 Cor-

407 1982 575 2037 sicam
626 1984 680 2032 et
744 1972 975 2033 Italiam,
1022 1974 1245 2041 pmpter
1300 1962 1742 2021 interfectionem
1788 1956 2019 2015 Conradi

409 2069 667 2129 marcbisi
701 2067 770 2122 de
793 2062 1130 2128 Montferrat,
1164 2074 1271 2132 que
1302 2056 1406 2127 illi,
1442 2055 1628 2110 nescio
1648 2053 1695 2108 si
1718 2052 1885 2124 juste,
1918 2051 2011 2104 im-

409 2163 736 2238 ponebatur,
770 2156 961 2230 paucis
1010 2169 1201 2209 secum
1254 2148 1550 2220 assumptis
1587 2145 1773 2210 sociis,
1832 2150 1891 2199 ut
1934 2158 2022 2197 se-

410 2255 618 2312 cretius
647 2250 714 2305 ad
748 2253 1005 2319 nepotem
1042 2259 1200 2299 suum
1243 2240 1441 2296 ducem
1471 2235 1705 2293 Saxonie
1732 2232 2021 2306 pervenire

409 2351 618 2419 posset,
648 2353 848 2399 terram
881 2336 1039 2393 ducis
1068 2333 1283 2389 Austrie
1314 2333 1615 2403 ingressus,
1638 2326 1706 2382 ab
1735 2326 1855 2397 ipso
1883 2324 2021 2379 duce

409 2437 650 2509 capitur,
704 2441 759 2487 et
808 2427 1060 2485 custodie
1109 2423 1478 2493 mancipatur.
1519 2420 1650 2474 Nam
1699 2434 1823 2474 cum
1875 2421 2020 2470 esset

2115 1143 2435 1209 conspectu.
2478 1135 2823 1209 Octogesimo
2881 1145 3066 1191 autem
3095 1144 3150 1190 et
3192 1134 3439 1190 secundo
3486 1134 3580 1189 die
3612 1142 3736 1205 post

2118 1231 2217 1284 has
2233 1230 2472 1300 nuptias,
2494 1228 2836 1301 quorundam
2868 1226 3128 1292 consilio,
3160 1226 3309 1299 apud
3332 1225 3734 1297 Compendium

2120 1337 2213 1376 rex
2252 1337 2376 1377 cum
2409 1320 2525 1375 suis
2554 1318 3010 1390 archiepiscopis,
3034 1317 3313 1389 episcOpis
3337 1324 3393 1373 et
3424 1317 3734 1374 baronibus

2120 1410 2456 1481 colloquium
2498 1408 2710 1463 habuit.
2761 1407 2841 1462 lbi
2870 1407 3093 1480 quidam
3137 1407 3386 1479 episcopi
3446 1415 3503 1463 et
3531 1406 3741 1462 milites

2113 1507 2534 1574 consurgentes,
2566 1499 3099 1573 consanguinitatem
3133 1498 3278 1554 inter
3316 1499 3550 1570 primam
3591 1500 3740 1575 regi-

2114 1606 2240 1644 nam
2270 1597 2326 1644 et
2379 1588 2675 1643 secundam
2723 1589 3064 1655 juraverunt.
3115 1586 3231 1652 Quo
3274 1586 3591 1657 iuramento
3642 1603 3738 1642 rex

2120 1684 2367 1749 accepto,
2401 1678 2610 1749 absque
2664 1676 2776 1731 ulla
2823 1676 3088 1731 dilatione
3145 1682 3202 1730 et
3240 1675 3479 1731 consilio
3527 1675 3740 1730 dimisit

2120 1785 2261 1824 eam.
2285 1769 2323 1822 A
2367 1766 2625 1822 Kalendis
2668 1765 2857 1822 Marcii
2882 1781 3059 1837 usque
3088 1766 3158 1821 ad
3200 1765 3387 1821 lunam
3418 1766 3740 1822 Decembris

2119 1861 2349 1929 mensis,
2389 1876 2583 1916 omnes
2614 1858 2928 1915 lunationes
2966 1858 3023 1912 in
3054 1858 3241 1913 iniciis
3270 1859 3546 1914 mensium
3574 1858 3739 1913 nimis

2121 1953 2353 2009 extitere
2386 1952 2677 2023 pluviales,
2703 1966 2893 2005 mense
2932 1949 3153 2006 Octobri
3190 1959 3443 2022 excepto.
3470 1949 3535 2006 lu
3574 1957 3740 2007 nocte

2121 2044 2436 2101 festivitatis
2491 2044 2663 2099 sancti
2696 2041 2915 2097 Martini
2971 2041 3212 2113 eclypsis
3260 2042 3391 2097 lune
3451 2041 3579 2098 fuit.
3634 2043 3743 2098 Hec

2123 2136 2301 2191 littere
2361 2134 2621 2189 translate
2677 2140 2801 2187 sunt
2850 2149 2882 2187 a
2934 2132 3184 2202 partibus
3249 2134 3642 2189 transmarinis
3690 2136 3745 2190 in

2124 2222 2382 2278 Galliam:
2422 2226 2612 2276 Frater
2645 2218 2970 2288 Gaufrtdus,
3000 2222 3097 2275 Dei
3120 2222 3305 2288 gratia
3341 2227 3529 2277 sancte
3551 2222 3745 2278 domus

2124 2320 2407 2389 hospitalis
2431 2317 2768 2372 Jherusalem
2788 2315 3009 2371 humilis
3034 2317 3312 2384 magister,
3330 2332 3445 2372 una
3471 2332 3595 2372 cum
3622 2321 3747 2372 uni-

2119 2425 2269 2465 verso
2300 2409 2539 2479 ejusdem
2565 2408 2753 2463 domus
2785 2409 3046 2477 capitulo,
3068 2408 3357 2463 karissimo
3384 2412 3436 2462 et
3463 2408 3663 2464 dilecto
3692 2412 3746 2463 in

2118 2504 2344 2559 Domino
2361 2503 2532 2568 fratri
2564 2500 2830 2557 Willelmo
2846 2500 2912 2553 de
2948 2500 3220 2565 Vileruns,
3243 2503 3549 2571 preceptori
3568 2502 3745 2556 ultra-

2120 2597 2349 2662 marino,
2383 2594 2609 2649 salutem
2646 2597 2696 2646 et
2745 2593 3051 2659 fraternam
3079 2591 3433 2648 dilectionem.
3481 2593 3747 2659 Quoniam

411 2506 555 2586 idem
596 2526 705 2581 dux
734 2524 788 2578 in
828 2519 1123 2577 obsidione
1183 2515 1335 2571 urbis
1363 2516 1520 2578 Aere,
1577 2526 1669 2565 rex
1723 2506 2020 2580 Anglorum

407 2619 724 2689 frequenter
769 2610 924 2666 illum
972 2605 1265 2664 verborum
1332 2598 1685 2656 contumeliis
1742 2594 2017 2649 aﬂecerat.

413 2683 583 2776 Quem
614 2702 915 2777 aliquando
944 2707 1191 2769 tempore
1211 2690 1675 2757 sccumdetinuit,
1708 2694 1762 2742 et
1788 2694 2023 2758 postmo-
2125 2687 2191 2742 de
2228 2686 2334 2752 his,
2384 2700 2485 2755 que
2547 2685 2605 2737 in
2637 2688 2781 2737 terra
2828 2683 3424 2738 Jherosolimitanorum
3476 2690 3741 2751 aguntur,

409 2804 538 2858 dum
584 2800 654 2855 ad
695 2798 1083 2868 imperatorem
1134 2790 1189 2844 in
1228 2783 1604 2843 Alemanniam
1664 2779 1879 2834 direxit.
1926 2776 2024 2841 Qui
2126 2775 2396 2830 credimus
2422 2788 2515 2828 vos
2552 2777 2720 2827 certos
2741 2786 2983 2827 rumores
3015 2771 3347 2839 desiderare,
3377 2776 3572 2827 notum
3599 2775 3746 2828 vobis

410 2908 538 2946 cum
566 2866 788 2952 secum,
808 2895 1158 2956 quocumque
1189 2884 1463 2952 pergeret,
1518 2870 1755 2926 ducebat
1780 2867 1886 2924 sub
1928 2867 2028 2922 ho-
2126 2872 2382 2939 facimus,
2410 2868 2555 2939 quod
2591 2870 2845 2937 promimo
2868 2870 2991 2937 post
3018 2866 3374 2936 Septembrem
3403 2866 3637 2936 quidam
3686 2867 3747 2921 de

407 2981 646 3042 norabili
679 2976 949 3034 custodia.
985 2975 1139 3045 '.Dum
1175 2968 1482 3025 Richardus
1513 2980 1606 3019 rex
1634 2961 1933 3037 Anglorum
1960 2960 2027 3015 ab
2128 2964 2284 3029 gente
2301 2974 2548 3030 pagana,
2598 2957 2796 3013 nobilis
2822 2971 3015 3024 genere
3060 2960 3111 3010 et
3139 2956 3307 3010 armis
3344 2956 3614 3023 famosus,
3644 2970 3743 3011 no-

409 3076 740 3143 imperatore
782 3064 1142 3128 detineretur,
1199 3057 1486 3128 Philippus
1540 3069 1633 3108 rex
1674 3052 2027 3118 Francorum,
2131 3057 2276 3110 mine
2303 3056 2517 3119 Mestoc,
2562 3054 2737 3106 vitam
2777 3066 2938 3108 suam
2985 3051 3318 3106 terminavit,
3370 3050 3578 3105 Deinde
3605 3066 3743 3105 πων-

410 3162 800 3228 undecumque
838 3153 1072 3209 collecto
1120 3165 1186 3205 ex
1224 3146 1374 3203 omni
1425 3158 1593 3219 regno
1622 3140 1728 3196 sibi
1771 3140 2022 3208 subjecto
2048 3191 2095 3228 ρ
2123 3148 2247 3200 tuus
2300 3148 2378 3197 est
2430 3145 2580 3196 vetus
2628 3141 2877 3196 dominus
2924 3139 3308 3208 Assyriorum;
3359 3138 3557 3193 deinde
3607 3155 3744 3194 mor-

412 3191 800 3228 uuucuumquv
838 3191 1071 3209 υνυυνυυ
1121 3191 1186 3205 νη
1227 3191 1374 3203 Vm...
1425 3191 1589 3219 ηδ..-
1623 3191 1728 3196 --η-
1772 3191 2014 3208 --ην-η
2124 3191 2244 3200 πη,
2301 3191 2372 3197 η,
2437 3191 2576 3196 Hm-
2924 3191 3308 3208 "nothing",
3367 3191 3389 3193 ﬁ
3614 3191 3701 3194 (Ἥ)

408 3256 634 3327 capioao
677 3247 943 3313 exercitu,
994 3250 1117 3315 post
1174 3238 1486 3313 paschalem
1558 3233 2022 3305 sollempnitatem
2048 3191 2098 3262 Ο
2125 3241 2247 3291 tuus
2271 3239 2349 3289 est
2376 3235 2620 3289 soltanus
2650 3233 2715 3287 de
2756 3233 2978 3298 Ycanio,
3010 3235 3061 3286 et
3087 3246 3144 3286 eo
3171 3236 3404 3296 mortuo,
3438 3233 3532 3285 ira
3559 3235 3611 3286 et
3636 3232 3746 3286 (iis-

411 3320 597 3398 mense
628 3335 798 3410 Aprili
828 3335 883 3389 in
910 3328 1364 3388 Northmanniam
1396 3325 1564 3388 vadit,
1606 3338 1727 3379 eam
1764 3321 2023 3410 depopu-
2126 3326 2314 3381 cordia
2355 3328 2547 3378 exorta
2590 3325 2667 3377 est
2696 3324 2839 3376 inter
2869 3321 3011 3389 ﬁlios
3049 3336 3202 3386 suos;
3249 3320 3445 3375 deinde
3470 3322 3531 3374 in
3566 3322 3745 3391 prima

408 3431 649 3493 laturus;
711 3421 934 3480 castella
1002 3416 1313 3473 Wilcassini
1384 3411 1673 3479 territorii,
1728 3408 2022 3465 Gisortium
2125 3416 2431 3485 septimana
2450 3412 2659 3474 Martii,
2702 3410 2791 3465 die
2820 3426 2922 3480 que
2947 3410 3150 3465 dicitur
3176 3410 3462 3476 Mercurii,
3502 3414 3743 3465 mortuus

412 3522 630 3578 scilicet
658 3525 713 3574 et
742 3516 849 3571 alia
888 3511 1078 3578 mulia,
1112 3509 1277 3580 cepit.
1315 3506 1599 3563 Civitatem
1630 3500 2026 3559 Northmannic
2128 3509 2204 3560 est
2229 3505 2578 3572 persequutor
2604 3504 2785 3555 noster
2812 3499 3224 3565 Salahadinus;
3279 3502 3339 3555 in
3367 3499 3528 3569 cujus
3585 3505 3743 3555 morte

412 3614 895 3687 metropolitanam
942 3609 1304 3680 Rotomagum
1334 3601 1625 3659 obsidione
1671 3596 1880 3663 cinxit;
1930 3596 2028 3650 sed
2128 3599 2276 3666 genti
2298 3612 2390 3651 sue
2414 3596 2593 3663 factus
2615 3597 2692 3647 est
2718 3594 2881 3647 timor
2898 3594 2947 3646 et
2962 3591 3323 3661 perturbatio,
3357 3596 3407 3645 et
3436 3594 3587 3646 inter
3611 3592 3744 3662 ﬁlios

413 3705 629 3762 civibus
670 3700 907 3758 viriliter
938 3679 1396 3769 repugnantibus,
1425 3695 1736 3748 commotus
1792 3686 1873 3741 ira
1921 3701 2029 3757 quc
2129 3687 2247 3756 ejus
2288 3688 2476 3739 exorta
2520 3686 2597 3737 est
2634 3683 2722 3735 ira
2750 3684 2801 3735 et
2829 3680 3114 3734 dissensio.
3169 3679 3408 3746 Quilibet
3447 3682 3592 3735 enim
3621 3681 3742 3735 illo-

413 3798 464 3853 ei
505 3797 648 3852 inest
676 3792 878 3859 nativa,
926 3788 1182 3862 petrariis
1211 3793 1266 3841 et
1318 3783 1579 3859 ingeniis,
1605 3781 1807 3854 quibus
1836 3778 2026 3833 urbem
2132 3794 2278 3845 rum,
2306 3791 2533 3847 quorum
2548 3774 2686 3828 alter
2708 3776 2785 3837 est
2813 3774 2874 3827 in
2903 3772 3149 3841 Halapia
3178 3771 3348 3841 (465),
3380 3772 3523 3827 alter
3555 3775 3613 3827 in
3637 3775 3744 3827 Da-

411 3889 724 3950 vallave'nt,
769 3882 1034 3948 incensis,
1064 3879 1133 3935 ab
1166 3878 1376 3933 assultu
1419 3874 1690 3947 inglorius
1720 3871 1900 3926 rediit.
1935 3869 2033 3924 Sa-
2131 3883 2328 3931 musco,
2369 3868 2510 3922 alter
2536 3868 2597 3921 in
2630 3865 2926 3936 Babylonia
2955 3868 3337 3931 commoratur,
3378 3879 3434 3918 se
3459 3865 3639 3931 fratri
3662 3878 3746 3919 suo

409 3979 670 4037 lahadino
701 3973 848 4048 apud
879 3975 1201 4030 Damascum
1243 3975 1482 4034 mortuo,
1511 3965 1609 4020 ﬁlii
1635 3964 1755 4033 ejus
1790 3962 1846 4016 in
1878 3961 2029 4032 prin-
2130 3960 2428 4028 subjectum
2463 3970 2573 4011 esse
2600 3953 2844 4021 fastidit,
2876 3952 2972 4007 sed
3000 3954 3140 4007 alter
3172 3952 3247 4007 ad
3279 3952 3591 4007 dominium
3627 3953 3745 4006 alte—

410 4072 595 4142 cipatu
647 4043 800 4138 Syria
850 4072 907 4119 et
964 4059 1257 4132 Babylonis
1310 4058 1360 4112 ei
1406 4054 1733 4111 succedunt.
1790 4049 2030 4106 Ecclesie
2131 4053 2251 4105 rius
2288 4054 2336 4104 et
2373 4053 2511 4103 terre
2538 4046 2654 4116 ejus
2678 4046 2868 4116 pocius
2898 4044 3152 4099 intendit.
3190 4043 3341 4099 Unde
3376 4047 3645 4099 ueraciter
3672 4058 3741 4098 co-

409 4133 603 4234 Anglie
633 4133 702 4211 eti
733 4150 1089 4209 Northmanie
1134 4156 1189 4204 et
1237 4145 1572 4205 monasteria
1624 4141 2019 4198 monachorum
2122 4142 2447 4210 gnoscimus,
2471 4136 2617 4208 quod
2635 4152 2670 4190 α
2689 4140 2922 4204 tempore
2939 4133 3267 4204 perditionis
3289 4137 3455 4201 terre,
3473 4133 3737 4188 hereditas

412 4266 443 4304 a
487 4229 761 4303 thesauris
787 4242 903 4298 suis
949 4239 1020 4295 ob
1050 4235 1491 4307 redemptionem
1534 4232 1681 4308 regis
1723 4229 2019 4305 Anglorum

411 4339 736 4413 Spolianlnr.
793 4331 1083 4390 Lotharius
1130 4326 1485 4384 Leodicensis
1560 4325 1826 4387 intrusus,
1854 4336 2024 4376 causa

414 4425 818 4487 interfectionis
864 4420 1111 4478 Autberti
1169 4419 1418 4490 ejusdem
1468 4415 1622 4471 urbis
1667 4412 1916 4486 episcOpi
1955 4412 2023 4468 ab

2128 4236 2332 4292 Christi
2358 4235 2435 4289 sic
2460 4232 2525 4287 de
2550 4232 2651 4286 levi
2675 4245 2781 4286 non
2804 4230 2981 4299 potuit
3009 4229 3352 4297 recuperari.
3388 4228 3569 4284 Terra
3587 4243 3742 4299 quam

2122 4332 2260 4383 tenet
2287 4326 2663 4381 christianitas
2682 4325 2746 4377 in
2771 4322 2995 4389 treugis,
3028 4324 3208 4375 manet
3218 4321 3334 4388 fere
3357 4323 3583 4391 penitus
3598 4321 3744 4375 habi-

2125 4417 2392 4473 tatoribus
2436 4414 2715 4469 destituta.
2767 4412 2990 4467 Factum
3045 4424 3189 4464 anno
3230 4411 3454 4464 Domini
3508 4408 3649 4466 1193
3695 4412 3746 4463 in

414 4521 569 4580 omni
616 4516 928 4592 prelatione
977 4511 1211 4569 ecclesie
1242 4526 1274 4565 a
1330 4507 1603 4564 Celestino
1640 4521 1785 4578 papa
1843 4503 2027 4575 priva—
2062 4511 2286 4592 n«exitu
2324 4507 2539 4577 Aprilis

417 4624 505 4673 tur
547 4568 708 4685 (463).
765 4607 1033 4664 Henricus
1078 4604 1382 4675 imperator
1429 4601 1498 4656 de
1550 4568 1732 4654 morte
1784 4568 2034 4667 episcOpi
2062 4568 2117 4638 D

416 4706 717 4781 supradicti
750 4701 1074 4776 parentibus
1098 4699 1219 4769 ejus
1262 4695 1632 4781 satisfaciens,
1660 4700 1845 4748 motus
1874 4690 2034 4762 prin-

419 4805 602 4875 cipum
635 4799 814 4873 regni,
865 4797 961 4870 qui
990 4795 1255 4851 adversus
1294 4775 1420 4848 eum
1463 4796 1691 4863 pr0pter
1718 4788 1860 4842 hanc
1906 4801 2037 4840 cau-

419 4910 535 4949 sam
562 4893 994 4956 insurrexerant,
1051 4887 1247 4951 sedat;
1280 4900 1346 4939 ea
1397 4880 1740 4938 conditione.
1798 4884 1856 4933 ut
1899 4874 2026 4931 duci

423 4982 750 5043 Lovaniensi
779 4989 834 5037 et
869 4978 1213 5051 Ardepnensi
1247 4976 1388 5048 (464)
1448 4990 1573 5030 cum
1608 4970 1841 5028 consilio
1869 4969 2032 5041 capi-

421 5078 522 5134 tuli
561 5077 776 5142 liceret,
827 5088 990 5145 quem
1030 5069 1302 5127 voluerint
1344 5067 1555 5142 eligere
1609 5062 1930 5135 episcopum
1979 5061 2031 5115 in

420 5170 555 5227 sede
608 5163 953 5222 Leodicensi.
1006 5163 1105 5228 Qui
1165 5160 1497 5218 auctoritate
1552 5153 1828 5227 imperiali
1888 5153 2031 5221 freti,

421 5262 709 5334 elegerunt
777 5258 1095 5329 Symonem,
1190 5254 1360 5311 ﬁlium
1426 5252 1585 5308 ducis
1637 5247 2032 5319 A_rdeunensis.

423 5354 713 5425 Philippus
734 5366 827 5406 rex
852 5348 1150 5405 secundam
1189 5347 1348 5403 duxit
1382 5358 1612 5401 uxorem
1645 5339 2032 5415 lngelburgem

423 5444 569 5520 regis
616 5442 769 5498 Datie
820 5439 1014 5508 ﬁliam,
1063 5439 1119 5493 in
1161 5438 1351 5513 vigilia
1407 5432 1803 5506 assumptionis
1849 5437 2036 5487 sancte

2278 4600 2440 4657 1194.
2587 4597 2651 4653 R.
2692 4598 2747 4653 4,
2897 4596 2952 4652 F.
2996 4598 3081 4653 14.
3233 4596 3292 4651 A.
3335 4592 3394 4649 5.

2209 4692 2514 4750 Richardus
2563 4705 2659 4747 rex
2704 4687 3000 4764 Anglorum
3066 4703 3166 4761 per
3220 4701 3467 4743 annuam
3530 4682 3747 4756 captivi-

2136 4791 2327 4850 tatem,
2368 4795 2569 4854 magno
2618 4786 2694 4847 et,
2726 4785 2783 4834 ut
2812 4779 2888 4833 ita
2919 4777 3122 4844 dicam,
3162 4775 3383 4832 inﬁnito
3422 4774 3637 4851 argenti
3666 4787 3742 4827 re-

2137 4878 2396 4947 demptus
2437 4871 2644 4944 precio,
2699 4869 2768 4925 ab
2811 4870 3141 4941 imperatore
3188 4865 3425 4924 Henrico
3454 4862 3743 4922 honoriﬁca:

2137 4978 2193 5026 et
2244 4983 2368 5023 cum
2413 4964 2607 5041 gratia,
2658 4977 2796 5033 pace
2849 4959 3015 5016 etiam
3077 4959 3223 5014 inter
3260 4972 3358 5013 eos
3407 4955 3641 5023 ﬁrmata,
3692 4952 3741 5006 in

2136 5061 2384 5138 Angliam
2418 5055 2735 5114 remittitur.
2769 5053 2869 5120 Qui
2908 5051 3144 5107 navibus
3171 5051 3413 5128 inportu
3447 5043 3740 5115 Andoverpi

2136 5125 2466 5226 pre-paratis,
2519 5142 2896 5203 transfretavit
2923 5157 3048 5197 cum
3080 5125 3268 5196 favore
3313 5153 3518 5211 magno
3575 5152 3605 5191 a
3638 5135 3742 5190 suis

2135 5245 2457 5318 suscipitur,
2479 5249 2533 5299 et
2559 5241 2616 5297 in
2647 5238 2802 5313 regni
2834 5236 2974 5294 solio
3006 5236 3277 5291 decenter
3307 5232 3600 5289 relocatur.
3628 5228 3741 5284 illos

2136 5336 2231 5409 qui
2290 5314 2491 5389 ﬁdeles
2556 5328 2663 5385 sibi
2727 5325 3042 5391 extiterant,
3083 5320 3391 5379 honoribus
3441 5314 3740 5376 sublimavit

2135 5424 2448 5499 proditores
2498 5434 2629 5476 vero
2668 5412 3109 5481 exauctorisavit,
3152 5411 3422 5485 quosdam
3467 5410 3628 5466 etiam
3655 5420 3739 5462 oo-

1985 5552 2195 5612 ΝΟΤᾹΞ.

499 5672 647 5741 (461)
669 5666 1002 5741 Βίοήανίιυεν
1031 5694 1095 5741 ς-
1122 5666 1330 5741 eaimia
1357 5662 1551 5719 iisdem
1593 5661 1774 5719 verbis
1806 5662 2067 5736 leguntur

431 5742 485 5798 in
507 5734 819 5798 Annalibus
850 5734 1271 5808 AquiCinctinis.

501 5816 645 5889 (462)
679 5814 786 5871 Seu
821 5805 1190 5867 Hochstaden.

2247 5650 2385 5725 (463)
2420 5651 2653 5731 Excepta
2686 5643 3047 5772 praepositum
3076 5641 3133 5697 in
3166 5636 3530 5697 Conﬂuentia.

2247 5724 2382 5772 tantm
2419 5724 2650 5772 Henrico
2690 5719 2760 5772 de
2841 5715 3078 5772 imbura.

2247 5715 2382 5795 (4615i
2418 5715 2650 5779 Henrico
2686 5715 2760 5775 de
2800 5715 3078 5790 Limburg.

2241 5797 2382 5869 (465)
2412 5795 2642 5865 Aleppo.
