3876 6208
177 328 269 387 337
1106 318 1452 376 CHRONICA.
1492 348 1562 358 —
1599 316 2036 374 CONTINUATIO
2076 317 2561 383 AQUICINCTINA.
3374 328 3481 387 338

176 465 311 520 cidit.
344 465 487 518 Inter
515 476 658 534 quos
685 474 881 528 unum,
914 458 1007 531 qui
1040 456 1259 529 dapifer
1277 456 1553 513 Johannis
1583 454 1768 511 fratris
1792 467 1842 536 Α
1873 452 2248 525 inquireretur
2276 454 2345 509 ab
2377 470 2442 509 ea
2474 456 2794 513 salvationis
2849 461 3067 527 modus,
3101 463 3323 521 dicebat
3351 483 3481 538 spe-

178 554 281 623 ejus
308 551 499 618 fuerat,
550 551 712 621 cujus
740 550 992 616 consilio,
1045 555 1105 604 ut
1130 546 1438 613 dicebatur,
1478 547 1548 601 ab
1573 561 1640 601 eo
1670 546 1773 602 de-
1874 543 2237 599 ciosissimam
2278 544 2557 601 dominam
2586 562 2771 603 secum
2795 548 2994 622 fuisse,
3023 560 3078 609 et
3105 554 3175 609 ab
3220 557 3348 631 igne
3379 576 3481 614 ex-

177 642 357 697 fecerat
398 647 451 696 et
500 640 569 694 ad
632 655 815 714 regem
853 638 1188 694 Francorum
1248 635 1561 701 transierat,
1606 651 1773 692 exco-

176 729 331 784 riavit.
362 729 420 784 Et
447 728 578 800 quia
626 728 746 783 dies
792 726 1213 801 quadragesime
1270 724 1571 791 instabant,
1625 725 1770 779 inter

176 820 332 889 ipsum
357 827 410 872 et
434 832 621 891 regem
661 816 989 872 Francorum
1020 815 1339 886 Philippum
1372 820 1563 885 treuge
1591 828 1770 884 usque

174 906 233 961 ad
279 913 493 961 octavas
540 910 904 976 pentecosten
968 910 1399 975 componuntur.
1467 899 1772 955 Balduinus

174 1014 340 1055 comes
362 998 780 1054 Flandrensium
806 1004 863 1054 et
894 997 1310 1062 Hainoensium,
1332 995 1387 1049 in
1418 994 1553 1067 ipsis
1576 994 1773 1048 diebus

174 1092 574 1167 quadragesimo
597 1090 900 1146 exercitum
931 1104 1277 1165 congregans
1306 1088 1620 1159 copiosum,
1643 1101 1773 1140 con-

174 1192 241 1237 tra
287 1180 580 1236 llenricum
646 1179 848 1235 ducem
898 1178 1138 1234 Lovanie
1193 1184 1250 1232 et
1295 1175 1564 1249 quosdam
1625 1175 1783 1229 Flan.

173 1281 379 1335 drenses
401 1278 509 1334 sibi
541 1278 784 1335 rebelles
808 1277 1087 1333 hostiliter
1105 1276 1275 1341 vadit,
1300 1276 1399 1331 sed
1431 1291 1624 1346 parum
1653 1286 1779 1345 pro-

175 1373 342 1429 ficiens
370 1388 511 1445 pene
541 1370 799 1427 inefﬁcax
831 1371 1029 1437 rediit;
1061 1379 1117 1426 et
1145 1370 1369 1425 inducie
1401 1369 1486 1425 vix
1515 1370 1774 1440 Optinen-

173 1469 245 1515 tur
286 1477 453 1534 usque
493 1461 563 1515 ad
625 1460 871 1516 medium
902 1459 1112 1515 mensis
1139 1458 1385 1533 Augusti.
1429 1459 1658 1524 Quidam
1700 1460 1768 1514 ab

172 1552 342 1628 Anglia
376 1552 671 1608 venientes
730 1553 785 1607 in
817 1552 1290 1621 Northmanniam,
1311 1551 1592 1622 {homines
1626 1552 1773 1625 regis

172 1645 474 1700 Francorum
517 1645 737 1715 injuriis
785 1644 1176 1711 lacesscentes,
1229 1659 1422 1716 pacem
1478 1650 1621 1699 terre
1653 1651 1772 1699 tur-

173 1737 440 1805 baverunt;
469 1738 542 1795 ob
598 1755 764 1811 quam
811 1754 1031 1794 causam
1065 1755 1159 1794 rex
1206 1738 1533 1795 Francorum
1584 1739 1770 1795 turba-

1870 635 2119 690 traxisse.
2152 635 2279 691 Post
2336 636 2441 693 hec
2468 636 2525 691 in
2556 637 2830 695 civitatem
2862 642 2931 696 ad
2981 644 3273 701 ecclesiam
3323 648 3485 705 beate

1870 725 2037 781 Marie
2094 727 2426 784 liberatricis
2473 746 2573 785 sue
2604 730 2914 799 reducitur;
2947 742 3061 791 tota
3116 753 3259 809 pene
3298 741 3487 797 civitas

1873 824 2262 890 congregatur,
2296 825 2350 873 et
2379 819 2433 873 in
2466 820 2746 891 presentia
2777 822 2966 879 domni
2996 825 3136 882 Petri
3160 828 3407 901 episcOpi
3435 842 3489 886 et

1872 907 2006 961 cleri
2034 907 2227 964 laudes
2256 911 2503 966 omnium
2534 913 2882 983 attolluntur,
2924 925 2979 973 et
3004 923 3113 975 tam
3144 922 3355 993 grande
3384 923 3489 977 mi-

1873 996 2140 1063 raculum,
2202 1001 2405 1056 nostris
2443 1004 2785 1074 temporibus
2829 1007 3162 1080 inauditum,
3206 1030 3236 1068 a
3276 1013 3488 1085 prefato

1882 1091 2183 1146 reverendo
2210 1092 2471 1165 episcOpo
2519 1098 2908 1156 auctorizatur.
2961 1103 3151 1159 Actum
3194 1106 3300 1162 hoc
3341 1124 3488 1166 anno

1882 1178 2027 1248 apud
2067 1178 2429 1250 Attrebatum,
2462 1183 2517 1237 in
2548 1185 2955 1258 sollempnitate
3008 1191 3246 1262 Spiritus
3289 1200 3483 1254 sancti.

1952 1268 2216 1324 Henricus
2242 1271 2536 1342 imperator
2564 1274 2925 1346 lApulienses,
2985 1280 3200 1337 Siculos
3249 1294 3303 1340 et
3338 1286 3486 1343 Cala-

1875 1363 2021 1431 bros,
2055 1380 2155 1435 per
2194 1366 2514 1423 violentiam
2541 1370 2813 1427 Tancredi
2839 1375 3115 1444 quondam
3148 1379 3254 1433 sibi
3299 1382 3486 1437 rebelo

1873 1452 1975 1520 les,
2011 1464 2219 1524 partem
2251 1456 2414 1511 etiam
2447 1460 2745 1530 quamdam
2774 1461 2989 1531 Affrice,
3022 1466 3232 1539 absque
3263 1473 3484 1544 sangui-

1873 1541 1959 1595 nis
2006 1541 2274 1600 eﬂ'usione
2313 1546 2419 1601 sibi
2475 1548 2767 1605 victoriose
2813 1553 3144 1628 subjugavit.
3202 1541 3484 1617 Civitatem

1872 1633 2335 1705 Panormitanam,
2367 1641 2613 1710 expulsis
2659 1641 3081 1714 habitatoribus,
3135 1665 3279 1720 jene
3316 1659 3484 1709 totam

1873 1727 2160 1795 destruxit,
2193 1746 2260 1785 eo
2286 1733 2435 1803 quod
2474 1748 2664 1789 eorum
2698 1734 2933 1794 factione
2973 1740 3290 1812 imperatrix
3328 1757 3486 1820 capta

172 1837 259 1891 ωε,
296 1799 533 1884 ίηάυλίεε
576 1799 756 1900 υὲφιθ
796 1826 864 1883 ad
904 1836 1127 1885 octavas
1177 1835 1568 1901 pentecosten,
1611 1829 1767 1898 juxta
1792 1799 1843 1867 Β
1872 1816 2036 1873 fuerit
2071 1836 2216 1877 anno
2246 1822 2555 1894 superiore.
2592 1826 2895 1897 Optimates
2926 1832 3090 1887 etiam
3121 1834 3268 1891 illius
3296 1840 3483 1914 regio-

172 1921 476 1987 condicmm’
532 1922 767 1977 minime
828 1923 1158 1994 expectavit,
1224 1922 1323 1978 sed
1379 1923 1768 1995 undecumque
1871 1914 1977 1979 nis,
2007 1914 2101 1985 qui
2133 1924 2327 1970 contra
2359 1932 2485 1971 eum
2514 1919 2941 1989 conjuraverant
2986 1932 3041 1981 et
3087 1928 3241 1983 illum
3274 1929 3485 1987 interti-

172 2012 374 2069 collecto
425 2014 625 2087 grandi
687 2014 950 2074 exercitu.
1003 2015 1285 2070 castellum
1338 2013 1763 2070 munitissimum

167 2105 290 2179 regis
332 2106 539 2180 Anglic,
596 2107 750 2178 quod
798 2106 1107 2162 Venonium
1153 2108 1297 2179 (466)
1360 2114 1576 2174 vocant,
1619 2108 1762 2163 circa

167 2198 515 2254 ascensionem
566 2198 790 2254 Domini
842 2199 1081 2255 obsedit.
1146 2200 1452 2256 Richardus
1505 2217 1599 2256 rex
1652 2202 1762 2255 An-

164 2288 344 2361 glorum
396 2290 499 2346 hoc
555 2290 820 2357 audiens,
870 2306 1023 2345 mare
1083 2290 1468 2350 transfretavit.
1526 2301 1580 2347 et
1631 2309 1754 2347 cum

163 2380 321 2434 multis
349 2380 624 2437 militibus
663 2389 718 2436 et
756 2381 889 2437 viris
937 2381 1259 2439 fortissimis
1310 2389 1367 2438 et
1407 2383 1754 2440 obsidionem

165 2471 340 2527 castelli
380 2489 487 2529 non
520 2474 831 2544 imparatus
856 2475 1028 2530 venit.
1064 2475 1281 2531 Obsessi
1311 2482 1363 2530 et
1381 2492 1479 2531 sua
1507 2476 1754 2532 multitu-

163 2559 268 2614 dine
298 2567 348 2615 et
375 2560 726 2628 fortitudine,
758 2563 971 2618 castelli
1002 2563 1165 2619 etiam
1216 2563 1514 2620 fortissima
1560 2565 1749 2620 muni-

164 2647 289 2703 tione
328 2650 540 2717 confisi,
611 2651 847 2707 viriliter
886 2651 1242 2720 resistebant,
1294 2652 1483 2721 januis
1539 2653 1747 2725 apertis

166 2734 359 2803 relictis,
387 2738 440 2792 in
491 2745 875 2810 contemptum
909 2741 1182 2796 exercitus
1219 2742 1365 2815 regis
1394 2742 1744 2799 Francorum.

165 2824 273 2882 Cum
300 2828 471 2901 itaque
501 2848 604 2888 rex
644 2831 974 2888 Francorum
1007 2833 1085 2887 ibi
1136 2833 1378 2899 sederet,
1430 2850 1525 2890 rex
1553 2836 1749 2910 Anglo-

167 2931 261 2969 rum
319 2919 512 2975 milites
596 2919 803 2976 electos
856 2920 926 2975 ad
995 2921 1272 2977 civitatem
1328 2923 1744 2980 Ebroicensium

160 3007 302 3075 misit,
362 3011 453 3084 qui
512 3012 776 3067 homines
843 3012 993 3087 regis
1051 3013 1405 3074 Francorum.
1461 3016 1746 3072 castellum

164 3094 374 3162 ejusdem
430 3101 676 3157 civitatis
743 3103 1137 3170 custodientes,
1206 3123 1306 3176 per
1372 3107 1741 3178 proditionem

1869 2021 1995 2061 cere
2053 2006 2443 2078 disponebant,
2489 2011 2637 2082 cepit
2666 2020 2721 2068 et
2764 2014 3141 2085 incarceravit,
3182 2020 3484 2095 Margareta

1864 2096 2287 2153 Flandrensium
2319 2108 2374 2155 et
2397 2101 2791 2160 Hainoensium
2824 2109 3103 2167 comitissa
3135 2114 3388 2182 moritur,
3422 2124 3479 2172 et

1864 2185 1917 2237 in
1946 2186 2152 2256 templo
2180 2188 2359 2243 sancti
2384 2189 2693 2259 Donatiani,
2720 2194 2876 2262 juxta
2907 2196 3159 2254 Karolum
3192 2202 3473 2265 comitem.

1860 2276 2053 2349 Brugis
2081 2279 2373 2350 sepelitur;
2407 2282 2496 2337 cui
2538 2286 2803 2343 successit
2828 2287 2883 2342 in
2924 2292 3183 2349 comitatu
3225 2294 3474 2355 Flandrie

1858 2367 2158 2423 Balduinus
2199 2369 2343 2426 filius
2374 2374 2512 2444 ejus.
2549 2374 2751 2447 Sicque
2783 2380 3075 2437 comitatus
3102 2400 3358 2442 reversus
3390 2399 3475 2446 est

1855 2453 1950 2517 ad.
1967 2464 2176 2534 justum
2230 2468 2491 2524 heredem
2544 2471 2790 2527 Balduini
2846 2475 3263 2548 Hasnoniensis,
3325 2499 3471 2542 anno

1854 2556 2071 2612 Domini
2109 2560 2268 2628 1194,
2299 2561 2393 2632 qui
2423 2562 2492 2617 ab
2530 2578 2676 2621 anno
2715 2566 2855 2621 1072
2903 2585 3195 2639 possessus
3227 2572 3407 2634 fuerat
3438 2596 3470 2634 a

1849 2653 2271 2711 successoribus
2321 2656 2547 2714 Roberti
2579 2660 2903 2719 Callotensis
2930 2665 3069 2736 (467)
3100 2669 3338 2740 comitis,
3370 2690 3469 2745 per

1848 2757 2023 2798 annos
2061 2743 2165 2800 100
2210 2754 2271 2827 (ει
2323 2747 2412 2803 23.
2470 2748 2827 2810 Successores
2864 2754 3085 2812 fuerunt
3121 2759 3287 2829 hujus
3349 2743 3460 2819 ilo-

1848 2831 2024 2889 berti:
2086 2836 2360 2893 Robertus
2413 2839 2559 2897 filius
2599 2843 2739 2912 ejus,
2793 2846 3096 2903 Balduinus
3135 2847 3282 2907 filius
3321 2854 3462 2923 ejus,

1847 2922 2077 2980 Karolus
2130 2934 2398 3001 cognatus
2449 2929 2592 2998 ejus,
2659 2932 2968 2989 Willelmus
3034 2922 3462 3009 Northmannus,

1844 3012 2236 3083 Theodericus,
2262 3016 2552 3090 Philippus
2564 3018 2711 3077 filius
2738 3021 2877 3091 ejus.
2897 3025 2980 3080 flii
3004 3042 3198 3084 omnes
3210 3030 3315 3086 orti
3336 3043 3466 3089 sunt

1845 3103 1915 3157 de
1945 3120 2151 3176 genere
2198 3107 2443 3175 Roberti,
2474 3110 2569 3183 qui
2600 3113 2745 3184 apud
2780 3105 3051 3172 Casletum
3080 3118 3137 3174 in
3189 3119 3339 3178 bello
3368 3138 3463 3179 oc-

159 3184 329 3243 ciyium
376 3205 568 3247 omnes
629 3192 1039 3249 interfecerunt,
1260 3175 1530 3253 τειχιόεσίο
1573 3215 1740 3267 anno,
1773 3175 1822 3244 C
1844 3190 1980 3245 Cidll
2010 3193 2293 3250 Arnulfum
2326 3205 2582 3269 nepotem
2614 3215 2796 3269 suum,
3048 3207 3299 3264 Balduini
3334 3212 3465 3268 H85-

159 3289 257 3331 cum
279 3295 364 3335 rex
392 3283 693 3355 Anglorum
731 3283 1071 3341 detineretur
1115 3285 1171 3341 in
1200 3288 1542 3356 Alemannia,
1590 3306 1743 3345 eam-

159 3364 260 3421 dem
308 3370 573 3429 civitatem
635 3389 757 3428 cum
818 3375 1148 3446 quibusdam
1216 3378 1616 3435 Northmannie
1656 3396 1742 3436 ca-

160 3459 306 3516 stellis
330 3479 414 3518 rex
446 3464 780 3520 Francorum
822 3475 1065 3536 ceperat.
1099 3469 1296 3525 Audita
1337 3471 1507 3546 igitur
1537 3472 1737 3544 Philip-

162 3563 244 3615 pus
286 3567 369 3607 rex
418 3554 709 3609 hominum
743 3570 967 3611 suorum
1022 3573 1180 3625 nece,
1232 3560 1374 3614 ultra
1427 3577 1591 3632 quam
1625 3561 1734 3617 dici

163 3646 328 3705 potest,
365 3640 552 3711 iratus,
596 3643 807 3698 castelli
867 3645 1108 3701 Vernolii
1172 3648 1357 3704 relicta
1418 3649 1733 3719 obsidione,

162 3742 261 3783 cum
307 3732 488 3790 electis
534 3733 809 3790 militibus
860 3737 926 3792 ad
982 3737 1259 3795 civitatem
1322 3741 1736 3799 Ebroicensium

164 3818 302 3886 venit,
325 3828 376 3877 et
404 3822 582 3894 ipsam
611 3833 781 3879 totam
809 3842 934 3881 cum
966 3829 1173 3899 templo
1228 3838 1402 3886 sancti
1432 3830 1653 3887 Taurini
1684 3838 1740 3887 et

161 3904 262 3961 aliis
286 3912 630 3968 monasteriis
659 3911 905 3970 funditus
927 3917 1215 3985 subvertit,
1248 3918 1304 3973 in
1324 3921 1738 3992 sollempnitate

162 3995 362 4068 Spiritus
387 4005 588 4060 sancti.
646 4005 755 4061 Rex
795 4017 982 4063 autem
1025 4010 1357 4067 Francorum
1416 4022 1740 4084 preceperat

162 4092 484 4167 principibus,
503 4108 568 4156 ut
597 4100 897 4156 exercitum
924 4101 982 4156 in
1004 4102 1298 4159 obsidione
1329 4106 1553 4162 castella
1581 4116 1740 4163 tene-

165 4192 291 4250 rent;
319 4188 408 4243 sed
434 4204 501 4245 eo
532 4190 859 4246 discedente
883 4192 1066 4248 nullus
1105 4193 1283 4264 potuit
1323 4211 1447 4250 eum
1475 4196 1736 4253 retinere.

166 4269 393 4333 Henricus
429 4280 734 4350 imperator
763 4289 955 4337 contra
994 4283 1323 4352 Apulienses
1361 4285 1468 4340 sibi
1502 4286 1740 4341 rebelles

165 4368 422 4425 exercitum
454 4373 612 4429 ducit
643 4377 844 4444 (Sept).
870 4376 930 4431 In
962 4377 1178 4432 civitate
1218 4377 1586 4434 Attrebatensi
1620 4378 1739 4450 qui-

1844 3279 2132 3336 noniensis
2184 3282 2368 3341 fratris
2408 3287 2516 3356 sui,
2568 3296 2625 3344 et
2661 3290 2740 3347 sic
2791 3292 3210 3354 Flandrensium
3264 3299 3466 3358 invasit

1842 3369 2183 3427 comitatum.

1912 3460 2071 3517 1195.
2222 3466 2283 3520 Β.
2325 3469 2376 3522 5.
2528 3470 2583 3525 F.
2629 3472 2715 3526 15.
2868 3478 2929 3533 Α.
2971 3478 3026 3533 6.

1909 3554 2110 3612 Mensis
2159 3561 2470 3633 Ianuarius,
2527 3568 2856 3626 Februarius
2908 3578 2965 3627 et
3019 3575 3221 3645 Aprilis
3293 3579 3459 3635 nimis

1839 3643 2059 3702 fuerunt
2090 3648 2376 3719 pluviales.
2399 3656 2454 3710 5.
2478 3657 2594 3712 Kal.
2628 3661 2871 3731 April,in
2884 3679 3027 3738 pago
3054 3643 3465 3730 Cameracensi,

1840 3743 2139 3808 tempestas
2182 3757 2304 3796 cum
2348 3745 2552 3801 tonitru
2586 3749 2838 3804 horribili
2878 3753 3097 3818 cecidit,
3146 3773 3253 3828 que
3292 3777 3459 3817 unam

1838 3825 2022 3881 villam
2052 3844 2175 3883 cum
2204 3831 2406 3903 templo
2438 3834 2513 3889 ita
2540 3836 2829 3902 destruxit,
2875 3846 2934 3894 ut
2963 3842 3052 3895 vix
3098 3825 3249 3900 in—ea
3290 3863 3457 3917 parve

1839 3929 2189 3977 remanerent
2220 3924 2470 3997 reliquie.
2522 3927 2791 3984 Henricus
2821 3931 3122 4003 imperator
3168 3937 3237 3991 ab
3264 3939 3458 4008 Apulia

1838 4009 2011 4065 victor
2055 4026 2181 4066 eum
2238 4014 2519 4086 triumpho
2574 4019 2866 4075 revertitur
2923 4026 3110 4093 pilai),
3167 4026 3455 4085 adducens

1839 4120 2025 4160 secum
2056 4122 2282 4164 uxorem
2310 4119 2365 4165 et
2394 4110 2567 4167 filium
2592 4113 2857 4170 Tancredi
2909 4123 2964 4172 et
3003 4118 3311 4191 principes,
3356 4125 3451 4195 qui

1840 4208 2031 4257 contra
2067 4219 2195 4259 eum
2242 4208 2711 4280 conspirationem
2748 4211 3016 4281 fecerant,
3074 4216 3130 4270 in
3164 4219 3450 4289 custodia;

1842 4311 2095 4368 magnam
2143 4297 2306 4353 etiam
2339 4302 2553 4372 c0piam
2605 4303 2723 4358 auri
2752 4310 2808 4359 et
2863 4307 3076 4379 argenti
3134 4315 3189 4365 et
3224 4310 3452 4368 aliarum

1842 4385 2007 4440 etiam
2047 4403 2227 4442 rerum
2259 4405 2447 4446 secum
2484 4393 2727 4449 adduxit.
2760 4394 2945 4451 Mense
2982 4397 3130 4455 Julio
3168 4400 3453 4458 Sarraceni

166 4453 266 4511 dam
293 4461 521 4519 clericus
579 4470 634 4519 et
697 4480 852 4521 soror
879 4467 1022 4536 ejus,
1062 4468 1135 4525 ob
1189 4478 1397 4525 reatum
1430 4468 1739 4536 homicidii,
1761 4500 1822 4570 D
1848 4474 1917 4529 ab
1945 4474 2140 4531 Aﬂ‘rica
2170 4478 2479 4548 venientes,
2520 4498 2689 4549 super
2726 4498 2913 4558 regem
2971 4486 3248 4558 Hispanie,
3287 4507 3453 4562 quem

165 4546 386 4609 incendio
412 4565 543 4613 sunt
571 4557 894 4628 adjudicati.
935 4562 1210 4618 Accensus
1257 4570 1340 4619 est
1385 4562 1440 4617 in
1487 4562 1736 4620 Balduini

162 4651 318 4700 monte
364 4648 526 4723 ignis,
557 4657 772 4715 astante
808 4653 1106 4710 innumera
1162 4654 1475 4726 frequentia
1522 4658 1733 4729 populi.

161 4730 316 4792 Frater
342 4749 395 4795 et
421 4758 581 4799 soror
608 4744 675 4798 ad
715 4744 956 4816 stipitem
986 4746 1247 4820 ligantur,
1281 4754 1336 4803 et
1364 4747 1511 4822 ignis
1543 4747 1599 4803 in
1629 4747 1737 4803 cir-

161 4824 283 4880 cuitu
309 4843 487 4885 eorum
516 4832 778 4903 copiosus
803 4835 1139 4891 accenditur.
1174 4835 1369 4892 Mulier
1405 4854 1530 4893 cum
1552 4839 1734 4895 valido

162 4914 313 4970 cordis
335 4918 570 4977 clamore
592 4929 648 4977 et
688 4921 949 4978 ineffabili
999 4925 1332 4982 contritione
1387 4933 1442 4982 et
1466 4928 1579 4984 oris
1608 4945 1737 4985 con-

164 4997 370 5061 fessione
402 5018 642 5066 sanctam
671 5012 892 5067 Mariam
934 5014 1029 5069 Dei
1077 5015 1404 5088 genitricem
1450 5018 1732 5088 invocans,

163 5094 207 5143 et
249 5091 380 5151 idem
418 5097 638 5154 fratrem
672 5099 853 5157 facere
900 5103 1227 5173 admonens,
1268 5105 1363 5161 illo
1404 5106 1460 5161 in
1501 5106 1738 5164 flammis

163 5192 363 5256 mortuo,
406 5192 615 5247 meritis
683 5192 998 5250 beatissime
1063 5197 1159 5251 Dei
1224 5197 1512 5273 genitricis
1567 5199 1736 5256 Marie

162 5267 392 5332 liberatur
411 5281 479 5335 ab
503 5283 781 5339 incendio.
811 5284 945 5341 Mira
968 5302 1084 5353 res;
1115 5267 1282 5343 facies
1301 5289 1421 5359 ejus
1442 5295 1496 5344 et
1516 5289 1734 5363 loquela

162 5371 253 5415 non
278 5373 354 5421 est
378 5368 679 5434 immutata,
735 5373 968 5444 capillus
999 5376 1120 5443 ejus
1146 5392 1251 5432 nec
1288 5378 1434 5448 pilus
1482 5381 1729 5450 adustus,

162 5462 246 5506 nec
278 5456 428 5515 etiam
459 5462 596 5518 odor
618 5463 859 5520 incendii
893 5468 1155 5526 remansit
1185 5470 1240 5524 in
1267 5487 1352 5527 ea.
1386 5472 1516 5528 Cum
1548 5481 1729 5529 autem

1844 4567 2073 4623 Parvum
2104 4578 2320 4639 vocant,
2351 4580 2407 4628 et
2436 4574 2557 4643 ejus
2607 4577 2905 4632 exercitum
2953 4578 3250 4649 irruerunt,
3280 4589 3335 4639 et
3388 4600 3453 4640 ex

1839 4659 1920 4713 eis
1945 4674 2199 4733 magnam
2229 4668 2465 4738 stragem
2497 4664 2762 4722 fecerunt.
2818 4668 2930 4724 Rex
2968 4680 3153 4726 autem
3193 4673 3452 4745 Hispanie

1838 4746 1894 4801 in
1931 4748 2190 4816 crastino,
2217 4750 2429 4807 viribus
2468 4770 2568 4824 per
2596 4754 2690 4809 Dei
2747 4758 2976 4829 gratiam
3008 4763 3272 4834 receptis,
3326 4765 3451 4836 plus

1836 4856 1998 4911 quam
2026 4840 2220 4914 viginti
2250 4843 2401 4898 milia
2427 4860 2617 4901 eorum
2649 4847 2956 4918 interfecit;
3006 4852 3063 4907 in
3121 4871 3231 4927 quo
3270 4859 3449 4928 prelio

1836 4933 2285 5006 archiepiscOpus
2331 4936 2516 4993 Sancti
2555 4938 2745 4996 Jacobi
2795 4945 3072 5000 occubuit.
3107 4946 3312 5005 Electio
3349 4952 3449 5023 Sy-

1837 5022 2017 5076 monis
2072 5023 2421 5080 Leodicensis
2471 5042 2503 5080 a
2545 5025 2819 5085 Celestino
2862 5047 3002 5104 papa
3059 5043 3326 5100 cessatur.
3391 5022 3449 5095 et

1837 5110 2087 5166 Autberti
2127 5113 2270 5183 (468)
2312 5113 2682 5172 confirmatur.
2732 5118 2935 5174 Tamen
2974 5121 3043 5176 ad
3082 5123 3446 5199 mitigandum

1837 5199 2087 5267 ejusdem
2119 5201 2375 5274 Symonis
2423 5204 2669 5260 dolorem
2711 5223 2742 5262 a
2771 5224 2914 5279 papa
2951 5210 3003 5264 ei
3052 5214 3292 5283 quedam
3332 5232 3449 5271 car-

1836 5291 2093 5348 dinalitas
2119 5295 2420 5352 confertur.
2452 5296 2642 5353 Clerici
2668 5300 2762 5371 qui
2800 5315 2924 5356 cum
2953 5318 3021 5358 eo
3073 5304 3244 5360 Rome
3273 5323 3447 5362 vene-

1834 5391 1975 5450 rant,
2006 5400 2200 5440 omnes
2229 5386 2342 5442 fere
2369 5387 2570 5445 mortui
2609 5397 2776 5457 sunt;
2840 5393 2958 5464 ipse
3007 5393 3172 5449 etiam
3209 5395 3448 5452 intrante

1833 5492 2022 5532 mense
2044 5478 2289 5552 Augusto
2320 5480 2528 5536 ibidem
2570 5482 2863 5539 defunctus
2891 5491 2992 5541 est.
3024 5485 3321 5542 Autbertus
3347 5503 3448 5542 au-

1676 5611 1887 5666 NOT/E.

218 5689 344 5819 (ἃς)
367 5694 642 5754 Verneuil.

340 5764 355 5819 l
382 5766 419 5819 Ι.
461 5785 511 5819 e.
542 5769 640 5819 Cas

225 5760 355 5834 (467)
382 5766 419 5820 l.
461 5785 511 5825 e.
542 5769 891 5828 Casletensis.

1892 5713 2042 5789 W58)
2070 5715 2143 5789 De
2188 5715 2359 5789 Cuch,
2409 5719 2502 5789 qui
2540 5720 2750 5776 electus
2806 5721 2909 5776 fuit
2967 5720 3217 5787 Namuci,
3250 5735 3440 5775 mense

1822 5782 2113 5839 Novembri
2148 5787 2301 5842 1194.
