3876 6208
340 296 446 354 339
1550 285 1893 342 SIGEBERTI
1932 282 2443 341 GEMBLACENSlS.

342 431 452 480 tem
485 441 519 479 a
557 425 728 479 Roma
765 437 888 477 cum
917 436 1148 475 munere
1186 419 1474 474 electionis
1504 432 1772 484 reversus,
1803 415 1949 486 apud
1978 418 2027 486 Α
2049 411 2366 478 noensium,
2421 410 2742 483 Philippum
2789 423 3015 481 quoque
3042 414 3098 463 et
3139 406 3456 462 Henricum.
3518 406 3685 460 Duxit

344 515 669 570 Cistercium
718 513 967 579 veniens,
1007 510 1406 582 aliquantulum
1463 508 1712 563 inﬁrmus
1749 507 1822 562 ibi
1871 514 1954 560 est
2052 509 2235 557 autem
2276 501 2578 555 Balduinus
2631 498 2811 553 adhuc
2841 497 3063 552 vivente
3122 502 3276 566 patre
3306 510 3534 551 uxorem
3579 494 3687 548 Ma-

344 604 623 658 detentus.
659 602 866 656 Rumor
899 608 1084 655 autem
1119 600 1288 654 falsus
1329 598 1571 670 perlatus
1622 596 1766 667 apud
1818 596 1956 652 Leo-
2056 594 2208 659 riam,
2265 592 2432 647 ﬁliam
2493 591 2708 647 Henrici
2742 589 2962 646 comitis
3020 588 3441 659 Campanensis,
3511 603 3684 658 quam

3559 277 3667 330 3&0

344 694 523 761 dium,
572 691 857 747 nunciavit
913 690 1215 756 canonicis,
1267 688 1420 743 illum
1471 704 1591 741 esse
1638 695 1952 751 mortuum;

347 782 440 855 qui
472 780 655 836 statim
687 780 976 854 elegerunt
1014 777 1289 850 quendam
1334 776 1598 830 illustrem
1632 774 1956 829 canonicum

353 877 512 943 (469),
569 873 808 945 Philippi
839 873 907 927 de
943 870 1191 925 Falconis
1239 877 1427 924 monte
1460 867 1648 921 tilium.
1699 867 1788 921 Sic
1840 875 1962 937 post

349 967 790 1022 interfectionem
819 964 1061 1019 Autberti
1101 962 1368 1033 episeOpi,
1418 960 1599 1015 Remis
1641 960 1827 1025 occisi,
1875 976 1961 1013 ec-

349 1058 516 1113 clesia
546 1055 898 1112 Leodicensis
949 1054 1002 1107 in
1052 1053 1320 1108 electione
1377 1050 1624 1121 episcOpi
1657 1050 1955 1106 tluctuavit.

352 1151 546 1207 Pluvia
597 1149 804 1204 mensis
833 1146 1059 1221 Augusti
1099 1146 1436 1201 metentibus
1488 1146 1652 1199 nimis
1686 1144 1787 1199 fuit
1839 1159 1960 1199 mo-

354 1247 509 1312 lesta,
554 1244 895 1316 Septembris
936 1243 1269 1297 vindemiam
1324 1240 1713 1314 colligentibus
1760 1241 1958 1313 gravis,

360 1337 609 1393 Octobris
667 1336 1074 1391 seminantibus
1134 1335 1300 1389 nimis
1358 1334 1725 1389 incommoda.
1801 1334 1962 1386 Sexto

358 1432 483 1486 ldus
508 1429 758 1485 Octobris
784 1434 982 1484 ventus
1002 1428 1306 1482 vehemens
1330 1434 1453 1497 post
1483 1430 1697 1480 noctem
1726 1424 1962 1477 mediam

353 1524 423 1579 ab
455 1522 649 1576 Aﬁ'rico
690 1520 940 1587 veniens,
974 1520 1170 1575 domos
1216 1519 1432 1583 evertit,
1466 1526 1641 1574 turres
1673 1516 1961 1581 destruxit,

356 1620 513 1674 ruina
534 1618 825 1673 domorum
855 1614 1124 1686 plurimos
1151 1614 1360 1677 stravit,
1382 1628 1618 1684 quercus
1645 1627 1884 1667 annosas
1908 1618 1963 1665 et

355 1710 579 1763 arbores
616 1706 924 1761 fructiferas
963 1703 1179 1769 evulsit,
1218 1709 1273 1757 et
1318 1703 1371 1755 in
1413 1701 1600 1755 multis
1639 1701 1773 1756 locis
1804 1701 1969 1755 nimis

357 1803 697 1871 dampnosus
727 1798 924 1853 extitit.
979 1797 1131 1852 Multi
1158 1797 1227 1851 de
1261 1812 1432 1870 regno
1474 1795 1834 1861 Theutouico,
1869 1794 1969 1847 Lo-

359 1889 620 1963 tharingi,
676 1886 981 1953 Alemanni,
1049 1886 1310 1947 Saxones,
1351 1885 1571 1939 hortatu
1625 1883 1971 1954 imperatoris

364 1978 580 2034 Henrici
607 1992 800 2031 cruces
849 1981 1132 2029 assumunt
1162 1974 1349 2043 (April.
1404 1974 1516 2043 17),
1557 1973 1827 2043 epiSCOpi,
1860 1972 1967 2026 du-

364 2085 477 2134 ces,
504 2066 756 2130 comites,
778 2063 1002 2129 milites,
1025 2068 1079 2117 et
1110 2063 1176 2116 de
1209 2062 1421 2132 reliquo
1451 2061 1654 2131 p0pulo
1686 2060 1974 2114 innumera

365 2158 680 2216 multitudo.
727 2155 1014 2226 Philippus
1071 2170 1164 2209 rex
1198 2154 1526 2208 Francorum
1573 2160 1627 2208 et
1672 2153 1975 2208 Richardus

366 2272 458 2310 rex
512 2253 805 2324 Anglorum
835 2258 960 2321 post
998 2249 1216 2322 longam
1258 2247 1589 2303 discordiam
1632 2247 1851 2301 tandem
1887 2263 1974 2301 re-

366 2348 538 2402 deunt
592 2344 659 2398 ad
707 2340 1082 2399 concordiam.
1160 2338 1306 2393 Obiit
1368 2338 1672 2393 Balduinus
1734 2340 1975 2394 marchio

367 2433 729 2491 Namucensis
767 2441 823 2487 et
871 2446 1057 2486 comes
1097 2429 1418 2484 Hainoensis
1468 2429 1536 2482 16
1592 2429 1705 2484 Kal.
1736 2429 1978 2484 Januarii

370 2527 533 2596 (670),
565 2532 619 2580 et
644 2523 911 2595 sepelitur
956 2521 1102 2592 apud
1142 2520 1497 2575 Castrilocum
1530 2537 1655 2575 cum
1704 2521 1973 2591 patribus.

366 2621 622 2679 Succedit
650 2619 699 2674 ei
748 2618 1047 2674 Balduinus
1087 2615 1231 2672 ﬁlius
1261 2616 1403 2684 ejus,
1435 2632 1623 2670 comes
1679 2615 1972 2681 Flandrie;

366 2715 465 2771 sed
492 2715 622 2787 quia
645 2713 702 2767 in
729 2712 1017 2785 superiora
1044 2710 1210 2778 hujus
1239 2709 1464 2765 eronice
1496 2725 1687 2779 parum
1729 2709 1974 2765 declara-

368 2815 474 2873 tur,
505 2822 572 2860 ex
600 2821 709 2876 qua
738 2804 813 2858 hii
841 2802 1074 2858 comites
1104 2800 1446 2857 Hainoenses
1503 2800 1723 2855 oriundi
1758 2800 1980 2856 fuerunt

371 2898 563 2968 stirpe,
621 2896 677 2950 id
726 2894 966 2949 breviter
1030 2893 1311 2948 declarare
1386 2893 1697 2966 legentibus
1750 2893 1977 2966 dignum

372 2988 649 3044 duximus.
681 2985 959 3059 Originem
990 2985 1138 3039 enim
1170 2985 1381 3039 ducunt
1411 3000 1476 3037 ex
1505 2985 1776 3058 sanguine
1807 2985 1980 3056 impe-

374 3075 883 3132 rialiRomanorum
906 3071 1148 3144 etregali
1173 3071 1498 3126 Francorum
1515 3071 1709 3139 (Gen.e
1743 3074 1980 3141 Fland.).
2008 3118 2057 3186 C

373 3168 676 3225 Balduinus
724 3166 1011 3221 lnsulanus
1039 3179 1228 3219 comes
1260 3164 1532 3227 Flaudrie,
1573 3172 1722 3219 ortus
1774 3166 1843 3220 dc
1886 3183 1984 3240 ge-

375 3273 510 3313 nere
541 3254 719 3310 Karoli
769 3253 915 3309 Calvi
945 3252 1296 3324 imperatoris
1344 3253 1711 3308 Romanorum
1757 3263 1811 3310 et
1841 3256 1984 3330 regis

378 3350 729 3413 Francorum,
787 3346 940 3401 duxit
992 3360 1219 3400 uxorem
1265 3344 1509 3408 Adelam,
1562 3345 1727 3400 ﬁliam
1764 3347 1984 3403 Roberti

377 3441 523 3516 regis
552 3439 906 3505 Francorum,
936 3443 991 3492 et
1018 3437 1211 3511 genuit
1231 3452 1297 3493 ex
1323 3452 1388 3491 ea
1412 3436 1740 3491 Balduinum
1775 3438 1989 3495 Hasno-

376 3535 658 3595 niensem,
688 3530 944 3585 comitem
985 3527 1404 3583 Flandrensium
1438 3532 1516 3583 'et
1571 3528 1989 3596 Hainoensium,

376 3631 432 3679 et
462 3622 762 3678 Robertum
793 3619 1180 3687 Casletensem,
1231 3619 1455 3674 fratrem
1490 3619 1628 3688 ejus.
1693 3621 1993 3676 Balduinus

377 3711 775 3769 Hasnoniensis
821 3710 973 3765 duxit
1034 3725 1257 3766 uxorem
1332 3710 1673 3775 Richeldem,
1742 3712 1987 3767 relictam

380 3804 696 3861 Herimauni
723 3803 941 3860 comitis
969 3802 1291 3870 Montensis,
1324 3818 1433 3874 que
1478 3813 1598 3857 erat
1625 3803 1695 3857 de
1722 3804 1989 3877 sanguine

382 3896 675 3970 imperiali,
702 3902 757 3951 et
793 3910 949 3951 soror
988 3895 1163 3949 sancti
1190 3894 1388 3950 Leonis
1419 3910 1561 3965 pape
1592 3894 1723 3949 noni
1751 3913 1765 3959 ;
1815 3904 1869 3949 et
1893 3912 1991 3967 ge-

380 3990 500 4047 nuit
528 4007 593 4046 ex
620 4005 685 4044 ea
725 3986 1011 4042 Arnulfum
1066 3986 1321 4041 comitem
1355 3985 1772 4050 Flandrensem,
1826 4003 1989 4057 quem

381 4080 655 4136 Robertus
680 4083 906 4150 patruus
934 4076 1053 4145 ejus
1080 4074 1355 4130 interfecit
1404 4074 1458 4128 in
1493 4074 1640 4129 bello
1669 4074 1990 4142 Casletensi,

381 4175 437 4224 et
462 4166 790 4222 Balduinum
819 4161 1389 4229 Jherosolimitanum,
1416 4162 1674 4217 comitem
1717 4163 1992 4218 Hainoen-

381 4276 522 4327 sem,
545 4259 766 4314 fratrem
797 4257 937 4326 ejus.
968 4253 1272 4309 Balduinus
1300 4254 1819 4310 Jherosolimitanus
1844 4255 1997 4310 duxit

385 4364 610 4405 uxorem
642 4345 818 4413 Idam,
851 4344 1020 4399 ﬁliam
1055 4342 1270 4398 Henrici
1328 4342 1678 4414 imperatoris
1713 4344 1914 4415 quarti,
1946 4350 1999 4398 et

382 4441 575 4518 genuit
605 4455 671 4495 ex
721 4454 787 4494 ea
818 4436 1175 4501 Balduinum;
1231 4435 1319 4490 cui
1347 4434 1573 4489 abstulit
1612 4434 1885 4490 Robertus
1912 4450 2000 4490 co-
2019 4461 2076 4530 Β

385 4546 503 4587 mes
532 4528 785 4585 Flandrie
844 4527 1083 4581 Duacum
1118 4530 1378 4579 castrum.
1432 4523 1526 4578 llic
1575 4524 1729 4578 duxit
1769 4540 1999 4579 uxorem

382 4623 706 4688 Yolendem,
741 4618 909 4675 ﬁliam
941 4616 1166 4673 Gerardi
1205 4615 1421 4672 comitis
1455 4616 1523 4670 de
1552 4614 1997 4690 Wassemberga,

383 4727 440 4775 et
465 4717 659 4793 genuit
684 4732 751 4771 ex
788 4730 852 4769 ea
894 4712 1243 4779 Balduinum,
1283 4710 1375 4783 qui
1427 4709 1850 4765 Valentinenses
1889 4709 1995 4764 sibi

385 4810 622 4867 rebelles
673 4808 881 4879 Optime
934 4805 1195 4878 eptinuit,
1247 4811 1303 4858 et
1354 4802 1460 4857 alia
1502 4802 1658 4857 utilia
1715 4802 1996 4858 comitatui

387 4900 628 4959 adauxit.
682 4899 779 4953 Hic
817 4913 1039 4969 quoque
1081 4896 1233 4952 duxit
1263 4910 1487 4950 uxorem
1544 4893 1995 4959 Ermensendam,

385 5004 632 5048 sororem
665 4986 882 5042 Henrici
930 4985 1146 5042 cornitis
1200 4983 1585 5048 Namucensis;
1634 4998 1699 5037 ex
1750 4998 1857 5054 qua
1905 4997 2000 5054 ge-

389 5079 506 5135 nuit
525 5075 853 5132 Balduinum
884 5073 1283 5140 marchionem,
1323 5072 1433 5139 cui,
1467 5071 1632 5127 etiam
1672 5071 2003 5127 multociens

388 5173 744 5228 accesserunt
789 5165 980 5221 felices
1031 5181 1356 5228 successus;
1415 5163 1510 5235 qui
1561 5163 1717 5218 duxit
1772 5177 1999 5218 uxorem

383 5264 763 5336 Margaretam,
795 5270 1038 5311 sororem
1070 5256 1307 5327 Philippi
1335 5254 1554 5310 comitis
1582 5252 1858 5319 Flandrie,
1889 5269 2000 5324 que

382 5355 436 5411 ei
461 5348 1015 5429 genuitzBalduiuum
1043 5348 1299 5404 comitem
1331 5347 1749 5403 Flandrensium
1789 5355 1843 5403 et
1873 5345 2000 5402 Hai-

2056 686 2249 760 genuit
2272 700 2339 739 ex
2371 683 2482 738 ﬁlia
2514 682 2774 738 Ludovici
2795 682 2938 736 Vlll.
2969 680 3300 735 Francorum
3336 680 3505 755 regis.

2133 776 2294 831 1196.
2444 775 2503 828 Β.
2548 776 2602 828 6.
2756 773 2809 827 F.
2853 773 2941 826 10.
3093 773 3154 826 Α.
3196 770 3246 827 7.

2134 863 2398 918 Henricus
2429 862 2728 933 imperator
2780 862 2979 931 hyeme
3025 867 3323 924 transacta,
3375 860 3574 913 iterum
3619 859 3687 913 ad

2060 951 2296 1006 Siciliam
2329 959 2383 1004 et
2412 950 2663 1021 Apuliam
2701 946 3065 1020 proﬁciscitur
3094 948 3304 1018 (Aug.);
3334 956 3390 1002 et
3415 947 3692 1018 quicquid

2063 1044 2119 1097 in
2151 1059 2321 1117 regno
2344 1042 2727 1117 corrigendum
2761 1048 2902 1110 erat,
2954 1041 3023 1095 ab
3051 1057 3117 1096 eo
3149 1041 3521 1113 corriguntur.
3558 1041 3693 1095 Pre-

2063 1145 2323 1208 parantur
2355 1135 2520 1189 etiam
2566 1150 2732 1189 naves
2786 1141 2840 1188 et
2880 1141 3085 1202 cetera,
3148 1149 3254 1205 que
3307 1133 3693 1200 Theutonicis,

2062 1222 2157 1295 qui
2187 1222 2459 1293 superiori
2493 1237 2639 1276 anno
2670 1237 2862 1276 cruces
2901 1228 3333 1292 assumpserant,
3398 1222 3469 1275 ad
3506 1229 3693 1275 trans.

2065 1312 2373 1367 fretandum
2414 1319 2567 1365 erant
2608 1311 2937 1365 necessaria.
2991 1310 3200 1375 Quibus
3225 1309 3461 1381 prefecit
3504 1311 3695 1365 archi-

2065 1407 2389 1477 episcopum
2446 1404 2847 1478 Maguntinum,
2925 1404 3099 1458 virum
3161 1403 3691 1474 prudentissimum.

2066 1498 2372 1569 Philippus,
2409 1513 2503 1552 rex
2526 1497 2883 1561 Francorum,
2907 1494 3077 1550 ﬁliam
3131 1496 3423 1565 cujusdam
3457 1496 3692 1550 comitis

2064 1589 2400 1645 Alemannici
2447 1589 2589 1658 (471)
2650 1588 2964 1661 lugelburgi
3011 1587 3203 1661 regine
3275 1586 3693 1656 superinducit.

2070 1684 2177 1737 Pax
2200 1683 2345 1738 inter
2370 1681 2680 1752 Philippum
2702 1696 2889 1754 regem
2923 1680 3252 1735 Francorum
3281 1686 3334 1734 et
3356 1678 3697 1733 Richardum

2070 1787 2253 1845 regem
2285 1770 2581 1845 Anglorum
2628 1770 2827 1824 iterum
2859 1768 3141 1834 turbatur;
3199 1767 3346 1821 unde
3404 1766 3701 1836 Philippus

2068 1878 2184 1925 rex,
2216 1860 2448 1915 collecto
2470 1858 2858 1929 undecumque
2892 1856 3088 1929 grandi
3118 1855 3697 1922 exercitu,castcllum

2070 1953 2214 2027 regis
2253 1952 2548 2026 Anglorum
2589 1952 2645 2005 in
2702 1950 3121 2018 Northmanuia,
3168 1948 3317 2020 quod
3382 1947 3702 2002 Albamaria

2070 2052 2313 2112 vocatur,
2369 2044 2610 2109 obsedit,
2639 2052 2693 2097 et
2732 2049 2855 2114 post
2908 2056 3000 2095 sex
3057 2039 3399 2095 ebdomadas
3455 2041 3617 2110 cepit
3647 2046 3700 2094 et

2073 2136 2360 2191 destruxit.
2416 2136 2593 2202 Multi,
2644 2144 2701 2189 et
2748 2134 2980 2188 maxime
3025 2132 3283 2202 juvenes,
3325 2139 3489 2186 acuta
3554 2131 3709 2185 febre

2076 2225 2411 2289 moriuntur;
2467 2225 2612 2278 inter
2655 2238 2793 2295 quos
2843 2229 2899 2276 et
2952 2221 3235 2275 Johannes
3288 2217 3715 2273 Cameracensis

2078 2319 2546 2389 episcOpus,cum
2601 2316 2669 2370 ad
2728 2333 2909 2387 rﬂg"fl
2968 2315 3025 2368 in
3082 2313 3488 2369 Nortlimannia
3528 2312 3706 2384 proﬁ-

2080 2410 2401 2473 cisceretur,
2443 2406 2723 2461 Ambianis
2765 2414 3015 2461 mortuus
3045 2413 3146 2460 est.
3177 2403 3519 2458 Gravissima
3553 2405 3715 2475 panis

2083 2499 2312 2573 penuria
2351 2500 2457 2554 hoc
2486 2513 2634 2552 anno
2665 2497 2869 2552 multos
2899 2496 3097 2552 afﬂixit
3135 2502 3189 2550 et
3236 2495 3443 2551 multos
3491 2512 3713 2567 paupe—

2083 2593 2233 2648 ravit.
2269 2592 2347 2645 Ab
2379 2591 2670 2661 Apennino
2691 2596 2879 2644 monte
2908 2604 3085 2660 usque
3115 2587 3184 2643 ad
3215 2603 3367 2641 mare
3402 2586 3713 2651 Oceanum,

2080 2689 2360 2755 pertotam
2394 2681 2618 2735 Galliam
2679 2688 2735 2735 et
2764 2679 3134 2737 Germaniam.
3169 2676 3346 2731 fames
3387 2676 3443 2731 in
3490 2684 3710 2733 tantum

2081 2777 2367 2849 prevaluit,
2396 2783 2456 2830 ut
2484 2774 2776 2829 maximam
2801 2774 3091 2845 utriusque
3113 2788 3275 2827 sexus
3288 2772 3711 2828 multitudinem

2083 2866 2375 2939 contigerit
2422 2864 2697 2919 interisse.
2738 2864 2870 2917 Nam
2925 2862 3163 2917 triticum
3197 2862 3266 2917 40
3296 2861 3385 2917 vel
3413 2860 3484 2916 50
3516 2861 3720 2915 solidis

2084 2960 2525 3026 venundabatur,
2557 2958 2707 3030 quod
2747 2972 2843 3027 pro
2875 2966 3114 3028 quatuor
3143 2965 3235 3011 aut
3277 2955 3533 3028 quinque
3587 2962 3719 3009 ante

2088 3056 2228 3109 hanc
2269 3059 2479 3124 pestem
2512 3049 2782 3113 dabatur;
2824 3048 2974 3103 unde
3021 3047 3225 3103 accidit
3275 3054 3335 3101 ut
3379 3045 3566 3111 multi,
3624 3046 3719 3118 qui

2088 3142 2421 3214 putabantur
2456 3139 2559 3194 sibi
2587 3136 2929 3193 sufﬁcientes
2961 3153 3102 3204 esse,
3165 3135 3286 3191 diro
3338 3134 3503 3189 famis
3532 3136 3719 3210 gladio

2086 3242 2441 3310 perurgente,
2501 3233 2675 3289 coacti
2703 3239 2833 3287 sunt
2888 3231 2998 3287 alio
3046 3231 3336 3305 emigrare.
3382 3228 3591 3301 Sicque
3634 3229 3720 3284 fa-

2088 3333 2233 3381 ctum
2261 3330 2363 3391 est,
2396 3329 2454 3377 ut
2485 3327 2897 3377 exerescentem
2930 3334 3234 3390 pauperum
3286 3318 3716 3372 multitudinem

2091 3418 2211 3473 sine
2231 3429 2430 3488 magno
2457 3412 2773 3488 gravamine
2826 3418 3137 3466 sustentare
3194 3417 3427 3480 possent
3488 3409 3589 3475 hii,
3624 3410 3721 3481 qui

2092 3510 2347 3576 respectu
2376 3502 2469 3557 Dei
2504 3517 2726 3556 manum
2769 3498 3149 3554 misericordie
3195 3497 3276 3552 eis
3320 3497 3713 3571 porrigebant.

2096 3596 2296 3651 Carnes
2319 3610 2540 3667 quoque
2576 3592 2686 3663 jam
2712 3590 2997 3646 fetentium
3034 3588 3357 3644 animalium
3389 3597 3446 3643 et
3496 3589 3715 3644 radices

2088 3688 2379 3743 inusitatas
2402 3678 2698 3741 herbarum
2731 3683 3002 3753 compulsi
3029 3687 3158 3735 sunt
3188 3680 3551 3736 manducare.
3597 3682 3717 3736 Non

2092 3785 2300 3833 tantum
2327 3775 2503 3848 panis,
2534 3773 2631 3828 sed
2680 3773 2852 3827 etiam
2907 3781 3088 3826 cetere
3120 3786 3207 3825 res
3264 3770 3715 3836 manducabiles,

2092 3866 2339 3921 inaudito
2388 3863 2551 3919 nobis
2607 3861 2797 3932 precio
2848 3858 3332 3915 venundebantur.
3388 3858 3530 3928 Lupi
3575 3859 3725 3914 circa

2093 3960 2256 4029 Alpes
2295 3958 2347 4012 in
2386 3954 2676 4011 itineribus
2715 3959 2769 4006 et
2814 3952 2868 4007 in
2899 3951 3044 4008 villis
3072 3951 3129 4005 in
3166 3965 3337 4005 unum
3365 3952 3719 4023 congregati,

2094 4054 2304 4125 absque
2334 4051 2446 4106 ullo
2474 4049 2673 4104 timore
2712 4048 2918 4104 multos
2958 4047 3244 4101 devorant.
3299 4046 3538 4103 Triticea
3578 4062 3721 4100 mes-

2094 4147 2170 4201 sis
2206 4152 2260 4200 et
2301 4157 2475 4199 avene
2503 4139 2756 4196 collectio
2789 4141 2929 4195 ultra
2986 4137 3397 4193 estimationem
3431 4137 3721 4193 hominum

2098 4236 2199 4291 fuit
2230 4234 2531 4290 rarissima.

2171 4324 2338 4379 1197.
2586 4322 2638 4376 7.
2896 4318 2984 4373 17.
3237 4318 3271 4369 8

2171 4418 2387 4475 Menses
2437 4415 2749 4483 Januarius,
2812 4413 3156 4478 Februarius,
3220 4411 3446 4466 Martius
3492 4428 3721 4484 quoque

2100 4517 2156 4569 et
2185 4510 2401 4581 Aprilis,
2436 4510 2539 4564 hoc
2568 4523 2715 4564 anno
2744 4507 2970 4562 fuerunt
2998 4502 3279 4558 naturales
3300 4510 3355 4557 ct
3401 4503 3725 4559 hominibus

2101 4604 2418 4680 gratissimi.
2452 4604 2840 4658 Verumtamen
2894 4600 3090 4661 fames,
3137 4597 3298 4651 annis
3331 4597 3726 4667 superioribus

2101 4706 2388 4767 concepta,
2439 4694 2651 4750 nullum
2716 4692 2913 4747 habuit
2986 4695 3516 4759 temperamentum,
3598 4688 3725 4759 quia

2098 4788 2401 4861 superioris
2427 4787 2557 4843 anni
2596 4800 2818 4842 annone
2850 4799 2969 4838 rara
3008 4780 3263 4837 collectio
3295 4779 3513 4834 nullum
3551 4780 3725 4851 potuit

2098 4881 2351 4938 conferre
2386 4880 2776 4936 levamentum.
2809 4877 2943 4930 Nam
2998 4888 3175 4945 usque
3201 4872 3372 4927 hodie
3416 4872 3563 4926 fame
3606 4887 3722 4926 mo-

2100 4976 2316 5031 riuntur
2371 4972 2523 5027 milia
2552 4971 2796 5033 milium;
2830 4966 2988 5022 multi
3044 4963 3193 5019 enim
3250 4963 3353 5018 hac
3393 4965 3725 5018 necessitate

2101 5063 2408 5130 constricti,
2435 5069 2627 5118 contra
2662 5062 2985 5115 consuetum
3035 5052 3257 5108 vivendi
3286 5068 3449 5106 usum
3478 5052 3721 5107 latrones

2100 5158 2302 5224 eﬁ‘ecti,
2330 5159 2529 5230 laqueo
2554 5162 2684 5211 sunt
2725 5150 3001 5224 suspensi.
3036 5148 3143 5203 Sed
3171 5146 3415 5202 vernalis
3451 5146 3716 5218 temporis

2101 5250 2401 5323 temperies
2431 5246 2693 5323 gratiosa,
2725 5251 2781 5299 et
2824 5240 3095 5297 seminum
3128 5245 3185 5293 ut
3217 5237 3440 5292 videtur
3490 5238 3714 5307 pulchra

2102 5340 2406 5415 processio,
2439 5335 2499 5392 ﬁt
2547 5332 2966 5407 expectantibus
3022 5343 3133 5383 non
3176 5325 3406 5381 minima
3454 5324 3710 5381 consola-

1943 5469 2151 5526 NOTAE.

458 5601 602 5672 (469)
634 5601 922 5672 Ottonem;
959 5594 1056 5649 sed
1084 5595 1199 5664 ipse
1226 5593 1451 5649 Alberto
1473 5608 1532 5648 se
1563 5593 1819 5661 subjecit.
1854 5591 1932 5647 Cf.

386 5671 591 5730 Gisleb.
622 5688 675 5741 p.
705 5671 832 5725 265.

455 5732 703 5815 (470)]?
742 5743 856 5797 Kal.
896 5739 1169 5803 Januarii,
1210 5744 1397 5793 octava
1438 5732 1749 5804 sciliceth
1790 5743 1920 5788 ante

2081 5594 2281 5658 festum
2310 5588 2614 5658 nativitatis
2644 5574 3083 5658 Dmpiniﬂllisleb.

2170 5639 2508 5722 iﬁlli-Ducis
2559 5652 2795 5709 Boemim
2846 5648 3230 5716 Moraviseque,
3286 5644 3528 5697 Mariam.
3569 5639 3680 5695 Blllt
