3876 6208
164 328 245 382 341

1086 315 1435 372 CHRONICA.
1482 344 1545 354 -ο
1592 309 2027 368 CONTINUATIO
2069 309 2549 374 AQUICINCTINA.

3382 317 3491 377 342

166 462 249 516 tio.
280 458 539 515 Henricus
568 456 869 527 episcOpus
910 451 1282 508 Belluacensis
1307 449 1523 520 capitur
1553 464 1583 502 a
1621 445 1768 502 mili-
1793 442 1849 511 A
1875 444 2186 500 Celestinus
2216 444 2287 498 Ill
2315 460 2476 516 papa,
2523 445 2559 500 6
2590 446 2703 501 Kal.
2731 448 2978 513 Januar.,
3009 464 3174 505 senex
3204 457 3259 507 et
3288 452 3489 523 plenus

168 550 300 605 tibus
327 546 582 602 Richardi
613 545 762 618 regis
791 543 1115 618 Anglorum,
1150 549 1207 595 et
1263 540 1406 610 apud
1463 538 1765 593 Rothoma-

166 655 279 711 gum
330 636 480 711 gravi
528 633 784 689 custodio
828 631 1192 702 mancipatur.
1250 631 1399 684 Inter
1447 626 1762 696 Philippum

166 746 332 806 regem
371 728 707 782 Francorum
741 732 796 780 et
829 723 1157 779 Balduinum
1212 721 1467 777 comitem
1510 718 1764 773 Flandrie

165 837 255 891 pax
299 816 564 879 turbatur,
626 814 886 869 instinctu
943 811 1200 866 Richardi
1258 810 1404 883 regis
1442 807 1760 881 Anglorum.

164 912 214 965 In
258 922 439 963 mense
468 904 616 960 Julio
662 901 962 958 Balduinus
1012 915 1218 964 comes,
1276 906 1556 953 contracto
1595 896 1765 951 unde-

164 1011 377 1068 cumque
399 994 648 1050 excrcitu
682 992 932 1063 c0pioso,
962 996 1155 1045 contra
1212 1003 1396 1059 regem
1432 987 1760 1042 Francorum

163 1104 244 1159 per
285 1100 483 1157 pagum
542 1083 955 1137 Tornacensem
996 1088 1051 1134 et
1083 1078 1535 1133 Cameracensem
1589 1074 1759 1140 vadit,

164 1186 209 1231 et
243 1173 419 1229 omnia
460 1171 716 1240 ejusdem
771 1169 899 1242 pagi
965 1167 1190 1223 castella
1228 1167 1399 1237 cepit,
1453 1166 1645 1236 sicque
1694 1162 1760 1216 ad

162 1264 410 1318 civitatem
468 1261 910 1316 Attrebatensem
989 1257 1245 1321 tendens,
1333 1272 1450 1310 eam
1522 1271 1553 1309 a
1606 1263 1760 1324 parte

164 1352 397 1411 orientali
447 1350 706 1415 obsedit;
760 1347 1006 1404 secundo
1054 1343 1395 1401 obsessionis
1433 1343 1524 1398 die
1575 1343 1760 1399 subito

162 1448 275 1502 inde
304 1445 551 1501 recessit.
586 1442 877 1513 Philippus
908 1455 997 1495 rex
1040 1440 1366 1494 Francorum
1391 1438 1495 1491 hoc
1524 1436 1758 1491 audiens

160 1544 206 1591 et
230 1535 444 1606 indigne
476 1534 688 1603 ferens,
721 1531 1072 1606 congregatis
1128 1530 1214 1585 sui
1247 1530 1403 1603 regni
1458 1527 1757 1599 episcOpis,

160 1624 452 1689 abbatibus,
472 1624 727 1696 equitum
757 1636 978 1695 quoque
991 1629 1046 1675 et
1072 1618 1316 1690 peditum
1346 1632 1548 1692 magna
1577 1616 1756 1687 copia,

161 1726 331 1774 contra
360 1719 698 1774 Balduinum
730 1716 1115 1788 proﬁciscitur,
1147 1720 1203 1769 et
1228 1714 1285 1767 in
1311 1712 1499 1786 vigilia
1537 1726 1757 1766 assum-

161 1808 339 1879 ptionis
396 1808 559 1862 beate
608 1806 782 1861 Marie
839 1805 984 1876 apud
1041 1805 1282 1859 Duacum
1362 1817 1428 1855 ex
1479 1800 1760 1869 insperato

160 1900 316 1966 venit;
342 1900 439 1954 sed
481 1899 609 1954 utili
638 1897 804 1954 nobis
836 1906 1062 1968 accepto
1114 1893 1371 1957 consilio,
1421 1892 1617 1947 eadem
1667 1890 1756 1946 die
1806 1966 1809 1967 ν

157 1990 375 2045 recessit.
406 1989 621 2045 Deinde
653 2004 754 2060 per
775 2004 974 2062 pagum
999 1986 1245 2060 Letigum
1271 1984 1436 2055 (572},
1457 1983 1752 2049 transiens,

161 2082 287 2155 apud
316 2082 488 2137 Ariam
522 2089 758 2152 pontem
797 2079 1040 2134 fluminis
1078 2078 1173 2149 qui
1222 2076 1424 2131 dicitur
1453 2076 1542 2129 Lis
1571 2081 1753 2130 trans-

162 2171 281 2237 iens,
309 2171 359 2225 in
392 2179 602 2226 terram
654 2168 893 2235 comitis,
926 2184 1047 2223 eam
1104 2173 1436 2231 vastaturus,
1502 2164 1749 2231 intravit;

150 2272 221 2321 set
248 2265 573 2338 quibusdam
613 2272 788 2319 tactus
818 2263 1152 2329 infortuniis,
1197 2278 1320 2316 cum
1360 2260 1561 2316 comite
1600 2268 1751 2316 extra

152 2358 252 2428 lpre
278 2357 621 2428 colloquium
640 2355 849 2421 habuit,
873 2364 957 2409 set
982 2354 1186 2409 infecto
1210 2354 1432 2428 negotio
1456 2354 1525 2407 ad
1550 2364 1747 2408 terram

156 2465 286 2504 suam
325 2448 510 2503 rediit.
542 2448 706 2503 Multi
738 2448 830 2519 qui
865 2447 1159 2502 adventum
1189 2447 1270 2501 eis
1298 2445 1742 2509 formidaverant,

156 2542 428 2597 discessum
480 2540 835 2597 inefficacem
882 2541 1144 2596 riserunt.
1203 2541 1350 2595 Inter
1387 2540 1526 2596 duos
1588 2556 1749 2616 reges

158 2631 352 2687 inducie
393 2648 493 2707 per
531 2646 743 2686 annum
792 2630 1061 2699 iurantur.
1096 2628 1382 2684 Vindemia
1434 2644 1534 2699 per
1578 2636 1744 2684 totam

153 2722 423 2790 Franciam,
465 2722 520 2777 in
590 2738 732 2796 pago
779 2721 991 2777 scilicet
1038 2720 1315 2787 Remensi,
1369 2720 1746 2790 Laudunensi,

152 2810 525 2878 Suessionensi,
561 2810 921 2866 Noviomensi
954 2816 1009 2865 et
1030 2808 1369 2876 Belvacensi,
1411 2825 1533 2863 rara
1562 2809 1664 2864 fuit
1694 2814 1749 2864 et

154 2904 307 2968 tarda;
345 2904 490 2958 unde
523 2902 729 2958 accidit
770 2908 829 2957 ut
859 2901 1068 2966 rustici,
1110 2901 1205 2973 qui
1246 2901 1437 2956 vineas
1491 2901 1748 2957 colebant

152 3004 195 3048 et
237 2996 513 3066 pecuniam
580 3010 750 3065 super
800 2995 989 3050 vinum
1043 2992 1285 3049 futurum
1340 3000 1740 3060 mutuaverant,

148 3102 239 3142 non
259 3088 495 3143 valentes
524 3087 721 3143 vinum
772 3087 1025 3152 reddere,
1066 3085 1336 3156 compulsi
1368 3093 1495 3140 sunt
1526 3084 1732 3159 fugere.

145 3176 377 3234 Henricus
424 3180 730 3250 imperator
774 3178 829 3232 in
868 3177 1064 3249 Apulia
1118 3178 1350 3232 moritur
1402 3177 1560 3247 (Sept.
1615 3178 1731 3248 28).

149 3267 226 3324 llic
250 3276 444 3326 statura
473 3270 801 3343 personalis
832 3285 944 3326 non
978 3269 1102 3336 fuit,
1131 3270 1228 3323 sed
1260 3268 1567 3324 litteratura
1590 3271 1731 3338 ejus,

151 3361 573 3431 magnanimitas,
609 3361 833 3430 justicia
861 3369 915 3415 et
945 3360 1238 3431 prudentia
1266 3360 1732 3431 pulchritudinem

144 3450 403 3509 Absolonis
447 3454 752 3525 superavit.
805 3454 978 3527 Luget
1027 3453 1267 3507 mundus
1304 3460 1536 3508 mortem
1592 3455 1733 3524 ejus,

147 3540 296 3611 Syria,
357 3545 583 3616 Sycilia,
636 3544 852 3615 Apulia,
923 3542 1188 3610 Calabria,
1265 3542 1479 3610 Aﬂ‘rica,
1557 3544 1728 3609 Italia,

146 3629 471 3700 Alemannia,
543 3633 782 3687 Saxonia
815 3675 829 3699 ,
888 3632 1174 3702 Bajoaria,
1236 3632 1454 3697 Suavia,
1514 3632 1682 3687 Frisia
1717 3674 1730 3699 ,

147 3722 349 3792 Austria,
398 3725 775 3799 Lotharingia.
826 3726 959 3780 Nam
1000 3726 1067 3780 de
1123 3726 1245 3794 ejus
1300 3731 1477 3781 morte
1539 3739 1734 3779 omnes

145 3815 494 3872 suntturbate.
532 3814 704 3869 Filius
741 3816 861 3884 eius
891 3831 1027 3886 puer
1079 3814 1341 3885 parvulus
1381 3832 1411 3869 a
1455 3814 1650 3869 Siculis
1678 3814 1733 3868 in

147 3917 301 3973 regem
347 3905 467 3975 jure
524 3911 755 3977 paterno
820 3904 1153 3975 suscipitur;
1212 3920 1373 3976 porro
1426 3903 1733 3973 Philippus,

145 3988 284 4045 frater
324 3993 541 4049 Henrici
576 3993 942 4064 imperatoris,
976 4000 1123 4049 tutor
1151 3994 1310 4063 pueri
1357 3991 1731 4047 constituitur.

149 4082 493 4141 lacrimabilis
534 4085 754 4141 fortuna
786 4084 987 4140 accidit
1045 4085 1099 4138 in
1147 4086 1280 4139 urbe
1349 4085 1541 4139 Achra.
1601 4084 1733 4138 Nam

150 4171 383 4231 Henricus
410 4193 603 4233 comes
646 4177 1037 4248 Campanensis
1066 4181 1121 4231 et
1167 4177 1423 4247 princeps
1475 4183 1738 4230 transma-

148 4260 247 4315 rine
281 4266 715 4333 Christianitatis,
742 4282 865 4321 cum
897 4265 1131 4337 quadam
1164 4266 1256 4321 die
1295 4265 1441 4336 apud
1484 4264 1736 4319 eamdem

147 4350 314 4405 urbem
333 4353 384 4407 in
413 4353 623 4409 solario
646 4353 928 4421 cujusdam
963 4357 1158 4411 domus
1197 4355 1493 4411 fenestram
1522 4354 1735 4426 aperire

1870 533 2085 588 dierum
2141 532 2395 589 moritur.
2453 532 2742 589 Lotharius
2820 536 3090 593 diaconus
3145 540 3485 610 cardinalis,

1866 637 2071 697 genere
2122 622 2418 689 Romanus,
2449 630 2684 679 vocatus
2717 624 3088 686 Innocentius.
3121 626 3284 695 hujus
3313 628 3489 682 nomi-

1867 712 1952 766 nis
2022 726 2163 782 papa
2242 712 2464 778 tercius,
2533 718 2677 767 etate
2732 711 2974 779 juvenis,
3035 715 3197 770 184118
3240 715 3487 770 Romane

1864 802 2100 858 ecclesie
2131 802 2394 871 presidet.
2444 802 2674 869 Fulcho,
2716 804 3050 858 venerabilis
3097 805 3369 874 presbiter
3415 806 3486 860 de

1864 893 2140 950 territorio
2220 893 2547 960 Parisiensi,
2625 894 2951 950 auctoritate
3021 895 3325 967 apostolica
3382 912 3485 967 per

1859 991 2028 1039 totam
2061 982 2340 1038 Franciam
2370 982 2591 1053 publice
2618 984 2866 1053 predicat
2885 985 3035 1055 (473:)
3057 984 3479 1055 (cf.A.Aquio.).

1862 1072 1989 1127 Cum
2024 1072 2076 1126 in
2110 1088 2371 1127 sermone
2400 1087 2502 1127 suo
2540 1073 2725 1127 omnia
2781 1082 3040 1143 carperet
3085 1074 3244 1140 vicia,
3296 1082 3479 1129 tamen

1858 1165 2040 1219 omnis
2069 1165 2155 1219 vis
2188 1164 2308 1232 ejus
2338 1164 2732 1233 predicationis
2763 1173 2951 1221 contra
2982 1166 3261 1221 usurarios
3288 1180 3480 1222 avaros

1858 1260 1913 1308 et
1942 1253 2193 1324 cupidos,
2215 1260 2404 1309 contra
2419 1253 2664 1324 prelatos
2686 1254 3036 1328 negligentes
3054 1263 3109 1308 et
3134 1253 3477 1323 presbiter-os

1858 1345 2269 1399 incontinentes
2298 1345 2536 1399 maxime
2569 1343 2878 1399 intonabat.
2917 1344 3046 1398 Tota
3098 1359 3245 1415 pene
3303 1342 3480 1414 patria

1858 1437 1912 1491 in
1959 1437 2156 1491 melius
2185 1436 2310 1504 ejus
2336 1436 2715 1507 predicatione
2768 1442 2977 1491 mutata
3038 1442 3141 1490 est.
3186 1434 3476 1489 Maximam

1860 1539 2081 1595 quoque
2129 1524 2422 1579 mulierum
2463 1525 2808 1594 publicarum
2888 1524 3165 1579 convertit
3207 1522 3469 1578 multitu-

1860 1610 2066 1667 dinem.
2119 1612 2321 1668 Potens
2374 1612 2539 1666 etiam
2595 1611 2700 1667 fuit
2746 1612 2802 1666 in
2850 1610 3129 1665 miraculis
3184 1610 3478 1667 faciendis.

1863 1704 1994 1758 Nam
2044 1718 2207 1759 cecos
2262 1703 2632 1771 illuminabat,
2700 1703 2929 1759 claudos
2993 1703 3237 1765 curabat,
3295 1703 3478 1759 surdis

1863 1791 2111 1848 auditum
2159 1793 2456 1859 reddebat;
2505 1799 2582 1860 et,
2641 1793 2789 1864 quod
2846 1792 3026 1865 magis
3076 1790 3336 1846 omnibus
3373 1806 3475 1863 pro

1859 1883 2126 1939 miraculo
2172 1890 2308 1949 erat,
2367 1881 2792 1937 innumerabilis
2828 1880 3021 1951 populi
3047 1879 3345 1935 multitudo
3404 1879 3475 1934 ad

1858 1988 1984 2029 eum
2045 1971 2405 2039 audiendum,
2471 1970 2632 2041 quasi
2692 1970 2759 2024 ad
2826 1967 3066 2039 aliquem
3139 1966 3472 2038 apostolum,

1854 2068 2246 2138 undecumque
2324 2064 2658 2122 confluebat.
2748 2064 2878 2119 Post
2953 2069 3187 2118 mortem
3254 2061 3473 2118 Henrici

1853 2155 2201 2226 imperatoris
2247 2155 2543 2225 optimates
2592 2151 2749 2225 regni
2804 2150 3150 2215 Theutoniei,
3209 2149 3278 2205 de
3339 2165 3469 2221 rege

1851 2248 2236 2303 substituendo
2268 2245 2612 2302 diffidentes:
2646 2245 2833 2311 Suavi,
2868 2242 3127 2312 Bajoarii,
3154 2241 3463 2305 Alemanni,

1851 2340 2179 2411 Apulienses
2203 2339 2291 2395 vel
2318 2339 2658 2405 Sicilienses,
2718 2336 3036 2408 Philippum
3091 2336 3288 2390 ducem
3329 2335 3467 2389 Sua-

1848 2445 2062 2495 vorum,
2113 2428 2335 2483 fratrem
2385 2427 2600 2483 Henrici
2658 2425 3030 2498 imperatoris,
3095 2440 3260 2495 quem
3297 2439 3467 2495 supra

1849 2521 2089 2578 diximus
2107 2527 2346 2577 tutorem
2373 2520 2532 2591 pueri
2553 2519 2936 2586 constitutum,
2968 2518 3256 2590 elegerunt
3283 2519 3402 2587 (Mai
3420 2524 3457 2570 ι.

1848 2610 1932 2679 5);
1963 2610 2207 2666 Saxones
2236 2615 2421 2664 autem
2465 2617 2522 2664 et
2551 2607 2871 2680 Lotharingi
2906 2606 3175 2662 Othonem
3205 2605 3462 2661 comitem

1852 2704 2250 2769 l’ictavensem,
2305 2700 2481 2755 filium
2533 2699 2750 2755 Henrici
2829 2698 2987 2754 ducis
3037 2697 3332 2761 Saxonum,
3407 2696 3465 2751 in

1848 2792 2091 2864 Aquensi
2129 2791 2330 2863 palatio
2380 2790 2436 2843 in
2488 2804 2675 2863 regem
2718 2786 3177 2843 sublimaverunt.
3220 2785 3318 2840 llic
3346 2800 3395 2842 et
3430 2791 3487 2840 at

1849 2906 1917 2945 ex
1958 2902 2149 2943 sorore
2187 2884 2444 2941 Richardi
2471 2884 2618 2958 regis
2652 2882 2947 2957 Anglorum
3035 2879 3194 2951 cujus
3230 2878 3468 2936 οοηεὶιίο

1849 2990 1905 3040 et
1932 2981 2159 3046 auxilio,
2207 2986 2262 3035 et
2291 2978 2547 3036 Balduini
2591 2976 2809 3034 comitis
2835 2974 3109 3038 Flandrie.
3163 2974 3467 3032 assentien-

1846 3075 1996 3131 tibus
2029 3073 2112 3130 eis
2157 3071 2580 3142 archiepiscOpo
2636 3066 2950 3124 Coloniensi
2994 3074 3052 3121 et
3098 3065 3463 3137 optimatibus

1764 3120 2202 3239 CLotharingis.
2265 3120 2538 3235 Aquenser
2599 3120 3182 3231 palaciummobsedit

1833 3261 2227 3316 Walerannum
2259 3257 2432 3313 filium
2485 3256 2643 3311 ducis
2685 3252 3132 3327 Lemburgensis,
3167 3252 3263 3325 qui
3297 3252 3463 3324 oppi-

1836 3356 1967 3410 dum
2015 3355 2273 3425 Aquense
2322 3368 2446 3407 cum
2499 3351 2682 3406 valida
2718 3364 2886 3404 manu
2925 3347 3163 3403 militum
3205 3345 3460 3418 Philippo

1837 3443 1964 3498 duci
2012 3443 2316 3498 Suavorum
2365 3438 2734 3496 custodiebat.
2793 3433 2894 3503 Qui
2935 3443 3091 3491 sexta
3136 3434 3453 3490 obsidionis

1836 3531 2141 3603 septimana
2195 3531 2385 3585 labore
2416 3528 2708 3598 multiplici
2740 3526 2978 3602 fatigati,
3003 3526 3216 3582 nullum
3262 3525 3332 3581 ab
3364 3541 3454 3587 eo,

1834 3624 1923 3679 cui
1982 3622 2251 3693 palacium
2308 3619 2718 3685 custodiebant,
2796 3619 3063 3674 habentes
3109 3633 3454 3683 succursum,

1834 3709 2034 3766 Othoni
2065 3709 2217 3765 salvo
2258 3708 2313 3762 in
2344 3707 2608 3763 omnibus
2644 3708 2857 3762 honore
2914 3713 3157 3761 castrum
3202 3706 3461 3761 reddide-

1834 3809 1984 3865 runt;
2013 3814 2179 3871 quem
2205 3797 2388 3851 statim
2440 3795 2783 3851 Coloniensis
2843 3796 3301 3866 archiepiscopus
3326 3812 3450 3852 cum

1833 3895 2197 3970 sulfragancis
2241 3893 2373 3957 suis,
2425 3891 2547 3946 oleo
2615 3905 2771 3945 sacro
2828 3891 3134 3957 inunctum,
3198 3890 3254 3944 in
3312 3892 3455 3947 solio

1835 3984 1990 4059 regni
2038 3982 2232 4037 sedere
2285 3980 2538 4035 fecerunt
2584 3978 2713 4049 (Jul.
2774 3977 2886 4044 12).
2940 3980 2982 4030 Α
3044 3978 3242 4033 diebus
3297 3979 3449 4033 enim

1837 4075 2015 4131 Karoli
2050 4074 2230 4146 Magni
2273 4072 2435 4126 sedes
2466 4069 2619 4145 regni
2669 4076 2751 4124 est
2774 4068 3126 4143 Aquisgrani,
3171 4069 3264 4125 ubi
3305 4070 3450 4125 idem

1838 4163 2157 4236 requiescit.
2220 4162 2381 4216 Duxit
2434 4166 2617 4215 autem
2672 4160 2793 4215 Otto
2852 4175 2946 4213 rex
3001 4174 3227 4214 uxorem
3282 4159 3449 4214 tiliam

1838 4259 2141 4325 Godefridi,
2172 4256 2390 4313 comitis
2419 4256 2774 4311 Lovaniensis
2804 4270 2867 4311 ac
2896 4253 3054 4309 ducis
3074 4255 3450 4328 Lotharingic.

1908 4352 2197 4422 Philippus
2236 4350 2345 4404 dux
2378 4356 2433 4403 et
2462 4348 2582 4405 Otto
2612 4365 2705 4403 rex
2745 4348 2814 4403 dc
2848 4348 3080 4419 imperio
3108 4348 3456 4403 contenden-

150 4441 404 4513 voluisset,
454 4463 558 4516 per
605 4463 726 4500 eam
774 4448 842 4502 ad
879 4455 1076 4502 terram
1139 4449 1366 4513 corruit,
1419 4456 1475 4502 et
1522 4445 1939 4538 ccrviceDtes,
1991 4439 2218 4493 ﬂuvium
2264 4438 2536 4504 Rhenum,
2568 4436 2664 4508 qui
2716 4436 3122 4509 Lotharingiam
3180 4443 3235 4490 et
3284 4436 3453 4492 Saxo-

149 4533 415 4604 confracta,
442 4538 583 4609 proh
612 4537 797 4593 dolor!
824 4540 1137 4610 exspiravit,
1163 4541 1197 4593 6
1226 4556 1370 4595 anno
1394 4531 1760 4611 principatus.

1903 4545 1983 4582 am
2014 4526 2235 4591 dividit,
2267 4526 2505 4580 transire
2544 4541 2655 4581 non
2712 4532 3032 4596 potuerunt,
3066 4524 3354 4595 Philippus
3382 4526 3453 4579 ab

144 4622 234 4677 sui.
261 4623 418 4695 Cujus
448 4642 598 4681 mors
649 4626 987 4683 ineffabilem
1031 4628 1349 4684 christianis
1386 4629 1657 4696 dolorem,
1684 4636 1738 4684 et

146 4730 371 4791 magnam
432 4724 724 4779 Saracenis
779 4724 999 4794 prcbuit
1048 4724 1298 4779 letitiam.
1340 4725 1485 4779 Inter
1532 4722 1735 4778 milites

149 4804 474 4877 christianos,
517 4828 657 4884 quos
698 4812 963 4869 Henricus
1012 4813 1311 4884 imperator
1365 4822 1492 4868 ante
1521 4812 1732 4868 obitum

149 4909 288 4952 suum
312 4907 462 4958 trans
518 4920 668 4959 mare
723 4904 972 4971 miserat,
1024 4914 1078 4960 et
1110 4905 1314 4960 Turcos
1363 4920 1734 4977 sepenumero

153 4998 432 5083 pugnatur;
474 5002 556 5047 set
585 5000 795 5049 certam
845 5000 1152 5052 nostrorum
1211 4995 1491 5051 victoriam
1557 4995 1737 5050 adhuc

152 5078 356 5135 minime
383 5082 713 5139 audivimus.

210 5165 356 5223 1198.
612 5172 668 5226 F.
928 5174 1010 5229 18.
1265 5174 1304 5227 Α
1371 5175 1426 5229 9.

211 5254 436 5331 Hyemps
484 5263 842 5331 mollissima;
907 5266 1222 5331 Ianuarius,
1301 5265 1627 5320 Februarius
1683 5272 1738 5320 et

149 5342 359 5405 Marcius
409 5355 689 5426 tranquilli
771 5364 825 5412 et
882 5356 1176 5432 gratissimi
1261 5356 1502 5421 fuerunt,
1574 5373 1737 5427 porro

149 5436 326 5506 Aprilis
382 5451 434 5500 et
485 5445 660 5502 Maius
725 5448 996 5519 pluviales
1052 5455 1106 5503 et
1182 5447 1365 5522 frigidi
1418 5450 1733 5505 extiterunt.

1836 4624 2049 4678 oriente
2096 4621 2150 4675 in
2196 4620 2567 4686 occidentem,
2601 4620 2718 4676 Otto
2762 4635 2892 4675 vero
2941 4620 3009 4673 ab
3066 4618 3355 4675 occidente
3395 4620 3452 4674 in

1834 4720 2127 4776 orientem.
2165 4717 2302 4771 Unte
2333 4715 2547 4771 titulum
2593 4715 2984 4780 Romanorum,
3036 4714 3097 4769 Β.
3129 4714 3360 4782 scilicet,
3399 4722 3456 4769 et

1835 4810 2051 4866 titulum
2108 4807 2602 4863 Jherosolimorum
2637 4847 2652 4870 ,
2718 4806 2778 4860 ll.
2828 4806 3023 4861 omitto
3084 4807 3450 4876 prescribere,

1836 4899 1967 4971 quia
1998 4907 2122 4970 post
2156 4902 2386 4952 mortem
2420 4893 2659 4960 Henrici,
2688 4894 2786 4948 lilii
2806 4894 3101 4961 Frederici,
3126 4894 3295 4951 Rome
3326 4897 3451 4953 nul-

1836 4993 1923 5047 lus
1951 4992 2203 5063 imperat,
2229 4997 2285 5044 et
2310 4989 2366 5043 in
2400 4986 2651 5059 partibus
2681 4986 3063 5041 transmarinis
3084 4993 3211 5057 post
3235 4988 3446 5042 obitum

1842 5084 2058 5139 llenriei
2084 5082 2305 5139 comitis
2357 5078 2748 5151 Campanenais
2777 5078 3109 5134 christianus
3137 5079 3322 5134 nullus
3360 5096 3454 5135 re-

1835 5181 1986 5248 gnat.
2042 5173 2169 5228 Post
2221 5185 2468 5226 mensem
2524 5171 2845 5243 Augustum,
2910 5167 3211 5223 Balduinus
3267 5183 3457 5223 comes

1837 5267 2251 5324 Flandrensium
2308 5272 2363 5320 et
2416 5264 2831 5329 llainoensium,
2890 5271 3221 5337 congregata
3272 5263 3455 5318 valida

1835 5363 1945 5411 tam
1972 5356 2207 5411 militum
2261 5369 2426 5427 quam
2479 5354 2720 5425 peditum
2767 5351 3139 5415 multitudine,
3197 5350 3251 5403 in
3292 5348 3457 5402 Flan-

1837 5448 2010 5505 driam
2051 5446 2251 5522 pergit,
2282 5453 2344 5502 ut
2372 5446 2612 5513 castella,
2643 5460 2750 5517 que
2800 5445 2887 5500 sui
2944 5448 3120 5510 erant,
3150 5448 3209 5497 ut
3235 5440 3342 5496 sibi
3372 5440 3455 5496 vi-

1692 5580 1902 5636 ΝΟΤᾹΞ.

206 5678 472 5771 βεξᾳ
521 5688 804 5759 Lteticum,
855 5694 922 5747 ad
964 5695 1166 5751 flumen
1230 5697 1347 5768 Lys.
1408 5698 1502 5753 ubi
1561 5699 1769 5771 Oppida

149 5746 388 5811 Casscl'et
412 5759 550 5814 Aire.

1952 5701 1967 5759 (
1979 5702 2098 5770 473)
2130 5702 2452 5755 Venerabilis
2476 5704 2633 5756 Falco
2663 5703 2920 5770 presbiter
2946 5703 3187 5770 pradicet
3224 5698 3445 5755 verba»:

1868 5777 1972 5839 Dei,
2004 5779 2053 5828 et
2096 5774 2288 5828 multos
2317 5774 2599 5841 languidos
2624 5779 2810 5827 sanat.
2844 5773 2983 5826 Ann.
3027 5771 3229 5840 Aquic.
