3876 6208
152 308 252 364 345

1100 301 1457 358 CHRONICA.
1504 332 1561 342 —
1610 299 2040 358 CONTINUATIO
2080 296 2562 364 AQUlClNCTINA.

3387 291 3493 348 346

149 437 441 499 utrumque
500 426 608 482 fuit
666 430 985 498 temperata.
1043 425 1356 493 Ianuarius,
1421 424 1771 492 Februarius,
1801 429 1848 498 Α
1876 422 1979 479 bus
2003 420 2407 493 campanilibus
2425 435 2549 474 cum
2580 417 2841 474 undecim
2868 416 3153 489 campanis
3190 415 3493 473 studiosius

147 518 391 585 Martius,
424 518 631 589 Aprilis
654 525 712 572 et
740 517 914 572 Maius
943 516 1173 590 gratiosi
1205 516 1360 574 fuere
1390 526 1446 574 et
1472 517 1769 574 naturales.

147 610 430 665 Hediante
477 624 676 664 mense
708 608 921 676 Martio,
956 609 1285 665 Octavianus
1314 610 1632 675 eardinalis,
1693 625 1775 664 ar-

148 697 521 770 chiepiscOpi,
547 696 824 768 episcopi,
847 711 970 751 cum
988 696 1241 770 Philippo
1263 714 1393 773 rege
1423 699 1773 764 Francorum,

150 793 207 845 iu
242 790 386 845 urbe
417 787 773 854 Suessonica,
814 803 938 843 cum
971 788 1267 845 innumera
1293 790 1426 846 cleri
1480 799 1531 846 et
1583 790 1773 862 populi

149 878 511 934 multitudine
541 875 900 940 conveniunt,
935 883 994 931 ut
1018 876 1087 933 de
1120 878 1265 951 regis
1297 886 1351 933 et
1377 878 1567 953 regine
1597 879 1778 933 divor-

152 972 227 1027 tio
254 976 471 1026 certum
503 975 561 1025 et
598 969 811 1039 justum
863 969 1017 1037 juxta
1048 969 1358 1025 Innocentii
1399 986 1537 1041 pape
1595 985 1777 1041 prece-

147 1069 304 1135 ptum
337 1059 617 1132 agitarent
639 1058 932 1128 judicium.
984 1058 1091 1115 Sed
1132 1060 1263 1132 quia
1283 1059 1565 1116 Johanues
1592 1061 1776 1116 cardi-

147 1156 290 1212 nalis
337 1154 528 1209 Sancti
564 1153 736 1221 Pauli,
769 1155 1076 1209 monachus
1117 1155 1295 1210 nostri
1354 1154 1585 1221 ordinis,
1634 1170 1777 1211 uou-

143 1248 275 1303 dum
296 1246 623 1310 advenerat,
656 1244 745 1301 cui
789 1246 891 1302 hec
919 1261 1085 1301 causa
1114 1247 1182 1300 ab
1231 1246 1537 1316 apostolico
1570 1247 1775 1317 princi-

144 1340 347 1411 paliter
402 1337 700 1395 commissa
771 1337 971 1403 fuerat,
1056 1338 1395 1410 colloquium
1477 1339 1778 1409 protelatur

143 1446 328 1504 usque
354 1429 426 1485 ad
443 1431 739 1485 adventum
765 1429 904 1497 ejus.
940 1429 1040 1494 Qui
1072 1429 1377 1485 adveniens
1402 1446 1591 1488 mense
1614 1430 1773 1497 Maio,

144 1540 275 1580 cum
318 1538 526 1598 magno
556 1522 615 1576 in
670 1522 918 1594 predicta
973 1521 1357 1581 Suessioneusi
1404 1523 1595 1578 urbea
1625 1538 1771 1594 rege,

145 1610 597 1682 archiepiscopis
648 1618 705 1666 et
733 1610 1036 1681 episcOpis,
1069 1610 1124 1664 in
1165 1610 1402 1665 ecclesia
1457 1616 1772 1665 sanctorum

145 1710 456 1771 martyrum
498 1698 739 1754 Gervasii
787 1704 843 1753 et
883 1698 1176 1765 Prothasii,
1223 1698 1494 1770 excipitur
1544 1699 1777 1773 gaudio;

1876 514 2156 589 insignivit
2201 514 2279 580 (Α.
2322 510 2555 582 Aquic.).
2589 511 2821 581 lusuper
2874 510 3080 566 multos
3124 509 3374 565 redditus
3400 524 3493 563 ac-

1874 605 2119 678 quisivit.
2187 604 2296 659 Hoc
2344 603 2509 658 etiam
2564 616 2710 656 anno
2744 599 3248 670 Constantinopolis
3296 598 3493 654 civitas

1876 707 2035 771 capta
2083 706 2167 753 est
2197 713 2229 751 a
2275 696 2474 753 comite
2524 694 2793 750 Balduino
2830 692 3058 749 domino
3090 691 3410 745 Flaudrensi
3437 697 3495 746 et

1879 789 2199 853 Hainoensi;
2234 788 2291 844 in
2324 804 2432 859 qua
2488 785 2709 842 civitate
2770 800 2868 856 per
2898 785 2992 839 Dei
3023 782 3258 857 gratiam
3284 782 3495 838 electus

1877 890 1932 938 et
1986 887 2341 938 consecratus
2398 885 2482 934 est
2534 878 2837 950 imperator
2882 884 2938 931 et
2968 881 3237 951 angustus
3295 873 3493 929 Roma-

1876 987 2072 1028 uorum
2090 1010 2104 1025 .

1950 1063 2105 1118 1208.
2138 1064 2247 1119 Hoc
2286 1077 2430 1118 anno
2453 1062 2758 1116 Willelmus
2788 1066 2979 1117 uosteo
3005 1058 3179 1114 abbas
3211 1058 3353 1123 11ιιδ,
3394 1055 3494 1111 ab-

1878 1153 1978 1208 bas
2003 1152 2185 1207 Sancti
2229 1151 2458 1206 Amaudi
2510 1149 2783 1214 efﬁcitur;
2835 1148 2925 1204 cui
2956 1146 3225 1203 successit
3256 1145 3496 1201 domnus

1878 1244 2083 1315 Symou
2112 1243 2283 1298 abbas
2313 1244 2462 1309 12ιιε,
2486 1242 2557 1297 de
2587 1256 2696 1313 quo
2722 1256 2887 1311 supra
2911 1239 3170 1293 diximus.

1950 1333 2105 1387 1212.
2161 1332 2482 1386 Fernaudus
2536 1331 2603 1385 de
2637 1328 2931 1404 Portugalli
2988 1325 3203 1399 accepit
3224 1326 3491 1382 Johauam

1877 1426 2212 1481 comitissam
2244 1427 2636 1481 Flandrensem
2669 1431 2723 1479 et
2757 1423 3167 1478 Hainoieusem.

1946 1518 2084 1573 1213
2148 1518 2256 1573 Hoc
2318 1532 2464 1572 anno
2514 1517 2660 1587 cepit
2717 1514 2974 1570 ediiieare
3013 1513 3251 1569 domnus
3288 1511 3493 1583 Symon

1874 1612 2046 1667 abbas
2098 1613 2220 1666 12ιιε
2259 1612 2580 1666 claustrum.
2641 1609 2856 1664 Grande
2912 1607 3122 1663 bellum
3193 1604 3296 1660 fuit
3351 1604 3496 1659 inter

1883 1703 2191 1774 Philippum
2236 1719 2422 1776 regem
2458 1702 2782 1757 Francorum
2816 1706 2870 1756 et
2914 1715 3047 1754 suos
3088 1714 3153 1752 ex
3182 1712 3293 1752 una
3314 1704 3491 1767 parte,

146 1794 238 1849 cui
271 1792 466 1848 oblata
496 1800 874 1847 suntmunera
903 1807 934 1847 a
973 1807 1123 1866 rege,
1152 1798 1237 1847 set
1262 1792 1356 1847 ille
1380 1793 1563 1863 justus
1586 1808 1782 1848 manus
1804 1786 1856 1855 B
1880 1800 1935 1848 et
1966 1793 2310 1848 Feruandum
2343 1799 2397 1847 et
2445 1792 2807 1847 Flandreuses
2860 1799 2914 1845 et
2942 1790 3211 1844 Othonem
3256 1787 3494 1858 impera-

143 1901 280 1939 suas
306 1883 554 1939 excussit
599 1883 669 1937 ab
698 1882 820 1952 ejus
850 1898 1098 1937 munere.
1143 1882 1218 1937 Ad
1277 1882 1613 1954 colloquium
1641 1900 1775 1939 eon-

140 1975 403 2030 veniuut.
438 1975 548 2029 Rex
586 1973 820 2029 vallatus
849 1980 902 2028 et
930 1983 1171 2029 armatus
1193 1974 1549 2030 multitudine
1607 1976 1776 2032 advo-

146 2070 432 2129 catorum,
462 2062 556 2133 qui
588 2076 809 2117 causam
829 2077 984 2117 suam
1009 2077 1108 2132 pro
1136 2077 1239 2118 suo
1258 2061 1401 2117 velle
1430 2073 1773 2134 perorarent,

141 2155 425 2220 accessit;
456 2164 649 2229 regina
685 2168 817 2208 vero
842 2140 980 2220 sola,
1013 2155 1149 2223 proh
1191 2153 1379 2209 dolorl
1416 2155 1626 2211 nullum
1646 2172 1775 2226 pre-

144 2254 233 2300 ter
256 2245 434 2299 Deum
464 2242 681 2298 habens
710 2243 1033 2298 advocatum
1057 2244 1229 2298 venit.
1263 2243 1507 2315 Cumque
1539 2244 1596 2299 in
1627 2252 1775 2301 tanta

143 2337 510 2392 multitudine
535 2337 722 2392 nullus
748 2345 912 2401 esset,
946 2338 1039 2410 qui
1073 2353 1173 2409 pro
1211 2354 1298 2403 ea,
1331 2345 1481 2394 metu
1512 2340 1679 2415 regis,
1708 2341 1773 2395 li-

151 2430 380 2503 tigaret,
428 2427 655 2500 quidam
713 2428 933 2502 ignotus
975 2443 1184 2499 pauper
1233 2428 1469 2484 clericus
1513 2444 1545 2483 e
1586 2431 1773 2486 medio

144 2532 411 2592 surgens,
446 2515 666 2570 licentia
722 2516 868 2591 regis
909 2522 964 2571 et
1000 2515 1385 2583 cardinalium,
1430 2532 1647 2573 causam
1688 2535 1775 2573 re-

142 2606 277 2680 gine
337 2604 417 2658 ita
474 2603 869 2658 litteratissime
899 2604 1229 2670 dilucitavit,
1288 2611 1346 2659 ut
1396 2605 1500 2676 ipsi
1572 2606 1687 2677 regi
1721 2615 1775 2663 et

142 2696 533 2752 cardiualibus
562 2696 934 2767 omnibusque
991 2696 1271 2767 episcOpis
1319 2695 1475 2752 fieret
1526 2698 1770 2754 admira-

143 2788 308 2845 tioni.
335 2787 440 2852 Qui
469 2796 592 2858 post
620 2803 722 2842 nec
750 2795 877 2843 ante
934 2787 989 2842 in
1039 2788 1234 2843 eadem
1286 2788 1507 2844 civitate
1547 2805 1578 2843 a
1618 2788 1768 2846 nullo

145 2878 359 2933 dicitur
388 2876 543 2932 visus
570 2874 753 2930 fuisse.
787 2875 899 2930 Rex
938 2889 1069 2932 vero
1103 2892 1213 2932 non
1244 2883 1535 2948 expectato
1566 2892 1771 2933 secun-

145 2976 281 3031 dum
321 2974 549 3030 decreta
585 2979 899 3029 sanctorum
940 2972 1161 3028 Patrum
1195 2973 1576 3028 ecclesiastico
1613 2973 1770 3042 judi-

145 3066 256 3128 cio,
292 3063 527 3118 recessit
563 3078 596 3115 a
638 3062 941 3134 colloquio.
981 3061 1298 3118 Cardinales
1323 3062 1488 3117 etiam
1544 3070 1599 3118 et
1650 3063 1771 3133 epi-

142 3155 304 3226 scOpi
335 3154 544 3210 reversi
569 3161 698 3210 sunt
726 3154 795 3209 ad
824 3154 1068 3226 prepria,
1102 3171 1265 3211 causa
1305 3155 1551 3211 nondum
1584 3156 1769 3210 termi-

148 3255 282 3303 nata
314 3247 379 3281 ⁴⁶¹
394 3287 407 3299 .

212 3338 305 3405 (Α.
349 3337 563 3405 Aquis.)
622 3333 765 3389 Obiit
795 3335 1034 3390 domnus
1087 3337 1313 3407 Symou,
1376 3342 1560 3391 noster
1605 3335 1773 3391 abbas

141 3432 256 3495 tina,
282 3428 376 3481 cui
418 3426 693 3482 successit
721 3426 960 3482 domnus
992 3428 1159 3482 Adam
1188 3428 1460 3482 decimus.

210 3522 379 3577 1203.
413 3520 664 3577 Monachi
698 3521 874 3591 primo
929 3522 1270 3577 intraverunt
1302 3522 1357 3576 in
1398 3538 1648 3596 magnam
1680 3538 1770 3577 ec-

143 3614 399 3680 clesiam,
432 3613 712 3669 dominica
741 3613 799 3668 in
830 3614 1028 3684 palmis

214 3699 383 3757 1204.
438 3701 681 3756 Domnus
734 3701 926 3769 Adam,
969 3710 1155 3757 noster
1197 3700 1319 3757 lous
1341 3701 1533 3767 abbas,
1601 3700 1771 3767 obiit;

143 3791 231 3847 eui
262 3788 541 3845 successit
580 3789 819 3845 domnus
865 3790 1175 3846 Willelmus
1227 3791 1371 3856 11υε,
1425 3790 1774 3861 postmodum

145 3879 326 3935 abbas
366 3876 556 3933 Sancti
586 3877 847 3943 Amandi;
897 3887 953 3934 et
992 3879 1218 3934 Romam
1250 3879 1530 3950 profectus
1558 3887 1614 3934 et
1643 3878 1773 3933 inde

146 3970 402 4038 rediens,
458 3970 636 4025 factus
679 3977 764 4025 est
804 3972 1110 4026 monachus
1166 3971 1605 4026 Clarevalleusis.
1648 3971 1776 4041 lpso

153 4070 339 4118 autem
371 4060 521 4117 facto
550 4061 750 4118 abbate
781 4062 966 4117 Sancti
1006 4062 1257 4126 Amaudi,
1301 4063 1539 4118 domnus
1571 4062 1776 4133 Symon

152 4151 328 4206 abbas
354 4150 482 4204 12ιι⁸
510 4150 562 4205 ei
596 4150 895 4215 successit;
937 4152 1031 4223 qui
1064 4151 1119 4205 iu
1155 4158 1405 4221 tempore
1450 4165 1550 4205 suo
1579 4149 1778 4204 multas

154 4248 373 4297 veteres
412 4239 666 4295 officinas
697 4241 1008 4311 prostravit,
1066 4246 1122 4295 et
1175 4255 1345 4295 novas
1396 4237 1780 4294 ediﬁcationes

153 4334 357 4388 multas
387 4333 716 4397 construxit,
739 4337 794 4387 et
813 4333 980 4387 etiam
1004 4333 1167 4387 sedes
1199 4332 1255 4386 iu
1291 4332 1460 4387 choro
1490 4337 1778 4402 sumptuo-

153 4442 239 4481 sas
269 4431 327 4480 et
356 4424 666 4479 laudabiles
694 4431 748 4479 et
773 4424 1049 4480 honestas.
1088 4423 1369 4479 Ediﬁcavit
1401 4424 1567 4478 etiam
1595 4422 1781 4494 capel-

1802 3110 1851 3177 C

1874 1889 2051 1937 torem
2076 1882 2396 1937 Alemauuie
2426 1896 2493 1935 ex
2529 1880 2657 1947 alia,
2685 1880 2830 1951 apud
2861 1885 3084 1951 pontem
3118 1878 3446 1933 Bovinarum
3475 1893 3491 1943 ;

1875 1975 1972 2028 sed
1996 1974 2185 2029 Franci
2216 1973 2501 2029 victoriam
2532 1973 2846 2027 habuerunt
2877 1973 3000 2042 (an.
3048 1970 3186 2025 12M
3223 1971 3335 2024 Jul.
3377 1968 3492 2035 27).

1876 2063 1989 2128 Qua
2042 2064 2178 2129 visa,
2214 2062 2350 2117 Otho
2390 2078 2514 2117 cum
2563 2061 2894 2133 quibusdam
2952 2060 3021 2114 de
3073 2059 3191 2113 suis
3218 2057 3445 2113 recessit
3472 2075 3490 2125 ,-

1876 2154 2197 2210 Feruandus
2221 2162 2403 2209 autem
2436 2160 2491 2208 et
2521 2152 2823 2207 Rainahlus
2867 2166 3052 2206 eomes
3097 2149 3343 2213 Bolonie,
3395 2148 3492 2219 qui

1874 2261 1997 2303 curn
2028 2262 2097 2302 eo
2127 2254 2267 2311 erat,
2299 2252 2355 2301 et
2385 2245 2692 2300 \Vilekiuus
2742 2260 2929 2299 comes
2988 2240 3297 2307 llollautlie,
3344 2241 3491 2310 capti

1875 2340 2098 2395 fuerunt
2146 2340 2200 2393 iu
2232 2339 2355 2410 ipso
2415 2337 2611 2409 prelio.
2643 2338 2749 2391 Sed
2780 2334 3130 2406 postmodum
3168 2332 3492 2387 Fernandus

1876 2446 1974 2500 per
2004 2430 2270 2483 illustram
2302 2429 2370 2463 ‘5’
2405 2443 2629 2483 uxorem
2671 2443 2825 2482 suam
2863 2426 3197 2487 .lohaunam,
3243 2421 3491 2478 comitis-

1873 2533 1990 2571 sam
2050 2515 2369 2580 Flandrie,a
2422 2515 2678 2585 captione
2747 2513 2894 2585 regis
2947 2512 3284 2565 Francorum
3365 2523 3494 2578 pre-

1874 2608 1960 2663 cio
1991 2623 2104 2662 non
2129 2607 2349 2664 modico
2380 2614 2463 2660 est
2494 2605 2831 2675 redemptus.
2855 2602 3050 2657 Comes
3088 2617 3220 2657 vero
3268 2598 3494 2655 Bolouie

1875 2697 1931 2750 in
1983 2696 2220 2768 quodam
2279 2701 2456 2751 castro
2504 2694 2608 2748 sito
2664 2693 2719 2746 in
2764 2692 3040 2762 Sequana,
3086 2688 3235 2761 quod
3295 2687 3497 2743 dicitur

1874 2789 2089 2852 Goulet,
2121 2786 2225 2842 sub
2256 2789 2509 2843 Vernone
2542 2785 2628 2852 “3,
2670 2783 2946 2857 expiravit
2977 2782 3143 2851 (476).

1944 2876 2100 2931 1216.
2157 2876 2488 2940 Ludovicus,
2569 2871 2972 2946 primogentius
3052 2869 3287 2940 Philippi
3350 2870 3497 2942 regis

1872 2967 2119 3034 Fraucie,
2173 2966 2421 3041 Angliam
2470 2965 2711 3029 intravit,
2761 2962 3001 3035 quedam
3053 2960 3279 3016 castella
3311 2961 3491 3030 cepit;

1871 3060 1970 3115 sed
2001 3075 2148 3117 anno
2178 3060 2432 3132 sequenti
2468 3074 2565 3130 per
2595 3064 2911 3129 preceptum
2935 3054 3120 3111 domui
3151 3054 3493 3125 papellouo-

1875 3148 1937 3204 rii
1966 3149 2133 3203 rediit
2167 3150 2220 3203 iu
2254 3149 2563 3203 Franciam.

1948 3237 2104 3293 1218.
2164 3237 2414 3293 Monachi
2476 3236 2939 3307 Aquicincteuses
3004 3234 3344 3288 intraverunt
3394 3245 3494 3286 no-

1872 3342 1998 3382 vum
2031 3328 2283 3389 chorum,
2328 3335 2586 3398 preseute
2628 3324 2930 3380 venerabili
2971 3324 3234 3395 episcOpo
3274 3321 3492 3375 Ambia-

1876 3420 2035 3474 neusi
2079 3420 2374 3486 Evcrardo,
2408 3420 2464 3474 in
2503 3420 2691 3491 vigilia
2721 3419 2918 3474 natalis
2952 3417 3165 3473 Domini

1947 3510 2086 3565 1219
2139 3510 2409 3565 Honorius
2440 3525 2579 3580 papa
2618 3509 2687 3562 111
2720 3507 2995 3564 concessit
3027 3507 3232 3562 domno
3271 3505 3494 3576 Symoni

1874 3597 2060 3652 abbati
2109 3598 2520 3670 Aquicinctensi
2569 3597 2902 3653 duodecimo
2959 3602 3013 3650 et
3066 3594 3495 3651 successoribus

1875 3692 1996 3760 ejus
2024 3707 2181 3746 usum
2209 3692 2367 3746 mitre
2397 3699 2452 3745 et
2474 3691 2648 3757 anuli,
2673 3707 2797 3746 cum
2825 3690 3159 3763 quibusdam
3189 3688 3495 3763 privilegiis

1875 3790 1931 3838 et
1960 3781 2341 3856 indulgeutiis.

1948 3871 2106 3927 1222.
2162 3872 2273 3926 Hoc
2313 3885 2459 3926 anno
2491 3872 2639 3941 jacta
2681 3876 2811 3925 sunt
2840 3868 3204 3923 fundamenta
3255 3866 3494 3922 ecclesie

1875 3968 2036 4022 beate
2064 3966 2229 4022 Marie
2254 3966 2323 4021 M
2347 3965 2460 4020 Kal.
2492 3964 2637 4031 Maii,
2669 3963 2804 4019 feria
2831 3964 2885 4018 2.

1948 4056 2107 4112 1223.
2153 4055 2437 4126 Philippus
2487 4053 2712 4110 inclitus
2760 4069 2850 4107 rex
2903 4051 3127 4106 Francie
3174 4050 3341 4117 obiit;
3410 4049 3498 4105 cui

1878 4149 2123 4204 successi
2153 4147 2552 4222 primogenitus
2581 4146 2702 4217 ejus
2733 4144 3061 4201 Ludovicus.

1951 4241 2109 4296 1224.
2158 4240 2266 4296 Hoc
2307 4254 2453 4295 anno
2510 4239 2564 4295 in
2624 4236 3052 4312 quadragesima
3080 4234 3232 4290 venit
3270 4232 3496 4305 quidam

1881 4330 2125 4405 ignotus,
2154 4339 2210 4385 et
2260 4336 2535 4401 tamquam
2572 4327 2845 4383 heremita
2905 4325 3171 4380 habitavit
3211 4323 3267 4377 in
3297 4321 3501 4377 forests

1882 4418 1953 4473 de
1985 4418 2264 4473 Glauchon
2289 4416 2444 4487 juxta
2474 4416 2773 4489 Mortaigne
2823 4414 3008 4487 (4'77);
3050 4422 3106 4468 et
3147 4411 3370 4467 tandem
3408 4426 3501 4465 re-

153 4514 259 4569 lam
295 4514 356 4569 in
390 4514 604 4569 honore
635 4514 794 4568 beate
834 4514 1092 4589 Virginis,
1125 4529 1235 4586 que
1276 4514 1559 4569 honestate
1596 4485 1697 4568 sua
1722 4485 1852 4567 etD
1878 4509 2078 4564 velavit
2102 4485 2623 4581 quibusdam,quod
2658 4485 2778 4578 ipse
2809 4485 2926 4562 erat
2953 4503 3276 4569 Balduinus,
3306 4516 3498 4557 comes

155 4602 579 4673 pulchritudine
635 4602 967 4658 intuentium
1003 4603 1223 4658 oculos.
1268 4608 1451 4673 potest
1505 4603 1779 4658 morosius

153 4699 430 4754 detinere.
456 4698 737 4768 lnceptam
764 4697 929 4752 etiam
957 4698 1249 4753 ecclesiam
1275 4698 1345 4752 ab
1371 4698 1642 4753 avunculo
1676 4713 1778 4753 suo

154 4789 486 4860 Symmone,
517 4802 666 4843 nono
708 4787 925 4851 abbate,
980 4786 1154 4842 multo
1193 4786 1381 4842 labore
1434 4792 1489 4842 et
1518 4789 1778 4858 expensis

155 4893 269 4933 non
295 4876 538 4932 modicis
577 4874 814 4932 feliciter
839 4875 1263 4944 consummavit,
1294 4876 1438 4932 sicut
1465 4877 1643 4932 adhuc
1673 4893 1777 4948 po-

156 4974 263 5023 test
285 4965 609 5022 evidentius
636 4980 929 5037 apparere,
952 4974 1007 5021 et
1034 4965 1284 5021 eamdem
1314 4965 1603 5023 ecclesiam
1634 4967 1778 5025 duo-

1882 4600 2131 4655 Flandrie
2167 4606 2222 4654 et
2253 4599 2484 4655 Haiuoie
2515 4606 2569 4654 et
2598 4599 2900 4669 imperator
2928 4592 3500 4663 Constantinpolita-

1880 4710 2003 4759 nus,
2030 4695 2145 4760 Quo
2176 4693 2387 4759 audito,
2418 4693 2642 4764 quidam
2668 4692 2886 4749 nobiles
2925 4690 3282 4747 crediderunt
3311 4686 3499 4742 verbis

1880 4790 2077 4861 ipsius,
2109 4788 2387 4842 duxerunt
2443 4802 2567 4841 eum
2610 4785 2984 4840 Valencheuas
3035 4800 3159 4839 cum
3202 4783 3413 4837 honore
3444 4788 3500 4836 et

1880 4894 2006 4935 eum
2039 4877 2118 4931 ibi
2140 4881 2416 4938 ornatum.
2441 4874 2583 4930 sicut
2621 4872 2856 4928 decebat
2884 4873 3265 4943 imperatorem
3307 4878 3363 4924 et
3386 4885 3499 4925 aco-

1877 4972 2090 5038 mitem,
2119 4971 2393 5026 duxerunt
2423 4986 2521 5041 per
2551 4968 2896 5035 Flandriam;
2920 4974 2976 5024 et
3001 4967 3157 5022 multi
3189 4966 3499 5022 Flandreu-

1517 5095 1731 5151 VARIAE
1763 5097 2139 5156 LECTIONES.

225 5195 295 5231 ⁸⁸⁸
328 5199 429 5250 Hic
454 5196 653 5250 desinit
692 5210 913 5251 manus.
960 5200 1259 5273 Sequemur
1282 5200 1499 5273 scripsit
1522 5214 1626 5273 sec.
1650 5215 1781 5273 “XIII.
1943 5203 2084 5273 alius
2112 5204 2334 5273 quidam
2387 5205 2573 5259 omnia
2612 5216 2720 5256 uno
2751 5206 2952 5268 tractu,
2979 5213 3105 5273 tneo
3136 5198 3342 5273 Ahabitu
3389 5210 3498 5273 nec

157 5274 472 5323 atramento
499 5281 746 5341 unquam
772 5274 1027 5341 mutata;
1067 5276 1120 5323 et
1145 5269 1308 5324 verba
1330 5271 1546 5339 quidem
1570 5269 1713 5326 obiit
1766 5301 1837 5311 —
1862 5268 2201 5329 decimus-in
2228 5290 2445 5331 rasura.
2489 5278 2571 5329 Ea:
2597 5275 2678 5329 his
2706 5288 2791 5339 ea,
2829 5286 2948 5341 qua:
2975 5270 3167 5324 litteris
3194 5268 3496 5341 minoribus

158 5342 545 5413 ammentis,
574 5339 646 5413 ad
666 5339 893 5413 vernum,
914 5341 1192 5413 descripsit
1214 5355 1283 5395 ex
1308 5342 1602 5398 annalibus
1627 5345 2052 5413 Aquicinctinis,
2083 5346 2179 5401 ubi
2204 5347 2390 5402 eadem
2417 5347 2605 5401 multis
2644 5339 2899 5399 manibus
2923 5342 3108 5398 cowvis
3149 5345 3380 5394 exarata
3406 5339 3490 5391 le-

153 5416 382 5476 guntur.
476 5409 549 5444 ⁴⁶²
576 5412 657 5464 ita
683 5409 793 5466 cod.
880 5411 950 5445 “3
980 5410 1083 5465 sub
1113 5414 1301 5467 unone
1335 5413 1448 5469 cod.

1722 5512 1932 5571 NOTAE.

226 5612 371 5681 (476)
410 5614 501 5689 Α..-
543 5613 703 5669 1227.
746 5613 1003 5688 Plerique
1062 5616 1318 5672 Perrona:
1386 5623 1603 5689 captum
1661 5634 1807 5675 mor-

155 5690 419 5756 tuumque
448 5684 667 5741 dicunt.

1908 5627 1914 5633 ‘
1992 5619 2137 5687 (477)
2169 5620 2225 5674 lu
2260 5618 2485 5692 regione
2514 5620 2869 5676 Tornacensi.
