3876 6208
345 272 447 327 347
1558 267 1899 322 SlGEBERTl
1940 266 2451 321 GEMBLACENSIS.
3570 272 3678 328 348

341 411 432 450 ses
459 395 710 452 fecerunt
738 397 788 451 ei
839 396 1153 469 homagium
1194 395 1339 449 sicut
1374 394 1583 461 comiti,
1644 400 1699 450 et
1729 394 1948 449 tandem
1976 394 2375 467 AAlbigenses
2427 409 2551 448 cum
2603 394 2789 448 multis
2865 394 3167 462 nobilibus,
3230 404 3338 451 tam
3391 398 3678 469 episcopis

342 489 564 545 intravit
598 491 835 546 insulam
884 507 1009 546 cum
1049 490 1284 544 maximo
1328 489 1589 545 comitatu
1622 498 1677 544 et
1723 504 1955 560 appara-
2052 505 2216 562 quam
2256 488 2624 561 principibus,
2662 488 2925 546 videlicet
2942 490 3362 564 archiepiscOpo
3404 493 3674 549 Remensi

344 590 419 635 tu.
475 582 778 637 Ludovicus
818 590 997 637 autem
1039 598 1135 635 rex
1174 582 1420 647 Francie,
1478 580 1622 635 fama
1676 581 1796 652 ejus
1852 597 1954 635 au-
2052 580 2341 636 Guillelmo
2391 580 2459 635 de
2509 581 2658 636 lovis
2686 581 2817 636 villa
2861 581 3025 653 (478).
3075 624 3087 637 .
3134 624 3147 637 .
3194 625 3206 637 .
3254 625 3266 638 .
3314 626 3327 640 .
3371 585 3443 619 ⁴⁶⁶
3471 591 3529 639 et
3572 586 3676 639 Ga-

342 673 476 733 dita.
507 673 654 727 diem
680 673 732 728 ei
771 675 916 744 apud
952 674 1220 728 Peronam
1267 673 1593 745 assignavit,
1651 678 1709 727 ut
1747 688 1952 747 cogno-
2052 669 2587 727 rinoSilvanectensi
2624 670 2890 741 episcopo
2916 670 3006 737 “7,
3039 670 3295 742 Philippo
3322 672 3672 739 Boloniensi,

343 771 523 818 sceret
546 780 694 831 cum,
749 766 842 838 qui
892 765 1113 820 dicebat
1157 781 1217 819 se
1256 781 1377 819 esse
1417 764 1750 819 avunculum
1807 765 1953 836 regis
2052 758 2301 813 Guidone
2330 759 2513 814 Sancti
2549 758 2701 814 Pauli
2740 759 3059 825 comitibus,
3083 766 3140 816 et
3173 760 3360 815 multis
3393 762 3517 818 aliis
3563 769 3677 816 tam

346 853 598 922 predicti,
637 861 692 909 et
717 864 776 909 ut
805 856 1006 910 faceret,
1034 856 1084 909 ci
1133 855 1378 909 debitum
1414 854 1729 927 homagium
1760 854 1827 908 de
1858 869 1951 909 co.
2052 847 2270 903 clericis
2307 864 2472 919 quam
2519 848 2702 915 laicis;
2737 849 2832 920 qui
2887 849 3212 905 Avinionem
3244 850 3593 906 obsederunt
3622 859 3681 906 et

345 941 538 996 mitatu
569 942 909 1007 Flandrensi,
941 943 987 996 si
1016 949 1364 997 essetcomes
1396 942 1645 996 Flandrie
1678 942 1951 996 veniendo
2052 948 2338 1011 ceperunt.
2391 942 2500 996 Sed
2546 941 2603 995 in
2663 942 2960 998 obsidione
3009 958 3196 999 comes
3246 944 3426 999 Guido
3486 944 3680 1000 Sancti

343 1040 397 1083 et
428 1031 711 1086 redeundo
737 1048 951 1086 secure.
979 1031 1220 1085 Tandem
1254 1030 1486 1084 veniens
1527 1047 1625 1101 per
1646 1031 1855 1095 horam,
1900 1037 1953 1085 et
2054 1032 2202 1087 Pauli
2252 1034 2490 1104 quadam
2545 1040 2700 1104 petra
2752 1033 3090 1107 mangonelli
3141 1049 3439 1105 percussus
3477 1042 3567 1089 est
3624 1042 3682 1089 et

342 1120 604 1174 audacter
639 1136 913 1190 apparens
945 1137 1129 1175 coram
1173 1136 1301 1195 rege
1331 1120 1606 1175 Ludovico
1637 1130 1691 1174 et
1720 1120 1951 1174 consilio
2054 1124 2394 1180 interfectus.
2449 1126 2561 1180 Rex
2612 1140 2743 1181 vero
2781 1125 3090 1181 Ludovicus
3127 1133 3184 1181 et
3208 1125 3364 1181 multi
3420 1126 3518 1181 alii
3562 1132 3675 1180 tam

341 1212 482 1279 ejus,
513 1212 565 1266 in
600 1213 810 1283 palacio
841 1214 1013 1284 ipsius
1043 1213 1205 1283 regis,
1243 1213 1430 1268 multis
1460 1212 1949 1283 interrogantibus,
2050 1215 2235 1271 clerici
2263 1216 2331 1250 ⁸⁸⁸
2363 1215 2379 1285 [
2406 1231 2571 1286 qua-n
2613 1215 2735 1271 laici
2766 1215 2821 1269 in
2855 1216 3079 1288 regione
3108 1216 3201 1271 illa
3231 1231 3448 1273 veneno
3486 1217 3677 1287 perie-

342 1307 682 1361 examinatus
700 1314 800 1376 est,
838 1309 935 1363 sed
974 1308 1359 1363 certitudinem
1417 1307 1621 1361 nullam
1645 1307 1948 1376 respondit.
2054 1313 2210 1371 runt;
2258 1314 2313 1361 et
2337 1322 2536 1378 corpus
2563 1307 2708 1380 regis
2734 1307 2966 1362 latenter
2991 1314 3045 1361 et
3073 1314 3231 1362 caute
3273 1308 3341 1361 ad
3367 1308 3677 1363 ecclesiam

346 1395 497 1449 Unde
532 1395 780 1465 pluribus
811 1399 1154 1469 argumentis
1194 1405 1277 1452 est
1313 1397 1616 1461 convictus,
1676 1396 1823 1467 quod
1851 1396 1953 1450 do-
2054 1395 2200 1450 beati
2246 1395 2475 1451 Dionisii
2523 1395 2580 1449 in
2638 1395 2864 1450 Francia
2925 1398 3008 1449 est
3048 1394 3312 1461 delatum,
3367 1402 3423 1450 et
3463 1396 3683 1450 honore

344 1486 459 1541 lose
487 1493 675 1559 ageret
695 1496 750 1541 et
794 1502 890 1557 per
919 1488 1106 1543 omnia
1139 1488 1482 1553 mentiretur,
1528 1494 1582 1542 et
1624 1488 1695 1541 ita
1728 1488 1955 1542 recessit
2054 1487 2206 1561 regio
2240 1487 2587 1542 tumulatum.

344 1592 467 1631 cum
510 1579 747 1649 pudore;
806 1586 861 1633 et
914 1580 1194 1649 prodictus
1226 1597 1321 1634 rex
1356 1580 1601 1635 districte
1634 1588 1954 1651 preceperat
2007 1587 2010 1589 λ

343 1669 546 1730 eidem,
579 1670 728 1741 quod
759 1670 829 1725 de
871 1678 1011 1725 terra
1033 1687 1129 1725 sua
1164 1671 1714 1728 recederetindilate.
1750 1671 1951 1725 Eodem

346 1770 526 1817 autem
560 1764 671 1826 die,
719 1780 828 1834 quo
882 1765 1191 1820 licentiatus
1242 1774 1322 1821 est
1362 1783 1393 1820 a
1435 1783 1585 1839 rege,
1632 1772 1740 1819 tam
1770 1766 1837 1820 de
1865 1766 1954 1821 die

2124 1618 2282 1672 1227.
2344 1620 2501 1689 (Ann.
2562 1621 2698 1689 Aq.)
2759 1619 3015 1675 Dedicata
3062 1628 3145 1675 est
3183 1620 3420 1676 ecclesia
3513 1621 3681 1677 beate

1977 1723 2026 1791 Β
2056 1713 2222 1770 Marie
2265 1714 2413 1785 apud
2450 1715 2830 1786 Aquicinctum
2867 1732 2895 1769 ει
2952 1716 3255 1771 venerabili
3287 1724 3446 1788 patre
3479 1716 3681 1772 Pontio

2058 1803 2401 1858 Atrebatensi
2423 1802 2708 1874 episcopo.

348 1869 512 1923 quam
544 1862 705 1909 nocte
734 1854 1070 1909 Valencenas
1117 1856 1267 1911 venit
1298 1857 1365 1891 ⁸⁸⁸
1397 1856 1544 1911 unde
1573 1855 1756 1910 furtim
1786 1862 1839 1909 et
1868 1856 1955 1910 la-

350 1948 528 1996 tenter
580 1942 859 2014 al‘fugavit.
924 1943 1039 2007 Quo
1097 1944 1306 2009 audito,
1376 1944 1627 1999 Johanna
1676 1942 1955 1997 comitissa

346 2032 698 2088 Flandrensis
728 2043 885 2088 caute
926 2034 1053 2089 fecit
1081 2036 1237 2105 queri
1270 2035 1541 2101 eundem;
1600 2034 1695 2106 qui
1738 2035 1957 2089 tandem

347 2129 598 2194 repertus
648 2132 750 2188 est,
808 2133 863 2178 et
910 2126 976 2178 ad
1035 2125 1238 2179 dictam
1299 2126 1633 2180 comitissam
1692 2125 1959 2179 adductus

346 2214 491 2284 apud
537 2215 804 2279 insulam;
854 2214 949 2269 ubi
998 2215 1067 2270 de
1127 2216 1357 2271 consilio
1408 2216 1676 2271 haronum
1727 2231 1953 2269 suorum

341 2303 622 2371 judicatus
661 2313 744 2360 est
772 2313 825 2361 et
855 2306 1206 2377 dampnatus,
1245 2305 1394 2377 quod
1435 2322 1557 2360 cum
1590 2306 1750 2376 equis
1783 2306 1958 2360 trahe-

349 2403 498 2451 retur
525 2403 673 2451 extra
717 2396 920 2464 villam,
968 2404 1023 2452 et
1075 2397 1545 2468 suspenderetur;
1583 2404 1637 2451 et
1692 2398 1763 2451 ita
1795 2396 1955 2450 vitam

348 2486 641 2542 infeliciter
667 2489 1088 2544 consummavit.

417 2580 556 2633 1226
612 2581 699 2634 ⁸⁵⁵.
760 2581 1066 2636 Ludovicus
1116 2595 1207 2635 rex
1262 2580 1541 2651 profectus
1570 2590 1652 2635 est
1696 2580 1959 2634 adversus

2129 1916 2285 1971 1234.
2340 1918 2465 1987 (Ιὸ.)
2523 1916 2709 1971 Idibus
2753 1916 2954 1987 Aprilis
3021 1915 3161 1972 obiit
3236 1917 3329 1987 pie
3408 1918 3683 1972 memorie

2060 2009 2297 2066 domnus
2329 2010 2538 2077 Simon,
2586 2009 2759 2064 abbas
2807 2016 2995 2065 noster
3037 2008 3183 2075 12118,
3234 2009 3317 2064 vir
3353 2008 3523 2065 valde
3556 2009 3685 2064 reli-

2059 2103 2270 2173 giosus,
2302 2102 2568 2158 honestus
2598 2108 2652 2156 et
2691 2101 2976 2172 providus,
3024 2102 3119 2172 qui
3152 2101 3447 2157 ecclesiam
3508 2103 3680 2173 Aqui-

2058 2193 2394 2248 cinctensem
2411 2193 2483 2248 25
2511 2192 2675 2246 annis
2698 2191 3083 2247 strenuissime
3120 2192 3279 2246 rexit.
3337 2192 3433 2246 Cui
3465 2208 3682 2248 succes-

2057 2285 2130 2339 sit
2171 2285 2408 2341 domnus
2443 2284 2770 2338 Wilhelmus
2826 2283 2954 2338 13ιιει
2984 2283 3176 2349 abbas,
3222 2283 3479 2354 predicto
3508 2300 3684 2339 vene-

2060 2373 2218 2428 rabili
2252 2380 2405 2443 patre
2425 2379 2716 2443 susceptus
2741 2372 2795 2426 in
2823 2373 3180 2426 monachum.

2134 2489 2285 2546 1137.
2359 2490 2484 2557 (1b.)
2540 2489 2794 2543 Johanna
2849 2488 3127 2545 comitissa
3176 2488 3431 2544 Flandrie
3468 2489 3683 2560 accepit

2059 2579 2313 2633 maritum
2351 2578 2611 2634 Thomam
2639 2576 2861 2634 fratrem
2901 2577 3121 2634 comitis
3142 2577 3443 2633 Sabaudie.

1698 2687 1916 2741 VAlllrE
1949 2685 2324 2741 LECTIONES.

417 2788 485 2821 ‘5‘
515 2789 654 2842 deest
708 2788 823 2843 cod.
906 2789 973 2822 *σε
1004 2788 1281 2843 MCCXXV.
1328 2789 1442 2842 cod.
1508 2787 1577 2821 ⁸⁸⁵
1605 2789 1690 2841 hic
1720 2804 1907 2841 nomen
1942 2787 2167 2855 aliquod
2204 2788 2439 2855 episcOpi
2489 2800 2724 2841 erasum.
2807 2784 2874 2820 ⁸⁸⁷
2906 2787 2985 2839 ita
3010 2790 3300 2841 correctum
3354 2788 3412 2839 in
3462 2786 3580 2841 cod.
3613 2803 3680 2841 ea:

348 2858 627 2928 episcOpis
707 2860 775 2893 ⁴⁶⁸
801 2862 897 2913 Hic
922 2860 1119 2913 desiuit
1148 2860 1380 2913 ultimus
1410 2858 1607 2912 codicis
1638 2861 1942 2927 quaternio,
1962 2862 2058 2927 qui
2087 2858 2156 2911 ab
2180 2860 2339 2912 initio
2377 2861 2613 2926 quatuor
2650 2860 2861 2911 tantum
2898 2857 3007 2924 fuit
3045 2857 3303 2923 foliorum
3335 2874 3349 2909 :
3392 2858 3542 2911 unde
3569 2873 3688 2927 qua

343 2930 465 2998 jam
489 2930 711 2998 perdita
739 2935 885 2994 sunt,
917 2946 1023 2983 non
1048 2934 1127 2984 ita
1164 2932 1336 2983 multa
1358 2930 1533 2993 fuisse
1572 2935 1817 2998 apparet.
1851 2931 2223 2997 Supplevimus
2276 2945 2339 2982 ea
2368 2943 2436 2982 ea:
2464 2929 2768 2983 Annalibus
2797 2929 3201 2998 Aquicinctinis
3228 2933 3278 2982 et
3305 2944 3374 2981 ea:
3400 2931 3681 2983 continua-

353 3003 493 3053 tione
514 3002 793 3065 Bergensi,
815 3003 999 3055 statim
1027 3001 1387 3070 subjoeienda,
1419 3015 1538 3068 qua
1559 3000 1634 3052 ad
1654 3001 1865 3054 verbum
1880 3017 1949 3053 ea:
1972 3005 2148 3054 nostro
2178 3000 2354 3054 codice
2374 3003 2618 3069 excepta,
2652 3000 2893 3070 Annales
2914 3001 3058 3068 ipsos
3088 3013 3193 3053 non
3217 2999 3506 3063 adhibuit;
3536 3001 3680 3053 unde

354 3086 472 3140 qua:
509 3073 567 3124 in
594 3071 693 3123 illa
731 3073 1130 3125 continuatione
1165 3074 1394 3140 itemque
1415 3075 1471 3123 in
1500 3071 1795 3125 Annalibus
1832 3072 2105 3139 leguntur,
2151 3072 2334 3125 eadem
2372 3075 2417 3123 et
2439 3073 2496 3124 in
2531 3070 2602 3123 85
2630 3069 2803 3138 fuisse
2833 3074 3053 3141 oportet.
3085 3070 3221 3126 Sunt
3239 3075 3421 3125 autem
3448 3086 3535 3137 ea,
3568 3088 3689 3140 quae

352 3157 520 3211 supra
552 3144 766 3196 uncinis
793 3143 1132 3197 inclusimus.
1911 3212 2097 3267 NOTAE

427 3284 549 3354 (478
590 3282 870 3338 Joinville.

1073 3599 2041 3705 CONTINUATIO
2143 3598 2957 3704 BERGENSIS.

419 3829 483 3882 In
502 3828 683 3904 codice
716 3829 843 3895 ΒΨ,
868 3830 990 3899 jam
1017 3832 1314 3901 deperdita,
1346 3848 1413 3886 ea:
1450 3834 1523 3889 [35
1547 3836 1834 3904 descripto,
1864 3833 2261 3886 continuationi
2308 3833 2397 3885 illi
2451 3847 2717 3888 annorum
2770 3830 3075 3889 1201-1237
3118 3845 3289 3900 supra
3339 3831 3507 3904 edita
3532 3837 3690 3888 notas

348 3900 633 3954 historicas
663 3902 724 3954 in
752 3904 997 3976 margine
1022 3908 1070 3956 et
1102 3906 1251 3958 intra
1280 3904 1446 3959 lineas
1475 3900 1813 3976 interspersit
1838 3904 2232 3976 monachusus.
2254 3905 2833 3976 WinnociBergensis,
2860 3918 3252 3976 nonnunquam
3277 3903 3389 3956 sibi
3428 3907 3544 3973 ipsi
3564 3908 3689 3959 visa

352 3986 610 4046 narrans,
635 3975 696 4026 ut
725 3988 778 4025 a.
805 3972 1115 4046 1220ch
1141 3978 1326 4030 statim
1355 3972 1657 4046 postquam
1672 3978 1879 4044 scripta
1916 3979 2061 4036 sunt,
2103 3973 2407 4029 Willelmus
2439 3975 2604 4028 abbas
2626 3975 2928 4046 Andrensis
2956 3976 3015 4027 in
3046 3975 3344 4031 Chronicon
3363 3972 3693 4031 mo'mzsterii

350 4045 437 4096 sui
467 4041 609 4111 (479)
641 4046 837 4112 recepit
864 4045 936 4097 ad
962 4045 1219 4107 litteram,
1241 4041 1713 4115 exceptis'tantum
1738 4041 1808 4101 iis
1838 4046 2067 4115 quasub
2100 4050 2252 4100 textu
2281 4046 2659 4099 indicavimus.
2694 4048 2781 4100 Ea:
2802 4045 3069 4099 Willelmo
3100 4048 3294 4099 iterum
3322 4050 3691 4115 transumpsit

352 4115 573 4183 lperius
619 4116 818 4169 Saculo
847 4132 935 4168 xvi
963 4117 1255 4172 monachus
1285 4118 1341 4172 S.
1374 4120 1519 4172 Petri
1563 4119 1862 4175 Gandensis
1904 4116 2063 4170 B5".
2109 4117 2343 4171 codicem
2372 4119 2685 4183 Bergensem
2715 4117 3005 4187 descripsit
3032 4117 3157 4170 inde
3184 4116 3252 4170 ab
3282 4132 3336 4169 a.
3376 4116 3520 4172 1149
3547 4135 3561 4170 :
3594 4120 3694 4172 sed

352 4190 645 4258 tanta‘cum
672 4188 980 4251 ignorantia
1010 4188 1316 4242 additiones
1345 4191 1650 4256 Bergenses,
1677 4189 2124 4258 Aquicinensibus
2161 4188 2350 4257 procul
2373 4189 2536 4242 dubio
2563 4191 2645 4242 uti
2672 4191 2908 4255 spatium
2960 4190 3284 4257 permiserat
3337 4189 3685 4255 intersertas,

350 4272 468 4310 eum
509 4256 593 4329 his
622 4258 680 4309 in
706 4273 875 4311 unum
895 4257 1197 4327 conjunxit,
1225 4264 1283 4313 ut
1313 4276 1525 4315 summa
1560 4261 1688 4314 inde
1719 4256 2015 4329 temporum
2043 4256 2286 4326 confusio
2309 4261 2565 4315 oriretur.
2598 4260 2771 4325 Quam
2800 4274 2895 4313 nos
2925 4256 3190 4313 intactam
3210 4259 3596 4328 relinquentes,
3631 4264 3689 4315 in

350 4328 599 4395 margine
636 4328 816 4395 (479*)
855 4329 1032 4383 ubivis
1064 4335 1230 4384 rectos
1257 4346 1425 4385 annos
1454 4348 1521 4385 ea:
1553 4328 2130 4388 Chronico’Andrensi
2161 4331 2541 4384 indicavimus.
2588 4331 2734 4384 Idem
2782 4329 2925 4385 85"
2969 4334 3149 4384 nostro
3176 4331 3292 4383 sine
3335 4332 3457 4384 ulla
3484 4332 3689 4386 distin-

348 4399 838 4472 ctioneJadjunatit,
862 4403 1027 4469 quasi
1054 4417 1221 4455 unum
1254 4407 1406 4469 esset,
1430 4419 1562 4471 opus
1576 4404 1739 4472 plane
1770 4405 2039 4455 diversum
2065 4417 2327 4455 annorum
2349 4401 2670 4454 1222-1228
2695 4404 2979 4470 con/latam
3004 4416 3072 4455 ea:
3102 4402 3414 4456 Annalibus
3440 4403 3685 4457 Blandi-

349 4470 626 4525 niensibus
656 4472 727 4524 ad
762 4471 983 4526 verbum
1011 4473 1320 4542 descriptis,
1347 4489 1374 4526 e
1413 4470 1684 4528 Balduino
1711 4475 2007 4530 Ninovensi
2032 4478 2082 4527 et
2106 4488 2133 4525 e
2175 4474 2413 4529 Μαινιίηο
2449 4473 2669 4536 Polono,
2693 4475 2887 4541 quibus
2914 4488 3189 4542 perpauca
3217 4476 3434 4528 tantum
3464 4474 3690 4529 aliunde

345 4544 516 4610 petita
536 4543 881 4608 inseruntur;
914 4544 1205 4611 nondigna
1237 4548 1549 4615 compilatio
1579 4560 1700 4615 quis
1727 4546 1938 4601 edatur.

425 4669 601 4743 [1202]
644 4672 786 4727 Obiit
828 4672 918 4744 pie
959 4673 1225 4729 memorie
1283 4673 1612 4729 Wilhelmus
1673 4673 2033 4745 RemensisC
2064 4672 2329 4743 pericula,
2362 4673 2585 4728 tandem
2621 4672 2863 4728 Accaron
2920 4671 3211 4743 applicuit,
3253 4672 3449 4745 ibique
3512 4673 3687 4748 longa

350 4762 822 4833 archiepiscopus.
2064 4762 2376 4833 egritudine
2407 4770 2679 4817 macerata
2693 4760 2946 4832 spiritum
2978 4760 3226 4816 exalavit.
3267 4759 3446 4832 [1203]
3471 4762 3688 4819 Johan-

424 4848 602 4923 11204]
640 4851 794 4906 Anno
817 4852 1030 4908 Domini
1067 4853 1207 4908 1202
1263 4854 1505 4909 Domnus
1549 4853 1717 4909 Adam
1765 4885 1829 4893 —
1865 4852 1961 4908 Ro-
2065 4868 2162 4907 nes
2201 4867 2292 4907 rex
2320 4850 2532 4923 Anglic,
2580 4850 2918 4906 Normannia
2937 4856 2990 4904 et
3038 4848 3371 4920 Aquitannia
3397 4865 3525 4906 cum
3547 4851 3685 4906 uni-

351 4954 641 4994 manorum
669 4939 836 5010 (480).
2063 4940 2236 4995 versis
2274 4938 2613 5011 appenditiis
2640 4937 2865 5004 relictis,
2899 4946 3177 5010 tamquam
3227 4938 3297 4992 ad
3328 4938 3530 4993 asilum
3548 4954 3682 4995 con-

426 5027 602 5099 [1208]
634 5029 789 5083 Anno
818 5029 1030 5086 Domini
1064 5031 1202 5088 1203
1228 5033 1333 5089 hoc
1359 5048 1504 5088 anno
1546 5031 1957 5087 Wilhelmus—

350 5135 515 5190 supra
546 5119 801 5174 diximus.
831 5120 1006 5192 [1203]
1052 5122 1221 5179 Maria
1263 5140 1399 5181 uxor
1441 5124 1671 5196 predicti
1703 5123 1957 5179 Balduini

350 5210 583 5281 comitis,
627 5212 810 5283 neptis
851 5211 1087 5286 Philippi
1134 5216 1360 5273 illustris
1404 5218 1548 5290 regis
1593 5216 1841 5285 Francie,
1879 5218 1960 5273 vi-

351 5319 472 5359 rum
513 5319 677 5361 suum
724 5302 993 5375 insecuta,
1040 5307 1211 5363 multa
1262 5309 1450 5382 gravia
1488 5324 1752 5380 perpessa
1797 5309 1963 5365 maris

2063 5031 2302 5105 fugiens,
2354 5046 2503 5086 mare
2555 5029 2817 5085 velociter
2876 5029 3071 5084 transit
3108 5029 3164 5083 in
3201 5029 3457 5104 Angliam
3509 5030 3681 5085 venit.

2061 5124 2155 5191 [12
2182 5121 2249 5196 ι1[
2291 5122 2560 5179 Balvotini
2587 5122 2813 5178 domum
2852 5121 3060 5177 domne
3111 5120 3385 5176 Mathildis
3412 5122 3685 5196 Portuga-

2062 5215 2234 5271 lensis
2284 5216 2494 5290 regine,
2536 5214 2890 5270 Flandrensis
2927 5213 3229 5280 comitisse,
3278 5214 3429 5285 apud
3491 5214 3684 5269 Furnis

2060 5307 2466 5364 succenderunt
2481 5307 2611 5363 etin
2644 5306 2887 5363 cinerem
2911 5305 3253 5380 redigerunt.
3303 5306 3420 5371 Que
3460 5316 3684 5379 propter

1903 5418 2114 5487 ΝΟΤᾸΕ.

422 5514 563 5583 (479)
604 5514 757 5580 Quod
803 5530 830 5567 e
887 5513 1165 5569 Chronicis
1206 5517 1263 5571 S.
1310 5517 1518 5571 Bertini
1548 5526 1597 5573 et
1652 5521 1955 5573 vicinarum

350 5585 697 5661 ecclesiarum
722 5589 972 5661 inuitam
992 5599 1254 5641 summam
1276 5587 1601 5656 collegimus,
1626 5596 1686 5644 ut
1716 5589 1833 5661 ipse
1859 5590 1954 5657 ait,

353 5656 406 5709 in
432 5656 684 5728 Dachery
716 5654 906 5728 Spicil.
944 5671 999 5707 ιι.

440 5673 651 5711 uacner
716 5673 906 5728 splen.
944 5673 999 5707 ιι.

421 5673 732 5798 (479⁸)1ἕοε
788 5728 845 5784 in
886 5731 1058 5793 textu,
1120 5724 1262 5784 inter
1290 5744 1479 5784 uncos.
1537 5731 1662 5786 Enn
1693 5731 1923 5788 ΡΑτιιοι..

2139 5517 2286 5598 (480)
2329 5519 2458 5582 Qua:
2498 5533 2563 5572 ex
2592 5514 2949 5598 Aquicinensi
2997 5514 3067 5569 ad
3106 5514 3335 5598 verbum
3387 5515 3682 5598 descripsit

2066 5596 2277 5656 noster,
2331 5604 2522 5645 eorum
2588 5587 2765 5659 prima
2818 5594 3030 5659 tantum
3082 5587 3332 5643 ultimate
3379 5590 3558 5643 verba
3581 5587 3681 5640 ’hic

2063 5660 2368 5742 posuimus,
2392 5658 2941 5742 _litteris;minoribus
2967 5673 3251 5729 expressa,
3283 5674 3408 5715 cum
3475 5659 3681 5731 integra

2056 5730 2170 5802 jam
2203 5732 2258 5787 in
2289 5750 2343 5803 p.
2378 5730 2619 5800 436,637
2652 5731 2923 5806 legantur.
