3876 6208
142 242 233 297 319
1118 251 1461 309 CHRONICA.
1505 288 1571 297 —
1615 258 2048 314 CONTINUATIO
2088 258 2468 313 BERGENSIS.
3359 260 3464 317 350

142 378 369 432 dedecus
396 377 505 432 sibi
544 379 751 435 illatum
801 382 955 449 irata,
990 398 1321 461 congregato
1376 394 1546 449 multo
1586 409 1745 450 exer-
1770 399 1819 467 Α
1849 393 2052 468 [1213]
2095 393 2381 465 Philippus
2420 409 2511 448 rex
2565 394 2892 450 Francorum
2927 394 3178 459 collecto
3219 393 3463 449 exercitu

141 474 262 539 citu,
290 474 416 529 illos
438 475 679 533 factores
704 480 965 549 quesivit,
995 490 1049 537 et
1078 487 1223 555 apud
1253 488 1436 543 villam
1470 490 1741 546 llouthem
1844 498 1899 547 et
1925 490 2145 563 navigio
2174 505 2395 563 magno,
2425 506 2549 543 eum
2578 488 2735 543 multi
2777 505 2900 544 cum
2930 489 2984 543 in
3016 489 3263 564 Angliam
3291 499 3465 545 trans-

141 566 190 618 in
221 565 336 619 loco
365 565 461 636 qui
486 566 646 622 Holin
681 568 882 623 dicitur
910 586 1006 625 eos
1037 571 1313 631 invenitet
1335 577 1574 634 obsedit.
1845 582 2044 638 fretare
2084 589 2363 653 putarent,
2396 581 2533 650 ipse,
2582 586 2787 635 mutato
2833 589 2893 635 ut
2933 580 3220 636 videbatur
3258 597 3463 652 propo-

202 655 393 729 [1312.]
428 659 594 714 Anno
631 660 845 716 Domini
874 662 1030 731 120.1,
1086 665 1406 724 Fernandus
1444 672 1512 725 de
1550 672 1744 728 Porlu-
1844 675 1973 742 sito,
2006 682 2181 729 totum
2213 674 2515 729 exercitum
2549 689 2706 727 suum
2769 672 2825 726 in
2858 672 3163 726 Flandriam
3204 672 3376 739 duxit,
3410 682 3465 729 et

137 750 250 822 galli
295 758 511 821 accepit
557 767 782 807 uxorem
827 753 1142 812 Jehannam
1200 762 1536 818 comitissam
1581 765 1743 819 Flan-
1844 767 2087 837 acceptis
2113 766 2459 820 obsidibusa
2486 764 2808 820 melioribus
2828 763 3269 830 castris,scilicet
3298 765 3461 835 Ypra,

137 842 374 931 drcnscm
406 852 463 897 et
498 845 865 903 llainoensem
923 849 1122 923 [1205.]
1167 853 1467 910 Balduinus
1498 857 1668 928 imper

1936 860 2103 915 idavo
2144 868 2199 915 et
2228 860 2440 931 Brugis,
2472 860 2526 913 in
2561 860 2844 914 Franciam
2907 858 3088 914 rediit.
3143 858 3268 914 Post
3309 858 3467 930 cujus

140 940 212 985 tor
264 930 910 1006 ConstantinOpolitanus
976 956 1008 995 a
1075 941 1327 998 Johanne
1374 956 1743 1017 cognomento
1844 965 2119 1004 recessum
2170 930 2361 1003 comes
2392 947 2643 1002 Flandrie
2676 947 2997 1002 Fernandus
3024 952 3201 1002 castra
3234 962 3334 1001 sua
3377 962 3466 1000 re-

140 1020 282 1115 Blalre
313 1020 368 1074 in
410 1021 679 1115 conflictu
736 1025 882 1081 inter
914 1044 973 1083 se
1026 1029 1323 1087 commisso
1372 1041 1564 1104 captus
1618 1034 1740 1100 fuit,
1850 1042 2017 1112 cepit.
2051 1042 2244 1097 Postea
2274 1040 2513 1095 domnus
2544 1040 2852 1096 Ludovicus
2882 1040 3289 1115 primogenitus
3321 1040 3466 1112 regis

139 1108 258 1162 nulli
288 1110 574 1205 posteade
604 1112 720 1167 suis
749 1129 1095 1185 comparens.
1126 1118 1326 1192 [1205.]
1350 1120 1495 1175 Obiit
1528 1123 1750 1178 Baldui-
1852 1108 2074 1189 Francia
2105 1134 2283 1187 villam
2314 1149 2479 1203 supra
2510 1149 2679 1198 mare,
2738 1149 2847 1205 que
2880 1108 3095 1187 dicitur:
3121 1133 3304 1187 Novus
3334 1108 3465 1202 μίξιν.

138 1214 228 1296 Pus
253 1215 437 1254 οοῐηοε
470 1202 755 1296 (ξξδῐιθηδίε
782 1207 813 1259 7
855 1207 1036 1263 NOD88
1074 1210 1344 1278 Januarii.
1376 1218 1431 1267 θι
1461 1215 1606 1283 amid
1638 1216 1749 1269 All~
1851 1232 1957 1291 tus,
1989 1232 2044 1280 et
2075 1225 2340 1296 quasdam
2386 1202 2559 1289 alias,
2592 1202 2803 1280 scilicet
2856 1224 3143 1279 Balliolum
3194 1231 3249 1277 et
3305 1223 3462 1278 Sten-

138 1292 325 1391 drenes
346 1294 638 1364 sepelitur.
689 1295 921 1353 Obsessa
959 1308 1043 1355 est
1094 1301 1223 1356 villa
1252 1304 1594 1376 Bergensisa
1634 1307 1750 1362 Bla-
1850 1313 1975 1381 fort,
2026 1292 2121 1384 pro
2150 1329 2345 1386 magna
2380 1319 2533 1383 parte
2585 1312 2889 1367 combussit
2926 1319 2981 1365 et
3009 1310 3330 1373 devastavit.
3367 1311 3462 1365 ubi

137 1383 376 1456 votingis,
432 1392 633 1440 contra
675 1403 816 1458 quos
865 1391 1025 1460 pauci
1066 1393 1472 1469 lsengrinorum
1517 1399 1745 1469 egressi,
1849 1404 1991 1474 capti
2025 1383 2705 1459 fuerunt—innumerabiles
2744 1402 3031 1473 utriusque
3062 1416 3224 1455 sexus
3284 1400 3464 1455 homi-

138 1474 250 1528 ilico
280 1474 335 1528 in
368 1475 557 1548 fugam
605 1481 747 1534 versi
783 1489 932 1547 sunt,
991 1491 1045 1538 et
1089 1501 1233 1540 unus
1274 1487 1742 1562 Blavotingorum,
1848 1512 1967 1551 nes.
2002 1494 2209 1549 Deinde
2239 1494 2429 1564 paucis
2459 1494 2693 1548 evolutis
2724 1492 2939 1559 diebus,
2994 1507 3182 1547 comes
3207 1491 3462 1546 Flandrie

136 1569 388 1625 Gerardus
435 1572 534 1626 Fal
587 1575 834 1644 nomine,
885 1578 1083 1634 videns
1126 1582 1308 1638 socios
1365 1600 1495 1640 suos
1522 1593 1650 1640 ante
1683 1603 1744 1642 se
1845 1587 2120 1642 civitatem
2177 1587 2580 1640 Tornacensem
2625 1586 2790 1655 cepit.
2849 1584 3120 1639 Honorius
3159 1614 3224 1623 —
3279 1583 3465 1637 indul-

139 1671 404 1719 currentes
428 1704 443 1731 ,
515 1671 720 1735 putans
785 1684 906 1725 esse
952 1670 1076 1727 illos
1132 1672 1385 1730 inimicos
1443 1675 1736 1749 fugientes,
1770 1723 1814 1753 η
1841 1680 2044 1753 gentiis
2071 1680 2276 1749 [1219.]
2312 1679 2371 1733 in
2404 1678 2679 1733 territorio
2720 1678 2902 1732 Sancti
2931 1677 3079 1731 Pauli
3110 1692 3303 1731 mense
3343 1678 3459 1731 Au-

138 1765 323 1826 septem
358 1760 569 1816 occidit
591 1777 656 1816 ex
682 1763 838 1834 ipsis.
882 1765 1078 1821 Postea
1119 1768 1409 1843 Isengrini,
1443 1773 1741 1842 resumptis
1767 1760 1818 1790 ”
1839 1779 2000 1843 gusto
2055 1775 2205 1823 tanta
2264 1767 2549 1823 inundatio
2605 1767 2787 1837 pluvie
2827 1766 2965 1821 facta
2995 1774 3097 1833 est,
3137 1774 3196 1820 ut
3245 1782 3458 1821 murum

136 1849 323 1906 viribus
349 1859 404 1907 et
432 1854 694 1921 audacia,
726 1857 974 1913 collectis
1003 1868 1215 1931 septem
1270 1863 1400 1917 viris
1456 1864 1508 1917 in
1543 1881 1667 1919 unui

1931 1860 2012 1913 ius
2043 1857 2206 1913 castri
2236 1872 2333 1928 pro
2372 1872 2574 1931 magna
2617 1862 2769 1926 parte
2808 1861 3100 1921 everteret,
3154 1854 3278 1909 aliis
3314 1855 3460 1911 villis

133 1954 342 2009 quorum
374 1942 484 1997 dux
538 1942 643 1999 fuit
681 1946 902 2016 quidam
948 1948 1110 2003 miles
1148 1950 1372 2005 nomine
1400 1951 1738 2008 Christianus
1839 1964 1962 2004 cum
2004 1947 2263 2002 domibus
2318 1946 2592 2000 universis
2642 1944 2948 1999 submersis
2986 1944 3074 1998 δτι.
3137 1942 3309 2014 [1214]
3361 1943 3450 1999 Jo-

134 2026 191 2081 de
240 2028 413 2094 Prato,
488 2047 693 2087 omnes
747 2034 1115 2109 Blavotingos,
1184 2054 1418 2110 quorum
1474 2056 1738 2097 numerus
1838 2040 2052 2096 hannes
2106 2056 2202 2094 rex
2246 2037 2438 2112 Anglie
2469 2052 2593 2092 cum
2641 2052 2839 2108 magno
2880 2034 3121 2090 exercitu
3173 2033 3450 2089 Pictavum

134 2120 221 2176 fuit
247 2124 467 2180 circiter
492 2142 598 2182 sex
621 2129 775 2184 milia
801 2130 1066 2198 virorum,
1108 2132 1436 2207 fugaverunt
1463 2136 1548 2188 ‘69.
1840 2133 2011 2199 venit,
2070 2138 2124 2187 et
2165 2130 2616 2186 confederatione
2674 2128 2815 2183 facta
2861 2144 2984 2181 cum
3040 2126 3453 2182 Pictavensibus

194 2212 382 2289 [1213.]
414 2219 582 2274 Anno
607 2221 823 2276 Domini
856 2223 995 2277 1205
1024 2224 1284 2282 edificare
1328 2229 1474 2299 cepit
1500 2229 1737 2286 domnus
1840 2224 2140 2295 castrisque
2181 2222 2434 2285 redditis,
2490 2222 2728 2276 domnus
2783 2236 2876 2273 rex
2936 2218 3165 2273 Francie
3218 2217 3449 2272 nimium

135 2303 300 2360 Simon
336 2306 513 2363 abbas
563 2309 934 2366 duodecimus
963 2312 1260 2368 claustrum
1329 2317 1526 2388 [1207.]
1574 2319 1733 2374 Lam-
1835 2317 2209 2381 exacerbatus,
2288 2314 2551 2369 domuum
2626 2312 2961 2367 Ludovicum
3020 2310 3446 2383 primogenitum

132 2394 293 2451 bertus
320 2398 656 2455 Morinensis
698 2402 994 2474 episcopus
1047 2407 1300 2475 moritur,
1334 2409 1423 2463 cui
1469 2410 1734 2465 successit
1834 2415 1887 2462 et
1921 2407 2311 2462 inarescalcum
2344 2405 2554 2458 ibidem
2576 2420 2699 2459 cum
2732 2402 2920 2456 multis
2950 2400 3220 2456 militibus
3255 2402 3323 2455 ad
3360 2417 3451 2454 re—

130 2484 380 2544 Johannes
405 2489 837 2547 archidiaconus
870 2509 1046 2565 nepos
1094 2494 1292 2565 ipsius.
1349 2498 1547 2569 [1209]
1602 2500 1733 2555 Pro-
1833 2496 2138 2553 sistendum
2162 2498 2212 2552 ei
2252 2496 2573 2551 transmisit.
2602 2492 3001 2564 Stipendiarios
3042 2506 3174 2546 suos
3212 2492 3449 2547 domnus

131 2580 231 2643 pter
259 2578 553 2632 ecclesiam
600 2577 1046 2638 Cantuariensem
1105 2592 1220 2641 tota
1269 2588 1462 2664 Anglia
1508 2590 1612 2644 sub
1653 2592 1735 2646 in-
1834 2606 1928 2645 rex
1957 2590 2185 2646 Francie
2211 2590 2280 2645 de
2312 2590 2500 2645 castris
2558 2585 2810 2642 Flandrie
2840 2584 3136 2640 revocavit.
3172 2585 3299 2639 Post
3346 2584 3448 2639 hec

131 2664 330 2722 terdicto
359 2668 544 2739 posita
590 2677 692 2737 est,
736 2672 902 2728 nullis
929 2675 1339 2733 celebrantibus
1389 2680 1573 2736 divina
1604 2698 1734 2752 pre-
1837 2680 2026 2751 paucis
2057 2679 2400 2750 interpositis
2429 2678 2648 2733 diebus.
2693 2675 3011 2731 Fernandus
3062 2689 3249 2730 comes
3289 2675 3451 2729 Flau-

131 2766 197 2812 ter
222 2759 633 2819 Cistercienses.
670 2764 870 2839 [1208.]
906 2770 965 2823 ln
1002 2772 1289 2841 provincia
1334 2774 1518 2830 Sancti
1550 2777 1727 2849 Egidii
1834 2768 1952 2822 dric
2005 2784 2129 2823 cum
2168 2783 2369 2843 magno
2419 2767 2664 2822 θΧθιὋίῐιι
2714 2772 2912 2820 terram
2957 2763 3178 2819 Αΐηοιάί
3228 2763 3448 2819 οοῐηίιίε

131 2855 312 2912 heresis
344 2859 729 2937 Albigensium
761 2864 980 2922 detecta
1022 2875 1126 2935 est,
1178 2871 1334 2940 cujus
1384 2872 1728 2943 professores
1829 2857 2111 2912 θίεηθηείδ
2141 2858 2423 2930 ingressus
2439 2864 2540 2910 θεία

129 2946 275 3001 virum
311 2950 698 3006 venerabilem
756 2953 997 3022 Petrum,
1046 2960 1348 3027 apostolica
1386 2940 1536 3017 sedis
1575 2963 1723 3036 lega-
1903 2944 2102 3018 [1222-]
2153 2948 2309 3001 Αηηο
2374 2944 2590 3000 Domini
2665 2943 2804 2997 1210
2846 2944 2991 3036 1.39m
3050 2940 3448 3036 _sum__f_qm.l_a'

128 3040 242 3102 tum,
277 3038 346 3092 ob
375 3038 790 3096 confessionem
846 3042 979 3097 .lesu
1044 3043 1239 3100 Christi
1289 3050 1547 3121 nequiter
1601 3032 1729 3122 per-
1753 3095 1796 3122 μ
1829 3046 2012 3093 menta
2042 3038 2276 3094 ecclesie
2331 3038 2494 3092 beate
2532 3035 2697 3091 Mario
2752 3036 2819 3090 14
2859 3033 3130 3089 Kalendas
3189 3032 3331 3099 Maii,
3365 3033 3445 3087 fe-

127 3097 368 3186 emerunt.
400 3130 613 3203 [1208.]
656 3132 944 3206 Philippus
994 3097 1658 3210 cognomenio‘S-uavus"

2026 3128 2224 3199 [1215]
2264 3126 2587 3181 Fredericus
2614 3142 2707 3181 rex
2752 3124 2949 3196 Apulie
2997 3097 3326 3196 Aquisgrani
3353 3139 3450 3179 co-
3532 3148 3538 3154 -

123 3214 214 3282 jam
242 3216 409 3274 factus
456 3236 558 3275 rex
599 3221 941 3280 Alemannie.
994 3227 1061 3281 ad
1097 3228 1389 3299 imperium
1450 3234 1654 3290 Roman

1916 3231 2053 3279 tatus
2086 3233 2169 3279 est
2201 3224 2254 3277 in
2288 3238 2493 3297 regem,
2522 3228 2577 3276 et
2633 3221 2840 3276 ibidem
2891 3236 3055 3276 cruce
3094 3219 3361 3293 signatus,
3394 3227 3447 3274 et

127 3324 225 3363 rum
260 3312 527 3383 aspirans,
575 3330 607 3368 a
649 3315 887 3385 quodam
930 3334 1031 3374 suo
1069 3321 1255 3394 gladio
1298 3340 1596 3395 percussus
1641 3328 1653 3381 i

1553 3344 1596 3381 .3
1641 3328 1726 3383 in-
1827 3313 2274 3384 multiepiscOpi,
2305 3313 2475 3367 duces
2500 3320 2554 3366 et
2584 3310 2814 3367 comites
2843 3326 2965 3366 cum
2998 3324 3084 3364 eo.

124 3398 261 3454 teriit.
296 3398 494 3473 [1209.]
555 3401 841 3475 Philippus
894 3422 985 3461 rex
1017 3407 1241 3464 Francie
1289 3412 1358 3465 ad
1398 3414 1721 3483 petitionem
1900 3404 2098 3479 [1215-]
2149 3407 2302 3461 Αῐιηο
2344 3405 2557 3459 Domini
2603 3404 2739 3458 "315
2792 3403 3069 3458 celebrata
3125 3408 3212 3456 θεῖ
3254 3407 3445 3455 saneta

124 3485 341 3545 Reinaldi
398 3491 629 3547 comitis
678 3493 908 3550 Bolonie
957 3503 1161 3552 terram
1222 3501 1449 3556 Arnoldi
1508 3505 1723 3560 comitis
1825 3495 2153 3550 universalis
2208 3494 2437 3550 sinodus
2494 3494 2666 3549 Rome
2715 3493 2772 3547 in
2839 3491 3073 3548 ecclesia
3126 3490 3444 3557 SalvatoriS.

123 3572 377 3633 Gisnensis
415 3579 666 3647 intravit,
699 3590 754 3636 et
776 3582 961 3639 diruto
985 3587 1216 3643 castello
1248 3590 1395 3660 quod
1435 3591 1724 3648 dicebatur
1824 3605 1933 3659 que
1985 3587 2432 3644 Constantiniana
2482 3594 2727 3655 vocatur,
2768 3603 2960 3641 mense
3021 3585 3312 3641 Novembri
3360 3585 3443 3640 in-

125 3667 356 3738 Bonham,
388 3674 704 3745 positisque
734 3678 1057 3733 custodibus
1112 3680 1167 3735 in
1194 3683 1318 3737 aliis
1364 3686 1609 3741 castellis
1635 3687 1718 3757 ip-
1822 3682 2066 3737 dictione
2096 3680 2150 3746 3,
2192 3686 2451 3751 presente
2493 3679 2696 3734 domno
2742 3680 3067 3735 Innocentio
3098 3696 3261 3750 papa,
3294 3695 3441 3735 anno

125 3759 218 3815 sius
240 3765 467 3833 comitis,
503 3765 568 3820 in
598 3766 874 3823 Franciam
905 3771 1087 3827 rediit.
1116 3773 1321 3848 [1213.]
1358 3777 1571 3832 Grande
1600 3779 1720 3833 bel-
1822 3772 2176 3845 pontificatus
2253 3772 2373 3841 ejus
2454 3771 2535 3826 18.
2614 3769 2987 3825 lnterfuerunt
3084 3770 3247 3825 etiam
3327 3770 3448 3839 epi-

125 3850 218 3908 lum
245 3858 522 3915 —Goulet
550 3860 652 3914 sub
686 3863 941 3920 Vernone
972 3867 1260 3938 expiravit.
1822 3867 1975 3937 scopi
2002 3864 2129 3932 413,
2184 3864 2329 3919 inter
2382 3878 2521 3935 quos
2550 3861 2852 3931 extiterunt
2898 3862 2966 3917 de
3024 3860 3300 3932 precipuis
3354 3877 3448 3930 pa-

187 3943 368 4018 [1213.]
424 3951 589 4004 Anno
636 3952 852 4007 Domini
894 3955 1034 4011 1106
1076 3957 1385 4015 Ludovicus
1439 3992 1496 4001 —
1555 3963 1719 4018 Fran-
1821 3961 2077 4017 triarchis
2148 3961 2279 4027 duo,
2362 3959 2625 4016 videlicet
2704 3956 3348 4027 Constantinopolitanus
3389 3962 3445 4009 et

127 4031 259 4119 ciam.
286 4036 483 4107 [1211.]
521 4040 800 4096 Renaldus
831 4046 1323 4102 comesBoloniea
1366 4050 1593 4107 domino
1616 4069 1719 4107 suo
1824 4050 2353 4107 Hierosolimitenus.
2408 4047 2825 4103 Anthiochenus
2905 4060 3037 4101 vero
3103 4044 3254 4119 gravi
3323 4044 3445 4099 lan-

127 4118 347 4195 Philippo
396 4144 530 4204 rege
600 4129 928 4187 Francorum
976 4135 1044 4189 de
1115 4145 1255 4191 terra
1305 4154 1403 4193 sua
1475 4140 1713 4214 fugatur.
1820 4155 1991 4211 guore
2044 4138 2300 4193 detentus
2346 4136 2538 4191 venire
2580 4151 2689 4190 non
2740 4134 2934 4206 potuit,
2996 4133 3095 4188 sed
3146 4131 3295 4187 misit
3345 4149 3443 4203 pro

130 4213 299 4293 [I212]
353 4223 464 4279 Rex
495 4224 714 4280 Maroch
772 4228 842 4282 de
900 4228 1077 4286 Africa
1141 4232 1195 4286 in
1232 4241 1415 4304 partes
1461 4213 1717 4308 Hispanie
1819 4246 1879 4285 se
1931 4229 2197 4285 vicarium
2237 4227 2667 4283 Anteradensem
2728 4227 3073 4298 episcopum.
3117 4223 3442 4278 Alexandri-

127 4311 314 4386 navigio
344 4317 603 4383 veniens,
635 4334 759 4373 cum
791 4320 1121 4378 christianos
1159 4341 1477 4399 expugnare
1525 4329 1720 4384 dcere-
1822 4334 1924 4373 nus
1989 4334 2119 4374 vero
2185 4317 2288 4372 sub
2349 4318 2776 4372 Sarracenorum
2834 4315 3061 4371 domino
3117 4312 3446 4369 constitutus

127 4401 287 4470 vissct,
317 4424 440 4464 mox
472 4410 637 4481 quasi
667 4427 895 4467 securus
926 4415 994 4468 de
1026 4416 1276 4483 victoria,
1311 4435 1477 4475 naves
1523 4405 1792 4478 omnesD
1813 4412 1940 4472 fecit
1981 4411 2131 4483 quod
2174 4411 2349 4483 potuit
2381 4452 2395 4477 9
2454 4410 2682 4465 miliens
2741 4410 3037 4465 diaconum
3112 4421 3436 4481 eorumnum

127 4504 242 4581 guas
274 4496 579 4554 adduxerat
614 4498 745 4555 fecit
773 4501 1064 4577 confringi.
1103 4505 1262 4575 [1212
1288 4506 1304 4580 ]
1336 4507 1564 4564 Maxima
1595 4526 1720 4581 pars
1822 4520 1985 4559 suum
2010 4504 2098 4560 δυ,

128 4578 320 4642 Francis
360 4605 527 4645 cruce
560 4590 756 4647 Christi
810 4593 1025 4668 signata
1056 4597 1108 4650 in
1166 4578 1411 4668 pectore,
1444 4611 1500 4656 et
1552 4578 1718 4658 innu.
1896 4591 2094 4663 [1223.]
2148 4591 2303 4646 Anno
2358 4590 2573 4645 Domini
2646 4589 2781 4645 1212
2865 4588 3155 4659 Philippus
3222 4585 3444 4641 inclitus

127 4687 255 4731 mera
280 4681 574 4737 multitudo
608 4683 864 4740 Flandrie
895 4695 950 4743 ει
979 4688 1321 4759 Αιθιηειηηίρ,
1354 4692 1423 4746 ad
1456 4693 1720 4762 Albigen-
1823 4684 1990 4749 obiit;
2042 4684 2130 4740 cui
2176 4683 2443 4738 successit
2492 4681 2896 4755 primogenitus
2946 4682 3067 4751 ejus
3114 4679 3439 4735 Ludovicus.

128 4777 199 4817 ses
229 4764 539 4826 incredulos
580 4774 1031 4831 exterminandas
1059 4778 1128 4832 ad
1159 4779 1503 4848 provinciam
1536 4782 1718 4838 Sancti
1827 4777 2025 4851 [1216.]
2083 4778 2328 4832 Domnus
2374 4775 2681 4831 Ludovicus
2749 4774 2938 4830 domui
3006 4772 3153 4848 regis
3218 4772 3444 4827 Francia

132 4852 278 4927 Egidii
319 4871 769 4933 preparaverunt.
819 4866 1019 4938 [1212.]
1050 4869 1318 4941 Sequenti
1380 4874 1561 4929 hieme
1593 4875 1721 4930 Fer-
1822 4865 2249 4939 Ρτῖιηοὲθῐιίίυεν
2325 4864 2629 4920 secundum
2684 4862 2833 4935 (lu0d
2888 4862 3192 4918 baronibus
3245 4860 3442 4936 Αηειίθ

129 4945 308 5035 fundus
344 4948 487 5006 ﬁlius
517 4951 667 5026 regis
716 4952 1125 5027 Portugalensis
1164 4975 1395 5015 uxorem
1434 4961 1589 5018 duxit
1626 4964 1721 5019 Jo-
1824 4964 2170 5035 promiserat,
2212 4979 2336 5018 cum
2392 4977 2591 5034 magno
2659 4960 2906 5017 exercitu
2944 4975 3097 5015 mare
3144 4959 3440 5019 transiens,

130 5029 359 5128 haunam,
392 5037 560 5095 ﬁliam
592 5040 782 5095 domni
809 5043 1060 5099 Balduini
1086 5044 1435 5117 imperatoris
1455 5049 1722 5107 Constan-
1822 5029 1971 5127 apud
2001 5055 2270 5112 Stenhore
2296 5054 2351 5108 in
2391 5029 2584 5128 Anglia
2606 5052 2892 5124 applicuit.
2926 5051 3127 5125 [1216.]
3163 5051 3444 5106 Innocen-

132 5127 383 5194 lin0polis,
424 5131 680 5187 Flandrie
711 5140 766 5189 et
796 5134 1046 5192 Hanonie
1072 5139 1311 5196 comitis.
1823 5146 1930 5200 tius
1958 5142 2314 5215 pontiﬁcatus
2336 5144 2420 5200 sui
2460 5127 2607 5198 anno
2663 5142 2749 5208 18,
2777 5141 2937 5196 tertio
2988 5140 3080 5195 die
3110 5139 3320 5195 mensis
3347 5138 3438 5202 “3,

196 5215 375 5291 [1218.]
425 5223 582 5278 Anno
626 5224 839 5281 Domini
899 5228 1035 5283 1207
1076 5232 1331 5287 monachi
1380 5234 1718 5292 -—Domini.
1821 5235 2033 5291 scilicet
2094 5236 2153 5291 17
2212 5234 2418 5291 Kalend
2502 5232 2725 5307 Augusti
2771 5237 3019 5289 mortuus
3077 5238 3160 5287 est
3230 5241 3284 5286 et
3339 5230 3444 5285 Pe-

1447 5419 1666 5475 VARUE
1714 5420 2095 5477 LECTIONES.

197 5569 511 5653 ‘f’_Ohbsessa
548 5575 986 5653 —_fuga_verunt
1033 5596 1140 5636 non
1192 5582 1349 5636 habet
1382 5583 1573 5638 Chron.
1608 5585 1891 5639 Andrense
1971 5584 2038 5618 ⁶⁷⁰
2070 5583 2265 5638 Suavis
2297 5582 2457 5637 85“.
2544 5583 2607 5616 ⁸⁷³
2654 5583 2712 5636 ln
2748 5591 2874 5653 terr.
2905 5611 2974 5653 σέ
3002 5576 3306 5647 submersis
3332 5587 3444 5653 ann

142 5637 273 5696 habet
297 5645 487 5703 Chron.
525 5649 700 5704 Andr.
720 5637 835 5684 ’⁷⁸η
858 5651 891 5704 (1
945 5669 996 5723 g.
1032 5667 1072 5706 s.
1106 5654 1300 5708 desunt
1337 5637 1506 5721 BS";
1536 5637 1852 5711 addidimus
1874 5637 1917 5710 re
1946 5637 2206 5712 Chronico
2236 5654 2413 5710 Andr.
2490 5652 2559 5687 ⁸⁷³
2586 5656 2666 5708 ita
2722 5652 2839 5706 cod.
2866 5668 2879 5715 ;
2953 5652 3098 5704 locus
3127 5644 3439 5715 Corruptus.
