3858 6206
157 312 242 365 361
1069 327 1080 332 “·
1133 312 1476 367 CHHONICA.
1521 343 1585 351 —
1625 310 2008 367 AUCTAHIUM
2050 311 2478 369 COHBEIENSE.

3365 325 3470 381 362

197 435 344 492 1131.
375 435 664 507 Philippus
697 453 786 492 rex
822 453 945 492 cum
989 438 1042 492 in
1071 438 1290 495 civitate
1323 440 1582 508 Parisius,
1627 442 1739 496 sie-
1763 445 1816 512 Α
1841 445 1965 494 ctus
1995 446 2100 504 est,
2144 449 2201 493 et
2258 441 2404 510 apud
2464 441 2723 498 Sanctum
2779 445 3080 502 Dionisium
3128 457 3258 504 ante
3288 452 3466 522 majus

137 535 184 581 ut
216 544 366 598 puer,
400 543 607 598 equum
663 545 821 583 suum
872 530 1198 596 deduceret,
1247 548 1446 602 porcus
1501 533 1738 604 pedibus

131 619 241 689 equi
269 635 325 673 se
358 619 718 688 submittens,
750 639 954 692 equum
982 639 1154 693 super
1183 625 1360 696 ipsum
1415 626 1734 698 precipitem

132 707 282 771 dedit,
317 714 369 762 et
401 708 478 764 ita
533 726 672 780 puer
704 712 884 767 subita
931 720 985 768 et
1041 713 1357 769 miseranda
1401 724 1575 771 morte
1607 733 1736 787 pre-

133 805 308 850 ventus
355 805 460 864 est,
491 797 561 854 13
590 799 673 853 id.
702 799 816 857 Oct.
849 801 1164 858 Suessionis
1191 804 1428 859 ecclesia
1447 805 1592 861 beati
1623 806 1736 861 Me-

135 885 272 939 dardi
301 885 367 938 ab
402 887 730 944 Innocentio
759 906 900 960 papa
949 902 1326 959 consecratur,
1387 894 1445 948 ld
1485 894 1602 949 Oct.
1631 895 1739 949 Lu-

137 975 362 1044 dovicus,
390 976 562 1031 frater
593 977 833 1049 Philippi
861 996 1043 1051 nuper
1077 980 1344 1047 defuncti,
1391 985 1571 1041 adhuc
1600 1000 1738 1056 puer

138 1080 466 1126 consecratur
497 1071 553 1126 in
587 1090 770 1148 regem
803 1075 871 1128 ab
905 1076 1224 1133 lnnocentio
1267 1095 1425 1150 papa.
1474 1081 1654 1135 ltemis
1682 1080 1737 1134 in

143 1163 354 1218 concilio
383 1166 416 1217 8
445 1163 562 1219 Kal.
592 1165 788 1219 Novbr.

193 1251 337 1306 1132.
372 1251 511 1306 Fara
541 1253 828 1308 castellum
848 1256 995 1328 (497)
1027 1257 1253 1314 obsessa
1280 1267 1363 1316 est
1394 1278 1424 1316 a
1457 1262 1731 1320 Ludovico

134 1358 243 1415 rege
273 1342 628 1412 Francorum,
671 1361 702 1400 a
739 1346 910 1402 Nonis
957 1348 1078 1404 Maii
1109 1367 1284 1424 usque
1319 1353 1347 1408 7
1395 1353 1522 1410 ldus
1552 1356 1682 1411 Julii
1713 1376 1728 1423 ;

139 1452 225 1491 nec
252 1445 429 1492 tamen
470 1449 658 1511 capta.

187 1529 332 1584 H33.
361 1530 612 1604 Eelypsis
650 1534 782 1590 solis
811 1534 954 1592 facta
988 1545 1071 1592 est
1096 1540 1130 1593 -1
1162 1540 1298 1596 Non.
1337 1543 1456 1618 Aug
1507 1542 1649 1600 feria
1678 1545 1731 1612 6,

134 1619 247 1671 hora
270 1620 319 1673 ὅ.

200 1713 338 1768 1134.
370 1715 650 1772 Henricus
679 1735 770 1774 rex
799 1720 1004 1795 Anglia:
1020 1722 1177 1778 obiit.
1213 1725 1528 1798 Stephanus
1559 1745 1735 1800 nepos

133 1803 234 1871 ejus
261 1806 327 1861 de
355 1823 558 1863 sorore
591 1809 644 1863 in
677 1827 907 1884 regnum
939 1816 1205 1872 succedit.
1507 1895 1524 1900 ι

195 1897 333 1952 1135.
364 1898 582 1954 Ventus
612 1901 817 1958 nimius
855 1905 889 1959 5
919 1905 1031 1961 Kal.
1062 1907 1377 1974 Novembr.,
1417 1897 1524 1984 qui
1550 1923 1729 1969 turres

133 1996 176 2043 et
203 1991 410 2047 edificia
441 1996 622 2049 multa
643 1997 835 2053 diruit.
867 1999 1010 2056 Mare
1069 2004 1333 2060 terminos
1383 2022 1514 2062 suos
1545 2023 1733 2082 egres-

131 2100 250 2152 sum,
295 2095 517 2157 partem
561 2090 938 2148 Flaudriarum
1005 2112 1127 2152 cum
1178 2099 1576 2158 habitatoribus
1619 2104 1734 2159 suis

133 2176 382 2246 inepinate
405 2179 731 2236 submersit.

193 2271 334 2328 1136.
385 2274 552 2330 Anno
609 2277 763 2344 1130,
806 2278 1043 2336 Honorio
1074 2298 1213 2353 papa
1252 2283 1538 2355 defuncto,
1571 2286 1729 2343 factis

135 2363 352 2430 partibus
384 2365 712 2441 Gregorius,
764 2370 858 2442 qui
896 2372 1252 2429 Innocentius
1306 2376 1487 2432 dictus
1518 2387 1621 2446 est,
1677 2388 1729 2435 et

136 2451 301 2509 Petrus
318 2457 383 2510 de
407 2457 601 2512 Leone
622 2459 924 2532 eliguntur.
951 2463 1059 2519 Sed
1083 2466 1408 2524 Innocentio
1434 2469 1486 2522 in
1519 2469 1727 2526 honore

136 2546 459 2620 confirmato,
487 2550 682 2607 Petrus
711 2555 1055 2625 reprobatur.
1091 2558 1373 2615 Dissencio
1425 2576 1553 2616 vero
1585 2561 1730 2617 inter

137 2637 238 2694 illos
265 2640 329 2695 de
360 2650 574 2713 papatu
605 2653 806 2701 extunc
863 2656 1001 2716 orta,
1043 2650 1205 2707 durat
1239 2652 1421 2708 adhuc
1476 2654 1532 2708 in
1582 2655 1729 2711 hunc

136 2737 321 2792 H36um
361 2748 597 2796 annum.
637 2743 806 2812 Hujus
837 2747 916 2801 rei
941 2763 1106 2803 causa
1139 2749 1191 2802 in
1226 2749 1344 2820 ipso
1387 2751 1550 2805 1136⁰
1581 2768 1728 2808 anno

135 2828 402 2900 imperator
459 2835 709 2890 secunda
738 2837 858 2892 vice
891 2837 1113 2893 Romam
1176 2841 1452 2911 protectus
1498 2850 1597 2898 est.
1635 2843 1728 2900 Hic

135 2921 465 2981 Innocentius
493 2942 638 2983 anno
698 2929 852 2996 H3l,
915 2929 1268 3000 pontificatus
1332 2949 1463 2988 vero
1505 2935 1588 2989 sui
1639 2951 1729 2990 se—

135 3015 308 3081 cundo,
336 3017 396 3071 in
457 3017 546 3072 die
596 3019 900 3089 palmarum
944 3019 1189 3075 Lauduni
1232 3023 1300 3077 ad
1354 3031 1597 3080 sanctam
1625 3024 1730 3080 Ma-

137 3098 246 3154 riam
278 3101 330 3155 in
360 3102 504 3157 sede
533 3106 836 3177 ep1360pali
899 3110 1117 3165 missam
1160 3113 1488 3178 celebravit;
1539 3115 1594 3169 in
1639 3132 1724 3172 se-

136 3189 287 3243 cunda
311 3206 446 3245 vero
471 3189 603 3246 feria
628 3195 888 3263 sequenti
922 3197 977 3250 in
1005 3199 1240 3255 ecclesia
1262 3202 1407 3256 beati
1429 3204 1720 3260 Vincentii.

194 3280 336 3337 1137.
373 3283 624 3351 Siccitas,
661 3294 922 3356 quantam
957 3305 1142 3357 nemo,
1177 3292 1269 3362 qui
1329 3303 1462 3348 tunc
1501 3295 1728 3364 viveret,

135 3385 182 3423 se
200 3372 398 3428 vidisse
417 3375 503 3430 vel
535 3377 604 3429 ab
655 3379 1103 3435 antecessoribus
1135 3382 1251 3436 suis
1278 3399 1336 3437 se
1387 3385 1608 3440 audisse
1659 3395 1734 3443 te-

133 3465 371 3534 stabatur,
407 3469 480 3522 ita
511 3476 569 3523 ut
601 3469 782 3525 fontes
812 3480 865 3527 et
898 3474 1071 3543 putei,
1104 3475 1326 3546 quidam
1365 3485 1418 3531 et
1458 3489 1524 3533 de
1551 3479 1731 3535 ﬂumi-

136 3556 272 3612 nibus
306 3560 500 3616 siccati
539 3561 670 3617 sint.
729 3564 840 3620 Hoc
870 3566 1066 3620 eodem
1123 3583 1268 3623 anno
1305 3584 1493 3626 comes
1547 3573 1728 3630 Pieta-

136 3650 292 3703 vensis
316 3650 382 3704 ad
415 3659 668 3707 sanctum
721 3653 989 3710 Jacobum
1027 3656 1082 3710 in
1129 3657 1338 3714 Galatia
1369 3663 1515 3734 (498)
1569 3680 1733 3720 causa

135 3741 374 3798 orationis
401 3745 703 3815 profectus,
737 3753 793 3801 tn
825 3757 1015 3804 sancto
1047 3750 1135 3805 die
1168 3768 1464 3823 parasceve
1519 3756 1573 3810 in
1610 3758 1732 3828 ipsa

137 3830 346 3886 ecclesia
373 3834 523 3889 beati
572 3834 763 3890 Jacobi
821 3843 946 3892 ante
979 3838 1169 3908 altare,
1231 3841 1327 3896 ubi
1383 3853 1437 3898 et
1479 3845 1730 3916 sepultus

138 3933 221 3988 est,
247 3927 401 3984 obiit.
439 3929 609 3998 Hujus
642 3929 811 3985 ﬁliam
843 3931 1150 3989 Ludovicus
1199 3953 1338 4007 puer
1367 3955 1459 3992 rex
1493 3939 1730 3997 Francia:

140 4015 262 4081 apud
307 4017 690 4091 Burdegalam,
759 4021 1032 4076 universis
1079 4024 1440 4093 optimatibus
1491 4028 1732 4087 Francia)

140 4109 487 4174 presentibus,
544 4127 706 4181 quam
740 4112 1120 4184 solempuibus
1167 4118 1376 4188 nuptiis
1414 4119 1567 4178 duxit
1593 4139 1734 4180 uxo-

150 4212 267 4268 rem,
299 4201 574 4258 Ludovico
606 4218 735 4277 rege
775 4213 929 4275 patre
982 4222 1082 4261 suo
1135 4208 1316 4266 adhuc
1369 4209 1608 4282 vivente,
1638 4217 1734 4288 qui

147 4292 306 4347 tamen
336 4293 447 4350 fere
501 4294 644 4350 intra
679 4296 918 4352 eundem
980 4315 1226 4355 mensem
1262 4301 1506 4361 Parisius
1535 4305 1736 4364 defun-

1840 529 2011 584 altare
2040 530 2311 601 sepultus,
2344 531 2457 586 Kal.
2512 534 2648 608 Aug.
2684 535 2795 590 Hoc
2844 537 2962 607 ipso
2995 555 3142 596 anno
3196 541 3468 600 Liuterius

1840 617 2164 690 imperator,
2197 626 2321 690 post
2343 621 2626 677 subactam
2677 623 2735 679 in
2764 624 3031 682 fidelitate
3087 629 3347 688 Romanae
3375 650 3468 690 ec-

1839 711 2022 767 clesiae
2049 712 2302 783 Apuliam
2332 713 2386 768 in
2405 715 2633 786 patriam
2670 717 2915 788 rediens,
2950 727 3204 779 mortuus
3229 733 3331 782 est.
3367 726 3463 783 Cui

1840 805 2126 862 Conradus
2158 809 2427 864 succedit.

1914 916 2072 972 1138.
2105 916 2484 975 llabitaculum
2532 938 2818 980 servorum
2851 924 2946 980 Dei
2979 925 3036 981 in
3066 925 3211 998 loco,
3245 928 3342 985 ubi
3381 930 3469 986 di-

1839 1008 1980 1063 citur
2027 1009 2106 1062 Ad
2140 1016 2381 1066 montem
2417 1013 2510 1068 Dei
2543 1015 2712 1085 (499).
2774 1019 3155 1086 construitur;
3217 1021 3310 1076 ubi
3367 1024 3467 1079 de-

1839 1106 2035 1171 gentes
2062 1101 2390 1174 regulariter
2419 1103 2627 1173 vivunt,
2675 1107 2979 1178 adquirunt
3029 1126 3261 1184 regnum
3294 1115 3466 1171 coelo-

1839 1202 1956 1241 rum
1988 1189 2246 1258 precibus
2276 1207 2340 1245 ac
2364 1192 2616 1260 jejuniis,
2652 1197 2834 1250 carnis
2880 1203 3298 1274 repugnantiam
3342 1204 3466 1258 cili-

1837 1280 1925 1334 tiis
1972 1282 2204 1339 domant
2237 1287 2573 1356 asperrimis.
2607 1289 2750 1345 Obiit
2789 1291 3026 1348 domnus
3067 1295 3290 1364 Ebalus,
3343 1315 3464 1355 mo-

1835 1384 2005 1424 nacus
2034 1372 2215 1428 Sancti
2269 1373 2545 1430 Vincentii
2605 1378 2870 1441 Lauduni.
2903 1383 2988 1437 vir
3039 1383 3094 1438 in
3121 1387 3271 1441 omni
3329 1389 3464 1445 litte-

1835 1477 2017 1516 rarum
2043 1463 2272 1520 scientia
2305 1466 2670 1525 clarissimus.

1909 1571 2062 1628 H39.
2097 1573 2418 1646 Tempestas
2468 1577 2771 1636 vehemens
2820 1584 2994 1640 oritur
3049 1586 3084 1643 6
3125 1587 3264 1645 Non.
3305 1590 3458 1658 Julii,

1835 1671 2070 1734 quatuor
2117 1666 2229 1721 fere
2277 1669 2558 1725 continuis
2598 1689 2964 1742 perseverans
3024 1680 3304 1750 noctibus,
3335 1699 3459 1739 cum

1757 1791 1809 1860 Β
1836 1755 2096 1812 tonitruis
2123 1767 2177 1812 et
2205 1759 2459 1815 maximis
2485 1765 2988 1824 coruscationibus.

1902 1863 2058 1918 1110.
2107 1865 2254 1921 lnter
2288 1867 2621 1926 Ludovicum
2678 1890 2863 1948 regem
2899 1877 3230 1936 Francorum
3265 1890 3320 1939 et
3355 1903 3454 1957 pa-

1837 1967 1961 2021 pam
2006 1955 2310 2012 Romanum
2345 1958 2485 2015 facta
2533 1962 2881 2022 dissensione
2919 1971 3163 2042 graviter
3216 1955 3453 2032 ecclesia

1835 2051 2208 2120 perturbatur,
2253 2053 2355 2110 hac
2392 2056 2650 2114 videlicet
2685 2076 2751 2115 ex
2779 2076 2962 2129 causa,
3023 2068 3169 2137 quod
3199 2069 3460 2128 defuncto

1836 2137 2160 2197 Bituricensi
2210 2146 2631 2220 archiepiscopo
2663 2152 2863 2208 missus
2894 2164 2974 2212 est
3003 2173 3031 2212 a
3077 2160 3282 2218 domno
3313 2179 3456 2235 papa

1834 2233 2014 2290 eidem
2049 2238 2283 2294 ecclesie
2341 2251 2544 2312 pastor
2579 2257 2967 2314 consecratus;
3019 2253 3116 2307 sed
3164 2271 3194 2309 a
3243 2272 3373 2330 rege
3404 2268 3458 2314 et

1830 2321 1956 2377 aliis
1984 2325 2314 2394 quibusdam
2350 2332 2694 2401 repudiatus,
2715 2335 2770 2390 in
2793 2321 3448 2414 archiepiscopatum'ne-

1829 2429 2104 2486 quaquam
2129 2418 2452 2477 admittitur.

1900 2522 2059 2578 1141.
2094 2525 2297 2582 Ventus
2314 2529 2615 2586 vehemens
2641 2534 2815 2589 oritur
2844 2536 2912 2592 14
2943 2538 3058 2594 Kal.
3097 2541 3277 2608 Febr.,
3306 2562 3449 2616 pene

1831 2613 2036 2670 durans
2067 2623 2176 2672 tota
2233 2619 2357 2676 die:
2401 2622 2648 2679 horribili
2693 2626 2903 2699 impetu
2959 2613 3451 2695 monasteria—do-

1831 2719 2066 2775 musque
2103 2707 2337 2776 subruit,
2389 2710 2616 2768 arbores
2658 2730 2898 2773 annosas
2957 2729 3116 2778 terra:
3177 2738 3449 2799 coasquat,

1832 2795 1968 2850 iram
2002 2798 2097 2854 Dei
2137 2801 2378 2871 peccatis
2406 2804 2758 2880 exigentibus
2810 2815 3160 2883 promeritam
3192 2795 3328 2894 erga
3349 2838 3444 2895 ge-

1830 2904 1933 2942 nus
1984 2890 2286 2947 humanum
2343 2895 2676 2956 manifestat.
2727 2901 2912 2973 [Cujus
2969 2908 3133 2964 etiam
3176 2890 3444 2971 violentia

1829 2995 1938 3034 una
1983 2981 2212 3038 turrium
2242 2986 2477 3042 ecclesie
2509 2989 2861 3049 Corbeiensis
2889 2997 3176 3056 debilitata
3194 3011 3249 3058 et
3277 3021 3311 3060 a
3348 3021 3449 3062 suo

1828 3074 1971 3123 statu
2002 3081 2278 3128 commota
2323 3077 2548 3144 corruit,
2579 3087 2635 3135 et
2688 3082 2755 3137 dc
2796 3099 2896 3139 sua
2940 3087 3098 3144 ruina
3147 3091 3449 3166 dampnum

1750 3173 1798 3241 ρ
1829 3156 2034 3226 pariter
2060 3165 2114 3212 et
2145 3162 2451 3218 mesticiam
2482 3165 2887 3228 habitatoribus
2919 3173 3106 3236 intulit
3137 3180 3251 3252 ⁵⁹⁰.]

1904 3266 2066 3335 (1143
2097 3267 2208 3341 δυο.)
2245 3271 2600 3331 Innocentius
2631 3295 2773 3351 papa
2803 3284 3056 3343 moritur.
3089 3289 3349 3348 Succedit
3403 3293 3455 3348 el

1833 3355 2031 3427 Guido,
2072 3362 2166 3433 qui
2198 3372 2254 3419 et
2286 3364 2616 3426 Celestinus.

1905 3474 2068 3540 (1144
2099 3476 2220 3546 δου.)
2277 3479 2382 3535 Pax
2413 3483 2664 3541 redditur
2720 3489 2786 3525 ⁸⁰¹
2843 3493 3095 3551 ecclesiis
3133 3498 3454 3571 Galliarum,

1837 3562 2141 3622 Celestinus
2176 3587 2317 3642 papa
2369 3578 2617 3634 moritur.
2673 3582 2932 3643 Succedit
2973 3590 3028 3645 in
3065 3604 3326 3665 papatum
3358 3562 3458 3654 LttL

1834 3652 1968 3708 cius.
2017 3695 2030 3708 .
2075 3699 2086 3708 .
2132 3658 2222 3708 ⁵0³.

1905 3764 2067 3833 (1145
2096 3767 2206 3839 ⁵0³.)
2240 3770 2405 3828 Lucio
2425 3777 2777 3836 substituitur
2816 3783 3110 3857 Eugenius.
3146 3789 3316 3861 Hujus
3345 3795 3450 3851 Ro-

1833 3857 1978 3912 mani
2005 3857 2196 3936 jugum
2231 3863 2560 3935 detrectant;
2595 3871 2823 3943 quippe!
2849 3877 3013 3933 nimis
3046 3879 3452 3941 insolescentes

1833 3966 1970 4006 ausu
2011 3950 2242 4010 feritatis
2271 3957 2548 4030 ingenitae,
2582 3965 2870 4034 patricium
2902 3969 3008 4024 sibi
3051 3978 3320 4043 statuunt,
3350 3978 3446 4049 qui

1833 4042 2180 4114 reipublicae
2233 4065 2416 4106 curam
2466 4064 2640 4128 gerat,
2673 4058 2742 4125 {et
2792 4059 2945 4117 vices
2988 4063 3338 4135 imperatoris
3382 4085 3450 4126 eo

1835 4131 2064 4189 absente
2088 4138 2362 4209 suppleat.

1913 4223 2266 4298 [Sequentem
2326 4233 2492 4304 hujus
2543 4239 2728 4310 operis
2773 4242 2972 4298 seriem
3031 4246 3251 4316 require
3311 4253 3456 4323 apud

1837 4315 2043 4374 Vallem
2078 4320 2375 4380 Lucentem
2407 4327 2519 4399 ⁵⁰⁴.]

1471 4405 1693 4464 VARI/8
1750 4411 2027 4472 LECTION
2033 4418 2133 4474 ES.

207 4488 268 4523 "9
290 4491 453 4577 ‘a‘ddit
502 4509 706 4577 ‘manus
753 4497 885 4552 alia.
940 4513 1134 4577 comua.
1203 4500 1292 4577 ff?
1314 4518 1570 4577 numerus
1603 4509 1789 4577 {deest

152 4555 212 4590 ‘°‘
238 4564 384 4620 addit
411 4565 826 4634 eademmanus,
859 4585 982 4640 quae
1010 4570 1085 4625 ad
1113 4587 1166 4629 a.
1195 4555 1353 4630 MM.

1887 4514 1952 4550 ⁵⁰¹
1984 4517 2192 4575 reditur
2255 4523 2373 4580 cod.
2451 4525 2522 4561 ⁵0³
2549 4530 2629 4583 ita
2689 4529 2805 4586 cod.
2884 4532 2954 4568 ⁶⁰³
2981 4549 3240 4594 numerus
3290 4540 3457 4599 deest.

1685 4653 1895 4712 NOTAE.

210 4725 375 4809 (4‘07).
410 4729 484 4784 La
533 4730 792 4809 Fere,_i_n
847 4735 1106 4809 confiniis
1164 4738 1645 4805 Virmandensium
1703 4761 1759 4809 et

154 4790 499 4868 Marlensium,
524 4803 591 4857 ad
617 4790 819 4861 ll.'0isc
838 4790 1026 4864 situm.

2117 4759 2235 4842 Snan
2254 4762 2403 4842 Yago
2423 4765 2502 4842 _de
2531 4769 2901 4842 Compostella
2915 4816 2928 4831 .

1956 4829 2101 4900 (499)
2133 4832 2259 4889 0rd.
2293 4829 2704 4898 CErthusiensis

155 4925 3258 4996 MW__
1907 4988 1944 4997 _.
1963 4983 3455 4998 ,-·-

904 5080 1710 5189 AUCTARIUM
1825 5096 2715 5206 CORBEIENSE.

216 5271 328 5390 MO;
362 5275 458 5331 Hic
488 5287 756 5349 ceperunt
788 5282 979 5341 Franci
1013 5303 1172 5363 reges
1202 5289 1426 5359 habere,
1459 5295 1555 5366 qui
1594 5297 1821 5374 priusD
1915 5305 2039 5361 664.
2064 5307 2267 5366 Floruit
2287 5310 2687 5372 Theodefridus
2715 5319 2925 5390 primus
2952 5321 3123 5380 abbas
3155 5324 3460 5382 Corbeien—

215 4959 413 4970 »νῇ-,-

427 4964 606 4975 —__.

155 5541 430 5610 Marcomiri
460 5559 545 5612 sui
575 5559 731 5616 ducis
763 5561 957 5620 filium.

211 5640 324 5698 662.
351 5646 446 5704 Hic
476 5649 766 5709 Lotharius
793 5653 893 5711 fuit
923 5673 1013 5712 rex
1044 5659 1312 5717 decimus.

460 5782 758 5849 PATROL.
812 5787 1010 5853 CLX.

512 5371 599 5426 vel
625 5372 845 5441 judices
893 5391 1293 5439 consueverant
1344 5384 1550 5442 habere
1579 5371 1803 5461 super_
1846 5395 1940 5450 sis.

156 5463 228 5517 Se;
281 5459 630 5535 primumque
709 5482 893 5541 regem
976 5478 1224 5529 statuunt
1280 5475 1743 5550 Pharamundum,

1914 5488 2038 5545 807.
2069 5490 2301 5548 Sanctus
2336 5496 2644 5554 Adalardus
2677 5499 3025 5558 Corbeiensis
3056 5505 3231 5561 abbas
3257 5520 3459 5562 nonus.

1844 5579 2107 5648 patruelis
2139 5580 2315 5636 Karoli
2350 5584 2717 5658 imperatoris,
2761 5592 2936 5661 pollet.
2975 5594 3030 5648 in
3063 5594 3258 5649 Gallia.
3423 5679 3433 5689 .

1914 5669 2034 5726 815.
2069 5669 2419 5729 Corbeiensis
2445 5677 2616 5733 abbas
2654 5695 2778 5735 cum
2836 5681 3098 5740 fratribus
3162 5693 3217 5741 et
3261 5679 3467 5740 sorori-

3064 5815 3142 5875 12
