3858 6206
381 301 485 352 363

1609 300 1943 354 SIGEBERTI
1993 300 2504 358 GEMBIACENSIS.

3614 327 3718 379 364

386 429 489 482 bus
517 426 636 481 suis
668 426 1035 498 pluribusque
1086 426 1408 496 proceribus
1448 427 1600 499 regni
1650 445 1681 482 a
1722 428 1995 485 Ludovico
2019 431 2073 501 Α
2169 432 2291 486 828.
2325 432 2638 504 Ratbertus,
2668 450 3038 513 aagnomento
3088 444 3432 514 Paschasius,
3463 451 3716 524 discipu-

386 516 717 587 imperatore
748 516 1080 588 dampnatur
1109 515 1294 573 exilio.
1346 517 1405 571 In
1436 517 1592 586 cujus
1621 517 1832 574 locatur
1861 519 1994 573 sede

2096 518 2181 573 lus
2207 522 2381 576 sancti
2420 523 2696 592 Adalardi,
2746 529 2992 584 omnium
3034 531 3346 591 divinarum
3404 518 3713 612 scriptu-ra-

382 605 467 661 vir
495 604 832 661 venerabilis
883 603 1055 659 abbas
1091 601 1219 660 1Ουε
1250 602 1473 659 nomine
1524 603 1845 659 Adalardus.
1903 604 1999 659 llic
2098 624 2218 663 rum
2246 618 2634 681 perscrutator,
2666 613 2897 671 ﬁoretin
2924 618 3117 677 Gallia.

377 697 617 769 primum
658 695 806 767 cepit
829 695 1090 751 ediﬁcare
1120 710 1317 751 novam
1349 695 1655 752 Corbeiam.

454 788 583 844 821.
615 787 918 843 Adalardus
960 786 1311 842 Corbeiensis
1338 786 1511 843 abbas
1566 787 1771 860 aliique
1802 803 1994 861 proce-

386 897 474 938 res
526 881 681 956 regni
714 888 1043 938 revocantur
1070 880 1140 935 ab
1169 880 1357 948 exilio,
1396 880 1501 937 nisi
1536 897 1677 953 quos
1714 896 1861 937 mors
1883 882 1993 938 vita

381 972 712 1044 privaverat,
743 971 1100 1044 pristinisque
1129 969 1435 1027 honoribus
1462 971 1794 1029 relocantur.

447 1064 572 1120 827.
633 1063 934 1118 Adalardus
987 1061 1332 1118 Corbeiensis
1370 1062 1544 1119 abbas
1594 1062 1992 1119 celeberrimus

377 1154 521 1209 inter
549 1153 785 1210 Francos
803 1151 999 1209 extitit.

377 1369 1875 1385 —-W—W-

2164 703 2289 761 814.
2350 706 2446 762 llic
2483 708 2712 765 Karolus
2774 720 2900 783 post
2947 714 3165 787 imperii
3217 720 3548 780 divisionem
3618 726 3719 783 fuit

2095 793 2425 851 Francorum
2460 813 2553 852 rex
2602 799 2831 869 primus.
2890 803 2985 860 Hic
3023 805 3310 866 Lotharius
3336 811 3466 889 ‘fuit
3495 814 3575 886 pii
3614 816 3719 871 Lu-

2092 881 2294 953 dovici,
2340 884 2523 941 Karoli
2556 890 2740 962 magni
2769 888 2889 958 ﬁlii,
2933 892 3101 964 ﬁlius,
3156 881 3461 971 imperator
3487 881 3718 961 tercius.

2165 972 2289 1028 885.
2321 973 2417 1029 llic
2436 975 2664 1032 Karolus
2683 978 2783 1033 fuit
2815 979 3074 1039 Ludovici
3104 986 3501 1047 Germanorum
3535 994 3709 1068 regis,

2094 1060 2171 1132 pii
2202 1062 2460 1120 Ludovici
2493 1066 2838 1138 imperatoris
2867 1070 2987 1139 ﬁlii,
3012 1072 3177 1134 ﬁlius.

3097 1366 3713 1383 -η--ᾑ-ρ-υ-ῇ.

2448 1382 3708 1410 ____________________________

782 1538 1726 1646 CONTINUATIO
1820 1539 3307 1653 PRZEMONSTRATENSiS

450 1769 651 1822 Damus
666 1780 734 1819 ea:
773 1763 951 1819 codice
1110 1763 1598 1844 continuationem,
1616 1777 1735 1844 qum
1761 1762 2114 1844 Laudunensi
2141 1767 2687 1844 superstructa,_l_iuic
2716 1774 2917 1844 antea.
2947 1772 3083 1830 “26
3113 1777 3195 1830 nil
3218 1778 3331 1844 fere
3360 1779 3585 1833 inscerit
3613 1782 3722 1834 nisi

379 1854 603 1904 magnas
638 1839 878 1890 centones
899 1850 966 1889 ea:
995 1835 1123 1890 Vita
1140 1833 1391 1891 Norbertz'
1414 1839 1681 1901 consutos,
1711 1837 1770 1888 in
1799 1836 2141 1903 sequentibus
2164 1839 2439 1905 permulta
2474 1833 2637 1895 addit
2673 1843 2896 1897 aliunde

2930 1848 3123 1913 petita,
3153 1863 3272 1916 qua
3300 1864 3559 1917 magnam
3601 1867 3715 1904 cum

388 1908 714 1963 Valceltensi
750 1908 1118 1989 cognationem
1163 1905 1427 1993 produnt.
1448 1905 1588 1993 fast
1638 1922 1690 1958 a.
1721 1907 1860 1961 1145
1885 1911 2093 1993 excepit
2118 1910 2350 1993 fortasse
2378 1910 2611 1993 codicem
2644 1913 2820 1993 ‘Vallis
2857 1905 3127 1993 Lu:c_entis,
3160 1905 3245 1993 ‘de
3282 1905 3502 1993 quovcf.
3530 1938 3720 1993 ‘supm

380 1983 482 2034 col.
528 1980 616 2034 31.
647 1981 936 2033 Auctorem
965 1980 1310 2044 ignoramus;
1342 1976 1513 2051 facile
1543 1981 1740 2051 tamen
1771 1982 1999 2046 apparet
2020 1979 2217 2051 fuisse
2268 1982 2850 2051 Prmonstratenscm,
2911 1976 3149 2043 diwcesis
3216 1976 3723 2047 La‘udunensis‘rel

380 2054 649 2107 Itemensi's
677 2051 909 2105 scribere
936 2050 1091 2117 coepit
1130 2063 1235 2102 nan
1267 2051 1391 2101 ante
1413 2064 1468 2103 α.
1500 2048 1656 2114 1146,
1696 2063 1800 2117 quo
1826 2064 1967 2102 anno
1997 2049 2193 2103 desinit
2222 2055 2529 2107 auctarium
2558 2048 2953 2120 Laudunense;
2982 2061 3130 2114 ultra
3160 2062 3382 2116 initium
3402 2067 3539 2117 anni
3570 2065 3714 2120 1155

379 2139 512 2192 opus
540 2139 647 2177 non
672 2121 961 2175 deductum
987 2122 1161 2186 fuisse
1180 2120 1249 2202 ab
1273 2123 1508 2202 auctore,
1548 2121 1795 2202 ostendit.
1825 2123 2158 2202 continuatio
2201 2124 2600 2202 grsicampina,
2633 2143 2753 2202 qua;
2796 2134 3036 2185 nostram
3075 2135 3284 2202 emcepit
3321 2137 3617 2202 integram,
3662 2140 3713 2189 et

377 2191 502 2264 ipsa
530 2197 727 2248 iterum
780 2196 1032 2276 excerpta
1086 2208 1121 2244 a
1171 2192 1393 2276 Nicatao
1436 2191 1814 2248 Ambianensi.
1878 2194 2155 2249 Vincentio
2199 2191 2949 2257 Roberto—Altiss—iadarensi.
2982 2191 3331 2260 Valceltensis
3361 2191 3527 2261 etiam
3558 2191 3723 2276 atque

378 2262 772 2333 Burburgensis
804 2268 987 2319 nostra
1023 2277 1131 2318 usae
1154 2262 1429 2317 videntur.

449 2444 578 2501 Post
604 2444 845 2507 lvonem,
874 2437 970 2511 qui
1026 2438 1136 2494 vita
1166 2445 1332 2511 atque
1371 2437 1620 2494 doctrina
1659 2453 1759 2493 sua
1790 2437 1992 2496 Camo-
2016 2448 2068 2516 Β
2092 2442 2365 2512 presbiter
2404 2443 2571 2498 simul
2615 2443 2918 2516 ordinatus,
2975 2451 3318 2520 paupertatis
3372 2450 3586 2509 Christi
3633 2464 3728 2512 tu-

381 2539 590 2587 tensem
642 2527 951 2584 aecclesiam
991 2527 1303 2596 illustravit,
1358 2528 1566 2600 quique
1613 2529 1756 2585 inter
1807 2537 1991 2586 cetera

378 2641 550 2697 opera
594 2640 694 2680 sua
720 2623 856 2679 illud
909 2621 1187 2692 volumen,
1227 2624 1377 2696 quod
1407 2624 1630 2680 decreta
1682 2626 1864 2682 lvonis
1905 2626 1989 2680 di-

377 2725 528 2782 cunt,
581 2733 681 2773 sua
738 2716 1009 2772 industria
1064 2716 1276 2771 utiliter
1314 2717 1650 2788 compilavit,
1709 2716 1987 2787 Giﬁ‘ridus,

376 2811 486 2866 vite
533 2809 733 2865 merito
769 2825 834 2864 ac
871 2808 1166 2879 prudentia
1194 2809 1546 2879 venerabilis,
1593 2810 1987 2867 Carnotensem

376 2904 687 2961 mcclesiam
717 2904 873 2960 rexit.
908 2904 969 2958 1n
998 2903 1257 2959 Remensi
1289 2919 1513 2976 quoque
1542 2905 1834 2977 metropoli
1865 2916 1989 2978 post

373 3000 679 3056 Manassem
706 2999 977 3054 illustrem
1004 2999 1204 3065 virum,
1236 2999 1523 3056 exturbato
1573 3001 1823 3058 invasore
1851 3003 1985 3058 Ger-

373 3093 551 3161 vasio‘,
592 3091 861 3148 Radulfus
890 3092 1159 3148 successit
1198 3091 1367 3163 (500),
1399 3092 1491 3163 qui
1534 3092 1736 3149 Viridis
1779 3109 1987 3167 cogno-

374 3199 502 3239 men
547 3182 754 3238 habuit.
814 3180 988 3250 (Cant.
1048 3182 1244 3248 Laud.)
1304 3181 1581 3238 Waldrico
1635 3182 1986 3240 Laudunensi

373 3272 640 3344 episcOpo
686 3287 720 3326 a
762 3287 863 3326 sue
908 3269 1064 3325 urbis
1104 3270 1317 3325 civibus
1364 3272 1621 3343 nequiter
1676 3281 1983 3345 perempto,

375 3367 529 3441 Hugo
558 3363 976 3420 Aurelianensis
1015 3362 1279 3419 aecclesiae
1319 3364 1562 3420 decanus
1612 3366 1981 3422 substituitur.

374 3459 490 3525 Quo
519 3463 642 3529 post
671 3461 883 3528 septem
926 3470 1145 3510 menses
1190 3462 1425 3524 mortuo,
1468 3456 1552 3512 vir
1588 3456 1811 3512 illustris
1859 3458 1986 3513 Bar-

373 3550 687 3607 tholomeus
724 3548 792 3603 ad
820 3547 1196 3619 episcopatum
1245 3547 1559 3604 Laudunice
1597 3549 1832 3605 civitatis
1861 3565 1984 3621 pro-

374 3640 612 3696 vehitur.
658 3637 821 3706 Cujus
875 3636 1145 3693 industria
1225 3644 1279 3692 et
1320 3638 1653 3710 episcopalis
1704 3639 1980 3708 azcclesia,

371 3748 496 3804 quae
536 3731 761 3786 incensa
793 3729 988 3796 fuerat,
1020 3729 1077 3784 in
1108 3729 1260 3786 brevi
1293 3740 1543 3802 reparata
1565 3732 1765 3787 iterum
1786 3747 1984 3787 conse-

370 3784 574 3891 (iratur,
627 3828 682 3876 et
719 3821 955 3876 civitatis
979 3836 1043 3875 ac
1092 3821 1390 3892 provincia:
1420 3822 1761 3878 desolatione
1794 3823 1983 3878 suble-
2011 3784 2060 3852 Ο

367 3924 509 3982 vata,
570 3914 626 3969 in
675 3913 866 3969 multis
917 3914 1071 3977 locis,
1134 3914 1188 3968 in
1243 3913 1448 3985 quibus
1495 3924 1658 3970 antea
1697 3932 1979 3987 nunquam

368 4006 565 4072 fuerat,
604 4003 888 4078 religionis
938 4002 1118 4058 fervor
1155 4009 1211 4057 et
1264 4002 1357 4057 Dei
1388 4000 1569 4057 cultus
1612 4002 1893 4071 fundatur,
1926 4009 1981 4058 et

367 4095 500 4151 inde
532 4094 591 4150 in
638 4094 837 4149 multas
875 4108 941 4148 ac
991 4101 1232 4149 remotas
1273 4100 1327 4147 et
1376 4092 1540 4148 etiam
1590 4094 1980 4148 transmarinas

368 4184 597 4259 regione
631 4188 984 4256 propagatur.

440 4278 597 4334 1114.
712 4276 777 4332 R.
816 4276 869 4330 8.
982 4274 1039 4331 F.
1079 4274 1133 4331 5.
1246 4273 1436 4330 Α.14.

1554 4274 1613 4332 Η,
1658 4276 1714 4330 4.

438 4368 613 4439 (Cant.
642 4366 838 4437 Laud.)
870 4366 930 4419 ln
964 4364 1183 4420 civitate
1209 4363 1528 4419 Belvaccnsi
1559 4380 1589 4418 a
1620 4363 1846 4420 Conone
1900 4381 1984 4421 se-

364 4460 452 4516 dis
477 4460 793 4532 apostolicae
823 4458 1003 4534 legato
1033 4456 1329 4515 concilium
1359 4456 1693 4513 celebratur.

437 4553 593 4611 1115.
814 4552 869 4606 9.
1084 4550 1138 4607 6.
1358 4550 1445 4605 15.
1666 4551 1722 4608 5.

436 4639 556 4710 (1b.)
590 4640 912 4696 Lambertus
956 4639 1101 4694 bone
1144 4637 1412 4693 memorie
1442 4639 1814 4696 Atrebatensis
1868 4640 1981 4712 epi-

363 4751 566 4807 sc0pus
621 4735 756 4803 obit,
824 4732 990 4805 eique
1046 4733 1100 4788 in
1166 4731 1492 4804 episcopatu
1548 4732 1822 4790 Robertus
1852 4750 1977 4789 suc-

363 4827 530 4885 cedit.

434 4921 595 4979 1116.
812 4921 898 4977 10.
1121 4920 1173 4976 7.
1391 4919 1480 4976 16.
1699 4919 1753 4975 6.

434 5014 527 5084 (V.
562 5012 747 5081 Narb.)
781 5012 893 5069 Hoc
932 5020 1182 5084 tempore
1234 5011 1561 5081 Norbertus,
1597 5010 1703 5068 loci
1734 5019 1788 5067 et
1831 5011 1977 5067 ordi-

2092 2530 2271 2587 nicam
2302 2532 2575 2602 induitur;
2599 2537 2843 2593 etverbo
2871 2539 3272 2609 predicationis
3303 2540 3715 2603 ferventissime

2091 2624 2323 2695 instans,
2353 2628 2606 2698 bajulans
2652 2631 2761 2687 sibi
2790 2648 3011 2689 crucem
3069 2636 3298 2705 nudam,
3338 2639 3529 2695 nudus
3560 2642 3719 2697 Chri-

2090 2729 2236 2777 stum
2266 2724 2535 2796 sequitur.
2578 2725 2932 2789 Quorundam
2962 2729 3126 2785 etiam
3169 2732 3565 2807 religiosorum
3596 2752 3714 2793 mo-

2089 2810 2241 2866 ribus
2268 2812 2585 2883 exploratis,
2636 2816 2858 2872 artioris
2909 2818 3013 2875 via:
3070 2823 3421 2893 propositum
3475 2832 3533 2880 et
3584 2836 3713 2882 tunc

2090 2904 2433 2975 temporibus
2473 2907 2777 2963 inauditam
2809 2909 3211 2969 districtionem
3240 2916 3475 2987 arripit;
3536 2927 3594 2973 et
3625 2934 3721 2989 per

2088 2992 2436 3064 aliquantum
2468 2994 2734 3067 temporis
2764 2998 2931 3054 nudis
2952 2999 3222 3058 incedens
3249 3004 3492 3075 pedibus
3520 3005 3580 3062 in
3598 3006 3720 3061 bru-

2088 3088 2217 3142 mali
2263 3089 2464 3161 rigore,
2506 3090 2736 3146 verbum
2799 3094 2895 3149 Dei
2926 3111 3216 3172 Spargens,
3272 3099 3482 3157 multos
3529 3101 3599 3156 ab
3625 3118 3715 3158 er-

2089 3197 2210 3237 rore
2236 3184 2526 3243 convertit.

2158 3298 2315 3354 1117.
2501 3300 2592 3356 11.
2810 3302 2865 3361 8.
3016 3360 3019 3369 ,
3087 3306 3172 3363 17.
3398 3309 3454 3368 7.

2159 3414 2330 3484 (Cant.
2362 3418 2564 3491 Laud.)
2619 3420 2909 3478 Anselmus
2960 3422 3288 3481 Laudunicae
3317 3426 3564 3484 civitatis
3591 3445 3711 3485 ma-

2083 3505 2251 3579 gister
2305 3510 2798 3579 nominatissimus,
2857 3514 3157 3571 litterarum
3197 3518 3435 3573 scientia
3496 3521 3700 3584 clarus,

2083 3598 2165 3651 vir
2192 3614 2403 3655 morum
2456 3603 2740 3659 honestate
2766 3612 2820 3660 et
2850 3607 3067 3663 consilii
3122 3611 3436 3667 maturitate
3472 3629 3700 3669 venera-

2085 3690 2231 3758 bilis,
2258 3694 2402 3760 obit;
2433 3696 2529 3766 qui
2582 3697 2702 3751 utili
2734 3699 2918 3755 studio
2973 3707 3027 3756 et
3054 3702 3265 3757 sollerti
3307 3703 3607 3773 industria,
3637 3707 3711 3761 in-

2085 3790 2167 3840 ter
2201 3795 2384 3842 cetera
2413 3804 2582 3860 opera
2611 3807 2729 3859 sua,
2752 3793 2919 3848 etiam
2961 3794 3017 3848 in
3040 3795 3303 3865 psalterio
3335 3799 3526 3872 glosas
3555 3817 3703 3855 mar-

2079 3875 2293 3949 ginales
2338 3887 2502 3949 atque
2550 3879 2912 3936 interliniales
2950 3882 3019 3937 de
3078 3886 3405 3942 auctenticis
3432 3890 3707 3961 exposito-

2082 3964 2234 4020 ribus
2264 3965 2486 4022 elimata
2514 3967 2895 4025 abreviatione
2911 3970 3210 4028 ordinavit.

2154 4075 2330 4130 1118..
2518 4077 2603 4131 12.
2826 4078 2880 4136 9.
3100 4082 3188 4136 18.
3413 4085 3467 4138 8.

2157 4187 2282 4258 (1b.)
2338 4187 2615 4245 Paschalis
2652 4206 2793 4263 papa
2848 4192 2985 4262 obit,
3044 4194 3210 4267 eique
3264 4196 3537 4267 Gelasius,
3593 4200 3705 4257 Ro-

2083 4292 2258 4332 manae
2284 4279 2549 4334 aacclesiae
2589 4281 2973 4348 cancellarius,
3034 4284 3089 4339 in
3121 4285 3449 4355 pontiﬁcatu
3510 4304 3704 4345 succe-

2083 4365 2181 4421 dit.
2236 4365 2595 4423 Temnmotus
2623 4368 2798 4425 factus
2829 4377 2914 4425 est
2942 4373 3092 4442 apud
3153 4390 3256 4429 nos
3307 4376 3343 4429 5
3377 4375 3459 4432 ω.
3496 4377 3619 4432 Jan.
3673 4378 3706 4430 4

2084 4457 2238 4521 feria.
2295 4458 2502 4515 Ventus
2547 4461 3068 4520 vehementissimus
3143 4464 3200 4520 in
3258 4466 3452 4542 vigilia
3509 4468 3708 4525 natalis

2083 4547 2318 4610 Domini,
2372 4565 2474 4620 per
2513 4556 2677 4606 totam
2741 4552 2891 4607 diem
2945 4560 3001 4609 et
3052 4562 3270 4612 noctem
3330 4557 3561 4615 durans.
3612 4560 3707 4630 (V.

2079 4638 2272 4710 Nora.)
2304 4639 2553 4697 Gelasius
2583 4658 2746 4713 papa,
2777 4643 2984 4701 indicto
3016 4645 3203 4702 Remis
3242 4650 3503 4719 consilio,
3530 4660 3704 4706 trans-

2079 4734 2341 4807 grediens
2367 4736 2533 4807 Alpes
2571 4736 2628 4791 in
2673 4737 2875 4795 Gallias
2914 4739 3080 4796 venit.
3143 4741 3224 4796 Ad
3276 4758 3447 4814 quem
3499 4744 3582 4798 vir
3609 4742 3704 4797 Dei

2080 4825 2395 4894 Norbertus,
2430 4827 2594 4883 nudis
2623 4835 2683 4885 ut
2732 4839 2852 4886 erat
2907 4830 3173 4887 incedens
3216 4834 3480 4904 pedibus,
3514 4849 3701 4891 acces-

2077 4920 2177 4987 sit;
2210 4920 2377 4992 eique
2397 4921 2566 4977 animi
2594 4923 2681 4978 sui
2711 4925 3061 4995 propositum
3109 4926 3385 4997 pandens,
3426 4928 3700 4984 licentiam

2079 5017 2135 5066 et
2155 5010 2538 5066 auctoritatem
2571 5011 2883 5068 seminandi
2908 5012 3117 5086 ubique
3156 5015 3388 5072 verbum
3422 5016 3517 5072 Dei
3538 5016 3603 5071 ab
3634 5030 3704 5071 eo

363 5102 450 5157 nis
468 5100 994 5157 Premonstratensis
1042 5100 1325 5168 fundator,
1374 5101 1445 5156 de
1475 5101 1725 5173 partibus
1764 5100 1973 5158 Lotha-
2005 5167 2051 5181 ἢ
2076 5102 2310 5181 accepit.
2345 5102 2480 5158 Inde
2507 5120 2685 5177 usque
2710 5104 3064 5163 Valentianas
3095 5107 3340 5180 rediens,
3373 5108 3517 5165 infra
3541 5106 3704 5181 quin-

360 5194 553 5269 ringiae
594 5191 882 5260 oriundus,
932 5209 1161 5266 genere,
1217 5193 1425 5248 divitiis
1490 5201 1655 5267 atque
1713 5193 1974 5250 facundia
2002 5167 2257 5253 Ddecim
2311 5198 2526 5253 dierum
2578 5200 2828 5271 spacium
2862 5207 2972 5256 tres
3001 5201 3210 5272 socios,
3251 5217 3394 5275 quos
3418 5204 3566 5260 solos
3594 5202 3700 5257 ha-

360 5285 496 5358 ipsis
538 5283 703 5341 etiam
742 5282 973 5339 summis
1002 5282 1348 5355 principibus
1374 5282 1658 5339 familiaris
1686 5290 1848 5356 atque
1877 5299 1973 5341 no-
2072 5287 2258 5355 bebat,
2288 5292 2468 5344 morte
2486 5295 2774 5360 prereptos
2803 5288 3020 5355 amisit;
3055 5297 3111 5346 et
3141 5289 3350 5346 ibidem
3380 5307 3483 5363 pro
3513 5289 3689 5346 tribus

360 5374 629 5443 tissimus,
670 5372 859 5429 divino
913 5370 1126 5427 fervore
1184 5387 1507 5442 succensus,
1541 5374 1845 5446 postposita
1882 5390 1973 5431 se-
2072 5391 2240 5431 unum
2288 5376 2522 5449 recepit,
2581 5377 2866 5453 nugonem
2905 5377 3187 5447 videlicet,
3218 5381 3314 5453 qui
3345 5380 3397 5437 ei
3458 5380 3512 5435 in
3543 5378 3698 5452 regi-

357 5464 469 5521 culi
499 5477 722 5536 pompa,
775 5467 1004 5534 repente
1066 5460 1135 5516 ad
1187 5468 1378 5518 votum
1426 5479 1588 5519 suum
1618 5462 1884 5521 diaconus
1914 5473 1971 5522 et
2071 5467 2219 5523 mine
2250 5467 2669 5526 Premonstratze
2695 5468 2966 5526 aacclesiae
2997 5471 3289 5529 successit.

1914 5593 2129 5651 NOT/E.

427 5692 580 5765 (500)
611 5692 670 5749 Α.
706 5691 864 5749 nos.
