3858 6206
126 306 212 365 365

180 436 317 499 1119,
423 432 479 486 R.
524 432 609 488 13.
723 431 779 485 F.
819 431 908 485 10.
1025 432 1083 484 A.
1125 431 1217 485 19.
1328 428 1390 485 H.
1430 430 1484 482 9.

179 527 332 599 (Cant.
361 525 553 591 Laud.)
585 523 836 579 Gelasius
867 538 1010 594 papa
1036 522 1183 594 apud
1225 520 1546 577 Cluniacum
1580 535 1693 576 mo-

124 621 254 684 ritur,
301 625 351 673 et
404 617 577 673 Cuido
628 616 960 672 Viennensis
1030 614 1503 686 archiepiscopus,
1564 612 1691 669 Ste-

123 707 261 780 phani
288 705 713 780 Burgundiorum
743 704 962 761 comitis
990 709 1306 778 german‘us,
1348 703 1403 757 in
1436 710 1692 774 papatum

124 799 343 871 eligitur:
373 802 424 853 et
448 796 517 851 ab
558 811 622 853 eo
654 795 949 852 concilium
1000 812 1028 849 a
1062 794 1455 866 predecessore
1484 809 1584 849 suo
1616 794 1695 849 in-

124 891 295 947 dictum
348 889 524 944 Remis
581 889 913 944 celebratur.
966 886 1269 942 Balduinns
1318 886 1693 940 Flandriarum

126 997 297 1047 comes,
352 979 539 1034 Kalixti
565 996 721 1052 papae
780 978 849 1033 de
898 992 1088 1033 sorore
1148 975 1452 1031 Clementia
1496 991 1690 1047 nepos,

128 1069 416 1124 Willelmum
473 1066 641 1122 filium
676 1065 899 1122 Roberti
962 1066 1405 1121 Normannorum
1455 1058 1690 1123 comitis,

125 1179 148 1216 a
171 1162 312 1217 fratre
336 1175 435 1216 suo
466 1160 700 1215 llenrieo
730 1175 861 1233 rege
894 1158 1189 1229 Anglorum
1238 1152 1519 1228 captivati,
1553 1152 1693 1207 Nor~

126 1252 322 1307 mannize
351 1258 605 1323 potenter
633 1250 923 1305 restituere
973 1247 1186 1314 volens,
1216 1254 1344 1317 post
1371 1246 1691 1313 occupatam

124 1358 336 1418 magnam
357 1341 605 1413 ejusdem
632 1336 979 1393 Normannize
1012 1342 1245 1407 partem,
1274 1334 1333 1388 in
1367 1331 1548 1404 capite
1573 1328 1695 1386 vul-

124 1442 310 1491 neratus
352 1434 487 1491 obiit
528 1433 617 1504 (cf.
663 1434 716 1489 A
746 1432 966 1502 Bland.)
1022 1429 1117 1485 Cui
1161 1426 1531 1485 consobrinus
1576 1424 1697 1494 ejus

122 1531 330 1597 liarolus,
360 1529 552 1586 Kanuti
583 1529 861 1584 Danorum
893 1525 1039 1601 regis
1084 1524 1254 1591 filius,
1288 1523 1347 1578 in
1378 1521 1693 1593 principatu

124 1618 345 1675 succedit.

177 1707 313 1764 1120.
489 1707 577 1761 14.
761 1705 848 1760 11.
1032 1702 1122 1758 20.
1313 1699 1402 1756 10.

489 1707 577 1761 14.
761 1705 848 1760 11.
1032 1702 1122 1758 20.

893 298 1240 354 CHRONICA.
1283 328 1352 338 —
1392 293 1829 353 CONTINUATIO
1870 292 2582 350 PREMONSTRATENSIS.

3311 302 3416 359 366

1714 433 1769 501 Α
1792 425 1936 482 faeda
1962 424 2286 498 relinquens
2322 424 2558 499 vestigia
2585 424 2821 502 aufugit,
2861 443 3067 501 vasque
3098 445 3417 502 possessum

1794 514 2041 587 reliquit.

1867 608 2029 665 1123.
2216 608 2301 663 17.
2369 628 2373 632 λ
2502 608 2588 664 14.
2770 608 2860 663 23.
3045 611 3134 666 13.

1866 699 2047 770 (Cant.
2082 698 2274 771 Laud.)
2304 696 2546 755 Concilio
2613 699 2800 757 Romae
2832 698 3135 770 celebrato,
3194 718 3298 775 pax
3335 703 3425 760 in-

1794 798 1880 847 ter
1908 806 2136 866 regnum
2169 798 2223 847 et
2251 792 2621 849 sacerdotium
2681 791 3034 862 reformatur,
3063 802 3119 849 et
3138 793 3232 862 jus
3261 795 3423 852 inve-

1795 882 2116 939 stiturarum
2139 883 2540 954 episcopalium
2564 883 2633 939 ab
2669 883 3003 957 imperatore
3029 884 3419 944 exfestucatur.

1795 975 1888 1040 (V.
1930 975 2123 1043 Norb.)
2156 973 2426 1031 Norberto
2480 976 2549 1030 ad
2579 976 2914 1049 quaerendas
2940 983 3257 1033 sanctorum
3291 978 3422 1035 reli-

1794 1064 1952 1137 quias
1979 1063 2256 1121 Coloniam
2310 1065 2592 1133 veniente,
2650 1066 2848 1123 etsuis
2905 1066 3115 1124 indicto
3170 1070 3419 1141 jejunio,

1793 1155 2135 1210 orationibus
2168 1154 2426 1223 instante,
2470 1174 2578 1212 una
2628 1158 2697 1213 dc
2729 1174 2962 1215 numero
3012 1159 3273 1216 undecim
3315 1162 3421 1216 mi-

1793 1244 1926 1299 lium
1968 1245 2241 1319 virginum
2274 1262 2479 1302 nomen
2510 1264 2671 1303 suum
2704 1254 2759 1303 et
2812 1249 3017 1318 locum,
3048 1250 3144 1305 ubi
3174 1251 3419 1320 jacebat,

1795 1333 2111 1404 specialiter
2139 1334 2461 1409 designans,
2503 1336 2559 1391 in
2620 1336 2862 1393 crastino
2921 1337 3422 1411 sollempniterle-

1795 1432 1941 1492 vata,
1971 1433 2026 1480 et
2051 1441 2175 1481 cum
2205 1426 2329 1481 aliis
2366 1434 2681 1484 sanctorum
2715 1428 2967 1500 reliquiis
2993 1431 3062 1485 ad
3086 1431 3269 1486 locum
3291 1432 3425 1487 Pre-

1795 1522 2157 1573 monstratum
2189 1526 2271 1573 est
2296 1519 2366 1574 ab
2394 1535 2462 1575 eo
2522 1521 2805 1576 translata.
2864 1521 3130 1594 Sequenti
3162 1539 3293 1579 vero
3327 1523 3419 1579 die

1794 1611 1941 1681 apud
1985 1610 2248 1667 Sanctum
2301 1612 2606 1668 Gereonem
2646 1613 2706 1669 in
2744 1613 2996 1669 oratione
3056 1623 3417 1686 pernoctaus,

1790 1718 1953 1757 mane
1983 1701 2125 1759 facto
2155 1703 2209 1758 in
2239 1704 2426 1760 medio
2443 1704 2731 1773 aecclesiae,
2762 1705 2859 1761 ubi
2918 1705 3131 1762 nullum
3182 1723 3418 1779 appare-

177 1797 458 1867 (V.Norb.)
488 1795 581 1851 Vir
634 1793 731 1850 Dei
796 1793 1117 1860 Norbertus,
1187 1807 1217 1846 a
1270 1805 1414 1862 papa
1482 1786 1692 1842 Kalixto
1719 1789 1886 1859 Bbat
1914 1793 2213 1865 sepulturae
2252 1794 2569 1870 vestigium,
2610 1795 3069 1869 et’fodiprecepit,
3111 1805 3169 1853 et
3219 1813 3424 1871 corpus

124 1890 460 1945 Bartholomeo
488 1885 846 1943 Laudunensi
876 1884 1140 1955 episcOpo
1199 1882 1517 1954 specialiter
1543 1894 1698 1935 com-

127 1983 394 2049 mendatus,
426 1997 548 2037 cum
574 1981 629 2036 ei
657 1979 906 2035 mcclesia
960 1977 1110 2033 beati
1143 1975 1361 2031 Martini
1389 1989 1420 2028 a
1449 1973 1697 2045 predicto

122 2072 345 2143 episcopo
395 2070 705 2136 offerretur,
766 2076 878 2124 tum
926 2077 1154 2140 propter
1204 2064 1358 2120 urbis
1413 2063 1693 2119 viciniam.

122 2172 212 2217 tum
229 2163 343 2234 quia
369 2162 626 2232 ejusdem
664 2159 925 2216 mcclesiae
953 2158 1137 2214 clerici
1167 2155 1434 2229 propositi
1488 2161 1545 2209 et
1571 2152 1697 2209 vita:

122 2251 217 2319 ejus
239 2250 606 2309 austeritatem
664 2248 986 2314 horrebant,
1044 2261 1165 2300 eam
1212 2244 1437 2316 reliquit
1470 2261 1484 2310 ;
1517 2249 1573 2298 et
1629 2241 1697 2296 ab

122 2344 343 2416 episcopo
384 2342 628 2400 diversis
682 2341 934 2411 ejusdem
996 2338 1298 2411 provinciae
1364 2335 1501 2391 locis
1561 2333 1697 2388 reli-

122 2436 243 2512 gioni
279 2436 712 2511 congruentibus
739 2433 847 2489 sibi
884 2432 1144 2499 ostensis,
1182 2430 1403 2486 tandem
1431 2427 1697 2484 divinitus

124 2529 293 2585 inloco
321 2527 717 2584 Premonstrati
746 2525 974 2592 resedit,
1038 2520 1534 2595 ibique,solitarius
1563 2519 1697 2574 reli-

120 2616 289 2690 giosam
312 2617 469 2673 vitam
497 2631 673 2691 agere
711 2614 859 2686 cepit
884 2628 899 2682 ;
931 2622 986 2669 et
1006 2621 1259 2683 tempore
1275 2607 1696 2683 quadragesime

122 2709 172 2762 ad
198 2709 518 2784 colligendos
581 2707 762 2763 socios
814 2705 966 2761 solus
1011 2718 1289 2778 egressus,
1338 2710 1464 2757 ante
1494 2699 1699 2770 pascha

124 2812 221 2852 cum
246 2797 495 2853 tredecim
539 2796 711 2852 sociis
743 2794 929 2862 rediit,
984 2800 1039 2849 et
1088 2808 1211 2848 cum
1245 2791 1331 2846 his
1360 2791 1415 2845 in
1445 2788 1702 2844 Premona

122 2899 254 2949 strato
301 2894 419 2950 loco
467 2891 781 2948 secundum
838 2887 1119 2945 canonicaa
1175 2884 1535 2941 institutionis
1572 2897 1703 2938 nor-

122 2998 235 3039 mam
259 2984 321 3039 ad
350 2990 605 3041 tenorem
660 2981 865 3056 regula:
921 2979 1068 3036 beati
1101 2977 1390 3053 Augustini
1417 2977 1526 3032 Deo
1556 2973 1704 3029 mili-

123 3085 212 3132 tare
239 3078 393 3149 cepit.

176 3172 312 3229 1121.
497 3172 593 3229 15.
778 3170 867 3225 12.
1051 3168 1143 3224 21.
1327 3167 1414 3222 11.

175 3262 281 3334 (1b.)
333 3264 393 3317 ln
449 3257 957 3316 Premonstratensi
1006 3256 1261 3313 aaeclcsia
1298 3254 1518 3311 cuidam
1552 3249 1703 3306 fratri

121 3351 252 3406 altius
273 3352 337 3406 de
364 3348 637 3407 ineffabili
663 3347 927 3413 trinitate,
961 3360 1084 3419 quae
1115 3346 1260 3400 Deus
1285 3352 1390 3412 est,
1416 3339 1704 3418 cogitanti,

120 3445 161 3499 in
180 3445 443 3502 matutinis
473 3444 685 3499 demon
712 3442 903 3509 astitit,
943 3448 1002 3496 et.
1030 3440 1082 3494 ei
1111 3439 1215 3494 tria
1252 3448 1503 3512 gestans;
1531 3435 1710 3507 capita

121 3539 358 3610 apparuit,
386 3537 719 3594 Trinitatem
749 3551 809 3590 se
848 3549 971 3589 esse
1001 3540 1339 3599 contestans,
1367 3537 1423 3587 et
1462 3530 1534 3586 ob
1570 3527 1705 3583 fidei

119 3645 209 3685 suae
233 3630 481 3686 meritum
531 3626 820 3683 Trinitatis
863 3624 1077 3681 visione
1124 3640 1253 3679 eum
1304 3621 1532 3693 dignum
1584 3634 1707 3674 esse

121 3720 386 3777 affirmans.
413 3721 527 3777 Sed
578 3717 750 3774 frater
796 3717 1078 3788 paululum
1132 3713 1551 3787 premeditatus,
1583 3725 1707 3765 cum

121 3828 211 3869 non
238 3814 447 3870 sibilum
495 3826 648 3868 aurae
703 3810 866 3878 lenis,
922 3809 1018 3864 sed
1078 3807 1305 3863 fetidum
1336 3811 1561 3861 ventum
1591 3809 1709 3858 tur-

120 3899 244 3956 binis
266 3903 513 3970 sentiret,
552 3899 763 3954 inimici
793 3897 981 3953 dolum
1028 3896 1275 3970 agnovit,
1331 3902 1387 3949 et
1432 3892 1484 3948 ei
1514 3889 1711 3948 convi-

121 3988 265 4057 cians,
319 3991 589 4048 recedere
628 3987 918 4059 compulit.
976 3985 1077 4051 Qui
1131 3991 1314 4040 tamen
1347 3997 1472 4038 eum
1518 3985 1712 4051 postea

117 4078 216 4133 aliis
241 4082 413 4136 modis
477 4079 709 4135 delusit.
760 4077 972 4133 Mortuo
1015 4074 1305 4131 Lamberto
1361 4070 1712 4128 Noviomensi

118 4174 368 4248 cpiScOpo,
400 4172 916 4248 Symon,Ludovici
953 4171 1100 4247 regis
1129 4170 1462 4226 Francorum
1495 4171 1716 4237 patrue-

120 4260 192 4329 lis,
213 4265 473 4321 successit
494 4265 553 4319 in
579 4262 702 4334 ejus
730 4261 873 4318 loco.

174 4351 325 4408 1122.
512 4351 606 4406 16.
795 4349 885 4417 13,
1066 4346 1157 4403 22.
1345 4345 1431 4401 12.

1066 4346 1157 4403 22.

1732 3115 1782 3185 C

1799 1881 1974 1937 sancti
2008 1882 2274 1939 Cerconis
2304 1883 2581 1957 integrum
2612 1885 2827 1957 absque
2858 1886 3088 1942 cerebro
3123 1888 3423 1944 honorifice

1798 1978 1853 2027 et
1881 1972 2179 2048 diligenter
2209 1974 2539 2031 collocatum
2605 1976 2862 2044 invenit;
2889 1976 3032 2032 sicut
3071 1983 3126 2032 et
3176 1978 3247 2034 de
3275 1979 3423 2050 gipso

1798 2062 2105 2136 legebatur,
2139 2066 2287 2137 quod
2320 2083 2449 2138 pars
2498 2068 2719 2140 capitis,
2749 2077 2805 2124 et
2836 2084 2948 2124 non
3005 2077 3178 2127 totum
3235 2082 3419 2142 caput,

1798 2155 2074 2212 abscisum
2110 2155 2233 2214 fuit.
2286 2158 2441 2223 Quod
2491 2175 2618 2215 cum
2680 2160 2891 2216 honore
2935 2169 2991 2216 et
3029 2162 3340 2222 reverentia
3392 2180 3421 2217 a

1798 2242 1945 2300 clero
1976 2253 2031 2300 et
2062 2245 2269 2317 populo
2308 2247 2393 2301 ele
2406 2253 2585 2302 vatum
2614 2255 2718 2315 est,
2773 2255 2828 2304 ct
2860 2247 2987 2305 inde
3018 2266 3145 2322 pars
3175 2251 3294 2307 viro
3326 2251 3421 2306 Dei

1798 2334 2000 2390 donata
2023 2343 2127 2392 est.
2162 2336 2296 2392 lude
2334 2326 2804 2395 Premonstratum
2837 2340 3080 2409 rediens,
3102 2349 3157 2397 et
3178 2342 3420 2414 quadra-

1795 2423 1950 2498 ginta
1974 2423 2085 2494 jam
2118 2424 2349 2481 clericos
2379 2441 2503 2481 cum
2536 2426 2722 2483 multis
2748 2426 2903 2483 laicis
2936 2444 3126 2485 secum
3182 2430 3416 2494 habens,

1797 2512 2198 2585 professionem
2214 2528 2312 2570 eos
2342 2513 2524 2570 facere
2564 2516 2875 2573 secundum
2933 2518 3293 2589 apostolicam
3327 2519 3419 2574 in-

1797 2604 2142 2661 stitutionem
2171 2612 2227 2661 et
2252 2606 2574 2663 canonicam
2630 2608 2876 2681 regulam
2938 2609 3085 2666 beati
3134 2611 3423 2685 Augustini

1798 2693 2005 2762 docuit,
2038 2703 2096 2749 et
2124 2694 2194 2749 ad
2223 2694 2587 2752 voluntariam
2612 2703 2994 2768 paupertatem
3022 2707 3077 2756 et
3105 2709 3415 2772 promptam

1799 2782 2195 2839 obmdieutiam
2260 2790 2554 2857 ceteraque
2611 2785 2817 2842 militia;
2872 2788 3177 2860 spiritualis
3215 2788 3424 2845 instru-

1802 2886 1987 2933 menta
2010 2879 2240 2935 eosdem
2298 2878 2597 2955 diligenter
2640 2880 2893 2939 instituit.
2950 2880 3047 2939 Gui
3090 2898 3204 2940 non
3250 2884 3424 2940 multo

1802 2981 1927 3045 post
1954 2974 2180 3046 quidam
2207 2989 2395 3032 comes
2423 2976 2493 3032 de
2559 2976 2895 3050 Wcstphalia
2924 2978 3254 3037 Godcfridus
3292 2996 3418 3037 cum

1802 3084 1974 3125 uxore
2002 3084 2101 3125 sua
2126 3070 2504 3127 conversionis
2542 3071 2717 3145 gratia
2789 3087 2850 3129 se
2912 3073 3165 3140 contulit,
3231 3083 3287 3132 et
3323 3075 3429 3132 tria

1806 3155 1926 3212 loca
1956 3156 2012 3211 in
2058 3156 2266 3214 allodio
2323 3173 2446 3227 suo,
2507 3167 2745 3216 castrum
2802 3160 3062 3219 videlicet
3111 3162 3430 3236 Capenber—

1806 3266 1997 3326 gense,
2030 3251 2213 3308 locum
2265 3252 2723 3325 Elostathensem,
2762 3254 3190 3325 Warlarensem,
3219 3257 3429 3330 {divino

1808 3340 1978 3396 cultui
2033 3357 2131 3412 per
2184 3357 2310 3397 eum
2363 3342 2697 3414 mancipavit
2768 3343 2939 3415 Cujus
2987 3347 3243 3419 exemplo
3274 3361 3430 3404 com-

1810 3434 2050 3499 punctus
2073 3445 2260 3485 comes
2289 3428 2600 3486 Teobaldus
2626 3431 2835 3487 homini
2893 3428 2988 3491 Dei
3010 3450 3072 3490 se
3112 3434 3432 3491 familiaris-

1805 3516 2012 3571 simum
2044 3515 2192 3584 fecit,
2246 3524 2301 3572 et
2326 3518 2447 3586 ejus
2484 3518 2714 3574 monitis
2767 3527 2935 3592 atque
2987 3523 3223 3581 consilio
3253 3524 3431 3580 multa

1808 3609 2160 3682 postmodum
2193 3626 2324 3684 erga
2375 3627 2652 3681 pauperes
2698 3612 2785 3667 vel
2824 3614 3103 3686 quoslibet
3135 3616 3432 3692 religiosos
3538 3674 3545 3679 .

1808 3700 2141 3757 liberalitate
2171 3707 2334 3773 atque
2374 3699 2758 3757 munificentia
2788 3704 2867 3760 uti
2900 3706 3068 3777 cepit.

1882 3794 2037 3848 1124.
2258 3792 2347 3849 18.
2534 3793 2601 3848 15
2802 3794 2891 3851 24.
3083 3799 3166 3853 14.

1881 3885 1957 3953 (C.
1992 3883 2193 3954 Laud.)
2255 3882 2400 3940 Obiit
2451 3883 2596 3939 bone
2654 3887 2923 3942 memorie
2973 3905 3117 3960 papa
3168 3889 3433 3961 Kalixtus,

1812 3978 1976 4051 eique
2010 3978 2069 4033 in
2111 3985 2314 4050 papatu
2369 3977 2619 4033 succedit
2667 3978 2959 4037 Honorius.
3015 3983 3107 4054 (V.
3137 3986 3325 4057 Norb.)
3355 3987 3435 4040 Ad

1813 4090 1977 4146 quem
2010 4072 2367 4145 proﬁciscens
2397 4079 2555 4144 pater
2578 4073 2902 4143 Norbertus,
2930 4080 2986 4130 et
3016 4075 3170 4133 abeo
3208 4077 3438 4135 honori-

1814 4165 1920 4222 fice
1946 4172 2260 4236 susceptus,
2283 4173 2339 4221 et
2368 4180 2491 4237 quae
2538 4166 2822 4241 ﬂagitabat
2874 4165 3042 4241 digne
3071 4177 3433 4237 consecutus,

1816 4257 2235 4330 Parthenopolis
2250 4272 2309 4313 se
2334 4256 2575 4313 futurum
2602 4258 2928 4331 episcopum
2966 4259 3234 4317 divinitus
3265 4278 3438 4337 agno-

1817 4351 1893 4406 vit
1944 4351 2007 4406 Et
2036 4348 2282 4418 rediens,
2303 4364 2427 4405 cum
2458 4349 2515 4404 in
2547 4348 2640 4405 die
2667 4351 2886 4422 paschae
2915 4351 3061 4423 apud
3093 4350 3435 4423 Herbipolim

175 4446 287 4517 (1b.)
312 4446 589 4503 Norberto
627 4443 925 4499 instantius
953 4440 1184 4496 verbum
1226 4439 1319 4496 Dei
1364 4435 1708 4511 predicantc,
1735 4440 1877 4532 Din
1900 4438 2091 4512 populi
2121 4438 2433 4511 frequentia
2461 4438 2684 4494 missam
2732 4439 3065 4508 celebraret,
3117 4456 3266 4497 caeca
3305 4457 3435 4496 mu-

117 4534 240 4603 apud
268 4535 595 4612 Nivigellam
629 4531 811 4604 puella
838 4546 938 4602 per
964 4526 1490 4585 annumademonio
1518 4531 1712 4580 vexata

117 4636 277 4678 coram
324 4624 447 4695 ipso
479 4621 814 4688 adducitur;
849 4634 1030 4691 eoque
1079 4617 1370 4691 evangelia
1400 4621 1455 4671 et
1483 4613 1717 4670 exorcis-

121 4723 221 4765 mos
243 4727 405 4782 super
436 4711 587 4765 illam
620 4708 1045 4780 multiplicante,
1077 4707 1282 4763 demon
1331 4703 1572 4760 irridens
1589 4716 1717 4758 can-

120 4801 208 4857 tica
239 4805 580 4860 canticorum
609 4819 641 4857 a
679 4801 952 4873 principio
1008 4815 1184 4873 usque
1236 4799 1305 4854 ad
1334 4797 1502 4854 finem
1535 4812 1635 4869 per
1655 4810 1717 4851 os

120 4896 297 4962 puellae
316 4898 514 4959 edidit,
544 4912 608 4951 ac
635 4894 839 4950 deinde
853 4894 1081 4950 verbum
1097 4909 1128 4948 e
1157 4893 1329 4949 verbo
1345 4892 1717 4962 interpretans

118 4983 165 5036 in
214 4985 460 5042 Romana
507 4985 717 5059 lingua,
776 4989 832 5038 et
884 4981 1236 5053 postmodum
1290 4980 1348 5034 in
1400 4976 1717 5042 Teutonica,

118 5081 271 5131 totum
298 5077 590 5149 expressit.
645 5075 753 5130 Sed
812 5075 908 5130 Dei
964 5089 1124 5129 servo
1183 5072 1356 5128 artius
1403 5070 1717 5135 insistente,

117 5180 225 5221 cum
273 5169 327 5223 in
362 5168 701 5225 monachum
748 5172 1015 5222 astantem
1077 5164 1390 5221 introeundi
1437 5160 1720 5218 licentiam

118 5264 359 5323 quareret
400 5273 508 5313 nec
550 5255 848 5327 acciperet,
894 5254 988 5309 illo
1042 5252 1135 5308 die
1170 5268 1230 5309 se
1287 5268 1398 5308 non
1444 5250 1719 5306 exiturum

114 5360 220 5403 esse
240 5349 554 5420 respondit,
586 5359 642 5404 et
670 5355 782 5403 tota
809 5348 901 5402 die
950 5362 1137 5403 coram
1170 5345 1377 5416 populo
1425 5343 1719 5415 plurimum

116 5449 227 5489 cum
262 5453 329 5493 eo
362 5437 671 5494 contendit.
697 5437 967 5492 Sacerdos
1011 5435 1325 5506 impransus
1367 5446 1720 5503 permanens,

117 5533 163 5580 et
189 5536 407 5585 noctem
443 5531 689 5585 oratione
730 5528 1086 5594 continuans,
1129 5542 1291 5581 mane
1321 5541 1446 5581 cum
1467 5530 1721 5596 presentc

116 5620 290 5686 puella
323 5629 380 5677 et
406 5621 646 5678 deinone
688 5637 784 5692 per
814 5636 877 5676 os
916 5620 1036 5689 ejus
1066 5618 1299 5690 plurima
1339 5616 1616 5692 garriente
1639 5615 1724 5671 di-

119 5705 234 5764 vina
259 5710 591 5777 celebraret,
620 5711 765 5768 inter
794 5710 918 5782 ipsa
932 5707 1261 5781 sollempnia
1287 5706 1525 5764 fatentis
1552 5713 1725 5769 urina

1814 4536 1938 4603 lier,
1962 4535 2081 4606 ipso
2111 4540 2237 4605 post
2264 4539 2485 4604 sumpta
2507 4534 2768 4606 mysteria
2798 4534 2856 4590 in
2886 4535 3078 4592 oculos
3144 4535 3266 4604 ejus
3323 4534 3441 4591 suf-

1815 4626 2004 4693 ﬂante,
2033 4625 2210 4681 visum
2250 4625 2478 4696 recepit.
2533 4625 2687 4681 Unde
2735 4626 2960 4699 quidam
3017 4626 3217 4683 divites
3273 4642 3436 4686 com-

1817 4722 2027 4796 puncti,
2066 4737 2127 4777 se
2176 4727 2232 4776 et
2283 4736 2383 4776 sua
2428 4720 2540 4775 Deo
2588 4720 2972 4790 reddiderunt,
3016 4729 3072 4779 et
3135 4722 3442 4781 aeeclesiam

1817 4807 2023 4863 ibidem
2054 4808 2397 4890 ediﬁcautes,
2452 4811 2641 4868 divino
2696 4814 2867 4869 cultui
2929 4831 3031 4887 per
3058 4831 3283 4872 manum
3308 4832 3441 4888 pre-

1821 4896 1950 4952 dicti
1980 4898 2150 4968 patris
2187 4914 2308 4955 eam
2360 4899 2838 4972 mancipavcrunt.
2892 4903 3029 4960 Inde
3056 4902 3446 4962 Prcmonstra—

1819 4995 1936 5044 tum
1963 4989 2206 5059 rediens,
2234 4991 2288 5046 in
2312 4991 2564 5048 accclesia
2610 4992 2757 5048 beati
2800 4993 3038 5063 Martini,
3072 5012 3194 5069 quae
3225 4997 3330 5053 sita
3359 5005 3446 5053 est

1822 5077 1880 5132 in
1904 5078 2166 5135 suburbio
2202 5079 2479 5136 Laudunis
2544 5082 2822 5154 quendam
2886 5083 2957 5140 de
2987 5085 3123 5154 suis,
3174 5086 3441 5143 domuum

1818 5166 2082 5223 videlicet
2141 5168 2478 5237 Gualterum,
2527 5171 2781 5227 abbatem
2839 5172 3080 5245 primum
3127 5174 3443 5232 consecrari

1822 5261 1951 5318 fecit
1983 5280 1997 5331 ;
2025 5263 2184 5334 cujus
2210 5262 2502 5332 industria,
2535 5266 2648 5323 Deo
2701 5277 3059 5339 cooperante,
3113 5269 3308 5326 eadem
3339 5285 3450 5326 zac-

1822 5352 1992 5407 clesia
2026 5359 2137 5407 tam
2168 5353 2224 5407 in
2254 5354 2654 5425 temporalibus
2685 5374 2851 5429 quam
2889 5359 2948 5414 in
2964 5358 3355 5430 spiritualibus
3387 5359 3445 5413 in

1822 5447 2032 5495 tantum
2060 5447 2143 5495 est
2179 5441 2238 5495 in
2283 5441 2441 5498 brevi
2489 5444 2874 5516 multiplicata,
2917 5453 2980 5503 ut
3043 5446 3244 5503 famam
3283 5448 3444 5504 bonae

1823 5532 2106 5605 opinionis
2129 5539 2184 5587 et
2210 5533 2544 5608 propagines
2560 5544 2762 5592 sanctae
2795 5538 3153 5610 plantationis
3205 5539 3265 5594 in
3295 5544 3451 5594 exte-

1826 5636 1914 5676 ras
1934 5636 1999 5676 ac
2017 5619 2351 5696 longinquas
2374 5622 2488 5691 jam
2511 5624 2833 5682 extenderet
2864 5626 3142 5700 regiones,
3197 5625 3455 5681 videlicet

1826 5713 1884 5770 in
1910 5712 2187 5784 Nerviam,
2237 5713 2295 5770 in
2326 5713 2654 5785 Flandriam,
2722 5716 2782 5772 in
2813 5716 3088 5789 Angliam,
3133 5715 3193 5770 in
3227 5715 3453 5770 Wasco—
