3858 6206
388 330 486 386 367

391 460 560 525 niam,
594 458 647 513 in
680 456 954 526 (lolliiam,
986 455 1039 510 in
1091 453 1429 527 Hispaniam,
1472 452 1529 508 in
1588 450 1957 525 Burgundiam
1994 466 2008 513 ;
2038 453 2089 518 Α
2188 448 2346 503 1125.

388 567 526 624 quas
553 565 748 606 omnes
780 547 1095 620 provincias
1121 563 1218 617 per
1247 548 1482 602 eandem
1495 547 1715 601 domum
1735 545 1882 599 bono
1900 545 2010 613 jam

388 640 643 696 videmus
670 637 841 695 odore
886 652 1186 708 respersas.
1242 635 1303 689 In
1350 634 1653 689 Vivariensi
1705 631 1867 686 etiam
1897 646 2012 685 asc-

392 730 557 787 clesia
587 729 658 785 de
688 726 946 784 fratribus
971 725 1087 781 suis
1123 724 1379 779 abbatem
1435 732 1566 779 tunc
1594 720 1839 778 ordinari
1865 718 2010 774 fecit.

396 826 500 882 Ubi
548 841 672 881 cum
723 823 791 878 ad
848 821 1130 878 introitum
1179 818 1407 875 fratrum
1460 816 1735 893 malignus
1790 812 2015 887 Spiritus

396 915 684 974 hominem
710 913 986 988 quendam
1044 911 1355 978 invasisset,
1387 918 1443 967 ct
1472 926 1598 965 eum
1642 923 1742 980 per
1785 906 2013 962 biduum

396 1015 671 1072 vexasset,
703 1020 803 1076 per
830 1003 1004 1058 virum
1034 1001 1129 1057 Dei
1160 1000 1388 1072 expulso
1415 997 1654 1055 demonc
1676 1002 2011 1054 curatusest.

402 1099 461 1154 ln
491 1106 673 1154 castro
705 1094 1097 1152 nichilominus
1113 1091 1513 1164 Antwerpiensi
1544 1090 1848 1146 aecclesiam
1870 1088 2014 1144 ordi-

396 1192 633 1247 nandam
680 1190 780 1244 hac
826 1188 895 1243 de
943 1203 1107 1243 causa
1162 1185 1425 1257 suscepit.
1459 1183 1732 1255 Oppidani
1761 1182 1923 1238 castri
1951 1181 2014 1236 il-

395 1286 502 1339 lius
528 1302 559 1339 a
598 1282 836 1355 quodam
879 1280 1123 1337 heretico
1171 1278 1505 1334 Tanchelmo
1555 1276 1793 1343 seducti,
1827 1274 2018 1347 paula-

395 1376 490 1433 tim
520 1390 551 1430 a
578 1374 688 1429 ﬁde
703 1380 759 1429 et
786 1372 950 1429 bonis
988 1370 1243 1426 moribus
1294 1368 1664 1429 desciverant,
1713 1366 1843 1439 quia
1871 1365 2015 1421 idem

399 1465 677 1520 hereticus
702 1464 890 1519 nimiae
917 1460 1259 1527 subtilitatis,
1290 1476 1415 1515 cum
1448 1467 1630 1516 tamen
1648 1463 1796 1513 esset
1826 1456 2016 1523 laicus,

398 1558 499 1613 sed
519 1556 895 1613 multisetiam
948 1554 1169 1610 disertis
1219 1553 1436 1609 clericis
1478 1551 1535 1607 in
1597 1565 1857 1606 sermone
1886 1564 2017 1604 acu-

397 1648 526 1717 tior,
556 1648 697 1704 sacri
745 1647 960 1704 ordinis
986 1645 1274 1701 ministros
1326 1650 1382 1700 et
1429 1640 1803 1713 episcopalem
1833 1654 1899 1695 ac
1918 1655 2013 1694 sa-

1614 316 1955 374 SIGEBERTI
1998 314 2505 372 GEMBIACENSIS.

3629 332 3736 394 368

2462 450 2524 504 ll.
2566 449 2655 505 19.
2771 451 2826 505 F.
2871 452 2958 506 16.
3074 455 3130 508 Α.
3173 453 3263 509 ⁸215.
3382 457 3441 513 ll.
3486 457 3575 514 15.

2189 536 2376 591 Fames
2435 538 2771 609 permaxima
2822 549 3104 612 grassatur
3156 543 3214 598 in
3272 543 3469 613 Gallia,
3526 548 3584 603 in
3635 566 3738 621 qua

2118 625 2317 693 Karoli,
2370 627 2555 698 inclyti
2602 629 2940 686 marchionis
3003 631 3297 698 Flandriae,
3344 635 3601 693 liberalis
3627 640 3741 693 eni-

2118 714 2221 768 tuit
2269 713 2649 771 munificentia
2682 733 2698 784 ;
2733 717 2826 790 qui
2878 718 3393 778 innumerabilibus
3417 724 3657 782 diversis
3686 728 3739 783 in

2116 801 2261 948 locisl
2302 806 2643 878 pauperibus
2689 807 2967 864 cotidiana
3007 810 3363 869 ministrabat
3406 812 3589 871 victus
3644 816 3740 872 sti-

2117 909 2225 948 nen
2270 910 2338 948 ia.

2117 909 2338 964 peneia.

2195 988 2344 1041 1126.
2527 990 2618 1044 25'.
2803 991 2894 1048 17.
3077 993 3167 1050 26.
3357 998 3442 1053 16.

2189 1078 2317 1147 (An.
2350 1077 2532 1147 1125.)
2562 1078 2794 1136 llenrico
2853 1080 3184 1154 imperatore
3225 1094 3465 1156 mortuo,
3513 1090 3745 1163 quibus-

2118 1168 2244 1223 dam
2286 1170 2656 1242 principibus,
2690 1173 2927 1229 maxime
2959 1175 3027 1231 de
3063 1175 3279 1234 .Suevia
3309 1187 3365 1235 et
3393 1182 3743 1251 Alcmannia,

2120 1271 2381 1334 nepotem
2415 1263 2537 1332 ejus
2563 1264 2910 1320 Cuonradum
2940 1265 2999 1321 in
3045 1284 3276 1340 regnum
3321 1270 3631 1329 sublimare
3657 1291 3749 1331 vo-

2122 1354 2384 1424 lentibus,
2409 1355 2503 1410 alii
2527 1355 2825 1413 Lutberum
2860 1357 3113 1415 Laxonia:
3142 1360 3362 1431 ducem,
3411 1365 3596 1421 virum
3626 1382 3751 1423 con-

2121 1449 2300 1506 siliiet
2329 1449 2679 1519 bellicosum,
2714 1450 2770 1506 in
2803 1466 2991 1526 regem
3023 1455 3354 1524 provehunt.

2191 1546 2353 1602 1127.
2560 1549 2603 1601 1.
2816 1547 2903 1601 18.
3089 1546 3182 1606 27.
3367 1552 3458 1608 17.

2190 1640 2313 1695 Post
2336 1650 2569 1696 mortem
2611 1640 2847 1698 Lisiardi
2903 1643 3152 1717 eqiscopi
3197 1643 3367 1717 (501),
3403 1647 3742 1705 Suessorum

398 1742 732 1800 cerdotalem
762 1742 996 1817 gradum
1026 1738 1197 1795 nichil
1233 1753 1357 1794 esse
1412 1736 1654 1802 dicebat,
1685 1733 1934 1807 corporis
1964 1738 2019 1789 et
2043 1756 2094 1825 Β
2118 1734 2180 1791 fit
2208 1736 2504 1808 episcopus
2556 1737 2835 1809 Joslenus,
2867 1739 2951 1795 vir
2988 1740 3228 1797 consilii.
3287 1741 3573 1799 Cameraci
3608 1760 3747 1816 quo-

400 1832 688 1907 sanguinis
716 1831 914 1887 Christi
944 1829 1358 1903 perceptionem
1398 1825 1749 1884 sumentibus
1778 1822 1846 1879 ad
1868 1824 2019 1879 salu-

402 1929 513 1977 tem
544 1921 809 1993 prodesse
836 1921 1074 1994 negabat
1105 1919 1196 1987 ;in
1230 1918 1483 1990 precioso
1505 1922 1771 1990 apparatu
1789 1911 2021 1968 etvesti-

403 2012 509 2070 bus
528 2012 804 2068 deauratis
826 2011 1116 2078 incedens,
1147 2007 1351 2080 triplici
1382 2006 1628 2063 funiculo
1657 2003 1909 2061 crinibus
1934 2002 2020 2057 iu-

404 2105 587 2173 tortis,
609 2102 795 2160 verbis
839 2101 1295 2175 persuasibilibus
1347 2106 1401 2155 et
1437 2098 1817 2155 conviviorum
1848 2111 2021 2167 appa-

404 2193 616 2249 ratibus
631 2207 781 2260 suos,
813 2192 909 2265 qui
930 2207 1055 2247 eum
1085 2190 1306 2247 circiter
1358 2188 1462 2245 tria
1515 2186 1667 2243 milia
1707 2186 1899 2243 armati
1929 2201 2021 2240 se-

401 2274 738 2359 quebanlur,
758 2284 1060 2351 alliciebat,
1091 2291 1147 2339 et
1173 2299 1272 2356 per
1324 2297 1422 2338 eos
1480 2280 1537 2336 in
1567 2281 1890 2336 resistentes
1914 2279 2020 2336 sibi

400 2381 631 2439 cedibus
651 2378 916 2437 seviebat.
950 2378 1259 2435 Credebant
1297 2377 1348 2432 ei
1369 2382 1425 2432 et
1449 2375 1843 2431 reverebantur
1868 2389 2017 2441 eum,

402 2480 460 2535 in
478 2483 687 2535 tantum
714 2484 774 2532 ut
789 2490 953 2548 aqua,
984 2488 1095 2545 qua
1143 2487 1345 2543 corpus
1393 2471 1634 2535 lavisset,
1677 2467 1934 2523 biberent
1964 2473 2021 2522 et

396 2584 497 2641 pro
526 2566 779 2641 reliquiis
806 2572 1190 2637 asportarent;
1224 2579 1348 2619 cum
1408 2569 1592 2618 tamen
1622 2566 1786 2615 tantae
1822 2558 2018 2614 incon-

396 2659 650 2715 tinentiae
678 2653 1089 2727 etimpuritatis
1119 2660 1285 2720 esset,
1317 2659 1377 2709 ut
1397 2651 1605 2708 tiliasin
1629 2658 1860 2707 matrum
1879 2665 2015 2721 prae-

395 2751 599 2819 sentia,
626 2764 969 2822 sponsasque
998 2748 1208 2804 maritis
1236 2746 1584 2819 intuentibus
1610 2751 2010 2817 corrumperet,

398 2850 455 2900 et
486 2844 592 2900 hoc
613 2858 755 2914 opus
810 2840 1098 2914 spirituale
1151 2856 1276 2896 esse
1330 2846 1618 2896 assereret.
1653 2838 1753 2903 Qui
1797 2839 2018 2893 tandem

399 2940 526 3006 post
562 2934 764 2989 multos
792 2948 1008 2989 errores
1025 2941 1082 2988 et
1108 2932 1312 2987 multas
1338 2930 1527 2995 cedes,
1561 2930 1688 2985 dum
1709 2929 2016 3003 navigaret,

398 3040 430 3079 a
458 3022 698 3096 quodam
729 3022 1107 3093 presbiteroin
1139 3020 1371 3076 cerebro
1416 3036 1712 3091 percussus
1733 3021 1997 3075 occubuit

396 3117 506 3173 Sed
547 3132 649 3173 nec
678 3124 802 3188 post
830 3116 953 3187 ejus
984 3122 1218 3172 mortem
1277 3129 1431 3170 error
1494 3114 1672 3186 ipsius
1710 3122 1820 3169 tam
1854 3112 2013 3168 facile
2038 3153 2087 3221 Ο

396 3205 656 3278 extirpari
683 3204 883 3279 potuit.
942 3205 1173 3277 Propter
1226 3204 1375 3276 quod
1424 3220 1456 3259 a
1485 3203 1702 3260 clericis
1731 3203 1838 3259 loci
1870 3202 2016 3258 illius

395 3297 649 3353 ecclesia
678 3311 805 3352 cum
836 3295 1134 3368 aliquantis
1164 3293 1474 3351 redditibus
1495 3310 1596 3365 per
1633 3309 1858 3348 manum
1890 3294 2015 3363 epi-

395 3388 550 3462 scopi
581 3388 850 3446 Norberto
881 3387 1187 3443 ordinanda
1218 3388 1398 3453 datur,
1459 3386 1832 3457 sperantibus,
1866 3386 2014 3458 quod

397 3499 499 3556 per
537 3482 661 3551 ejus
691 3479 981 3536 salutarem
1014 3479 1316 3534 doctrinam
1352 3477 1559 3533 heresis
1601 3478 1693 3531 illa
1732 3477 1799 3531 de
1830 3478 2013 3533 medio

397 3575 701 3632 tolleretur.
732 3574 887 3639 Quod
905 3582 960 3629 et
987 3573 1187 3629 factum
1216 3582 1299 3628 est
1352 3571 1644 3643 Siquidem
1679 3571 1799 3642 ipso
1830 3571 2017 3643 predi-

399 3674 558 3721 cante
584 3665 899 3737 compuncti
945 3663 1047 3719 viri
1107 3671 1160 3720 et
1190 3664 1474 3730 mulieres,
1533 3677 1736 3733 corpus
1776 3661 2018 3717 domini-

397 3776 545 3829 cum,
578 3758 725 3831 quod
756 3758 812 3812 in
825 3757 979 3813 cistis
1004 3764 1059 3812 et
1084 3756 1445 3813 foraminibus
1470 3773 1571 3829 per
1599 3758 1791 3812 decem
1845 3772 2021 3812 annos

396 3857 452 3905 et
478 3850 715 3920 amplius
740 3858 1121 3921 reposuerant,
1169 3850 1489 3915 attulerunt,
1548 3858 1603 3904 et
1633 3865 1730 3920 per
1769 3848 1891 3917 ejus
1922 3849 2017 3904 do-

393 3940 622 3996 ctrinam
651 3939 914 4012 paulatim
948 3939 1017 3994 ad
1044 3955 1233 3995 sanam
1291 3940 1454 3995 fidem
1502 3940 1879 4011 resipuerunt.
1915 3941 2019 3995 Ba-

395 4029 549 4086 dulfo
589 4030 886 4086 Remorum
944 4029 1366 4100 archiepiscopo
1420 4029 1665 4085 obeunte
1730 4032 1855 4099 (Jul.
1898 4029 2009 4101 23),

396 4119 693 4176 Bainaldus
730 4118 979 4175 succedit
1010 4118 1062 4173 in
1096 4120 1378 4191 presulatu
1404 4119 1692 4175 Remensis
1722 4120 2006 4177 eecclesim.

394 4213 679 4269 Venetiani
710 4212 890 4269 navali
918 4213 1162 4269 exercitu
1192 4213 1514 4270 Ascalonem
1556 4214 1899 4283 obsidentes,
1926 4232 2013 4273 ac-

396 4310 558 4374 cepta
598 4302 667 4357 ab
724 4302 1051 4358 Ascalonitis
1102 4303 1352 4374 pecuniae
1390 4305 1685 4374 taxatione,
1720 4307 2006 4369 recedunt.

395 4399 451 4448 et
478 4392 677 4464 Tyrum
704 4390 1029 4464 aliquandiu
1057 4390 1340 4447 obsessam
1374 4392 1432 4447 in
1487 4392 1831 4450 deditionem
1863 4396 2010 4451 acci-

2120 1842 2229 1898 que
2256 1833 2379 1898 post
2407 1826 2781 1882 Burchardum
2824 1828 3193 1886 Herimannus
3241 1830 3642 1904 episcopatum
3673 1842 3746 1889 te-

2121 1920 2261 1976 nuit.
2290 1920 2407 1985 Quo
2436 1920 2556 1992 post
2616 1921 2915 1978 triennium
2949 1930 3195 1989 extruso,
3228 1923 3519 1981 Lietardus
3553 1927 3609 1982 ei
3630 1943 3749 1982 suc—

2122 2008 2333 2076 cessit;
2368 2009 2461 2080 qui
2515 2016 2569 2065 et
2608 2009 2727 2081 ipse
2779 2018 2902 2082 post
2954 2018 3219 2084 quattuor
3272 2029 3450 2070 annos
3497 2017 3751 2087 repudia-

2122 2110 2211 2157 tus
2239 2101 2405 2173 (502),
2438 2102 2762 2160 Nicbolaum
2781 2120 3157 2161 successorem
3190 2106 3400 2163 habuit.
3429 2109 3527 2174 (ν.
3560 2111 3747 2178 Nor-6.}

2104 2191 2659 2262 'Parthenopolitana:
2716 2193 2954 2250 civitatis
3006 2195 3424 2269 archiepiscopo
3458 2198 3745 2267 defuncto,

2121 2297 2245 2337 cum
2276 2281 2462 2337 clerici
2491 2290 2545 2337 et
2572 2281 2720 2338 cives
2769 2282 3020 2352 ejusdem
3068 2285 3223 2340 urbis
3270 2301 3458 2342 coram
3505 2288 3746 2360 impera-

2122 2381 2241 2429 tore
2274 2374 2509 2429 Lutliero
2562 2374 2631 2429 ad
2679 2374 2997 2448 eligendum
3056 2377 3541 2450 archiepiscOpum
3599 2382 3741 2453 apud

2122 2466 2335 2537 Spiram
2365 2465 2777 2533 convenissent,
2819 2476 2956 2524 nutu
2984 2469 3177 2525 domui
3203 2469 3427 2526 Gerardi
3485 2473 3745 2529 Romanae

2120 2558 2271 2613 sedis
2301 2558 2484 2633 legati,
2527 2558 2623 2629 qui
2663 2566 2796 2615 tunc
2824 2559 2967 2617 forte
2994 2562 3203 2626 aderat,
3244 2570 3299 2619 et
3355 2574 3557 2634 postea
3580 2565 3748 2622 factus

2113 2654 2197 2703 est
2225 2663 2366 2718 papa
2396 2646 2614 2713 Lucius,
2638 2664 2742 2703 nec
2780 2664 2891 2704 non
2934 2656 2992 2705 et
3018 2650 3308 2707 Alberonis
3335 2651 3607 2709 Metensis
3637 2656 3749 2726 pri-

2113 2737 2350 2805 niicerii,
2374 2737 2468 2808 qui
2497 2743 2688 2808 postea
2715 2737 2891 2792 factus
2941 2745 3025 2794 est
3073 2739 3422 2797 Trevirorum
3450 2744 3743 2816 archiepi-

2119 2847 2344 2903 scopus,
2368 2830 2696 2886 Norbertum
2724 2832 3143 2889 Premonstratae
3187 2834 3459 2891 meolesiae
3510 2846 3748 2910 patrem,

2121 2923 2215 2996 qui
2242 2938 2338 2994 pro
2369 2921 2699 2995 quibusdam
2754 2923 2933 2978 causis
2989 2938 3056 2979 eo
3123 2923 3265 2980 forte
3322 2926 3658 2994 advenerat,
3690 2928 3746 2982 in

2120 3021 2398 3087 pastorem
2430 3012 2660 3086 eligunt,
2693 3018 2746 3067 et
2770 3012 2938 3087 regali
2998 3022 3376 3085 prosequente
3405 3018 3743 3082 coniventia,

2118 3106 2185 3160 ad
2215 3105 2585 3160 sacerdotium
2646 3102 2891 3175 praefatae
2950 3105 3103 3159 urbis
3133 3106 3469 3176 provehunt.
3524 3108 3745 3164 Karolns

2115 3213 2301 3254 comes
2322 3197 2611 3263 Flandriee,
2655 3213 2752 3268 pro
2784 3196 3110 3253 executione
3135 3196 3368 3266 justitiae
3408 3200 3736 3271 quihusdam

2115 3308 2342 3348 suorum
2374 3307 2625 3363 perosus,
2668 3291 2869 3347 diebus
2909 3292 3349 3368 quadragesimae
3383 3294 3440 3349 in
3472 3297 3740 3361 aecclesia,

2114 3380 2209 3435 ubi
2240 3381 2462 3435 missam
2497 3380 2785 3436 auditurus
2837 3390 3087 3447 venerat,
3142 3398 3307 3438 orans
3334 3398 3464 3439 cum
3501 3386 3737 3457 quibus-

2115 3478 2239 3531 dam
2268 3476 2383 3532 suis
2412 3475 2758 3547 proceribus,
2818 3475 2887 3532 ab
2920 3477 3002 3532 eis
3047 3477 3394 3535 interficitur.
3450 3481 3611 3546 Quod
3634 3498 3739 3537 socc

2115 3570 2201 3626 lus
2231 3568 2528 3640 provinciae
2550 3569 2717 3626 totius
2742 3567 2861 3625 zelo
2893 3576 2948 3625 et
2974 3569 3227 3626 unanimi
3259 3586 3543 3630 concursu
3598 3581 3737 3630 tanta

2119 3670 2202 3715 est
2232 3659 2528 3715 severitate
2557 3658 2919 3726 vindicatum,
2978 3666 3039 3715 ut
3087 3675 3197 3716 non
3245 3659 3412 3717 facile
3443 3664 3623 3734 possit
3662 3679 3741 3719 oc-

2121 3769 2347 3809 currere
2402 3761 2511 3807 tam
2556 3751 2819 3808 districta:
2874 3751 3103 3808 ultionis
3159 3754 3480 3825 exemplum
3551 3756 3738 3811 Willel-

2120 3862 2264 3914 mus,
2297 3843 2520 3900 Roberti
2562 3841 2910 3900 Normannim
2965 3844 3247 3916 quondam
3291 3846 3519 3902 comitis
3585 3847 3736 3911 filius,

2120 3939 2393 3996 electione
2446 3936 2759 4008 principum
2813 3943 2868 3991 ct
2915 3936 3229 3993 coniventia
3282 3938 3552 3996 Ludovici
3602 3941 3737 4015 regis

2112 4035 2444 4091 Francorum
2483 4025 2839 4081 substituitur
2888 4025 2945 4080 in
3003 4025 3395 4097 principatum.
3452 4029 3628 4094 Quem
3658 4045 3740 4099 pa-

2112 4133 2268 4180 truus
2297 4135 2432 4175 suus
2486 4115 2753 4171 Henricus
2784 4116 3082 4190 Anglorum
3146 4133 3238 4173 rex
3285 4130 3614 4190 suspectum
3643 4120 3731 4174 ha-

2111 4213 2270 4275 bens,
2313 4223 2379 4264 eo
2396 4205 2545 4279 quod
2573 4204 2693 4276 ipso
2751 4205 3093 4260 exheredato
3143 4207 3499 4277 patremejus
3531 4207 3736 4264 Robor-

2111 4315 2225 4363 tum
2257 4304 2534 4376 captivum
2568 4308 2801 4369 teneret,
2833 4302 3122 4375 principes
3147 4302 3421 4359 Flandriaa
3451 4304 3735 4361 adversum

2119 4413 2246 4453 eum
2283 4396 2339 4450 in
2361 4392 2726 4451 rebellionem
2749 4392 2819 4447 de
2831 4392 3241 4449 Alsatiacontra
3253 4410 3381 4449 eum
3405 4396 3735 4458 aceersiunt,

395 4478 574 4552 piunt.
624 4478 927 4534 Balduinus
982 4494 1077 4534 rex
1132 4479 1587 4537 Jerosolimorum
1644 4498 1678 4537 a
1727 4483 2482 4571 SaracenisDetWillelmo
2517 4487 2639 4554 post
2669 4481 2935 4537 biennum
2994 4497 3095 4553 per
3143 4482 3347 4539 vulnus
3402 4492 3648 4553 mortuo,
3678 4484 3739 4539 ad

394 4581 697 4645 perventus
756 4572 991 4645 capitur,
1051 4580 1107 4628 et
1168 4582 1296 4646 post
1347 4576 2013 4649 diutinamcaptivitatem
2119 4574 2489 4649 principatum
2547 4572 2881 4643 provehunt.
2933 4571 3100 4629 Fulco
3152 4574 3423 4630 successit
3474 4574 3739 4632 Balduino

397 4667 524 4722 data
552 4668 805 4738 pecuniae
825 4670 1175 4726 estimatione
1201 4668 1489 4726 relaxatur.
1522 4670 1598 4739 (Ο.
1630 4671 1787 4726 Laud
1812 4672 1825 4736 l
1871 4671 2012 4728 Hen-
2118 4666 2176 4721 in
2212 4679 2383 4739 regno
2422 4661 2891 4720 Jerosolimitano.

398 4758 545 4814 ricus
577 4760 873 4831 imperator
901 4770 1236 4838 congregata
1275 4762 1548 4818 exercitus
1584 4760 1798 4832 infinjta
1825 4764 1997 4821 multi-

2189 4758 2342 4814 1128.
2524 4754 2580 4811 2.
2769 4755 2853 4811 19.
3078 4754 3172 4812 28.
3363 4755 3458 4812 18.

396 4846 612 4915 tudine,
655 4848 794 4905 fines
819 4852 974 4925 regni
1005 4852 1335 4907 Francorum
1358 4850 1663 4921 irrumpere
1720 4851 2007 4923 disponit;
2184 4856 2263 4924 (0.
2290 4854 2449 4910 Laud
2476 4854 2493 4925 )
2525 4851 2774 4909 Lauduni
2816 4852 2870 4907 in
2913 4850 3164 4908 mcclesia
3211 4852 3390 4909 sancti
3447 4852 3737 4920 Johannis,

396 4939 494 4996 sed
519 4940 793 4998 Ludovico
821 4943 1151 5000 Francorum
1179 4960 1309 5019 rege
1355 4959 1479 4999 cum
1540 4942 1757 5001 infinito
1811 4945 2010 5002 nichil-
2104 4928 2345 5003 consilio
2378 4946 2523 5020 regis
2566 4952 2623 5001 et
2657 4943 2992 5017 principum,
3046 4943 3408 5014 monialibus,
3437 4962 3564 5019 qua:
3604 4945 3738 5001 male

395 5030 615 5087 ominus
639 5031 880 5087 exercitu
912 5032 968 5087 in
1010 5048 1301 5088 occursum
1333 5032 1453 5101 ejus
1486 5041 1842 5104 properante,
1876 5051 2013 5092 con-
2110 5034 2347 5091 infames
2365 5041 2543 5100 erant,
2567 5034 2778 5104 ejectis,
2811 5040 2866 5089 et
2913 5032 3201 5089 monachis
3242 5033 3298 5089 in
3331 5048 3528 5090 earum
3560 5036 3734 5090 locum

394 5121 520 5178 silio
539 5121 851 5194 principum
880 5129 936 5178 et
983 5122 1368 5194 episcOporum
1402 5124 1472 5179 ah
1510 5122 1694 5180 inutili
1728 5126 2012 5197 proposito
2112 5126 2453 5194 substitutis,
2479 5126 2682 5200 Drogo,
2712 5125 2988 5201 religione
3008 5133 3064 5181 et
3092 5124 3354 5181 facundia
3382 5124 3733 5187 venerabilis,

394 5214 721 5271 desistit.Et
761 5214 1095 5280 hocfactum
1127 5223 1212 5269 est
1265 5232 1458 5271 mense
1515 5217 1779 5289 Augusto.
1817 5218 2011 5274 Henri-
2114 5232 2144 5271 a
2172 5216 2554 5271 Bartholomeo
2595 5215 2860 5286 episcopo
2913 5214 3127 5286 primus
3188 5213 3364 5269 abbas
3408 5215 3733 5275 ordinatur;

393 5321 491 5361 cus
522 5304 822 5377 imperator
849 5302 1190 5360 Montionem
1219 5313 1455 5360 castrum
1506 5306 1673 5377 capit,
1714 5314 1770 5363 et
1792 5307 2014 5364 Raiual-
2115 5303 2208 5376 qui
2237 5304 2590 5376 postmodum
2621 5319 2652 5358 a
2684 5320 2827 5375 papa
2882 5302 3210 5360 Innocentio
3264 5302 3456 5359 Rome
3477 5301 3730 5360 Ostiensis

394 5393 524 5448 dum
553 5392 676 5462 ejus
701 5390 959 5448 comitem
990 5398 1209 5463 captum
1231 5408 1418 5450 secum
1450 5394 1692 5452 abducit.
2113 5396 2406 5468 episcopus
2425 5396 2722 5453 cardinalis
2747 5401 3103 5453 consecratur
3121 5399 3230 5467 (an.
3263 5395 3442 5469 1136).

1946 5533 2161 5591 NOTAE.

461 5655 922 5805 {gagilfsgch
946 5655 1253 5713 secundum
1270 5656 1405 5719 Gall.
1440 5660 1638 5718 Christ.
1670 5659 1820 5718 1123
1857 5676 1971 5719 sec.
1998 5661 2178 5733 Bouq.
