3858 6206
128 346 218 401 369

243 466 393 520 1129.
513 462 655 519 R.3.
773 462 940 516 F.20.
1056 461 1238 516 A.29.
1357 459 1502 515 “.1.

513 465 572 518 R.
605 462 655 519 3.
773 462 940 516 F.20.
1056 461 1238 516 A.29.

921 333 1267 389 CHIlONlCA.
1313 365 1373 372 -ο
1418 329 1857 387 CONTINUATIO
1901 329 2617 387 PREMONSTRATENSIS.

3345 337 3452 395 370

1740 464 1793 530 Α
1819 457 1972 512 Unde
2013 458 2175 513 etiam
2244 457 2298 511 in
2342 457 2556 528 Syriam
2613 465 2667 512 et
2724 459 3054 516 Palestinam
3089 462 3159 517 de
3190 461 3451 518 Premon-

180 563 257 630 (γ.
294 557 478 624 Norb.)
533 555 832 610 Norbertus
875 554 1330 624 archiepiscOpus
1380 553 1434 606 in
1466 551 1716 606 aacclesia
1818 559 1991 606 strato
2049 549 2262 620 fratresf
2294 549 2471 613 missi,
2529 550 2824 605 nonnullas
2863 553 3110 608 abbatias
3153 553 3452 610 edificave-

122 657 297 704 sanctae
327 646 504 701 Mariae
527 644 673 716 apud
725 644 1152 718 Magedeburch,
1204 642 1471 714 expositis
1500 640 1718 696 clericis
1820 646 1964 694 runt.
1995 639 2228 710 Eratque
2250 637 2396 692 circa
2424 638 2541 692 haec
2593 646 2842 710 tempora
2897 641 3126 710 pulchra
3152 658 3215 698 ac
3247 643 3451 699 decora

123 739 456 804 secularibus,
503 736 587 792 sui
638 735 849 792 ordinis
898 733 1097 789 fratres
1154 733 1469 800 collocavit,
1523 739 1598 799 et,
1663 737 1720 785 ut

134 835 250 889 inibi
268 833 334 888 ad
376 841 622 886 tenorem
675 829 900 902 regule,
952 843 1116 899 quam
1149 825 1721 882 Premonstratiinsti-

125 933 303 991 luerat,
351 924 461 979 Deo
508 922 830 984 militarent,
874 919 1170 976 ordinavit.
1215 921 1274 973 In
1329 919 1718 973 Premonstra-

128 1015 245 1072 tensi
289 1029 508 1087 quoque
558 1011 806 1066 aecclesia
848 1024 1231 1065 successorem
1287 1007 1394 1063 sibi
1455 1007 1718 1062 domuum

131 1111 406 1182 llugonem,
438 1105 536 1177 qui
569 1103 638 1160 ab
679 1101 848 1158 inicio
872 1101 1214 1173 paupertatis
1239 1117 1352 1154 suae
1386 1101 1570 1156 socius
1600 1099 1720 1154 fuco

129 1205 213 1262 rat,
240 1196 489 1251 abbatem
521 1191 763 1248 ordinari
795 1191 946 1246 fecit.
981 1191 1091 1245 Sed
1105 1201 1160 1244 et
1187 1190 1256 1243 ad
1309 1188 1716 1258 Andwerpien-

129 1308 223 1346 sem
249 1299 408 1362 atque
436 1287 846 1344 Florefﬁensem
870 1285 1174 1340 aecclesiam
1206 1284 1274 1338 ad
1326 1284 1576 1356 regimen
1610 1282 1721 1336 fra-

131 1389 246 1434 trum
269 1379 576 1434 nominatos
615 1383 800 1447 patres
845 1373 1160 1429 destinavit.
1213 1375 1269 1443 (C
1295 1374 1498 1436 Laud.)
1528 1371 1721 1426 Ansel-

132 1487 234 1524 mus
255 1469 440 1533 abbas,
498 1463 851 1537 postmodum
902 1463 1201 1534 episc0pus
1245 1461 1496 1526 Tornaci,
1530 1476 1724 1515 succe-

131 1563 198 1616 dit
224 1560 448 1616 Seifrido
489 1559 546 1613 in
597 1558 850 1613 aecclesia
879 1556 1054 1611 sancti
1108 1555 1375 1609 Vincentii
1419 1553 1488 1607 de
1532 1564 1721 1609 monte

136 1651 390 1706 Lauduno.
435 1648 726 1719 Philippus
760 1663 918 1718 puer,
953 1646 1211 1701 Ludovici
1262 1645 1589 1700 Francorum
1624 1660 1718 1698 re-

135 1746 203 1818 gis
235 1743 392 1809 filius,
447 1742 638 1797 Remis
682 1740 736 1794 in
781 1756 967 1813 regem
1012 1740 1253 1813 ungitur,
1275 1739 1362 1793 die
1391 1738 1719 1810 pasclue,18

136 1834 230 1896 Iial,
255 1833 396 1900 Maii,
429 1841 585 1903 patre
615 1838 895 1902 presente.

195 1922 334 1976 1130.
517 1923 571 1975 4.
758 1921 848 1975 21.
1031 1919 1100 1976 30
1339 1920 1392 1973 2.

195 2016 301 2082 (Ib)
367 2013 609 2068 Honorio
673 2029 815 2083 papa
871 2011 1157 2077 defuncto,
1235 2012 1391 2068 factis
1452 2011 1721 2082 partibus,

140 2106 399 2177 Gregorius
423 2113 477 2160 et
528 2106 721 2160 Petrus
759 2106 828 2160 de
873 2105 1054 2161 Leone
1107 2105 1174 2160 ad
1219 2113 1476 2177 papatum
1508 2105 1727 2180 eligun-

141 2203 228 2262 tur,
255 2205 304 2251 et
357 2195 657 2268 Gregorius
714 2195 1047 2260 Innocentii,
1089 2194 1281 2249 Petrus
1330 2194 1573 2249 Anacleti
1636 2209 1730 2247 no-

139 2284 261 2339 mine
296 2285 618 2339 alterantur.
655 2285 740 2353 (ν.
777 2283 966 2352 Norb.)
995 2283 1103 2337 Sed
1139 2283 1295 2338 Petro
1327 2283 1397 2338 ob
1431 2282 1728 2354 parentelie

134 2388 224 2426 suae
268 2371 645 2428 fortitudinem
703 2371 848 2442 apud
903 2372 1164 2426 Sanctum
1212 2371 1433 2426 Petrum
1492 2386 1732 2426 commo-

137 2472 283 2530 rantc,
311 2465 668 2521 Innocentius
709 2465 877 2520 Roma
943 2479 1198 2535 egressus
1231 2464 1284 2518 in
1319 2464 1518 2517 Gallias
1571 2463 1733 2533 proli-

135 2562 420 2627 ciscitur,et
471 2562 755 2616 Gallicana
794 2560 900 2615 sibi
950 2561 1254 2614 adberente
1302 2559 1574 2624 aecclcsia,
1605 2575 1733 2614 con-

138 2653 253 2708 ciliis
274 2654 563 2709 celebratis
597 2653 773 2724 primo
805 2653 1013 2720 Remis,
1055 2651 1302 2707 secundo
1335 2651 1492 2716 Pisis,
1526 2651 1581 2704 in
1643 2667 1732 2721 pa-

143 2756 246 2814 patu
288 2748 662 2810 confirmatur,
705 2754 760 2801 et
792 2746 983 2800 Petrus
1021 2745 1089 2799 ab
1129 2745 1389 2800 omnibus
1444 2744 1630 2798 Gallire
1679 2751 1733 2798 et

142 2837 710 2910 GermanizeepisCOpis
737 2838 1252 2893 anathematizatur.
1286 2839 1572 2893 Iohannes
1625 2837 1728 2907 piae

144 2932 392 2986 memoriae
417 2932 757 2988 Morinorum
805 2931 1104 3001 episcOpus
1156 2930 1295 2986 Obiit
1352 2945 1366 2996 ;
1407 2929 1570 3001 eique
1601 2929 1728 2984 Milo

143 3019 284 3074 abbas
303 3022 367 3076 de
391 3022 564 3076 sancti
595 3019 791 3074 Judoci
825 3036 887 3073 ex
911 3019 1105 3074 ordine
1139 3019 1726 3074 Premonstratensium

142 3113 370 3168 succedit.
412 3114 655 3168 Roberto
706 3126 928 3182 quoque
967 3108 1410 3164 Atrebatensium
1455 3109 1728 3180 episcopo

139 3202 383 3269 defuncto,
409 3205 630 3259 Alvisus
653 3202 826 3256 abbas
850 3201 1143 3256 ordinatur
1193 3200 1495 3271 episcopus
1523 3201 1580 3254 in
1611 3199 1729 3269 ejus

138 3293 254 3358 loco,
289 3299 367 3361 (Γ.
399 3298 598 3366 Laud.)
639 3295 876 3350 Thomas
933 3293 1000 3348 de
1046 3292 1213 3347 Maria
1261 3293 1316 3346 in
1375 3307 1474 3347 suo
1502 3291 1728 3362 preprio

138 3385 375 3441 conductu
408 3386 790 3461 negotiatores
820 3383 950 3438 dolo
1005 3382 1254 3452 capiens,
1311 3398 1341 3435 a
1391 3397 1523 3454 rege
1557 3379 1730 3434 Ludo-

139 3472 234 3527 vico
252 3490 366 3529 cum
394 3475 643 3530 exercitu
681 3472 983 3543 impetitur,
1028 3480 1134 3526 cta
1177 3469 1412 3525 Radulfo
1442 3469 1728 3524 Viroman-

145 3560 524 3619 dorumcomite
570 3561 900 3618 vulneratus
943 3567 998 3614 et
1041 3568 1257 3630 captus,
1308 3557 1558 3613 Lauduni
1614 3572 1732 3612 mo-

148 3649 276 3704 ritur.

205 3742 341 3798 1131.
554 3743 610 3798 5.
831 3741 921 3794 2‘2.
1122 3740 1212 3797 31.
1393 3740 1446 3796 3.

202 3835 302 3904 {Ib.)
332 3834 688 3891 Innocentius
716 3849 858 3905 papa
890 3833 1136 3887 Lauduni
1167 3831 1224 3886 in
1253 3831 1501 3888 aecclcsia
1530 3836 1731 3885 sanctae

148 3921 295 3979 Maria:
330 3924 606 3979 dominica
647 3923 702 3976 iu
736 3921 901 3976 ramis
933 3921 1261 3993 palmarum,
1307 3928 1361 3976 et
1397 3919 1566 3975 tercia
1598 3918 1732 3973 feria

148 4020 364 4090 sequenti
396 4019 450 4074 in
477 4018 733 4074 aecclesia
764 4017 913 4072 beati
969 4016 1185 4072 Martini
1245 4017 1432 4071 divina
1471 4014 1730 4086 mysteria

148 4109 426 4166 celebravit.
460 4111 752 4182 Philippus
801 4126 937 4181 puer
975 4126 1152 4180 nuper
1203 4109 1257 4163 in
1290 4125 1478 4184 regem
1507 4116 1726 4172 unctus,

151 4199 253 4255 dum
282 4205 333 4257 in
362 4204 582 4259 civitate
619 4202 856 4257 Parisius
887 4217 1031 4275 equo
1071 4202 1310 4265 vehitur,
1344 4216 1544 4272 porcus
1599 4199 1727 4272 equi

153 4294 355 4360 pedibus
399 4314 459 4351 se
508 4295 651 4351 forte
709 4295 1081 4358 summittens,
1113 4311 1315 4366 equum
1355 4309 1522 4364 super
1553 4293 1728 4363 ipsum

157 4387 446 4458 precipitcm
495 4388 670 4453 dedit,
702 4389 859 4443 etde
890 4388 1011 4456 ejus
1079 4387 1264 4442 subita
1307 4396 1361 4442 et
1426 4386 1738 4442 miseranda

1743 1825 2112 1892 Buumerum
2202 1828 2510 1894 hominum,
2580 1830 2924 1895 animalium,

1759 3159 1808 3226 C

1823 731 1991 786 facies
2022 731 2308 797 ascclesize,
2343 731 2687 787 diversorum
2738 732 2999 788 ordinum
3031 749 3094 788 ac
3141 735 3447 804 professio-

1822 841 1951 879 num
1972 823 2309 879 circumdata
2366 825 2632 880 varietate
2686 825 2860 886 :dum
2894 825 3026 880 hinc
3072 825 3452 881 Premonstra-

1823 924 2028 982 tenses,
2059 915 2190 969 hinc
2253 915 2668 982 Cistercienses,
2723 917 2854 972 inde
2908 916 3296 973 Cluniacenses
3329 933 3449 972 mo-

1825 1008 2006 1072 naclii,
2041 1014 2152 1062 tum
2189 1007 2352 1062 etiam
2385 1007 2586 1062 diversi
2617 1007 2842 1062 habitus
2878 1016 3046 1080 atque
3078 1009 3447 1079 professionis

1823 1094 2278 1150 sanctimoniales
2299 1103 2354 1150 et
2375 1095 2634 1151 mulieres
2669 1097 2776 1151 Deo
2803 1097 3043 1160 devotae,
3078 1097 3133 1151 in
3160 1097 3450 1152 continen-

1823 1189 1896 1244 tia
1922 1199 2085 1260 atquc
2114 1198 2436 1260 paupertate
2458 1191 2562 1245 sub
2593 1190 2931 1246 obedientize
2963 1192 3096 1264 jugo
3121 1193 3450 1263 regulariter

1823 1277 2093 1342 viventes,
2125 1278 2338 1333 fervore
2380 1279 2664 1352 religionis
2697 1279 2931 1334 invicem
2973 1289 3357 1350 provocarent,
3394 1290 3446 1336 et

1825 1380 1966 1420 nova
1995 1366 2244 1420 certatim
2275 1366 2526 1435 ,diversis
2567 1367 2622 1421 in
2681 1367 2817 1422 locis
2882 1369 3221 1423 monasteria
3253 1369 3450 1425 funda-

1831 1463 1968 1510 rent.
2001 1459 2129 1512 Cum
2166 1458 2248 1512 his
2295 1458 2458 1513 etiam
2512 1459 2769 1513 monachi
2821 1458 3210 1534 Cartugienses
3253 1471 3308 1516 et
3346 1463 3451 1533 ipsi

1826 1549 2089 1618 paulatim
2125 1551 2506 1620 pullulabant;
2561 1551 2654 1622 qui
2716 1567 2810 1622 pre
2851 1553 3047 1607 ceteris
3077 1554 3454 1622 continentes,
3527 1569 3534 1578 ‘

1828 1643 1967 1712 pesti
2001 1644 2267 1709 avaritiae,
2301 1660 2409 1714 qua
2445 1644 2723 1715 plurimos
2780 1646 2883 1699 sub
2939 1646 3226 1718 religionis
3262 1648 3452 1702 habitu

1825 1732 2075 1786 laborare
2104 1733 2374 1798 videmus,
2409 1734 2674 1789 terminos
2705 1742 3032 1805 posuerunt,
3081 1736 3211 1790 dum
3244 1743 3454 1791 certum

3011 1830 3448 1900 possessionum,

1824 1920 1995 1977 Quem
2013 1924 2093 1977 eis
2133 1924 2475 1997 pretergredi
2511 1924 2660 1980 nullo
2691 1924 2855 1979 modo
2887 1925 3070 1991 liceat,
3093 1932 3400 1980 statuerunt
3427 1943 3441 1990 ;

1821 2019 1878 2067 ct
1907 2012 2006 2083 ipsi
2039 2013 2285 2086 singulas
2314 2013 2518 2085 singuli
2549 2014 2718 2068 cellas
2765 2014 3052 2081 habentes,
3095 2030 3158 2070 ac
3198 2029 3320 2070 raro
3361 2015 3450 2070 vel

1826 2103 1896 2158 ob
1919 2102 2010 2156 Dei
2043 2103 2273 2170 cultum,
2302 2105 2388 2158 vel
2419 2105 2489 2159 ob
2518 2111 2769 2159 mutuum
2815 2105 2870 2159 in
2931 2105 3154 2160 caritate
3182 2105 3446 2161 solacium

1828 2195 2246 2260 convenientes,
2277 2193 2574 2265 perfectius
2611 2194 2746 2249 mori
2788 2195 2997 2249 mundo
3049 2203 3104 2250 et
3134 2195 3337 2250 ceteris
3366 2195 3451 2248 di-

1832 2285 2094 2355 ligentius
2139 2285 2320 2340 vivere
2362 2287 2472 2340 Deo
2528 2286 2834 2360 elegerunt.
2900 2289 3046 2342 Inter
3095 2301 3236 2358 quos
3291 2287 3444 2361 Gigo,

1835 2378 1984 2449 prior
2016 2377 2295 2444 Cartusiae,
2314 2378 2584 2452 religione
2614 2395 2676 2433 ac
2706 2379 2982 2450 sapientia
3010 2379 3452 2434 eminentissime

1836 2471 2019 2527 floruit
2050 2489 2063 2536 ;
2099 2479 2152 2526 et
2180 2473 2247 2527 de
2264 2473 2456 2527 eadem
2480 2473 2645 2528 domo
2675 2474 2849 2546 IIugo,
2883 2490 2947 2528 ex
2979 2473 3185 2544 'priore
3233 2473 3452 2527 Gratia-

1836 2563 2190 2634 nopolitanus
2220 2563 2536 2634 episcopus,
2587 2563 2938 2633 postmodum
2970 2563 3301 2618 Viennensis
3332 2580 3453 2618 me-

1835 2657 2314 2726 tr0politanus,'in
2370 2655 2544 2726 ipsius
2588 2655 2874 2728 religionis
2928 2656 3273 2712 districtione
3314 2656 3451 2711 insi-

1833 2745 1956 2817 gnis
1985 2744 2197 2799 claruit.
2239 2745 2317 2799 Ad
2350 2745 2466 2800 haec
2496 2745 2660 2801 etiam
2717 2746 2950 2816 militesﬁ
2968 2747 3161 2816 templi
3187 2746 3453 2803 Jerosoli-

1833 2838 2264 2905 mitani,fratres
2309 2854 2533 2910 quoque
2586 2839 2655 2892 de
2685 2839 2963 2909 hospitali,
3033 2839 3136 2894 sub
3192 2839 3451 2911 religioso

1832 2930 2019 2984 habitu
2046 2930 2393 2985 continenter
2418 2929 2689 2995 viventes,
2719 2929 2926 3002 ubique
2941 2945 3000 2984 se
3020 2929 3444 3002 multiplicando

1831 3018 2237 3083 diffundebant,
2288 3025 2342 3073 et
2400 3035 2521 3091 quae
2581 3025 2858 3090 poterant,
2921 3019 3006 3074 vel
3067 3018 3135 3074 de
3165 3018 3450 3075 laboribus

1832 3110 2088 3181 pr0priis,
2135 3109 2220 3165 vel
2269 3109 2518 3166 fidelium
2569 3108 2913 3175 elemosinis,
2997 3109 3066 3164 ad
3146 3125 3286 3177 Opus
3335 3109 3446 3164 Deo

1832 3198 2182 3253 militantium
2205 3209 2260 3254 et
2285 3198 2630 3255 infirmorum
2651 3198 3020 3272 |quorumque
3051 3215 3115 3254 ac
3146 3213 3452 3270 pauperum

1830 3287 2216 3343 Jerosolimam
2249 3289 2567 3345 mittebant.

1905 3381 2061 3436 H32.
2217 3382 2270 3435 6.
2453 3381 2544 3438 23.
2729 3382 2821 3436 32.
3042 3383 3096 3436 4.

1905 3473 1990 3542 (C.
2033 3474 2226 3542 Laud)
2262 3474 2394 3528 Fara
2441 3483 2678 3531 castrum
2709 3491 2738 3530 a
2786 3473 3059 3530 Ludovico
3125 3472 3455 3527 Francorum

1834 3578 1961 3635 rege
1987 3562 2279 3618 obsidione
2331 3564 2592 3636 cingitur,
2625 3581 2656 3618 a
2698 3564 2870 3620 Nonis
2929 3564 3050 3619 Maii
3108 3579 3283 3635 usque
3337 3561 3456 3616 ad7

1834 3651 1963 3706 ldus
1987 3651 2115 3706 Julii
2150 3667 2286 3716 ;nec
2318 3659 2503 3707 tamen
2547 3652 2784 3724 capitur,
2840 3654 2967 3724 (ιὸ.)
3028 3652 3275 3725 Eclypsis
3324 3650 3458 3708 solis

1833 3745 1977 3802 facta
2003 3756 2087 3802 est
2110 3748 2145 3800 4
2177 3746 2314 3801 Non.
2351 3748 2487 3820 Aug.
2522 3747 2629 3802 fer.
2667 3747 2701 3801 6
2732 3747 2868 3802 hora
2896 3748 2930 3802 6
2960 3747 3124 3819 (503).

1908 3837 2063 3891 1133.
2247 3837 2300 3890 7.
2483 3835 2573 3889 24.
2757 3835 2846 3888 33.
3069 3835 3125 3890 5.

1905 3929 1996 3998 (V.
2037 3927 2531 3998 Norb.)uLutherus
2589 3926 2887 3997 imperator
2942 3923 3355 3995 expeditionem
3397 3923 3455 3978 in

1835 4017 2044 4072 Italiam
2077 4023 2230 4088 parat
2262 4034 2275 4081 ;
2310 4024 2365 4070 et
2403 4029 2526 4070 cum
2599 4013 2878 4086 episcopis
2936 4020 2992 4068 et
3020 4012 3458 4084 archiepiscopis

1837 4127 2034 4182 papam
2069 4109 2449 4166 Innocentium
2501 4109 2728 4164 Romam
2770 4106 3076 4172 deducens,
3124 4113 3318 4162 contra
3341 4106 3450 4162 Pe-

1837 4211 1976 4258 trum
2012 4203 2342 4274 Leonis,qui
2393 4200 2786 4257 monasterium
2817 4199 2989 4254 sancti
3057 4198 3201 4253 Petri
3237 4199 3456 4254 munie-

1837 4305 1938 4360 rat,
1963 4311 2088 4350 eum
2127 4295 2182 4349 in
2209 4294 2494 4366 episcoluo
2554 4293 2907 4348 Lateranensi
2949 4292 3005 4346 in
3041 4291 3173 4346 sede
3226 4290 3455 4362 pontifi-

1839 4387 1948 4442 cali
1980 4396 2235 4458 potenter
2265 4386 2516 4443 collocat.
2543 4387 2726 4458 Ipsum
2757 4401 2888 4440 vero
2932 4383 3246 4438 Liutherum
3282 4384 3456 4438 Inno-

157 4487 305 4532 morte
332 4480 546 4534 Francis
599 4480 806 4535 luctum
860 4479 1094 4546 induxit,
1128 4479 1158 4535 3
1210 4479 1288 4534 Id.
1332 4479 1446 4534 Oct.
1500 4476 1741 4534 Ecclesia
1761 4467 1816 4535 Ι)
1839 4475 2056 4530 centius
2077 4491 2217 4546 papa
2243 4475 2444 4530 ibidem
2476 4475 2532 4529 in
2561 4475 2950 4546 imperatorem
2973 4477 3281 4535 consecrat,

155 4568 302 4622 sancti
331 4567 572 4624 Medardi
617 4570 926 4624 Sucssionis
955 4570 1024 4624 ab
1079 4569 1402 4624 Innocentio
1432 4584 1573 4639 papa
1603 4583 1735 4624 con-

155 4664 388 4726 secratur,
417 4658 662 4714 Concilio
695 4659 881 4714 Remis
933 4658 1146 4726 habito,
1200 4664 1457 4729 presente
1492 4657 1734 4714 Franco-

156 4763 252 4803 rum
279 4768 399 4826 rege
430 4753 730 4820 Ludovico,
772 4754 916 4809 filius
965 4755 1086 4826 ejus
1128 4753 1437 4809 Ludovicus
1465 4753 1518 4808 in
1553 4769 1736 4826 regem

155 4854 475 4901 consecratur
504 4864 535 4900 a
557 4863 696 4918 papa
737 4849 1084 4903 Innocentio.
1113 4847 1148 4900 8
1193 4847 1306 4901 Kal.
1339 4847 1478 4903 Nov.
1510 4847 1624 4902 Sub
1657 4847 1742 4904 bis

157 4941 467 5008 temporibus
520 4942 655 4997 ordo
697 4943 1001 4997 canonicus
1040 4942 1658 5008 Premonstratensium,
1693 4950 1746 4997 et

158 5031 464 5086 monasticus
493 5031 964 5099 Cisterciensium,
990 5033 1147 5104 quasi
1167 5033 1290 5087 dum
1322 5032 1480 5088 olivae
1521 5033 1576 5086 in
1607 5049 1743 5088 con-

159 5126 322 5186 spectu
350 5123 588 5192 Domini,
622 5124 840 5195 pietatis
873 5125 1056 5180 lumen
1089 5133 1142 5180 et
1173 5125 1481 5181 devotionis
1509 5126 1745 5196 pingue-

162 5206 320 5267 dinem
350 5215 556 5270 mundo
611 5215 1017 5284 ministrabant,
1061 5224 1116 5272 et
1166 5217 1320 5288 quasi
1371 5217 1511 5272 vites
1554 5216 1743 5271 fructi-

160 5300 290 5372 ferae,
337 5309 621 5382 religionis
681 5311 934 5381 palmites
987 5312 1420 5384 circumquaque
1465 5328 1741 5384 prepaga-

164 5392 290 5460 bant,
315 5406 365 5453 et
395 5416 491 5470 per
517 5416 710 5457 omnes
779 5403 891 5458 fere
948 5404 1233 5459 christiani
1283 5404 1435 5459 orbis
1477 5405 1744 5460 terminos

164 5480 297 5539 bona:
321 5490 595 5558 Opinionis
624 5492 887 5562 paulatim
915 5493 1086 5548 odore
1119 5492 1342 5559 diffuso,
1363 5509 1535 5548 novas
1572 5493 1743 5547 abba-

166 5573 272 5643 tias,
293 5578 381 5634 ubi
417 5589 576 5638 antea
597 5584 691 5638 Dei
720 5583 898 5640 cultus
940 5601 1050 5640 non
1092 5583 1269 5639 fuerat
1322 5584 1739 5641 construebant.

1909 4572 2066 4626 1134.
2213 4571 2265 4624 8.
2484 4571 2574 4624 25.
2740 4570 2828 4625 34.
3046 4569 3101 4625 6.

1910 4660 2032 4730 (1b.)
2082 4659 2380 4715 Norbertus
2439 4659 2914 4730 archiepiscOpus,
2973 4657 3056 4712 vir
3130 4664 3326 4728 potens
3382 4654 3462 4710 in-

1839 4767 2008 4822 opere
2029 4760 2083 4806 et
2101 4765 2382 4819 sermone,
2412 4750 2709 4806 multorum
2757 4749 3222 4806 monasteriorum
3263 4745 3458 4802 funda-

1847 4853 1950 4906 tor,
1993 4851 2048 4899 et
2071 4850 2270 4898 sanctae
2311 4842 2595 4917 religionis
2621 4841 2854 4897 eximius
2893 4848 3248 4916 propagator,
3281 4841 3456 4897 Inno-

1846 4937 2014 4993 centii
2037 4953 2192 5009 papa;
2221 4937 2478 4992 catholici
2538 4935 2876 5009 equissimus
2913 4935 3113 5003 fautor,
3154 4934 3297 4990 Petri
3330 4948 3461 4990 vero

1844 5029 2139 5085 scismatici
2195 5030 2537 5098 justissimus
2591 5039 2892 5093 execrator,
2952 5045 3076 5085 cum
3127 5027 3462 5098 imperatore

1846 5125 2102 5180 Liuthcro
2124 5125 2190 5178 ab
2221 5124 2577 5195 expeditione
2626 5124 2813 5179 Italica
2857 5139 3142 5199 regressus
3179 5124 3236 5179 in
3267 5124 3463 5180 civita-

1847 5224 1951 5272 tem
1973 5233 2150 5283 suam,
2183 5231 2294 5271 non
2325 5216 2496 5271 multo
2530 5223 2653 5287 post
2711 5214 3386 5286 inﬁrmitatelcorripitur,
3415 5219 3471 5268 et

1848 5311 1902 5366 in
1935 5326 1998 5364 ea
2031 5324 2131 5379 per
2168 5308 2406 5378 spatium
2447 5316 2684 5380 quatuor
2715 5307 2984 5362 mensium
3016 5306 3300 5375 laborans,
3334 5306 3464 5377 epi-

1843 5408 2069 5473 scopatu
2092 5399 2373 5470 sapienter
2393 5416 2456 5456 ac
2515 5399 2754 5456 fideliter
2810 5399 3115 5454 ministrate
3146 5412 3245 5470 per
3293 5413 3469 5452 annos

1843 5504 1988 5562 octo,
2017 5493 2322 5551 astantibus
2353 5493 2634 5559 fratribus,
2660 5493 2786 5548 data
2811 5491 3201 5547 benedictione
3214 5490 3464 5543 moritur.

1846 5585 1975 5640 Cum
2004 5585 2074 5640 de
2104 5582 2388 5655 sepultura
2419 5582 2561 5638 inter
2597 5581 2830 5638 clericos
2862 5581 3088 5650 majoris
3121 5577 3384 5634 ecclesia:
3413 5589 3469 5635 ct

1705 5693 1910 5750 ΝΟΤᾸΞ.

221 5756 352 5828 (503)
382 5761 438 5817 Α.
487 5762 637 5832 1133,
667 5764 1062 5836 ponuntLaud.
1092 5771 1144 5821 et
1177 5763 1446 5835 Burburg.
