3858 6206
149 283 246 336 373

975 270 1324 324 tlllRONlCA.
1371 297 1435 306 -
1477 260 1910 320 CONTINUATIO
1953 259 2671 316 PR‘IEMONSTRATENSIS.

3388 267 3494 320 374

148 435 315 494 scopo
351 416 541 474 Leodii
588 417 670 486 (Ο.
709 414 903 480 Laud.)
938 411 1062 468 Orta
1089 408 1440 465 dissensione
1496 406 1640 494 inter
1673 419 1772 474 pa-
1795 403 1850 472 Α
1878 399 2048 494 latriae
2077 399 2335 494 sordibus
2374 416 2655 494 nunquam
2689 401 2866 457 fuerat
2886 402 3117 474 polluta,
3159 421 3222 458 ex
3244 420 3354 476 quo
3383 405 3497 476 pri-

148 527 270 584 pam
320 510 626 564 Romanum
685 512 740 558 et
799 503 1128 558 Francorum
1184 514 1369 572 regem
1415 493 1772 558 Ludovicum,

149 582 401 656 aecclesia
440 595 722 651 Gallicana
777 593 1058 656 turbatur;
1109 589 1380 654 simultas,
1434 600 1556 657 quae
1595 582 1776 653 sopita

148 689 446 762 putabatur
474 686 620 739 inter
676 698 861 754 regem
901 689 955 735 et
986 681 1186 751 ipsum,
1220 677 1368 748 cepit
1419 673 1774 746 repullulare.

148 785 458 852 Imperator
559 772 1221 845 ConstantinOpolitanus,
1296 768 1587 824 Antiochia
1671 764 1776 819 ali-

147 867 401 942 quandiu
435 866 687 930 obsessa,
713 878 906 934 pacem
935 860 1169 916 tandem
1206 875 1329 914 cum
1349 856 1597 928 principe
1627 853 1777 920 fecit,

150 969 206 1016 et
236 959 523 1015 civitatem
576 955 838 1020 intravit;
870 954 971 1008 sed
1010 951 1290 1007 venationi
1332 949 1615 1014 insistens,
1649 946 1778 1001 dum

149 1069 338 1108 arcum
399 1047 782 1106 vehementius
835 1045 1095 1111 intendit,
1144 1044 1376 1100 toxicata
1400 1042 1597 1114 sagitta
1635 1057 1666 1095 a
1693 1056 1778 1094 se-

148 1145 397 1216 metipso
436 1142 760 1198 vulneratus
819 1139 874 1193 in
904 1138 1125 1192 sinistra
1158 1152 1346 1200 manu,
1407 1134 1566 1200 obiit,
1608 1131 1783 1203 captis

153 1247 290 1292 ante
324 1235 613 1292 nonnullis
649 1232 947 1287 Turcorum
983 1229 1256 1301 presidiis.
1301 1228 1361 1282 Et
1400 1232 1524 1298 post
1551 1241 1676 1280 eum
1717 1223 1784 1279 ﬁ-

147 1328 257 1382 lius
285 1327 410 1396 ejus
436 1322 657 1379 Manuel
691 1321 983 1392 imperium
1025 1305 1282 1390 sumpsit.
1359 1323 1364 1327 ’

312 1417 469 1474 1142.
590 1414 743 1469 R.5.
861 1412 1012 1468 F.5.
1125 1411 1192 1466 A.
1233 1410 1286 1462 7.
1401 1407 1589 1462 11.14.

235 1507 516 1564 Radull‘us
543 1503 1001 1561 Viromandorum
1040 1517 1229 1558 comes
1253 1515 1478 1556 uxorem
1516 1515 1669 1554 suam
1704 1497 1790 1551 di-

154 1601 343 1667 mittit,
392 1605 448 1654 et
502 1612 751 1652 sororem
798 1594 1007 1667 regina:
1034 1592 1386 1648 Petronillam
1432 1591 1602 1646 ducit.
1655 1591 1786 1644 Pro-

154 1702 285 1765 pter
331 1691 484 1762 quod
518 1687 781 1743 instantia
826 1686 1043 1741 comitis
1079 1684 1379 1740 Theobaldi
1437 1683 1669 1738 mittitur
1698 1684 1788 1737 lvo

152 1787 428 1840 Romamn
487 1781 640 1836 sedis
670 1780 906 1853 legatus,
948 1777 1047 1849 qui
1076 1785 1132 1834 et
1188 1775 1476 1831 Radulfum
1530 1775 1789 1831 comitem

155 1870 684 1935 excommunicavit,
727 1875 781 1922 et
829 1867 1127 1938 episcopos
1187 1865 1608 1920 Laudunensem
1662 1866 1791 1919 Bar-

154 1966 545 2027 tholomzeum,
588 1960 1014 2017 Noviomensem
1071 1959 1392 2030 Symonem,
1460 1967 1515 2012 et
1571 1957 1788 2013 Petrum

158 2062 669 2125 Silvanectensem,
701 2055 795 2127 qui
849 2053 1145 2110 divortium
1201 2053 1335 2109 illud
1393 2053 1657 2117 fecerant,
1693 2069 1790 2108 su-

158 2149 412 2221 spendit.

304 2245 472 2300 1143.
695 2241 745 2296 6.
966 2239 1019 2293 6.
1241 2239 1295 2292 8.
1518 2239 1605 2294 15.

227 2336 360 2403 (ιὸ.)
415 2333 624 2387 Ventus
667 2330 966 2385 vehemens
1023 2329 1092 2382 1:3
1144 2328 1256 2382 Kal.
1323 2328 1476 2383 Febr.
1541 2326 1792 2383 horribili

159 2429 376 2497 impetu
411 2421 747 2478 monasteria
785 2420 1090 2491 domosque
1151 2417 1386 2484 subruit,
1440 2417 1669 2474 arbores
1697 2433 1795 2472 an-

161 2534 330 2575 nosas
354 2525 526 2572 terrae
560 2529 861 2584 coequans.
909 2508 1218 2566 Ludovicus
1246 2526 1340 2564 rex
1370 2509 1662 2564 Vitriacum
1709 2524 1798 2562 ca-

157 2619 335 2666 strum
370 2606 601 2664 comitis
651 2604 955 2660 Theobaldi
1005 2602 1187 2673 capit;
1220 2602 1316 2657 ubi
1369 2603 1497 2677 igne
1547 2601 1790 2668 admoto,

152 2703 413 2760 arcclesia
453 2702 705 2767 incensa,
736 2707 791 2753 et
818 2698 874 2751 in
901 2713 966 2752 ea
997 2696 1148 2750 mille
1179 2702 1440 2751 trecentae
1472 2695 1673 2750 animae
1713 2695 1793 2748 di-

157 2794 304 2850 versi
351 2805 522 2846 sexus
569 2795 622 2843 et
668 2787 830 2842 etatis
884 2793 1012 2841 sunt
1065 2785 1192 2857 igne
1233 2791 1580 2856 consumpta.
1616 2784 1792 2854 Super

157 2903 268 2959 quo
296 2901 395 2939 rex
440 2880 750 2937 Ludovicus
788 2879 1171 2934 misericordia
1212 2884 1392 2932 motus
1431 2877 1672 2947 plorasse
1713 2876 1792 2930 di-

157 2981 336 3043 citur;
381 2987 439 3033 et
472 2979 576 3034 hac
605 2978 674 3032 de
708 2994 872 3033 causa
906 2977 1406 3048 peregrinationem
1448 2975 1790 3032 Jerosolimi-

155 3081 349 3128 tanam
390 3087 686 3146 aggressus
731 3087 763 3126 a
811 3070 1142 3142 quibusdam
1187 3069 1492 3125 estimatur.
1541 3069 1788 3124 Castrum

156 3181 297 3221 vero
358 3164 537 3220 Odoni
592 3164 972 3235 Campaniensi
1025 3163 1278 3229 contulit,
1322 3164 1516 3234 nepoti
1570 3163 1793 3218 comitis

1815 1731 1903 1802 BI

1816 3113 1866 3184 C

1875 493 2039 548 mitus
2077 493 2146 547 ad
2203 493 2668 548 christianismum
2727 502 2810 549 est
2867 511 3154 567 conversa,
3213 513 3244 552 a
3303 497 3492 552 Turcis

1875 588 2104 643 obsessa
2135 588 2367 658 capitur.
2405 588 2505 644 Ubi
2532 589 2796 660 episcopo
2828 589 3064 644 civitatis
3113 593 3402 658 decollato,
3435 604 3491 650 et

1876 679 2082 735 sanctis
2134 680 2270 735 locis
2300 681 2677 751 prophanatis,
2712 688 2767 736 et
2805 681 2858 735 in
2889 681 2971 736 eis
3000 683 3186 738 multis
3242 700 3345 740 nec
3394 686 3485 740 di-

1877 769 2072 825 cendis
2119 768 2664 825 abhominationibus
2717 772 3066 841 perpetratis,
3125 772 3294 827 multa
3336 772 3489 828 milia

1879 861 2080 917 diversi
2110 878 2276 916 sexus
2303 867 2360 917 et
2409 863 2570 918 etatis
2612 863 2976 932 trucidantur,
3026 865 3259 921 diversis
3310 867 3490 922 modis

1879 950 2217 1020 cruciantur,
2274 949 2475 1021 captivi
2528 950 2882 1008 abducuntur
2927 960 2983 1009 et
3037 954 3284 1010 servituti
3336 956 3492 1011 addi-

1881 1048 2096 1096 cuntur.
2130 1041 2284 1095 Unde
2313 1041 2629 1096 christianis
2659 1049 2837 1097 metus
2892 1051 2948 1098 et
3002 1043 3252 1113 tristicia,
3295 1045 3492 1101 Christi

1883 1130 2128 1186 nominis
2179 1129 2418 1185 inimicis
2447 1131 2616 1186 fastus
2653 1133 2826 1192 crevit
2875 1141 2929 1188 et
2976 1133 3217 1190 audatia.
3267 1136 3328 1191 Et
3377 1137 3499 1192 htec

1884 1221 2110 1294 quidem
2143 1222 2412 1278 malorum
2446 1223 2632 1279 inicia.
2675 1225 2876 1280 Lucius
2907 1242 3049 1298 papa
3079 1235 3362 1283 senatores
3391 1229 3501 1284 Ro-

1883 1335 2171 1374 manorum
2201 1326 2392 1374 contra
2436 1321 2742 1376 aecclesiam
2771 1328 2986 1378 erectos
3015 1323 3067 1376 in
3100 1323 3371 1394 Capitolio
3394 1325 3499 1380 ob-

1884 1411 2052 1474 sidet;
2099 1412 2194 1465 sed
2229 1411 2356 1465 inde
2395 1427 2494 1482 per
2517 1411 2812 1467 Jordanem
2867 1414 3007 1469 Petri
3043 1415 3242 1470 Leonis
3284 1423 3505 1487 pertur-

1884 1500 2066 1566 batus,
2110 1498 2423 1554 inﬁrmitate
2452 1509 2761 1572 correptus,
2818 1501 2959 1558 infra
2990 1519 3194 1558 annum
3228 1504 3503 1576 pontiﬁcii

1886 1596 1972 1650 sui
2003 1595 2252 1650 moritur.
2282 1595 2454 1664 (Febr.
2508 1596 2623 1666 25.)
2657 1595 2750 1651 Cui
2807 1596 3056 1652 suceedit
3107 1597 3281 1654 abbas
3320 1599 3503 1654 Sancti

1897 1687 2156 1770 Anastasii
2203 1686 2532 1753 Bernardus,
2584 1697 2639 1743 et
2716 1704 2859 1759 papa
2916 1696 3146 1743 vocatur
3203 1691 3502 1765 Eugenius.

1894 1780 2089 1836 Contra
2119 1797 2282 1852 quem
2327 1780 2898 1845 RomaniJordanem
2951 1782 3241 1854 patricium
3273 1790 3327 1839 et
3351 1801 3510 1840 sena-

1890 1879 2036 1928 tores
2073 1872 2373 1946 erigentes,
2405 1888 2530 1927 eum
2563 1872 2632 1927 ab
2663 1872 2800 1929 urbe
2823 1874 3140 1932 deturbant.
3193 1875 3293 1941 Qui
3323 1881 3504 1932 trans-

1887 1966 2185 2037 alpinando
2217 1964 2272 2020 in
2303 1965 2503 2020 Gallias
2532 1966 2706 2023 venit.

2031 2059 2190 2112 1146.
2337 2057 2389 2114 9.
2539 2059 2594 2114 9.
2741 2061 2829 2115 11.
3013 2061 3065 2117 3.
3252 2063 3309 2118 5.

1962 2146 2071 2199 Rex
2104 2145 2434 2202 Francorum
2477 2146 2803 2214 Ludovicus,
2835 2155 3008 2220 captae
3041 2165 3070 2203 a
3100 2148 3290 2205 Turcis
3320 2149 3504 2206 Meso-

1891 2238 2145 2308 potamiae
2174 2238 2294 2293 zelo
2323 2254 2608 2305 accensus,
2659 2239 2775 2296 sive
2803 2247 2863 2295 ut
2919 2240 3011 2295 alii
3046 2248 3263 2311 putant,
3299 2241 3505 2298 Vitria-

1895 2333 2078 2387 censis
2106 2333 2350 2388 incendii
2380 2335 2722 2390 conscientia
2751 2343 3137 2408 compunctus,
3179 2337 3326 2408 apud
3356 2338 3507 2394 Vice-

1897 2423 2096 2479 liaeum
2143 2425 2306 2480 afﬁxo
2362 2425 2467 2480 sibi
2527 2427 2707 2482 crucis
2743 2426 2924 2501 signo,
2977 2444 3100 2483 cum
3158 2429 3507 2500 principibus

1899 2515 2052 2586 regni
2087 2520 2141 2569 et
2177 2514 2936 2571 multitudineinnumerabili
2964 2519 3385 2574 transmarinam
3404 2536 3504 2591 pe-

1898 2606 2324 2680 regrinationem
2357 2607 2582 2681 aggredi
2623 2609 2897 2678 proponit.
2931 2609 3170 2664 Ecclesia
3198 2609 3511 2668 Tornacen-

1892 2700 1989 2766 sis,
2024 2715 2148 2772 quae
2183 2715 2282 2770 per
2305 2715 2482 2754 annos
2511 2698 2728 2755 circiter
2755 2699 2861 2756 600
2890 2718 2920 2755 a
2951 2710 3199 2774 tempore
3228 2703 3376 2760 beati
3394 2704 3510 2758 Me-

1892 2789 2046 2844 (lardi
2078 2791 2183 2845 sub
2211 2790 2473 2861 episcopo
2504 2790 2857 2846 Noviomensi
2911 2791 3031 2846 sine
3076 2794 3303 2865 proprio
3331 2793 3510 2851 fuerat

1892 2882 2198 2949 sacerdote,
2241 2883 2348 2938 hoc
2385 2897 2531 2937 anno
2562 2883 2845 2953 proprium
2877 2884 3203 2956 episc0pum
3233 2887 3383 2957 cepit
3403 2889 3506 2943 ha-

1891 2971 2042 3037 bere,
2072 2972 2329 3028 Anselmo
2367 2971 2566 3026 abbate
2597 2971 2780 3027 Sancti
2830 2972 3099 3029 Vincentii
3128 2973 3511 3033 Laudunensis

1893 3076 1929 3117 a
1956 3078 2096 3133 papa
2144 3061 2387 3135 Eugenio
2415 3061 2600 3117 Romae
2631 3069 2952 3118 consecrato
2990 3069 3044 3118 et
3082 3063 3265 3119 eidem
3303 3065 3514 3131 civitati

1899 3155 1953 3209 in
2005 3154 2326 3225 episcopum
2365 3152 2656 3208 destinato.
2699 3153 2892 3210 Fames
2922 3156 3263 3226 permaxima
3297 3174 3514 3232 grassa-

153 3260 495 3326 Theobaldi,
527 3259 621 3332 qui
664 3259 1057 3331 patrimonium
1098 3259 1167 3312 ab
1231 3259 1352 3329 ipso
1394 3258 1498 3313 sibi
1544 3265 1794 3328 ereptum
1898 3251 2077 3318 turfin
2107 3248 2300 3315 Gallia,
2323 3247 2379 3302 in
2415 3263 2524 3319 qua
2553 3246 2925 3303 aecclesiarum
2968 3248 3172 3304 Christi
3208 3249 3409 3306 enituit
3448 3251 3518 3306 li-

158 3367 261 3421 per
325 3365 519 3424 regem
574 3349 909 3405 Ludovicum
962 3349 1066 3403 hac
1111 3347 1404 3403 occasione
1463 3363 1796 3418 recuperare
1897 3339 2101 3395 beralis
2130 3336 2535 3402 muniﬁcentia;
2591 3353 2714 3409 qum
2770 3339 2825 3393 in
2878 3338 3339 3394 sustentationem
3381 3356 3520 3412 pau-

151 3444 364 3499 voluit.
418 3442 633 3497 Mortuo
665 3441 970 3497 venerabili
1019 3437 1247 3507 Gifrido,
1280 3439 1560 3494 Catalauni
1594 3438 1796 3509 ﬁtepi-
1899 3445 2091 3501 perum
2148 3427 2320 3483 multa
2368 3427 2754 3498 expenderunt
2801 3428 3114 3484 modiorum
3171 3429 3341 3483 milia.
3399 3429 3517 3496 Quo

154 3553 376 3609 seopus
417 3536 748 3605 Guido.(Ib.)
790 3535 913 3590 Obit
954 3551 1095 3606 papa
1143 3535 1518 3601 Innocentius,
1560 3533 1646 3588 cui
1680 3549 1804 3588 suc-

156 3634 323 3691 cedit
353 3631 519 3688 Wido
549 3632 906 3698 castellanus,
965 3629 1239 3685 Caelestini
1271 3630 1494 3685 nomine
1519 3630 1803 3684 alteratus.

162 3725 300 3779 Obit
324 3721 493 3776 etiam
533 3721 698 3776 Fulco
733 3737 826 3775 rex
855 3720 1330 3776 Jerosolimorum.
1381 3719 1500 3787 Qui,
1552 3720 1682 3773 dum
1714 3735 1808 3774 ve-

162 3813 388 3870 nationi
435 3811 696 3867 insistens
726 3811 973 3882 leporem
1027 3810 1338 3881 insequitur
1391 3826 1454 3865 ex
1507 3810 1806 3880 improviso

161 3907 278 3962 sibi
311 3911 700 3975 apparentem,
733 3920 927 3976 equus,
962 3903 1051 3958 cui
1106 3903 1356 3966 sedebat,
1387 3918 1557 3973 super
1586 3917 1647 3956 se
1680 3917 1803 3956 eum

164 3996 511 4068 precipitem
571 3995 746 4059 dedit,
807 3996 1099 4066 ipsumque
1165 4001 1272 4048 Vlla
1315 3993 1520 4064 pariter
1544 3999 1596 4047 et
1636 4010 1809 4068 regno

166 4088 436 4161 privavit.
492 4088 618 4144 Post
674 4104 837 4159 quem
903 4087 1050 4142 ﬁlius
1114 4086 1416 4142 Balduinus
1454 4093 1591 4157 fcum
1640 4095 1809 4142 matre

168 4189 398 4255 regnat.
436 4181 560 4252 (ιδ.)
601 4181 708 4235 Pax
738 4179 1064 4236 reformatur
1115 4180 1257 4234 inter
1287 4195 1483 4251 papam
1518 4186 1575 4234 et
1620 4195 1806 4253 regem

169 4268 524 4326 Ludovicum

328 4352 493 4414 HM.
641 4359 691 4413 7.
839 4361 890 4413 7.
1039 4359 1092 4414 9.
1244 4361 1293 4414 1.
1443 4359 1499 4413 S.
1541 4359 1593 4412 3.

245 4451 569 4507 Celestinus
597 4467 739 4522 papa
769 4451 1015 4522 quinque
1044 4451 1330 4507 mensibus
1359 4456 1412 4506 et
1444 4451 1677 4506 dimidio
1710 4468 1802 4521 pa-

170 4549 348 4612 patus
375 4538 602 4594 functus
633 4539 842 4607 officio,
896 4541 1109 4596 recedit
1141 4543 1323 4610 (Mart.
1383 4540 1468 4611 9.)
1522 4540 1685 4611 eique
1717 4541 1816 4595 Lu-

169 4631 327 4692 cius,
359 4644 429 4682 ex
461 4627 703 4682 Gerardo
734 4629 1066 4683 cancellario
1118 4645 1260 4700 papa
1301 4629 1498 4695 factus,
1545 4629 1811 4684 succedit.

172 4726 468 4781 Mediante
521 4723 718 4776 abbate
789 4722 1124 4788 Clarevallis,
1189 4723 1462 4788 simultas,
1514 4738 1636 4793 qua:
1673 4722 1816 4776 inter

174 4833 379 4892 regem
416 4814 749 4869 Ludovicum
808 4820 864 4867 et
918 4815 1175 4869 comitem
1213 4813 1589 4869 Theobaldum
1623 4813 1817 4868 incan-

173 4911 411 4972 duerat,
453 4907 686 4977 sopitur.
725 4906 870 4961 Inter
915 4906 1255 4977 Stephanum
1289 4921 1472 4980 regem
1526 4904 1733 4980 Anglia:
1762 4912 1817 4960 et

171 4999 440 5054 fautores
487 4995 786 5062 Mathildis,
830 4995 1043 5051 Henrici
1087 4997 1232 5071 regis
1290 4995 1437 5063 ﬁliae,
1469 4994 1619 5049 varia
1673 5003 1816 5050 sorte

175 5090 535 5161 conﬂigitur,
565 5097 621 5144 et
662 5106 892 5161 regnum
929 5090 1088 5157 illud,
1120 5089 1268 5163 quod
1326 5107 1423 5161 pre
1478 5090 1679 5144 ceteris
1717 5088 1820 5143 ali-

175 5184 445 5258 quandiu
497 5183 746 5254 quietum
808 5190 1081 5238 manserat
1146 5193 1202 5239 et
1265 5183 1612 5255 opulentum,
1657 5171 1823 5250 ferro,

177 5276 443 5338 ﬂamma,
486 5273 632 5328 fame
671 5273 874 5328 misere
904 5274 1248 5344 decerpitur.

344 5365 506 5421 1145.
691 5365 742 5418 8.
927 5365 982 5419 8.
1130 5366 1216 5421 10.
1371 5365 1422 5419 ‘2.
1612 5364 1645 5418 4

266 5457 476 5512 Edessa
515 5455 924 5524 Mesopotamiae
962 5455 1174 5521 civitas,
1237 5457 1290 5509 in
1323 5471 1431 5525 qua
1487 5459 1645 5508 erant
1701 5467 1826 5507 cor-

184 5564 339 5622 pora
379 5546 755 5618 apostolorum
805 5546 1010 5602 Tliome
1041 5555 1095 5602 et
1123 5546 1391 5612 Thaddei,
1433 5552 1487 5600 et
1544 5561 1668 5617 quae
1704 5543 1828 5598 ido-

1834 4396 1888 4464 D

1905 3529 2152 3591 tempore
2211 3519 2266 3574 in
2318 3518 2648 3591 Lingonensi
2703 3520 3010 3588 parrochia,
3046 3521 3191 3591 apud
3245 3521 3520 3578 Morman-

1907 3611 2058 3676 dum,
2108 3610 2200 3664 ubi
2254 3623 2524 3680 pauperes
2555 3608 2831 3662 innumeri
2886 3611 3165 3667 cotidiana
3221 3614 3364 3684 stipe
3412 3615 3522 3670 ale-

1911 3701 2128 3767 bantur,
2161 3698 2383 3770 quidam
2431 3697 2684 3752 homines
2714 3698 2984 3755 occidisse
3022 3711 3076 3756 et
3104 3717 3295 3757 eorum
3326 3719 3520 3760 carnes

1909 3803 2090 3852 coctas
2117 3792 2437 3850 vendidisse
2501 3792 2903 3862 deprehensus.
2944 3812 2973 3848 a
3015 3796 3352 3867 pauperibus
3388 3799 3523 3869 pati-

1911 3889 2040 3944 bulo
2096 3895 2179 3943 est
2237 3900 2532 3958 appensus.
2606 3883 2782 3940 Guido
2867 3886 3176 3944 Catalaunis
3223 3889 3522 3962 episcopus

1911 3980 2047 4036 obit.

1981 4068 2140 4122 1117.
2326 4063 2413 4121 10.
2562 4065 2645 4121 10.
2796 4066 2883 4120 12.
3032 4067 3085 4121 4.
3233 4068 3286 4121 6.

1983 4159 2232 4216 Conrado
2264 4173 2395 4231 rege
2426 4157 2484 4212 in
2514 4156 2901 4228 puriﬁcatione
2931 4167 3136 4215 sanctae
3165 4159 3348 4216 Maria:
3369 4162 3529 4218 Fran-

1911 4255 2168 4312 kenefort
2225 4252 2524 4308 constituto
2555 4252 2734 4321 (Febr.
2766 4251 2845 4320 2),
2899 4250 3073 4307 abbas
3110 4252 3530 4312 Clarevallensis

1916 4356 2024 4405 tam
2073 4364 2202 4422 rege
2268 4361 2432 4417 quam
2501 4344 2746 4400 cunctis.
2783 4345 2937 4419 regni
3006 4345 3354 4416 principibus
3402 4364 3530 4404 cru-

1914 4443 1993 4497 cis
2034 4439 2210 4513 afﬁgit
2245 4438 2488 4512 signum,
2522 4443 2576 4490 et
2604 4436 2731 4491 sotii
2764 4436 3230 4508 peregrinationis
3259 4438 3532 4511 multipli-

1915 4539 2112 4586 cantur
2136 4543 2304 4598 super
2351 4540 2664 4580 numerum.
2710 4525 2928 4580 Navalis
2975 4525 3069 4580 Dei
3099 4526 3395 4595 exercitus,
3461 4545 3527 4584 ex

1917 4623 2128 4695 Anglia,
2162 4619 2412 4676 Flandria
2450 4624 2615 4689 atque
2645 4617 2995 4690 Lotharingia
3037 4617 3324 4686 collectus,
3377 4621 3412 4674 2
3443 4622 3524 4676 Id.

1916 4713 2116 4785 Aprilis
2173 4713 2241 4766 de
2291 4708 2674 4765 Tredemunde
2735 4707 2873 4776 (507)
2922 4715 3080 4778 portu
3135 4709 3344 4781 Angliae
3398 4728 3522 4767 cum

1913 4807 2019 4863 200
2064 4805 2182 4861 fere
2221 4803 2456 4860 navibus
2504 4801 2800 4873 profectus,
2833 4802 2867 4855 4
2922 4801 3034 4855 Kal.
3067 4800 3196 4856 Julii
3245 4802 3300 4857 in
3340 4803 3529 4878 vigilia

1917 4901 2288 4972 apostolorum
2347 4896 2720 4953 Ulixisbonam
2773 4894 2920 4960 (508)
2978 4894 3264 4966 applicuit,
3321 4903 3376 4951 et
3406 4912 3529 4951 eam

1919 4998 2041 5064 post
2069 4998 2328 5063 quattuor
2355 4988 2628 5044 mensium
2669 4985 3019 5040 obsidionem
3069 5002 3169 5058 per
3196 4987 3396 5041 multas
3439 5004 3535 5043 ce-

1919 5084 2018 5138 des
2045 5089 2100 5136 et
2130 5082 2352 5136 multam
2384 5077 2814 5134 macerationem
2857 5076 2951 5130 Dei
2982 5075 3184 5131 virtute
3235 5083 3292 5131 et
3321 5092 3419 5131 sua
3451 5077 3538 5132 in-

1929 5174 2138 5228 dustria
2201 5173 2456 5244 capiunt;
2513 5179 2569 5227 et
2621 5186 2744 5225 cum
2813 5170 2880 5224 de
2955 5169 3092 5239 ipsis
3172 5174 3385 5224 tantum
3449 5185 3540 5224 es-

1926 5273 2051 5320 sent
2094 5263 2287 5329 13000,
2332 5262 2572 5317 hostium
2629 5258 2842 5316 200500
2896 5265 3244 5329 superantes,
3304 5257 3540 5330 ingressi

1926 5371 2046 5409 cum
2082 5353 2320 5424 hymnis.
2357 5350 2666 5407 aecclesiam
2717 5349 3062 5416 dedicantes,
3104 5348 3427 5419 episcOpum
3461 5341 3540 5399 ibi

1926 5454 1980 5501 et
2007 5444 2239 5500 clericos
2267 5443 2684 5498 ordinaverunt.
2736 5442 2811 5495 Ad
2841 5455 3070 5511 corpora
3125 5439 3202 5494 ibi
3233 5438 3542 5494 occisorum

1928 5548 2039 5595 tres
2077 5537 2210 5592 muti
2264 5540 2667 5605 recupaverunt
2723 5533 2986 5604 loquendi
3026 5548 3206 5588 usum.
3259 5527 3545 5583 Conradus

1774 5637 1986 5692 N0T1E.

273 5741 423 5810 {3507)
449 5741 770 5795 Dartmouth
796 5739 846 5793 in
889 5740 1245 5795 Devonshire.

1970 5733 2115 5804 (508)
2148 5731 2438 5786 Lissanou.
