3858 6206
376 310 484 368 375

1589 316 1933 370 SIGEBERTI
1977 317 2490 372 GEMBLACEI‘SIS.

3621 325 3726 382 376

379 455 474 496 rex
526 453 717 494 mense
761 438 904 495 Maio
957 456 1081 496 cum
1129 442 1487 499 multitudine
1515 444 1904 500 innumerabili
1948 452 2003 500 et
2031 452 2078 520 Α
2107 455 2272 517 pnata
2319 454 2374 502 et
2423 447 2637 502 abrasa.
2681 447 2928 503 Lauduni
2970 450 3004 505 4
3037 449 3176 506 Non.
3209 449 3318 505 Jul.
3371 451 3530 507 factis
3584 455 3734 507 toni-

377 529 576 584 virtute
632 529 1054 602 incomparabili
1128 533 1630 607 peregrinationem
1676 532 1996 609 aggressus,

379 618 614 674 transito
659 635 923 691 prospere
965 621 1213 689 Bosforo,
1273 623 1404 677 dum
1462 625 1529 678 ad
1568 626 1996 699 expugnandum

379 710 629 766 Iconium
662 711 972 767 inconsulte
1004 713 1245 781 divertit,
1276 717 1618 787 consumptis
1669 725 1823 772 terrae
1865 733 1997 790 ger-

377 801 626 856 minibus
654 809 710 858 et
739 801 1126 860 deﬁcientibus
1145 805 1496 870 victualibus,
1523 809 1638 863 suis
1668 808 1808 864 fame
1857 809 2000 864 afﬂi-

377 894 480 948 ctis
500 893 660 959 redit,
687 901 744 951 et
783 898 1248 970 prosequentibus
1274 915 1372 955 eos
1401 899 1610 968 Turcis,
1648 901 1818 957 multa
1848 902 2001 958 milia

382 1005 608 1046 suorum
640 991 863 1047 amittit.
907 992 1016 1047 Rex
1060 993 1389 1049 Francorum
1439 994 1751 1052 Ludovicus
1799 995 1833 1052 3
1882 996 1996 1051 Kal.

374 1079 525 1134 Junii
573 1079 628 1134 in
688 1088 1050 1152 pentecosten
1101 1084 1604 1156 peregrinationem
1681 1102 1996 1162 aggressus,

378 1185 502 1226 cum
535 1170 764 1226 inﬁnitis
789 1179 846 1228 et
869 1174 1142 1245 expeditis
1183 1191 1409 1232 suorum
1450 1177 1675 1234 milibus
1705 1195 1805 1250 per
1844 1178 1999 1234 Ilua-

376 1261 579 1332 gariam
612 1261 913 1332 profectus,
945 1265 1172 1320 transito
1216 1265 1442 1322 Bosforo
1493 1284 1726 1324 occursu
1761 1269 1996 1324 Conradi

384 1349 530 1422 regis
557 1351 862 1422 excipitur;
896 1353 990 1424 qui
1030 1355 1219 1408 multis
1248 1371 1472 1411 suorum
1505 1357 1576 1412 ob
1637 1357 1881 1429 inopiam
1913 1375 2001 1414 re-

380 1439 758 1509 patriantibus,
815 1442 1006 1512 paucis
1061 1443 1471 1512 comitantibus,
1525 1462 1555 1500 a
1625 1446 1849 1501 Francis
1900 1448 2000 1502 be-

377 1531 546 1604 nigne
569 1540 860 1603 susceptus
891 1540 1082 1589 etcum
1116 1536 1196 1590 eis
1225 1536 1551 1608 aliquandiu
1585 1547 1668 1593 est
1699 1538 1977 1609 profectus

379 1619 486 1674 Sed
522 1620 589 1673 ab
628 1620 961 1691 imperatore
993 1624 1290 1680 Grecorum
1349 1642 1380 1680 a
1435 1627 1638 1680 Tiatira
1685 1637 1993 1695 revocatus,

381 1711 611 1766 navibus
637 1713 756 1781 ejus
785 1715 1164 1771 Jerosolimam
1201 1724 1283 1772 est
1313 1725 1551 1774 evectus.
1590 1720 1835 1791 Eclypsis
1863 1721 1996 1774 solis

379 1802 481 1857 fuit
521 1803 554 1860 8
584 1803 698 1859 Kal.
752 1806 1101 1876 Novembris,
1132 1809 1221 1864 die
1252 1809 1549 1879 dominica,
1582 1812 1649 1866 ab
1687 1803 1816 1867 hora
1847 1813 1882 1866 2
1910 1829 1996 1867 us-

381 1894 557 1965 quein
588 1896 778 1952 horam
817 1899 870 1952 5.

454 1988 611 2046 1148.
726 1989 788 2046 R.
831 1991 918 2044 II.
1031 1992 1221 2048 A.13.
1338 1995 1397 2047 Η.
1437 1996 1491 2047 5.
1602 1995 1654 2050 S.
1701 1995 1750 2049 7.

455 2079 643 2134 Franci
676 2097 773 2150 per
793 2081 1009 2136 deserta
1038 2083 1176 2139 Asiae
1216 2084 1344 2140 dolo
1376 2095 1428 2139 et
1469 2096 1585 2140 astu
1626 2087 1916 2142 Grecorum
1941 2095 1994 2142 et

383 2171 579 2229 crebro
625 2174 834 2228 assultu
883 2175 1178 2231 Turcorum
1240 2179 1567 2234 detrimenta
1617 2180 1850 2235 maxima
1908 2197 1996 2251 pa~

384 2263 625 2330 tiuntur;
664 2272 720 2320 et
771 2265 913 2321 fame
955 2267 1122 2322 nimia
1177 2271 1426 2336 cruciati,
1473 2273 1694 2343 quidam
1727 2289 1993 2344 equorum

383 2363 438 2410 et
467 2355 746 2412 asinorum
787 2359 1052 2415 carnibus
1082 2370 1396 2417 vescuntur.
1441 2364 1529 2418 Sic
1570 2381 1694 2419 cum
1735 2366 1905 2421 multo
1927 2366 1998 2420 la~

380 2451 516 2506 bore
548 2458 601 2507 et
627 2452 892 2524 dampno,
925 2456 1112 2512 multis
1142 2456 1290 2512 fame
1321 2459 1709 2528 pereuntibus,
1745 2461 1832 2514 vix
1880 2469 2001 2515 tan-

381 2543 506 2599 dem
539 2545 837 2602 Seleutiam
859 2556 1151 2616 venerunt,
1183 2556 1238 2604 et
1283 2549 1413 2606 inde
1443 2551 1784 2608 Antiochiam
1821 2559 1875 2608 et
1902 2553 2002 2607 Pa-

382 2635 636 2692 Iestinam
687 2639 989 2709 petierunt.
1029 2640 1244 2696 Manuel
1306 2658 1399 2696 rex
1450 2642 1743 2698 Grecorum
1780 2645 2003 2700 nuntios

383 2728 527 2802 regis
558 2729 778 2798 Siciliae,
819 2746 963 2803 quos
988 2733 1055 2786 ad
1087 2749 1212 2788 eum
1245 2749 1344 2803 pro
1371 2735 1698 2806 exequendo
1731 2738 1880 2807 pacis
1909 2737 2003 2792 fue-

383 2818 518 2874 dere
558 2820 801 2886 miserat,
863 2821 1100 2878 detinuit
1149 2825 1494 2896 mancipatus
1547 2843 1787 2883 carcere.
1849 2829 1999 2883 Unde

385 2911 554 2965 iratus
610 2911 873 2986 Rogerus,
927 2915 1092 2970 misso
1130 2916 1309 2970 navali
1351 2918 1618 2986 exercitu,
1673 2920 1998 2976 Corinthum

383 2999 639 3070 spoliavit
659 3016 782 3056 cum
824 3002 1156 3073 quibusdam
1176 3004 1300 3059 aliis
1328 3005 1649 3063 civitatibus
1677 3015 1733 3063 et
1759 3010 2001 3066 castellis

385 3091 441 3145 in
470 3088 693 3156 Grecia;
724 3097 778 3146 et
817 3090 1087 3147 inﬁnitam
1144 3109 1372 3149 sumens
1396 3094 1597 3151 diversi
1629 3099 1868 3170 'generis
1897 3115 1998 3169 pa-
2025 3147 2074 3170 ,.

2023 3147 2076 3211 (Σ

386 3179 830 3236 ludamentorum
877 3190 934 3236 et
957 3183 1122 3238 vestis
1171 3184 1434 3254 preciosze
1471 3186 1834 3243 substantiam
1874 3206 1998 3244 cum

385 3275 503 3331 auri
523 3282 590 3330 .et
613 3277 827 3349 argenti
877 3277 1057 3346 capia,
1099 3278 1396 3349 captivavit
1425 3288 1482 3335 et
1511 3281 1580 3336 de
1627 3282 1812 3338 Grecis
1855 3300 1999 3339 non-

386 3367 536 3422 nulla
592 3367 763 3423 milia.
797 3367 957 3439 Cepit
985 3369 1148 3424 etiam
1210 3370 1442 3426 insulam
1509 3373 1804 3430 Curfolium
1836 3378 1997 3448 (509),

383 3471 440 3519 et
463 3463 519 3519 in
546 3455 667 3532 ejus
695 3471 861 3534 portu
892 3463 1171 3521 edificavit
1224 3465 1364 3522 forte
1394 3468 1715 3538 presidium.
1772 3470 1996 3527 Citerio-

386 3570 474 3608 res
529 3552 754 3624 Hispani
799 3555 1025 3625 capiunt
1066 3556 1382 3624 Almariam,
1433 3567 1487 3614 et
1539 3563 1794 3633 sequenti
1853 3580 1998 3621 anno

381 3641 688 3710 Tortosam,
722 3642 967 3714 insignes
1009 3643 1256 3700 civitates
1303 3646 1752 3704 Sarracenorum.
1791 3651 2004 3708 Alvisus

381 3731 758 3788 Atrebatensis
785 3733 1098 3804 episcopus,
1132 3735 1213 3789 vir
1243 3736 1532 3792 honestate
1581 3738 1703 3794 vitae
1734 3746 1788 3794 et
1815 3741 2000 3796 scien-

383 3826 456 3880 tia
500 3827 702 3895 clarus,
751 3828 894 3899 apud
949 3829 1378 3902 Philippopolim
1440 3832 1556 3888 obit
1586 3834 1747 3904 (510).
1792 3835 1997 3906 Symon

380 3938 626 3994 quoque.
681 3923 1063 3979 Noviomensis
1133 3925 1429 3997 episcopus
1482 3928 1630 3999 apud
1699 3930 1993 3986 Seleutiam

381 4011 530 4067 diem
559 4012 784 4067 claudit.
810 4012 1084 4068 Amedeus
1113 4028 1299 4068 comes
1326 4014 1725 4071 Maurianensis
1757 4018 1810 4071 in
1836 4018 1995 4090 Cipro

382 4103 563 4159 insula
593 4104 728 4159 obit.
760 4104 801 4159 A
847 4121 988 4176 papa
1021 4106 1266 4179 Eugenio
1313 4107 1496 4162 Remis
1521 4109 1817 4164 concilium
1849 4113 1996 4166 cele-

380 4195 586 4258 bratur,
623 4195 677 4250 in
709 4212 820 4268 quo
843 4197 1120 4254 hereticus
1151 4197 1375 4269 quidam
1407 4200 1476 4254 de
1502 4200 1804 4256 Rrittannia
1825 4203 1995 4258 addu-

381 4299 502 4347 ctus
531 4291 898 4362 dampnatur;
948 4293 1043 4364 qui
1097 4308 1206 4348 non
1237 4295 1559 4364 prophetam
1600 4295 1686 4350 vel
1737 4313 1992 4370 magnum

380 4383 707 4452 quemlibet,
739 4383 836 4439 sed
869 4385 1079 4440 nomini
1125 4401 1227 4442 suo
1284 4386 1558 4442 alludens.
1593 4419 1659 4428 —
1701 4389 1812 4445 Eon
1845 4391 1988 4444 enim

377 4473 668 4529 dicebatur
694 4504 762 4514 —
793 4475 894 4529 Per
918 4490 1035 4530 eum
1064 4477 1162 4544 qui
1182 4479 1438 4530 venturus
1476 4480 1554 4532 est
1572 4476 1825 4546 judicare
1849 4482 1994 4532 vivos

377 4571 427 4622 et
445 4572 681 4623 mortuos
709 4571 760 4622 et
805 4569 1040 4623 secutum
1060 4584 1160 4639 per
1196 4571 1374 4636 ignem
1403 4584 1462 4623 se
1493 4584 1616 4624 esse
1669 4569 1906 4636 dicebat,
1939 4581 1995 4626 et

379 4656 447 4711 de
467 4656 584 4711 suis
621 4656 889 4727 quosdam
939 4657 1163 4730 quidam
1195 4658 1445 4731 angelos,
1473 4657 1612 4713 alios
1644 4665 1827 4714 autem
1854 4675 1993 4729 apo-

378 4749 549 4804 stolos
592 4749 847 4817 faciebat,
882 4757 936 4806 et
966 4751 1205 4822 propriis
1233 4751 1554 4825 angelorum
1593 4767 1692 4806 seu
1720 4752 1996 4822 apostolo-

381 4853 498 4892 rum
543 4839 859 4894 nominibus
905 4839 1240 4911 appellabat.
1299 4839 1400 4904 Qui
1456 4840 1512 4895 in
1567 4841 1801 4897 concilio
1841 4841 1994 4896 dam-

380 4934 601 5000 pnatus,
643 4928 746 4984 sub
776 4930 1028 4985 custodia
1082 4931 1370 4986 Remensis
1425 4931 1830 5002 archiepiscopi
1880 4947 1990 4986 non

379 5017 551 5073 multo
583 5025 706 5088 post
725 5017 1037 5085 defunctus,
1094 5019 1206 5075 vita
1235 5019 1441 5090 pariter
1491 5020 1666 5075 caruit
1694 5026 1748 5075 et
1777 5035 1991 5075 memo-

378 5110 475 5166 ria.
509 5108 707 5165 Contra
755 5108 1056 5166 Gilbertum
1108 5126 1334 5183 quoque
1377 5111 1717 5168 Pictavorum
1777 5111 1997 5182 episco-

379 5215 532 5270 pum,
592 5198 686 5271 qui
738 5198 973 5269 quadam
1029 5214 1169 5255 nova
1227 5199 1519 5256 verborum
1569 5200 1875 5256 subtilitate
1939 5200 1993 5254 in

376 5290 597 5362 scriptis
640 5289 756 5345 suis
809 5289 1218 5346 scandalizabat
1259 5291 1589 5357 ecclesiam,
1641 5291 1816 5347 multa
1870 5299 1996 5346 sunt

376 5383 524 5440 dicta
551 5392 608 5438 et
633 5382 931 5454 disputata.
965 5381 1119 5437 Unde
1146 5390 1201 5438 et
1230 5385 1506 5455 quaadam,
1540 5400 1664 5456 quae
1695 5383 1994 5440 defendere

376 5489 488 5547 non
520 5471 856 5545 presumpsit
883 5471 967 5525 vel
1009 5485 1119 5526 non
1151 5471 1348 5541 potuit,
1395 5474 1463 5527 ab
1518 5473 1639 5544 ipso
1686 5480 1814 5530 sunt
1839 5473 1996 5528 dam-

2101 542 2258 608 truis,
2301 542 2354 594 in
2375 542 2711 596 monasterio
2737 542 2909 597 sancti
2937 542 3209 598 Vincentii
3235 546 3524 601 monachis
3543 545 3731 601 diurni

2100 634 2270 692 officii
2302 649 2521 689 cursum
2567 635 3002 705 complentibus,
3049 636 3160 691 duo
3188 653 3254 691 ex
3293 637 3376 692 eis
3404 638 3592 694 subito
3619 637 3734 694 ful-

2100 727 2264 782 minis
2304 726 2414 781 ictu
2472 733 2794 782 corruentes
2857 727 3276 797 expiraverunt;
3338 729 3430 784 alii
3497 728 3729 801 quidam

2104 821 2229 875 tacti
2269 818 2356 874 vel
2408 818 2583 874 territi
2635 818 2722 873 vix
2772 819 3198 874 convaluerunt.
3262 821 3511 877 Fulmine
3556 822 3727 877 etiam

2100 911 2287 968 altaris
2336 911 2566 966 linteum
2604 909 2896 976 adurente,
2930 917 2984 964 ct
3023 911 3324 966 sacrarium
3371 920 3732 982 penetrante,

2100 1007 2153 1056 et
2185 1001 2254 1056 de
2285 1016 2482 1075 magna
2509 1015 2670 1055 cruce
2699 1007 2934 1070 partem,
2970 1008 3181 1070 partem
3211 1017 3432 1073 quoque
3463 1005 3736 1059 claustra-

2099 1095 2166 1148 lis
2197 1094 2359 1150 hostii
2405 1101 2745 1165 asportante,
2792 1103 2902 1150 tota
2942 1095 3141 1151 domus
3199 1097 3444 1168 repletur
3468 1097 3732 1152 horrore.

2099 1184 2158 1237 In
2190 1184 2313 1238 aliis
2337 1184 2502 1238 etiam
2531 1184 2665 1239 Iocis
2697 1184 3015 1239 hominibus
3039 1201 3137 1240 seu
3163 1185 3446 1240 hominum
3470 1186 3734 1242 aedificiis

2098 1271 2184 1326 vel
2216 1271 2546 1327 animalibus
2596 1271 2824 1349 fulmine
2873 1274 3258 1344 pereuntibus,
3299 1275 3443 1330 mala
3473 1292 3597 1347 quae.
3629 1293 3730 1332 so-

2100 1361 2197 1415 lito
2220 1361 2475 1434 graviora
2506 1363 2821 1416 christianis
2847 1363 3154 1437 contigere,
3202 1373 3329 1420 sunt
3368 1367 3605 1439 signata.
3643 1369 3734 1421 Di-

2101 1458 2230 1504 cunt
2258 1450 2420 1505 etiam
2469 1452 2810 1506 Jerosolimis
2851 1453 2903 1506 in
2970 1454 3176 1524 templo
3229 1455 3447 1510 Domini
3488 1457 3605 1512 sive
3671 1458 3726 1511 in

2103 1548 2288 1595 monte
2345 1540 2539 1595 Oliveti
2594 1541 2944 1606 fulminasse,
2983 1549 3038 1597 et
3095 1544 3217 1612 ejus
3271 1545 3566 1600 infortunii
3621 1549 3730 1602 hoc

2099 1636 2410 1709 presagium
2462 1636 2635 1690 fuisse
2720 1638 2779 1690 In
2829 1638 3106 1694 territorio
3153 1639 3506 1695 Gebennensi
3556 1641 3729 1712 lupus

2098 1725 2347 1796 quidam,
2377 1727 2628 1798 corporis
2686 1728 3068 1803 magnitudine
3112 1739 3166 1783 et
3221 1730 3389 1783 animi
3437 1731 3731 1788 ferocitate

2097 1814 2222 1868 aliis
2276 1817 2585 1880 dissimilis,
2642 1817 2896 1871 homines
2934 1817 3238 1883 devoravit,
3289 1825 3342 1872 et
3391 1819 3517 1889 plus
3557 1836 3728 1890 quam

2095 1907 2320 1979 triginta
2347 1909 2559 1964 animas
2591 1910 2792 1964 diversi
2848 1925 3011 1964 sexus
3043 1917 3096 1963 et
3123 1911 3283 1965 etatis
3328 1911 3437 1966 vita
3467 1912 3728 1982 privavit.

2099 1997 2156 2049 In
2186 1998 2310 2051 aliis
2351 1998 2513 2052 etiam
2547 1998 2684 2053 locis
2729 1999 2832 2053 hoc
2869 2013 3017 2053 anno
3049 1998 3164 2068 lupi
3196 1999 3451 2053 similiter
3481 2015 3732 2054 noscun-

2097 2096 2186 2141 tur
2241 2089 2472 2159 operati.
2537 2088 2888 2143 Hildefonsus
2935 2104 3121 2144 comes
3173 2090 3242 2144 de
3298 2089 3487 2144 Sancti
3543 2089 3729 2162 Egidii

2097 2192 2220 2231 cum
2264 2178 2441 2234 navali
2485 2179 2728 2233 exercitu
2782 2179 3115 2233 I’alestinam
3168 2179 3456 2250 applicuit,
3514 2192 3730 2237 etcum

2099 2282 2358 2340 magnum
2389 2267 2524 2338 quid
2559 2267 2802 2322 facturus
2856 2286 2898 2337 εί
2928 2276 3195 2332 oraretur,
3227 2269 3431 2343 reginae
3471 2277 3534 2324 ut
3581 2271 3737 2324 aiunt

2101 2358 2228 2414 dolo
2266 2359 2410 2415 male
2466 2360 2805 2430 potionatus,
2861 2362 3008 2430 apud
3084 2359 3370 2414 Cesaream
3430 2362 3732 2418 Palestina:

2101 2451 2355 2507 moritur.
2414 2452 2580 2505 Filius
2637 2451 2758 2520 ejus
2818 2452 3458 2523 adolescensquoddam
3489 2463 3733 2508 castrum

2103 2547 2318 2602 comitis
2345 2547 2669 2618 Tripolitani
2701 2549 2967 2618 patruelis
2993 2548 3074 2602 sui
3109 2549 3436 2623 ingreditur,
3472 2551 3574 2603 sed
3602 2551 3731 2605 dolo

2105 2637 2352 2706 ejusdem
2382 2653 2506 2692 cum
2561 2651 2750 2692 sorore
2810 2653 2840 2692 a
2879 2637 3072 2692 Turcis
3115 2638 3440 2708 captivatur.
3493 2638 3734 2693 Obsessa

2105 2747 2202 2802 per
2233 2732 2474 2786 triduum
2498 2730 2762 2785 Damasco
2816 2747 2848 2785 a
2879 2731 3119 2797 Francis,
3161 2731 3448 2785 Germanis
3477 2747 3543 2786 ac
3571 2732 3734 2786 Jero-

2103 2824 2452 2888 solimitanis,
2486 2823 2660 2894 captis
2686 2825 2797 2893 jam
2830 2824 3004 2878 muris
3031 2824 3421 2892 exterioribus,
3458 2826 3555 2897 qui
3589 2833 3738 2880 ortos

2102 2920 2440 2987 ambiebant,
2467 2936 2590 2973 cum
2624 2920 2676 2973 in
2703 2919 2855 2974 brevi
2893 2918 3088 2974 civitas
3126 2921 3398 2990 capienda
3447 2927 3738 2991 putaretur

2102 3011 2249 3078 dolo,
2281 3019 2342 3065 ut
2380 3011 2554 3078 aiunt,
2585 3009 2891 3080 principum
2939 3010 3338 3066 Palestinorum
3398 3012 3620 3067 obsidio
3654 3027 3738 3066 re-

2102 3112 2371 3159 movetur.
2425 3104 2698 3175 Factaque
2748 3102 3115 3171 diseessione,
3148 3120 3238 3157 rex
3287 3104 3623 3159 Francorum
3685 3103 3743 3159 el

2103 3192 2424 3265 imperator,
2447 3193 2645 3247 iterum
2677 3191 2933 3247 condicto
2959 3191 3050 3246 die
3077 3191 3144 3246 ad
3166 3193 3535 3249 obsidendam
3569 3197 3726 3250 Asca-

2101 3284 2310 3351 lonem,
2352 3301 2474 3340 cum
2531 3283 2646 3338 suis
2673 3283 2854 3354 .Ioppe
2899 3283 3252 3339 conveniunt.
3306 3284 3415 3339 Sed
3456 3286 3725 3342 Jerosoli-

2101 3372 2248 3426 mitis
2289 3371 2518 3426 minime.
2545 3371 2699 3441 juxta
2727 3371 3044 3426 condictum
3083 3373 3498 3438 occurentibus,
3541 3376 3718 3446 impe-

2101 3468 2250 3516 rator
2280 3459 2816 3530 Constantinopolim
2845 3460 3074 3515 navibus
3115 3462 3400 3528 evehitur;
3452 3480 3575 3530 rex,
3617 3466 3731 3519 suis

2099 3549 2552 3621 repatriantibus,
2593 3565 2715 3603 cum
2767 3550 2960 3620 paucis
3008 3550 3351 3606 Jerosolimis
3393 3569 3496 3623 per
3523 3570 3725 3608 annum

2106 3648 2367 3695 moratur.
2429 3640 2675 3714 Rogerus
2723 3656 2815 3693 rex
2872 3640 3071 3694 Siciliae
3115 3642 3417 3698 exercitum
3475 3647 3724 3700 navalem

2101 3731 2300 3787 direxit
2325 3732 2393 3786 ad
2432 3731 2573 3786 fines
2631 3730 2857 3795 Aﬁ'rice;
2916 3739 3186 3804 captaque
3245 3734 3449 3807 insigni
3513 3739 3724 3793 civitate

2100 3839 2224 3894 qua:
2255 3822 2457 3876 dicitur
2484 3819 2701 3887 Affrica,
2730 3821 2920 3882 Suilla,
2957 3820 3135 3888 Asfax,
3179 3821 3430 3895 Clippea,
3464 3826 3720 3897 alliisque

2097 3915 2288 3970 castris
2328 3913 2601 3985 pluribus,
2656 3913 3132 3986 archiepiscopum
3189 3914 3421 3983 Affricte,
3467 3920 3562 3990 qui
3622 3919 3720 3973 sub

2099 4005 2360 4060 servitute
2406 4005 2629 4058 Romam
2681 4010 2908 4058 venerat
2946 4007 3380 4073 consecrandus,
3416 4011 3489 4064 ad
3528 4011 3712 4065 sedem

2096 4112 2250 4151 suam
2292 4094 2522 4150 remittit
2543 4094 2798 4149 liberum.

2170 4187 2324 4241 1H9.
2512 4187 2594 4242 12.
2747 4187 2831 4240 12.
2984 4188 3067 4242 14.
3219 4189 3268 4242 6.
3423 4196 3479 4247 8.

2167 4281 2310 4352 Papa
2351 4279 2626 4354 Eugenius
2657 4273 2722 4333 in'
2775 4279 2979 4333 Italiam
3012 4297 3320 4351 regressus,
3355 4301 3484 4339 cum
3524 4287 3720 4342 Ruina-

2095 4374 2182 4428 nis
2235 4373 2385 4428 vario
2445 4379 2644 4427 eventu
2711 4371 2976 4445 confligit.
3049 4372 3333 4429 Conradus
3396 4385 3451 4430 et
3511 4379 3716 4433 Manuel

2099 4471 2460 4541 imperatores
2497 4467 2896 4524 convenientes
2949 4468 3003 4522 in
3045 4469 3256 4536 Grecia,
3313 4473 3720 4541 expeditionem

2094 4571 2287 4633 parant
2311 4567 2502 4618 contra
2536 4562 2829 4636 Rogerium
2869 4563 2938 4617 de
2988 4561 3198 4617 Sicilia.
3243 4563 3352 4618 Sed
3384 4567 3716 4621 exercitibus

2096 4650 2398 4726 proﬂigatis
2437 4651 2508 4706 ob
2549 4650 2750 4706 famem
2806 4658 2861 4706 et
2893 4666 3150 4705 aurarqu
3213 4652 3721 4724 intemperantiam,

2095 4743 2376 4800 Conradus
2414 4749 2675 4814 tanquam
2707 4743 2985 4797 rediturus
3016 4744 3337 4813 repatriavit
3377 4745 3435 4800 in
3467 4748 3714 4803 Aleman-

2097 4835 2262 4891 niam.
2315 4835 2596 4900 Henricus,
2631 4834 2886 4890 Ludovici
2941 4835 3274 4890 Francorum
3311 4838 3459 4912 regis
3500 4855 3710 4913 germa-

2096 4941 2220 4992 nus,
2253 4930 2572 4994 contempto
2615 4923 2805 4977 mundi
2836 4931 3090 4988 stemate,
3125 4939 3222 4993 pro
3257 4925 3477 4981 Christo
3513 4928 3565 4981 in
3599 4928 3716 4980 (lla-

2093 5017 2295 5070 ravalle
2338 5015 2562 5069 indu-tus
2601 5015 2898 5070 monachili
2943 5016 3251 5080 schemate,
3296 5018 3614 5087 provehitur
3638 5019 3708 5072 ad

2097 5108 2476 5180 episc0patum
2549 5106 2785 5162 civitatis
2848 5106 3172 5178 Beluagicas.
3247 5107 3527 5178 Ecclypsis
3575 5110 3714 5164 lunae

2097 5197 2199 5252 fuit
2227 5198 2287 5251 11
2325 5197 2438 5250 Kal.
2469 5196 2670 5267 Aprilis
2724 5196 2867 5250 circa
2913 5196 3099 5251 horam
3171 5195 3204 5251 9
3256 5197 3462 5264 noctis,
3495 5199 3711 5253 sabbato

2097 5293 2221 5340 ante
2252 5301 2434 5342 ramos
2464 5285 2799 5356 palmarum;
2835 5292 2890 5339 et
2922 5291 3212 5340 ventorum
3248 5285 3605 5357 intemperies
3619 5301 3707 5340 se-

2097 5382 2219 5431 cuta
2244 5383 2326 5432 est
2358 5393 2457 5447 per
2475 5382 2735 5447 quattuor
2764 5375 3056 5430 continuos
3072 5375 3211 5429 dies.
3238 5376 3295 5428 In
3323 5377 3356 5430 4
3376 5383 3556 5431 autem
3577 5374 3704 5429 feria

2095 5479 2292 5526 ventus
2321 5469 2596 5524 maximus
2641 5474 2694 5523 ct
2745 5467 2913 5522 nimia
2954 5466 3055 5521 fuit
3088 5467 3397 5538 pluviarum
3438 5467 3704 5524 inundans

1931 5591 2138 5649 NOT/E.

448 5693 593 5762 (509)
623 5690 844 5762 corfou.

447 5758 584 5835 (510i
614 5763 648 5816 8
671 5761 745 5818 Id.
774 5761 928 5832 Sept.
949 5760 1252 5817 secundum
1271 5759 1652 5835 Necrologium
1685 5762 2052 5834 Aqniciuense
2072 5807 2087 5835 ,
2116 5780 2262 5820 anno
2292 5761 2428 5818 1147
2455 5760 2784 5830 secundum,
2815 5758 3054 5815 Annales
3079 5758 3495 5830 Aquicinenses.
