3858 6206
137 340 234 396 377

970 340 1315 397 CHRONICA.
1357 373 1425 381 —
1466 342 1901 398 CONTINUATIO
1942 342 2647 398 PREMONSTRATENSIS.

3359 344 3463 399 378

139 477 221 531 tia.
244 475 353 540 Qua
390 474 483 530 die
516 477 575 530 in
609 474 880 531 territorio
938 475 1259 531 Nerviorum
1329 478 1485 545 juxta
1515 478 1737 533 Ganda-
1771 478 2130 553 Areligiosus
2146 478 2405 549 princeps
2445 483 2499 532 et
2529 493 2832 548 pauperum
2876 486 3031 550 pater
3060 494 3247 535 comes
3284 481 3462 535 Theo-

136 580 247 619 vum
266 563 552 628 sacerdos,
584 565 750 618 missa
780 561 1077 630 celebrata,
1131 564 1363 620 fulmine
1407 567 1546 621 ictus
1571 581 1739 622 occu-

136 656 263 722 buit,
293 666 345 711 et
375 656 431 710 in
460 656 740 713 territorio
771 658 1028 714 Remensi
1069 661 1292 732 quidam
1317 660 1552 715 clericus
1593 667 1737 714 tem-

136 757 334 823 pestate
364 749 554 820 periit.
591 749 873 817 Tonitrua,
907 751 1146 826 fulgura,
1191 752 1491 828 grandines
1517 761 1569 807 et
1602 760 1741 806 tem-

137 854 380 918 pestates,
429 846 657 903 diversa
718 848 822 904 hoc
874 864 1021 905 anno
1074 848 1394 905 hominibus
1440 849 1748 905 intulerunt

140 939 475 994 incommoda
532 939 843 996 Ludovicus
892 957 985 996 rex
1028 941 1359 997 Francorum
1415 957 1445 995 a
1473 941 1746 996 Palestina

141 1030 411 1104 navigans,
441 1038 505 1085 ut
558 1031 618 1085 in
674 1032 904 1102 patriam
956 1033 1183 1099 rediret,
1230 1033 1527 1089 Grecorum
1579 1049 1746 1089 naves

138 1118 367 1175 incurrit.
398 1119 652 1191 Cumque
674 1120 742 1175 ab
771 1119 856 1176 eis
901 1121 1222 1192 imperatori
1256 1121 1552 1179 Curfolium
1585 1123 1745 1179 obsi-

138 1208 273 1263 denti
319 1209 733 1279 presentandus
789 1210 1104 1278 deducitur,
1160 1212 1428 1286 Georgius
1482 1213 1592 1267 dux
1651 1229 1750 1269 na-

140 1302 271 1359 vium
302 1302 450 1379 regis
480 1303 690 1359 Siciliae
722 1319 818 1360 eos
878 1307 1218 1379 aggreditur.
1251 1307 1534 1379 Siquidem
1569 1313 1748 1363 vasta-

1845 567 2057 622 baldus.
2090 565 2239 623 Multi
2273 581 2494 639 quoque
2527 565 2741 621 nobiles
2771 567 2877 622 hoc
2940 584 3086 623 anno
3114 568 3455 640 (moriuntur.

1914 657 2069 711 1152.
2262 657 2343 713 15.
2532 656 2615 710 15.
2801 656 2888 714 17.
3075 658 3127 713 9.
3298 660 3384 713 11.

1915 747 2088 813 (Febr.
2122 745 2229 815 15.)
2258 744 2537 801 Couradus
2587 743 3010 800 Teutonicorum
3052 760 3146 799 rex
3184 746 3300 801 obit
3328 765 3341 812 ;
3368 745 3461 818 qui

1846 851 1970 890 cum
2002 834 2319 907 quindecim
2350 833 2510 889 annis
2536 833 2868 908 regnaverit,
2902 832 3350 889 benedictionem
3383 845 3462 890 ta-

1848 939 1976 979 men
2022 924 2366 994 imperialem
2426 938 2536 978 non
2589 920 2802 1004 habuit.
2862 921 2957 976 Cui
3015 921 3310 977 Fritericus
3354 923 3463 977 dux

1849 1034 2025 1091 nepos
2054 1019 2175 1088 ejus
2203 1018 2468 1073 succedit.
2499 1017 2773 1072 Adalbero
2812 1017 3159 1073 Trevirorum
3187 1017 3464 1089 archiepi-

1848 1124 2070 1181 scOpus,
2101 1108 2185 1164 vir
2204 1108 2589 1184 magnanimus
2618 1107 2988 1181 etsingularis
3015 1124 3286 1174 censurae,
3317 1108 3459 1165 obit.

1848 1201 2208 1258 Termmotus
2233 1201 2335 1258 fuit
2363 1201 2418 1255 in
2451 1201 2697 1273 partibus
2746 1201 2935 1256 Italiae.
2985 1201 3095 1256 Rex
3128 1201 3458 1259 Francorum

1852 1297 2180 1365 Ludovicus,
2238 1296 2509 1369 zelotipia:
2567 1297 2765 1369 spiritu
2822 1297 3223 1364 inﬂammatus,
3277 1299 3464 1367 jurata

140 1397 199 1452 tis
225 1406 276 1453 et
302 1398 560 1469 spoliatis
598 1396 890 1455 Grecorum
924 1400 1246 1472 provinciis,
1276 1418 1454 1474 usque
1473 1402 1539 1458 ad
1574 1402 1747 1474 ipsam
1851 1380 2327 1464 consanguinitate
2346 1406 2569 1446 uxorem
2619 1407 2773 1445 suam
2819 1390 3090 1461 νεριιιίίειι.
3129 1390 3298 1455 Quam
3330 1392 3462 1462 quia

136 1491 309 1546 urbem
341 1492 555 1565 regiam
608 1492 1136 1564 Constantinopolim
1197 1496 1741 1570 aocodons,sogm;.s
1851 1488 2039 1537 contra
2065 1481 2185 1551 ejus
2233 1481 2571 1536 voluntatem
2623 1479 2888 1536 Henricus
2954 1480 3061 1534 dux
3111 1480 3460 1535 Normannbe

139 1599 313 1638 aureas
342 1584 396 1639 in
429 1584 702 1655 palatium
734 1585 1084 1656 imperatoris
1131 1586 1362 1655 jecerat,
1414 1595 1469 1643 et
1499 1588 1734 1645 incensis

1922 1573 2010 1641 cit,
2045 1589 2243 1646 magna
2274 1572 2419 1627 inter
2444 1587 2541 1627 eos
2563 1572 2813 1627 simultas
2841 1572 3211 1627 excandescit.
3246 1572 3459 1644 Regina

136 1675 467 1740 suburbanis,
497 1676 769 1733 detractu
800 1684 1045 1734 οι-ιοιοιιπι
1084 1679 1230 1754 regis
1285 1680 1559 1737 violenter
1599 1683 1742 1738 ιυιρ-
1838 1666 2289 1722 Jerosolimorum
2310 1666 2459 1734 justo
2500 1664 2827 1720 familiarius
2868 1665 2937 1719 ad
2985 1664 3240 1720 inimicos
3265 1664 3357 1719 Dei
3392 1681 3451 1718 se

139 1773 222 1821 rat.
260 1765 409 1820 Unde
440 1765 695 1831 rediens,
741 1782 908 1822 naves
947 1767 1242 1823 Grecorum
1277 1768 1530 1837 incurrit,
1563 1772 1741 1842 captis
1768 1816 1813 1842 η
1844 1757 2101 1823 habente,
2133 1755 2281 1809 ﬁlius
2311 1756 2431 1827 eius
2471 1754 2774 1809 Βδίάυίηυε
2808 1770 2901 1808 rex
2956 1762 3148 1809 comm
3190 1769 3310 1808 eam
3371 1754 3457 1806 in‘

270 1816 405 1820 ---η
442 1816 497 1820 _-
742 1816 906 1822 πη.--
955 1816 1242 1823 -----._-.-
1279 1816 1530 1837 ...-.....-,
1566 1816 1625 1826 νυ
1673 1816 1741 1827 ..υ
2090 1816 2098 1823 ,
2340 1816 2358 1827 .

142 1852 451 1910 Ludovicum
482 1870 675 1927 regem
705 1855 926 1925 eripuit,
960 1856 1056 1911 sed
1120 1866 1309 1929 captos
1340 1858 1482 1931 regis
1511 1816 1739 1916 obtetntu
1766 1816 1815 1884 Β
1843 1849 2034 1920 surgit.
2061 1854 2115 1903 θῑ
2143 1847 2385 1904 οὒδθεείε
2423 1847 2714 1919 captisque
2766 1846 2887 1915 eius
2926 1844 3354 1911 munitionibus,
3397 1844 3454 1898 ίιι

139 1946 359 2002 dimittit.
389 1947 618 2002 interim
648 1946 866 2002 Manuel
895 1954 1115 2019 recepto
1147 1949 1203 2003 in
1230 1950 1569 2006 deditionem
1605 1950 1736 2007 Cur-

138 2038 270 2105 folio,
296 2039 606 2095 Siculorum
653 2055 819 2095 naves
845 2056 944 2111 per
998 2056 1130 2097 suos
1183 2041 1512 2115 insequitur,
1564 2050 1618 2099 et
1643 2060 1734 2100 ca-

138 2125 228 2195 ptis
255 2127 534 2182 nonnullis
560 2128 821 2189 navibus,
849 2145 943 2183 rex
984 2128 1111 2204 fuga
1142 2128 1426 2198 liberatur,
1460 2139 1516 2187 et
1548 2149 1580 2188 a
1606 2149 1736 2198 rege

140 2216 369 2289 Rogerio,
401 2235 506 2274 nec
536 2234 651 2274 non
686 2225 740 2274 et
771 2236 910 2290 papa
928 2220 1196 2293 Eugenio,
1230 2222 1534 2279 honorifice
1564 2224 1737 2279 susci-

139 2300 263 2377 pitur
288 2316 448 2381 atque
475 2309 794 2365 deducitur.
826 2310 1164 2367 Raimundus
1211 2312 1471 2383 princeps
1536 2315 1733 2370 Antio-

136 2397 273 2464 chiae,
302 2400 383 2453 vir
420 2399 645 2455 cunctis
683 2399 963 2455 christiani
1022 2401 1264 2456 nominis
1310 2392 1549 2457 inimicis
1576 2404 1736 2458 terri-

137 2488 264 2556 bilis,
293 2490 401 2547 Kal.
434 2491 674 2566 Augusti
715 2498 908 2547 contra
963 2492 1171 2550 Turcos
1236 2509 1512 2566 egressus,
1546 2496 1735 2551 multis

139 2592 333 2635 suorum
364 2582 544 2651 captis
574 2587 634 2635 et
682 2581 883 2637 occisis
914 2582 971 2636 in
1030 2583 1249 2638 insidiis
1286 2599 1500 2649 eorum,
1534 2593 1588 2639 et
1615 2585 1733 2655 ipse

138 2671 498 2728 miserabiliter
529 2680 618 2728 est
657 2672 1001 2730 interfectus.
1057 2675 1217 2731 Turci
1258 2683 1424 2746 caput
1470 2677 1591 2744 ejus
1622 2677 1733 2731 cir-

137 2761 492 2830 cumferentes,
546 2763 739 2819 omnia
788 2763 898 2819 fere
939 2771 1115 2820 castra
1153 2767 1237 2822 vel
1288 2767 1554 2833 civitates,
1607 2785 1731 2839 quae

140 2855 208 2910 sui
227 2855 355 2924 juris
377 2866 559 2925 erant,
590 2858 651 2912 in
687 2858 1030 2915 deditionem
1061 2861 1356 2932 recipiunt.
1401 2870 1584 2933 preter
1622 2865 1733 2944 Am-

140 2950 423 3008 thiochiam.
457 2952 585 3019 Qui,
622 2968 747 3008 cum
778 2963 832 3011 et
862 2954 1037 3025 ipsam
1074 2956 1240 3013 nimis
1279 2957 1724 3024 infestarent,rex

139 3044 559 3105 Jerosolimorum
614 3049 916 3105 Balduinus
971 3058 1161 3107 contra
1213 3068 1310 3108 eos
1354 3054 1639 3129 egreditur
1670 3056 1726 3111 in

1838 1938 2029 1993 urbem
2049 1947 2291 1993 sanctam
2317 1937 2523 1993 intrare
2561 1938 2629 1992 ab
2664 1937 2782 2009 ipsa
2826 1936 3073 1993 secundo
3115 1935 3451 2008 prohibitus,

1835 2031 2058 2085 tandem
2086 2031 2359 2086 violenter
2386 2029 2693 2105 ingreditur
2720 2048 2734 2097 ;
2763 2046 3000 2101 eamque
3057 2029 3114 2083 in
3154 2044 3279 2084 arce
3309 2027 3458 2083 obsi-

1837 2116 1997 2189 dens,
2038 2118 2178 2174 facta
2217 2134 2384 2190 pace.
2442 2119 2725 2189 Neapolim
2793 2119 2841 2173 ei
2883 2118 3132 2183 dimittit,
3182 2115 3449 2187 reliquam

1839 2209 1992 2284 regni
2026 2220 2233 2282 partem
2263 2212 2369 2265 sibi
2410 2213 2626 2267 retinet.
2658 2212 2990 2277 Massamuti,
3026 2225 3166 2282 quos
3219 2208 3444 2280 quidam

1838 2301 2099 2357 Moabitas
2153 2302 2363 2365 dicunt,
2438 2310 2562 2373 post
2606 2310 2928 2371 usurpatum
2978 2299 3312 2355 Mauritaniae
3354 2316 3450 2352 re-

1835 2408 2005 2465 gnum
2030 2406 2329 2464 regemque
2358 2391 2601 2461 patibulo
2624 2389 2868 2456 affixum,
2901 2389 3065 2444 etiam
3100 2401 3283 2459 regem
3329 2381 3453 2436 Bul-

1834 2481 1937 2552 gize
1969 2480 2312 2547 occidentes,
2362 2496 2587 2553 regnum
2645 2481 2766 2552 ejus
2821 2479 3108 2541 invadunt,
3163 2476 3450 2545 ipsamque

1835 2572 2100 2638 Siciliam,
2135 2571 2404 2642 Apuliam,
2436 2572 2660 2627 Romam
2694 2586 2916 2643 quoque
2949 2585 3008 2624 se
3055 2567 3315 2623 invadere
3347 2564 3454 2617 mi-

1835 2671 2054 2719 nantur.
2086 2664 2317 2721 illustris
2346 2664 2429 2720 vir
2459 2662 2722 2719 Radulfus
2752 2678 2940 2719 comes
2989 2658 3448 2716 Viromandorum

1833 2756 1969 2812 obit.
1994 2757 2271 2832 Eugenius
2311 2773 2473 2829 papa,
2506 2774 2628 2812 cum
2666 2755 2923 2812 Romanis
2977 2771 3111 2825 pace
3144 2753 3306 2816 facta,
3342 2751 3447 2806 Ur-

1834 2846 1961 2901 bem
1991 2846 2320 2918 ingreditur,
2363 2847 2553 2920 ibique
2598 2846 2845 2917 cumfeis
2886 2846 2990 2901 hoc
3011 2860 3157 2900 anno
3190 2844 3444 2915 primitus

1828 2947 2168 2994 commoratu
2179 2955 2221 2995 ι’.

1896 3033 2054 3088 1153.
2243 3037 2290 3090 1.
2438 3033 2524 3089 16.
2713 3034 2795 3089 18.
2938 3032 3022 3087 10.
3180 3031 3266 3085 12.

142 3133 320 3205 Syriam
351 3138 591 3211 ;eisque
640 3140 978 3210 proturbatis
1008 3140 1065 3195 ίη
1096 3119 1722 3200 τθάθηηάονεδνδαθηο,
1762 3190 1804 3212 n
1902 3124 2009 3178 Rex
2056 3124 2347 3180 Fritericus
2427 3123 2839 3195 expeditionem
2894 3131 3046 3194 parat
3100 3123 3152 3177 in
3211 3119 3446 3175 italiam.

142 3195 239 3281 rum
259 3195 798 3287 munitionemcirca
849 3195 1172 3288 Damascum
1423 3195 1506 3291 et
1524 3195 1728 3292 Riema-
1757 3195 1806 3259 C
1831 3220 1960 3290 (Jl‘l-
1983 3220 2058 3291 7-)
2091 3221 2212 3277 θῦίῐ
2241 3221 2516 3296 Ευὲθηίυδ
2569 3236 2732 3292 Papa»
2776 3220 2860 3274 θυί
2922 3219 3169 3275 Succedit
3220 3219 3451 3306 Anasia‘

141 3330 307 3373 scenes
330 3319 683 3375 intriennum
717 3320 1037 3378 tributarios
1103 3322 1249 3379 facit.
1282 3303 1481 3380 Milites
1536 3327 1729 3397 templi
1830 3309 2093 3364 Slus-Rex
2124 3310 2454 3367 Francorum
2486 3309 2796 3366 LudOVicus
2817 3324 2944 3363 eum
2997 3307 3171 3363 ηίῖηίο
3202 3303 3449 3397 θκθτεὲιιι

142 3408 326 3477 Gazam,
366 3414 656 3487 antiquam
710 3414 1001 3472 Palestinee
1050 3417 1326 3474 civitatem
1384 3418 1726 3487 reedificant,

140 3505 570 3642 :tturribuseam
604 3507 938 3574 munientes,
998 3510 1334 3568 Ascalonitas
1383 3513 1621 3586 graviter
1649 3514 1731 3568 in-

158 3599 327 3642 astant.

158 3599 327 3648 astant.

202 3700 336 3755 1150.
413 3702 477 3758 R.
527 3702 617 3758 13.
696 3702 751 3761 F.
808 3704 896 3759 13.
974 3706 1164 3760 11.15.
1244 3706 1304 3763 11.
1344 3709 1397 3762 7.
1475 3709 1526 3763 S.
1569 3710 1624 3765 9.

201 3792 605 3855 Barlbolomeus
649 3798 1027 3856 Laudunensis
1083 3802 1397 3875 episcopus,
1438 3806 1733 3861 trecesimo

146 3889 306 3939 octavo
357 3903 500 3943 anno
564 3887 649 3943 sui
708 3889 1085 3960 episc0patus,
1166 3900 1483 3964 contempto
1542 3895 1733 3950 mundi

146 3980 370 4041 scemate,
402 3976 659 4033 Fusniaci
709 3978 861 4048 (511)
918 3979 1166 4035 induitur
1217 3982 1514 4037 monachili
1572 3984 1734 4038 sche-

149 4068 288 4117 male.
312 4065 518 4122 Habitis
548 4083 645 4138 per
678 4068 954 4124 Franciam
1011 4073 1397 4141 conventibus,
1442 4074 1737 4131 conivente

149 4150 285 4206 etiam
311 4173 446 4228 papa
479 4158 753 4230 Eugenio,
787 4169 844 4214 ut
896 4161 1067 4216 abbas
1116 4163 1431 4219 Clarevallis
1474 4166 1739 4221 Jerosoli-

149 4256 267 4296 mam
293 4245 353 4299 ad
383 4246 527 4303 alios
548 4248 926 4317 provocandos
968 4251 1298 4319 mitteretur,
1359 4254 1585 4329 grandis
1634 4256 1737 4311 ite-

150 4345 246 4386 rum
274 4350 445 4392 sermo
484 4338 557 4392 de
586 4329 927 4409 profectione
970 4343 1335 4398 transmarina
1374 4345 1685 4401 celebratur
1717 4360 1733 4415 ;

148 4419 224 4474 sed
249 4439 338 4493 per
359 4424 755 4482 Cistercienses
780 4431 1082 4486 monachos
1109 4438 1281 4488 totum
1317 4445 1584 4491 cessatur.

210 4554 349 4611 1151.
497 4561 589 4617 14.
737 4563 828 4617 16.
975 4566 1067 4620 16.
1231 4567 1285 4623 8.
1464 4566 1549 4624 10.

208 4663 432 4724 lllustres
452 4670 727 4744 religione
753 4678 815 4729 et
862 4674 1154 4744 prudentia
1199 4675 1301 4731 viri
1357 4676 1587 4745 obeunt,
1631 4677 1732 4733 Su-

151 4766 289 4821 gerus
314 4756 481 4815 abbas
510 4758 696 4815 Sancti
754 4761 998 4838 Dyonisii
1062 4765 1225 4836 (512),
1289 4765 1588 4822 Rainaldus
1620 4768 1731 4823 Cis-

152 4842 301 4898 tercii.
326 4845 436 4903 Odo
464 4848 651 4903 Sancti
685 4849 941 4925 Remigii.
1012 4851 1263 4909 Lauduni
1321 4853 1383 4910 fit
1435 4856 1734 4927 episcopus

156 4931 394 4993 Walterus
423 4940 598 4995 abbas
624 4940 810 4997 Sancti
841 4943 1055 4998 Martini
1081 4963 1099 5011 ς
1127 4952 1182 4999 et
1241 4945 1613 5002 Godescalcus
1667 4946 1736 5001 de

156 5036 314 5083 monte
336 5032 508 5088 sancti
550 5031 769 5088 Martini
824 5034 1182 5107 episcopatur
1210 5038 1472 5094 Atrebati.
1512 5039 1737 5110 Episco-

158 5115 203 5184 pi
218 5118 411 5179 obeunt
440 5124 688 5180 moribus
717 5131 773 5181 et
791 5128 1019 5184 scientia
1044 5129 1199 5197 clari,
1237 5131 1391 5203 Hugo
1423 5131 1739 5187 Antisiodo-

158 5210 329 5278 tensis,
376 5221 431 5269 et
480 5215 736 5271 Joslenus
801 5218 1220 5276 Suessionensis
1270 5222 1436 5294 (513).
1496 5222 1739 5279 Gifridus

161 5310 321 5357 comes
345 5306 758 5379 Andegavorum
816 5318 939 5381 post
990 5311 1297 5369 simultates
1340 5314 1558 5370 habitas
1612 5331 1737 5371 cum

163 5398 272 5461 rege
297 5390 583 5463 Ludovico,
615 5396 760 5451 facta
784 5414 943 5469 pace,
986 5399 1128 5456 infra
1180 5401 1345 5457 unius
1374 5403 1582 5458 mensis
1609 5419 1740 5475 spa-

161 5475 275 5535 tium
294 5483 422 5542 obit.
449 5489 584 5556 (An.
616 5487 769 5555 1152,
797 5492 922 5548 Jan.
945 5492 1021 5558 8.)
1048 5493 1195 5550 Obiit
1231 5494 1395 5550 etiam
1426 5495 1633 5552 nobilis
1685 5502 1741 5551 et

1828 3400 2176 3456 Normannim
2200 3400 2340 3456 fines
2370 3416 2684 3476 aggressus,
2734 3406 2973 3456 castrum
3008 3399 3223 3453 Vernon
3258 3396 3313 3451 in
3349 3396 3448 3447 de-

1833 3491 2096 3548 ditionem
2130 3495 2359 3565 recepit.
2400 3494 2623 3549 lnterim
2653 3493 2763 3548 dux
2792 3493 3228 3547 Normannorum
3258 3488 3314 3544 in
3343 3489 3457 3542 An-

1833 3584 1944 3656 glia
1973 3592 2161 3639 contra
2180 3602 2366 3659 regem
2398 3586 2736 3656 Stephanum
2760 3583 2975 3639 fortiter
3004 3597 3197 3657 agens,
3228 3580 3448 3635 tandem

1835 3689 1957 3729 cum
1990 3689 2057 3730 eo
2088 3690 2275 3745 pacem
2314 3673 2462 3740 facit,
2504 3673 2578 3728 ita
2618 3680 2675 3727 ut
2718 3673 2934 3727 vivente
2970 3687 3100 3745 rege
3153 3675 3277 3742 post
3326 3685 3451 3723 eum

1834 3768 2113 3823 secundus
2136 3765 2190 3819 in
2219 3765 2431 3840 Anglia,
2465 3773 2681 3819 mortuo
2713 3763 2990 3817 succedat.
3043 3763 3153 3817 Rex
3222 3762 3451 3816 Jeroso-

1836 3854 2088 3908 limorum
2124 3853 2278 3927 regni
2328 3851 2641 3925 integritate
2697 3848 2924 3920 potitus,
2958 3850 3281 3904 Ascalonem
3346 3849 3452 3901 l’a-

1835 3947 2046 4001 Iustina:
2102 3954 2267 4017 caput
2320 3951 2444 4016 post
2508 3944 2727 4015 longam
2779 3942 3128 3997 obsidionem
3183 3957 3293 3995 non
3330 3940 3453 3993 sine

1834 4043 1984 4117 gravi
2016 4042 2322 4113 dampnoet
2350 4040 2518 4095 multa
2544 4055 2767 4095 suorum
2788 4036 3173 4110 proﬂigatione
3227 4035 3451 4090 tandem

1837 4132 2002 4203 cepit.
2032 4132 2369 4187 Venerandze
2410 4130 2687 4186 memoria:
2745 4127 3053 4183 Bernardus
3108 4125 3280 4180 abbas
3332 4123 3455 4177 Cla-

1838 4222 2164 4278 revallensis
2197 4230 2319 4293 post
2346 4220 2526 4277 claros
2556 4230 2709 4276 actus
2727 4218 3085 4275 etmultarum
3144 4216 3451 4269 animarum

1836 4312 1986 4368 lucra
2014 4319 2069 4367 et
2100 4313 2392 4367 innumera
2454 4311 2679 4366 fundata
2729 4307 3059 4365 monasteria
3119 4307 3284 4361 beato
3346 4304 3455 4357 line

1835 4403 2089 4475 quiescit.
2127 4402 2326 4457 Urbem
2358 4402 2707 4457 Cameraeum
2766 4404 2888 4470 post
2919 4398 3213 4453 multorum
3247 4395 3450 4452 civium

1751 4519 1808 4588 D
1833 4493 2143 4563 captionem
2172 4490 2543 4546 Theodericus
2572 4489 2842 4544 Flandrim
2872 4503 3058 4544 comes
3087 4485 3314 4557 recepit.
3367 4484 3458 4538 Vir

1835 4585 2127 4659 religiosus
2147 4584 2421 4638 Walterus
2462 4582 2842 4637 Laudunensis
2891 4580 3211 4651 episcopus,
3252 4578 3457 4632 multa-

1833 4695 1949 4734 rum
1982 4678 2243 4734 fundator
2272 4675 2642 4741 abbatiarum,
2704 4676 2901 4747 migrat
2931 4673 2998 4727 ad
3050 4671 3367 4737 Dominum,
3403 4675 3458 4725 et

1833 4766 2225 4825 Premonstrati
2256 4766 2543 4837 sepelitur,
2595 4764 2687 4819 ubi
2746 4762 3025 4836 quondam
3087 4776 3187 4833 pro
3247 4760 3457 4816 Christo

1838 4858 2178 4933 paupertatis
2207 4856 2446 4928 sumpsit
2476 4856 2745 4912 habitum.
2803 4855 2897 4910 Cui
2931 4854 3178 4910 succedit
3207 4853 3456 4909 Galterus

1840 4951 2223 5008 Laudunensis
2263 4951 2523 5006 deeanus.

1908 5047 2067 5101 1154.
2214 5045 2250 5098 2
2422 5041 2502 5097 17.
2693 5041 2778 5096 19.
2927 5040 3015 5094 11.
3189 5038 3274 5094 13.

1912 5138 2173 5208 Princeps
2203 5134 2355 5191 utilis
2383 5140 2437 5190 et
2464 5140 2723 5189 strenuus
2773 5138 2829 5187 et
2865 5130 3081 5187 actibus
3135 5129 3315 5185 clarus
3343 5127 3454 5183 Ro-

1838 5230 2024 5305 gerius
2064 5245 2156 5284 rex
2188 5227 2407 5293 Siciliae,
2442 5232 2565 5298 post
2594 5224 2846 5299 insignes
2875 5222 2943 5277 de
2962 5220 3252 5277 Saracenis
3284 5220 3459 5275 victo-

1840 5319 1949 5374 rias
1977 5328 2033 5374 et
2067 5325 2242 5373 terras
2278 5332 2469 5381 eorum
2502 5322 2801 5385 occupatas
2826 5311 2967 5379 obit,
2999 5325 3103 5366 nec
3137 5308 3457 5363 inferiorem

1840 5423 1899 5462 se
1921 5405 2097 5460 tilium
2125 5403 2498 5464 Guillelmum.
2542 5401 2698 5477 regni
2720 5407 2775 5455 et
2812 5399 3166 5456 victoriarum
3221 5410 3455 5451 succes-

1842 5508 2023 5549 sorem
2055 5491 2414 5563 derelinquit.
2450 5490 2655 5566 Regem
2691 5488 3103 5545 Babiloniorum
3125 5484 3354 5558 quidam
3386 5481 3458 5535 de

1695 5597 1915 5654 ΝΟΤᾸΕ.

225 5689 361 5775 1)
391 5696 614 5775 i‘ojgny,
646 5699 813 5775 diuae.
849 5701 1090 5758 Laudun.

231 5764 353 5835 (512)
384 5764 535 5838 115Ξ,
561 5764 684 5826 38η.
723 5771 788 5826 13

1917 5703 2060 5774 (513)
2090 5719 2162 5757 vu
2205 5700 2493 5774 Kai.__Nov.
2521 5695 3099 5774 secu_n_clum,__Necrol.
3137 5690 3446 5748 Fidcmien-

1845 5767 2053 5831 se‘:25'
2081 5775 2194 5831 Oct.
2236 5772 2389 5840 1152,
2423 5786 2536 5828 sec.
2572 5769 2799 5826 Galliam
2831 5767 3027 5823 Christ.
