3858 6206
339 282 444 336 379

1551 270 1893 329 SlGEBEBTl
1944 267 2454 326 GEMBLACENSIS.

3573 271 3678 328 380

338 409 455 464 suis
479 408 820 480 principibus
852 406 1132 473 interficit,
1166 414 1221 461 et
1243 405 1373 461 inde
1397 421 1519 460 cum
1566 403 1779 459 infinita
1834 403 1953 458 the-
1973 406 2024 474 Α
2052 399 2150 466 Qui
2187 399 2244 453 in
2269 397 2448 464 brevi,
2486 404 2700 453 mortuo
2762 411 2890 471 rege
2936 397 3244 470 Stephano,
3287 398 3540 476 Angliam
3594 401 3690 456 in-

339 515 623 554 saurorum
665 499 823 570 copia
854 497 1096 571 fugiens,
1134 514 1164 552 a
1226 497 1493 552 militibus
1519 495 1708 567 templi
1737 495 1952 551 occidi-

342 594 428 643 tur
455 595 512 642 et
543 597 707 659 capto
739 587 853 643 filio
879 588 1018 659 ejus,
1058 586 1242 643 omnis
1270 586 1359 641 illa
1381 586 1646 656 Opulenta
1673 586 1956 640 etincom-

341 679 604 752 parabilis
633 679 916 753 suppellex
948 694 1139 733 eorum
1186 679 1336 734 cedit
1375 678 1581 731 usibus.
1632 676 1956 731 Guillelmus

341 790 434 827 rex
464 773 662 827 Siciliae
699 772 868 828 misso
900 772 1075 827 navali
1105 773 1368 837 exercitu,
1428 771 1619 826 urbem
1659 771 1872 825 Taneos
1900 770 1955 824 in

343 866 551 940 Egypto
576 873 750 920 vastat
778 874 834 920 et
871 864 1068 935 spoliat
1106 881 1121 923 :
1158 865 1306 919 unde
1334 879 1545 935 magnn
1579 877 1715 934 opes
1755 862 1873 917 auri
1901 870 1957 917 et

342 955 553 1030 argenti
593 972 657 1010 ac
695 954 961 1026 preciosae
1020 953 1189 1009 vestis
1219 952 1379 1023 copia
1425 952 1595 1008 multa
1641 950 1951 1008 deducitur.

343 1048 452 1101 Sed
475 1046 607 1101 inde
636 1053 994 1107 revertentes,
1031 1046 1233 1100 stolum
1277 1043 1628 1115 imperatoris
1660 1045 1956 1099 Grecorum

341 1134 667 1203 offendunt;
702 1141 902 1189 etcum
936 1143 1123 1188 essent
1154 1134 1223 1187 de
1271 1133 1454 1187 Grecis
1486 1132 1827 1187 circitcr140
1858 1148 1955 1185 na-

341 1224 638 1279 ves.Siculi
664 1238 900 1285 numero
956 1222 1244 1293 pauciores
1301 1236 1396 1276 eos
1436 1221 1684 1283 vincunt,
1716 1218 1955 1291 spoliant

342 1324 397 1370 et
434 1315 679 1386 capiunt,
738 1313 965 1368 inﬁnita:
1015 1329 1181 1384 Opum
1249 1313 1596 1368 diversorum
1659 1312 1830 1382 copia:
1866 1310 1955 1365 Si-

342 1407 481 1462 culis
511 1407 639 1462 inde
663 1406 1012 1478 proveniunt.
1069 1405 1377 1460 Massamuti
1430 1405 1484 1459 in
1534 1404 1687 1458 Italia
1716 1403 1958 1458 Puteolis

341 1507 579 1553 castrum
610 1498 851 1569 spoliant
882 1516 896 1564 ;
940 1514 1079 1569 quos
1111 1514 1200 1552 rex
1259 1497 1460 1552 Siciliae
1521 1513 1621 1567 per
1641 1512 1771 1551 suos
1803 1495 1958 1549 navi-

344 1591 446 1645 bus
476 1607 843 1661 persequens,
872 1590 1017 1659 capit
1046 1595 1101 1644 et
1137 1590 1485 1644 exterminat.
1525 1590 1635 1643 Rex
1661 1588 1957 1643 Fritericus

345 1684 793 1753 transalpinanda
833 1684 886 1735 in
917 1683 1067 1737 Italia
1100 1683 1313 1737 fortiter
1343 1684 1453 1753 agit
1510 1686 1683 1751 (Nov.)
1713 1700 1727 1747 ;
1752 1682 1954 1736 adver-

343 1776 583 1829 santium
614 1775 720 1829 sibi
751 1782 929 1829 castra
959 1776 1167 1843 dejicit.
1204 1775 1313 1829 Rex
1348 1775 1675 1830 Francorum
1720 1775 1958 1830 Ludovi-

346 1884 445 1921 cus
466 1865 760 1922 Henricum
792 1866 985 1922 ducem
1046 1867 1394 1923 Normanniae
1425 1868 1491 1921 ad
1520 1884 1709 1938 pacem
1738 1868 1950 1939 recipit.

1986 1732 2035 1800 Β

2058 496 2182 553 trat,
2205 494 2263 543 et
2311 486 2466 563 regni
2524 486 2841 561 integritate
2882 489 3111 558 potitus,
3173 504 3365 558 pacem
3398 489 3687 562 antiquam

2056 580 2339 637 reformat.
2368 579 2639 635 Robertus
2678 579 2749 635 de
2790 581 2956 648 Bova,
3009 580 3091 635 vir
3151 580 3304 635 omni
3350 581 3552 652 plenus
3580 597 3687 637 ne-

2056 672 2250 746 quitia,
2282 672 2479 743 spiritu
2509 671 2780 744 zelotipim
2806 687 3126 740 succensus,
3160 673 3440 745 quendam
3474 674 3547 729 de
3564 673 3688 730 suis

2056 781 2177 820 cum
2219 764 2562 831 muliercula,
2583 780 2747 836 quam
2774 764 2825 820 ei
2865 763 3218 820 consensisse
3266 765 3684 837 suspicabatur,

2057 853 2199 908 intra
2221 854 2445 909 domum
2467 852 2878 909 comburendos
2906 852 3161 921 includit,
3197 860 3256 909 et
3283 853 3491 925 injecto
3523 855 3677 930 igne,

2057 957 2381 1020 consumpta
2403 947 2553 1003 omni
2599 948 2851 1014 materia,
2884 947 3057 1003 nichil
3107 948 3190 1003 eis
3247 949 3439 1005 nocuit
3488 950 3689 1006 incen-

2057 1044 2232 1110 dium,
2260 1043 2358 1099 sed
2388 1059 2554 1100 sanos
2573 1051 2629 1098 et
2698 1044 2945 1115 integros
2980 1044 3203 1116 propria
3234 1046 3591 1101 conservavit
3609 1046 3690 1102 in-

2055 1136 2310 1192 nocentia
2339 1136 2509 1205 (514).
2540 1137 2709 1203 (Dec.)
2744 1135 2889 1191 Obiit
2942 1152 3084 1207 papa
3114 1137 3452 1205 Anastasius,
3480 1148 3538 1193 et
3566 1139 3691 1209 epi-

2055 1246 2259 1302 scopus
2296 1228 2626 1285 Albanensis
2654 1230 2951 1286 Nicholaus
2972 1247 3112 1301 papa
3144 1230 3203 1286 fit
3252 1230 3544 1287 Adrianus.
3570 1232 3687 1287 Lu-

2056 1340 2125 1378 na
2151 1340 2307 1394 passa
2329 1330 2413 1377 est
2440 1323 2707 1394 eclypsim
2765 1324 2827 1379 11
2892 1323 3008 1378 Kal.
3041 1323 3160 1379 Jan.
3249 1324 3302 1378 in
3351 1324 3690 1395 posteriori-

2056 1415 2159 1470 bus
2190 1414 2438 1487 partibus
2462 1415 2832 1490 geminorum.

2133 1567 2289 1622 1155.
2368 1567 2432 1621 R.
2471 1567 2523 1621 3.
2603 1566 2659 1620 F.
2705 1565 2798 1621 18.
2884 1566 2946 1620 A.
2995 1568 3040 1619 1.
3120 1565 3186 1620 ﬂ.
3230 1567 3316 1621 12.
3396 1566 3454 1624 S.
3498 1568 3556 1622 1.

2131 1686 2189 1739 ln
2218 1684 2464 1757 partibus
2495 1684 2824 1759 Burgundiae
2876 1683 2942 1740 15
2971 1684 3083 1739 Kal.
3141 1684 3425 1740 Februarii
3450 1684 3485 1742 3
3526 1686 3689 1749 feria,

2062 1782 2140 1831 ter
2164 1777 2217 1831 in
2248 1792 2359 1830 una
2386 1781 2549 1831 nocte
2600 1774 2703 1829 fuit
2733 1781 3101 1841 terrazmotus,
3124 1790 3233 1846 quo
3263 1775 3433 1831 etiam
3464 1776 3690 1833 diversa

2060 1866 2294 1924 aediﬁcia
2330 1866 2591 1922 dicuntur
2614 1866 2782 1922 fuisse
2805 1867 3069 1923 subversa
3102 1866 3192 1921 ⁵0⁵.

1695 1964 1911 2019 VARI/1'3
1942 1964 2322 2020 LEGTIONES.

418 2062 487 2096 505
513 2067 595 2116 Ita
624 2064 787 2118 coda]:
812 2065 1009 2117 desinit
1035 2066 1093 2116 in
1119 2063 1295 2117 media
1316 2064 1539 2131 pagina.
1571 2065 1849 2116 Auctorem
1904 2064 1990 2116 hic
2016 2076 2075 2116 re
2122 2076 2251 2116 vera
2278 2062 2552 2116 calamum
2608 2061 2904 2129 deposuisse
2958 2060 3105 2115 docet
3134 2060 3492 2128 interpolatio
3523 2061 3693 2129 hujus

347 2137 773 2190 continuationis
807 2138 1173 2204 Ursicampina
1207 2135 1396 2204 (012),
1427 2149 1545 2203 quae
1571 2136 1630 2187 in
1664 2134 1847 2189 iisdem
1876 2135 2045 2188 verbis
2064 2134 2276 2189 desinit.

1914 2231 2120 2287 NOTAE.

422 2304 567 2375 (514)
600 2302 678 2359 Cf.
712 2303 853 2359 infra
880 2305 1038 2360 Auct.
1072 2305 1242 2360 Ursic.

357 2486 550 2497 ——_

950 2618 1546 2717 CONTINU
1575 2619 1897 2716 ATlO
2007 2615 3088 2717 BURBURGENSIS.

413 2813 766 2866 ϐθάιλυὺϐαιίὶ
794 2818 975 2867 Maria
994 2819 1161 2881 justi
1190 2816 1487 2878 Burbnrch,
1520 2815 1591 2868 ()3
1621 2856 1634 2878 ,
1691 2818 1895 2882 διεστρέι
1928 2815 2008 2867 vel
2058 2816 2231 2882 patius
2287 2815 2549 2881 excerpsit
2609 2813 2840 2866 codicem
2862 2810 2899 2864 G
2937 2828 2954 2875 ;
2988 2825 3055 2865 e1;
3109 2813 3227 2868 eius
3280 2810 3689 2866 additamentis

349 2883 505 2936 habet
535 2890 753 2937 tantum
786 2886 1119 2949 1102,1105,
1158 2885 1314 2951 1109,
1353 2886 1505 2952 1111,
1530 2902 1590 2940 ea
1607 2903 1726 2955 quin
1745 2890 1867 2953 jam
1899 2886 1934 2937 Β
1964 2903 1980 2952 ;
2009 2887 2215 2955 proprii
2251 2884 2330 2937 nil
2368 2885 2524 2938 habet
2554 2886 2662 2937 nisi
2704 2884 3170 2937 continuationem
3210 2888 3556 2955 sequentem,
3598 2898 3693 2955 ea-

349 2955 487 3026 dem,
518 2971 626 3022 qua
657 2961 794 3010 totus
822 2958 984 3009 codex
1009 2972 1181 3010 manu
1210 2964 1514 3010 exaratam.
1557 2953 1786 3011 Initium
1839 2961 1954 3026 ejus
1983 2953 2382 3011 continuationi
2436 2956 2795 3009 Attrebatensi
2824 2956 3106 3026 innititur.
3140 2956 3289 3008 Anni
3320 2953 3488 3019 1122,
3530 2953 3688 3013 1126.

352 3024 511 3085 1133,
547 3026 701 3087 1134,
742 3025 900 3091 1135,
935 3027 1092 3088 1137,
1122 3028 1281 3091 1138,
1315 3028 1471 3087 1140,
1518 3028 1654 3082 1145
1681 3024 1936 3096 teguntur
1983 3031 2150 3081 etiam
2186 3029 2247 3081 in
2292 3028 2538 3081 chronica
2562 3030 2614 3080 S.
2658 3029 2902 3091 Bacenis,
2942 3025 3079 3093 quod
3106 3030 3556 3093 superstructum
3580 3040 3695 3079 esse

352 3096 519 3150 codici
552 3098 856 3151 l'alccllensi
881 3114 1047 3166 supra
1072 3100 1168 3152 col.
1200 3098 1270 3151 29
1298 3100 1550 3162 vidimus,
1610 3101 1751 3154 unde
1788 3102 1899 3154 veri
1934 3100 2223 3154 admodum
2274 3100 2448 3153 simile
2494 3099 2726 3165 videtur,
2787 3097 3115 3153 monachum
3169 3097 3556 3152 Vatcetlensem
3586 3112 3697 3152 eos-

353 3168 472 3221 dem
499 3169 745 3223 habuisse
769 3176 819 3223 ct
838 3172 1064 3235 fortasse
1086 3176 1137 3224 et
1163 3176 1340 3225 nostro
1364 3172 1623 3225 hausisse.

428 3336 586 3391 1114.
646 3320 822 3406 (Gont.
902 3338 1111 3399 Atreb.)
1172 3338 1475 3394 Concilium
1558 3338 1771 3394 Belvaci
1817 3338 1965 3393 cele-
1990 3346 2040 3414 (ζ

357 3426 564 3481 bratur.

431 3517 586 3573 1118.
638 3517 758 3589 (Ιὸ.)
813 3517 1051 3573 Pascalis
1117 3536 1258 3590 papa
1310 3518 1470 3587 obiit,
1552 3521 1639 3576 cui
1701 3522 1967 3576 successit

356 3608 623 3663 Gelasius.
659 3608 885 3683 Magnus
904 3616 1100 3665 ventus
1152 3608 1326 3666 factus
1355 3619 1439 3667 est
1467 3611 1534 3666 12
1565 3612 1678 3667 Kal.
1720 3613 1841 3668 Jan.
1875 3629 1970 3669 su-

359 3700 567 3755 bruens
592 3710 770 3756 castra
793 3706 847 3755 et
865 3702 1233 3773 campanaria.

433 3794 587 3849 1119.
622 3794 920 3848 Balduinus
957 3811 1143 3850 comes
1200 3795 1468 3851 Flandriae
1526 3810 1759 3854 moritur
1817 3805 1873 3853 et
1915 3801 1969 3854 in

358 3883 593 3939 ecclesia
621 3884 792 3938 sancti
854 3885 1054 3939 Bertini
1107 3885 1374 3957 sepelitur
1431 3887 1506 3957 (cf
1528 3889 1745 3959 Proem.)
1805 3887 1968 3945 Karo-

358 3980 629 4051 lusnepos
670 3980 810 4049 ejus,
863 3979 1008 4035 filius
1047 3980 1312 4037 Cnutonis
1363 3983 1509 4057 regis
1564 3985 1860 4053 Danorum,
1916 3986 1967 4039 ei

356 4071 606 4127 succedit
673 4072 842 4141 (Cant.
905 4073 1114 4133 Atrcb.)
1164 4074 1412 4128 Gelasius
1467 4091 1609 4145 papa
1665 4076 1818 4138 obiit.
1882 4077 1969 4132 cui

355 4164 601 4219 succedit
627 4163 881 4230 Galixtus,
915 4164 1008 4235 qui
1026 4165 1212 4219 Remis
1227 4166 1523 4221 concilium
1555 4168 1752 4223 tenuit.

431 4256 455 4308 1
499 4252 568 4307 22
620 4254 681 4307 1n
711 4253 961 4315 Flandria
991 4254 1139 4325 apud
1166 4254 1347 4309 villam
1376 4255 1720 4327 quaedicitur
1745 4257 1966 4323 Hovela,

359 4349 518 4398 natus
545 4350 628 4398 est
651 4357 790 4413 puer
815 4342 869 4396 in
890 4343 1116 4398 modum
1146 4342 1338 4415 piscis;
1366 4360 1470 4400 nec
1501 4344 1731 4400 brachia
1761 4346 1970 4401 habens

359 4450 461 4491 nec
489 4450 674 4491 οοχθε.

431 4525 587 4581 1124.
619 4526 736 4597 (Ιὸ.)
767 4526 1006 4598 llyemps
1031 4526 1171 4583 facta
1210 4534 1291 4583 est
1319 4528 1643 4598 asperrima.

428 4620 585 4673 1125.
621 4619 811 4675 Fames
839 4620 1324 4675 vehementissima
1365 4619 1706 4690 supervenit,
1756 4634 1788 4673 a
1846 4619 1961 4674 Kal.

2138 3340 2297 3395 1128.
2352 3337 2661 3393 Willelmus
2707 3352 2893 3393 comes
2946 3335 3176 3392 moritur
3230 3343 3287 3392 et
3343 3335 3403 3390 in
3455 3334 3696 3391 ecclesia

2065 3429 2238 3490 sancti
2271 3428 2475 3485 Bertini
2514 3426 2801 3498 sepelitur.
2859 3424 2953 3479 Cui
2987 3424 3256 3481 successit
3303 3422 3691 3480 Theodericus

2069 3522 2215 3577 filius
2236 3516 2561 3574 Theoderici
2586 3516 2744 3571 ducis
2772 3515 2842 3570 de
2868 3515 3125 3570 Ellesath.

2139 3612 2297 3669 1129.
2319 3610 2564 3682 Eclypsis
2593 3609 2738 3666 lunae
2777 3609 3033 3681 apparuit
3058 3609 3091 3663 4
3120 3608 3235 3664 Kal.
3269 3606 3476 3663 Novbr.
3524 3616 3525 3619 ‘

2140 3701 2298 3758 1130.
2335 3700 2604 3756 Honorius
2648 3714 2789 3770 papa
2837 3697 2995 3753 obiit.
3053 3696 3355 3753 Gontencio
3413 3696 3561 3753 inter
3591 3697 3689 3752 Pe-

2070 3804 2211 3850 trum
2240 3792 2410 3847 filium
2444 3789 2642 3846 Leonis
2670 3798 2726 3845 et
2766 3788 3089 3863 Gregorium
3140 3787 3210 3844 de
3239 3788 3445 3844 Sancto
3476 3790 3687 3865 Angelo

2071 3889 2139 3943 de
2171 3893 2396 3959 papatu.

2141 3978 2300 4032 1131.
2334 3977 2392 4031 ln
2424 3976 2554 4032 villa
2584 3973 3002 4031 Viromandensi
3057 3980 3217 4028 natus
3271 3979 3357 4028 est
3385 3990 3549 4045 puer,
3594 3976 3698 4031 tria

2070 4072 2251 4142 capita
2303 4071 2516 4127 habens
2575 4071 2913 4141 totidemque
2979 4085 3193 4124 manus.
3252 4068 3554 4126 Combusta
3619 4080 3704 4127 est

2071 4162 2201 4218 villa
2230 4161 2403 4217 sancti
2435 4160 2671 4215 Richarii
2694 4160 2750 4214 in
2780 4174 2922 4234 pago
2968 4159 3195 4215 Pontivo
3260 4160 3390 4227 sita,
3445 4178 3568 4217 cum
3594 4178 3696 4218 ec-

2071 4253 2239 4309 clesia
2264 4253 2512 4321 ejusdem
2556 4252 2753 4319 sancti,
2790 4251 2847 4306 in
2888 4267 2997 4324 qua
3027 4250 3153 4323 plus
3184 4267 3351 4323 quam
3400 4253 3516 4309 duo
3544 4255 3700 4309 milia

2070 4346 2356 4402 hominum
2380 4362 2503 4401 cum
2534 4344 2868 4401 mulieribus
2898 4351 2954 4400 et
2985 4344 3292 4400 infantibus
3320 4345 3543 4401 incensi
3577 4362 3701 4418 per-

2071 4438 2353 4504 hibentur,
2383 4454 2415 4493 a
2442 4435 2666 4508 Hugone
2697 4435 2900 4508 Campo
2939 4452 3149 4503 avenae,
3192 4436 3287 4509 qui
3323 4438 3567 4493 eandem
3598 4438 3701 4495 vil-

2070 4532 2177 4587 lam
2207 4546 2332 4587 cum
2362 4531 2481 4586 suis
2510 4530 2780 4586 militibus
2808 4529 3102 4585 obseditet
3133 4529 3407 4585 incendit.

2143 4622 2300 4678 1133.
2347 4620 2437 4678 Sol
2492 4621 2815 4677 obscuratus
2870 4626 2952 4676 est
3003 4621 3037 4675 4
3086 4620 3226 4677 Non.
3298 4622 3535 4693 Augusti
3567 4623 3697 4680 hora

358 4713 493 4768 Nov.
526 4712 816 4783 incipiens,
863 4730 1039 4787 usque
1093 4716 1161 4770 ad
1199 4731 1368 4771 novas
1399 4669 1582 4791 frbges
1638 4717 1965 4788 perdurans.
1993 4669 2125 4779 D6,
2167 4714 2241 4770 ita
2265 4721 2325 4769 ut
2350 4713 2509 4769 stelle
2540 4715 2597 4767 in
2628 4713 2750 4769 celo
2802 4719 3155 4785 apparerent.
3197 4713 3359 4784 Apud
3383 4669 3596 4790 c1,3ergas
3640 4715 3693 4769 in

361 4801 590 4858 Pontius
618 4803 688 4837 ⁵⁰⁶
734 4804 907 4860 abbas
930 4806 1310 4863 Cluniacensis
1356 4807 1459 4862 sub
1490 4809 1740 4864 custodia
1771 4810 1974 4865 Roma-

361 4893 418 4948 ni
459 4890 737 4964 pontiﬁcis
790 4895 842 4949 in
894 4912 1112 4954 carcere
1156 4906 1212 4955 ct
1272 4899 1509 4956 vinculis
1548 4900 1703 4956 obiit.
1738 4899 1969 4965 Quidam

363 5000 506 5055 puer
534 4984 792 5058 Anglicus
816 5002 846 5040 a
880 4987 1083 5045 lumbis
1111 4991 1366 5046 deorsum
1418 4997 1753 5058 contractus,
1801 4991 1855 5045 in
1886 4991 1973 5045 Si-

362 5074 483 5128 thiu
504 5072 717 5127 meritis
731 5076 903 5130 sancti
926 5077 1171 5134 Folcuini
1206 5079 1449 5153 erigitur.

435 5164 595 5219 1126.
628 5164 791 5220 Venit
820 5167 1003 5224 clades
1051 5173 1407 5241 permaxima,
1459 5191 1582 5246 qua
1610 5181 1718 5229 tam
1741 5174 1974 5230 divitum

364 5269 530 5327 quam
558 5270 863 5325 pauperum
886 5257 1227 5315 innumeram
1280 5262 1512 5319 extinxit
1541 5263 1970 5321 multitudinem.

436 5343 573 5398 1127
619 5345 744 5414 (1b.)
784 5345 1013 5402 Karolus
1041 5365 1227 5406 eomes
1285 5351 1551 5408 Flandriaa
1586 5353 1781 5426 Brugis
1826 5355 1973 5411 occi-

366 5431 557 5498 ditur;
589 5433 678 5488 cui
729 5436 995 5491 successit
1045 5437 1371 5509 Willelmus,
1414 5442 1555 5497 tilius
1610 5443 1830 5499 Roberti
1870 5458 1970 5499 co-

366 5521 513 5577 mitis
541 5522 1000 5580 Normannorum.

2071 4806 2199 4861 villa
2231 4804 2426 4860 Beirna
2471 4803 2620 4859 dicta
2674 4810 2839 4859 natus
2893 4810 2978 4859 est
3006 4819 3183 4878 agnas
3207 4803 3320 4860 duo
3351 4805 3571 4860 habens
3599 4820 3693 4860 ca-

2073 4898 2203 4969 pita.
2241 4897 2428 4970 Bergis
2451 4896 2691 4952 nascitur
2720 4895 2923 4961 infans,
2957 4896 3217 4952 bissenos
3242 4896 3453 4972 digitos
3485 4898 3694 4953 habens

2072 4991 2126 5045 in
2146 4988 2402 5045 manibus
2417 4995 2471 5045 et
2490 4988 2724 5045 totidem
2750 4989 2807 5043 in
2832 4987 3088 5058 pedibus,
3112 4994 3168 5043 et
3195 4988 3421 5061 reliqua
3442 4989 3688 5046 membra

2073 5080 2281 5135 habens
2301 5079 2485 5134 omnia
2524 5086 2709 5149 preter
2764 5076 2983 5133 faciem.
3043 5076 3329 5134 Nam'nec
3386 5086 3561 5150 caput
3598 5094 3695 5134 nec

2075 5168 2267 5224 oculos
2283 5183 2386 5223 nec
2415 5183 2608 5223 nasum
2637 5182 2739 5222 nec
2776 5182 2839 5222 os
2871 5166 3064 5222 habuit
3095 5166 3282 5233 ;unde
3330 5172 3388 5224 et
3420 5184 3538 5224 uno
3569 5176 3692 5224 tan-

2075 5268 2190 5317 tum
2209 5260 2300 5316 die
2321 5260 2478 5317 vixit.

2146 5352 2305 5408 1134.
2357 5352 2425 5406 14
2466 5351 2579 5407 Kal.
2637 5353 2746 5409 Jul.
2798 5352 2984 5408 audita
3012 5358 3143 5407 sunt
3183 5350 3454 5417 tonitrua,
3496 5353 3694 5409 choru-

2072 5444 2458 5515 scationesque
2505 5443 2797 5500 fulminum
2849 5443 3084 5500 insolitae
3151 5452 3564 5515 apparuerunt,
3623 5443 3694 5498 ita

2072 5544 2129 5592 ut
2176 5537 2399 5609 quidam
2447 5537 2637 5593 mundi
2679 5536 3214 5594 consummationem
3261 5535 3494 5594 affuisse
3542 5544 3693 5609 puta-

1752 5660 1969 5715 VARl/E
2002 5660 2373 5719 LECTIONES.

440 5718 510 5753 ⁵⁰⁶
539 5719 746 5779 Pontus
773 5725 882 5779 cod.
