3858 6206
150 322 236 378 381

1059 323 1410 381 CHRONICA.
1455 322 1520 368 ὲ
1563 328 1999 387 CONTINUATIO
2042 333 2563 390 BURBURGENSIS.

3377 342 3483 400 382

152 456 276 505 rent.
308 451 510 507 Civitas
566 451 803 522 Tripolis
833 469 864 508 a
896 453 1215 524 Babyloniis
1254 462 1337 511 est
1367 456 1616 525 obsessa,
1658 460 1755 515 sed
1788 467 1836 534 Α
1861 464 2083 530 struxit;
2120 465 2172 519 in
2220 481 2453 537 quorum
2485 468 2643 523 ruina
2701 469 2974 537 homines,
3018 470 3269 537 feminas,
3335 490 3481 544 pue-

152 542 423 597 miserante
468 543 583 599 Deo
637 548 758 600 mox
790 561 887 615 per
937 562 1122 619 regem
1182 547 1671 606 Jherosolimorum
1705 560 1759 608 et

153 633 498 702 patriarcham
554 644 612 690 et
659 651 849 690 eorum
884 637 1210 699 exercitum,
1262 639 1404 693 ccsis
1464 640 1763 697 Saraceno-

148 739 254 777 rum
287 722 477 797 viginti
506 724 735 780 milibus
761 732 817 781 et
845 725 1105 781 omnibus
1135 743 1325 782 eorum
1349 730 1526 800 captis
1564 730 1759 800 cepiis.

150 816 420 892 magniﬁce
453 827 543 873 est
566 819 817 876 liberata.
850 821 1130 876 Discordia
1163 838 1314 888 seva,
1363 840 1471 895 que
1499 825 1645 879 inter
1674 842 1760 880 re-

153 926 263 985 gem
291 911 756 969 Jerosolimorum
778 922 833 969 et
858 904 1116 970 comitem
1142 915 1533 987 Trypolenscm
1562 920 1760 985 fuerat,

146 1016 341 1055 summe
375 1000 692 1071 paciﬁcata,
736 1012 790 1058 et
836 1002 1056 1059 obsidio
1097 1005 1419 1061 Ascalonica
1459 1010 1762 1063 communi-

145 1096 217 1145 ter
258 1090 460 1159 jurata.
508 1091 820 1149 Concilium
880 1094 1068 1150 Remis
1114 1096 1371 1160 habetur,
1434 1098 1757 1156 Innocentio

148 1198 274 1252 papa
302 1184 554 1239 secundo
582 1184 965 1242 Pontiticante.

205 1272 356 1328 1135.
392 1274 630 1347 Magnus
668 1285 868 1332 ventus
915 1277 1093 1333 factus
1133 1286 1217 1334 est
1263 1278 1297 1334 5
1328 1279 1438 1334 Kal.
1495 1281 1624 1338 Nov.
1651 1289 1758 1339 tam

144 1364 444 1430 vehemens,
479 1375 541 1421 ut
576 1374 753 1422 turres
785 1369 1161 1425 mcclesiarum
1195 1370 1503 1443 domosque
1532 1374 1751 1432 urbium

138 1454 462 1511 subverteret
493 1474 599 1528 per
655 1460 871 1516 diversa
925 1462 1066 1517 loca.
1110 1462 1378 1519 Henricus
1410 1482 1503 1520 rex
1548 1468 1747 1539 Anglo-

141 1563 243 1601 rum
287 1548 443 1603 obiit.
486 1549 753 1605 Succedit
791 1552 1102 1623 Stephanus
1133 1570 1321 1611 comes
1350 1557 1619 1625 Bononie,
1652 1578 1747 1615 ne-

140 1654 222 1707 pos
274 1639 407 1705 ejus.
472 1642 677 1697 Audita
725 1651 853 1699 sunt
898 1645 1136 1701 tonitrua
1167 1663 1230 1702 ac
1260 1648 1754 1708 choruschationes

142 1729 404 1787 fulminum
432 1732 551 1789 vise
584 1734 666 1790 Id.
701 1735 1022 1793 Decenbris.
1059 1740 1119 1794 In
1152 1738 1378 1797 Francia
1399 1750 1615 1800 cometa
1630 1746 1745 1802 visa

138 1830 227 1878 est.

206 1921 347 1976 1136.
382 1920 622 1986 Quidam
665 1924 955 1996 presbyter
985 1926 1307 1984 Heribertus
1360 1931 1606 1999 nomine,
1637 1934 1742 1990 Re-

140 2013 228 2067 mis
253 2014 318 2067 de
346 2015 527 2070 heresi
563 2017 852 2073 convictus
882 2020 1238 2093 degradatur.

198 2102 341 2159 1137.
401 2105 518 2161 Duo
556 2107 716 2177 pueri
747 2116 1069 2175 nascuntur,
1103 2126 1250 2165 unus
1282 2111 1337 2165 in
1379 2128 1518 2186 pago
1538 2113 1739 2171 Novio-

138 2191 309 2255 mensi,
359 2192 498 2248 alter
551 2193 608 2248 in
663 2211 803 2267 pago
843 2194 1133 2263 Lensensi,
1165 2198 1368 2255 mitrati
1410 2201 1571 2257 mitra
1625 2218 1738 2257 car-

140 2297 248 2347 nea,
277 2299 337 2339 ac
357 2285 401 2339 si
434 2294 592 2342 esset
635 2286 802 2352 linea,
834 2289 1025 2345 caudis
1054 2292 1268 2345 carneis
1299 2307 1328 2345 a
1356 2292 1498 2348 collo
1529 2294 1735 2365 depen-

139 2372 387 2443 dentibus,
433 2393 497 2433 ac
537 2377 586 2432 si
639 2386 826 2435 essent
877 2381 1061 2451 capilli
1100 2383 1252 2453 plexi
1306 2400 1457 2439 more
1497 2386 1731 2441 militum

141 2480 297 2522 comas
335 2470 700 2525 nutrientium
752 2478 809 2526 et
838 2473 1217 2542 plectentium.
1250 2475 1579 2532 Monasteria
1609 2479 1731 2549 plu-

140 2555 251 2610 rima
287 2557 473 2614 divino
505 2560 730 2627 judicio
760 2562 860 2616 hoc
888 2579 1034 2619 anno
1060 2573 1504 2623 concremantur.
1540 2569 1728 2624 Ludo-

139 2642 266 2699 vicus
310 2662 398 2701 rex
441 2648 684 2704 Frantiaa
710 2649 859 2716 obit;
906 2653 1153 2708 succedit
1200 2652 1347 2709 ﬁlius
1391 2654 1512 2725 ejus
1550 2657 1727 2712 Ludo-

138 2732 281 2799 vicus,
312 2736 400 2806 qui
431 2735 594 2791 ducit
621 2735 790 2791 ﬁliam
842 2739 1062 2795 comitis
1119 2741 1457 2800 Pictavensis
1485 2762 1734 2802 uxorem.

144 2821 317 2881 Luthro
342 2843 432 2881 rex
470 2827 780 2884 Alemaniaa
810 2829 970 2886 obiit.

198 2913 334 2968 1138.
369 2915 571 2973 Petrus
600 2915 745 2971 ﬁlius
800 2918 943 2973 Petri
993 2920 1215 2988 Leonis,
1250 2923 1519 2992 presbiter
1555 2926 1736 2980 cardi-

143 3002 256 3058 nalis
282 3006 417 3061 tituli
468 3008 694 3063 Sancta?
742 3009 922 3065 Mariae
954 3020 1103 3067 trans
1150 3013 1425 3085 Tyberim,
1481 3018 1732 3076 moritur.

1767 1792 1819 1861 Β

1865 572 1971 619 ros,
2014 572 2321 628 pecoraque
2355 575 2452 628 per
2481 559 2600 614 loca
2619 560 2883 614 nonnulla
2914 563 3036 617 neci
3068 563 3314 619 involvit.
3340 565 3481 621 Mare

1872 648 2127 704 etiamin
2188 650 2306 719 ipsa
2361 651 2673 720 epdomada
2732 654 2991 707 terminos
3045 670 3175 710 suos
3206 662 3479 729 transgre-

1864 741 2045 808 diens,
2081 742 2377 812 plurimum
2412 752 2677 798 terrarum
2711 745 3047 800 summersit.

1936 833 2090 887 1144.
2144 832 2449 888 Celestinus
2510 852 2652 907 papa
2704 835 2954 901 moritur,
3012 840 3066 891 et
3102 836 3301 893 Lucius
3341 855 3483 912 papa

1861 926 2140 980 secundus
2169 926 2424 983 Romanae
2453 927 2703 1009 ecclesia?
2724 926 3005 999 proﬁcitur

1931 1019 2090 1073 1145.
2142 1018 2338 1074 Lucius
2386 1035 2527 1090 papa
2583 1020 2834 1087 moritur,
2901 1022 3179 1096 Eugenius
3235 1023 3303 1078 Ill
3358 1040 3481 1080 suc-

1859 1105 2027 1161 cedit.
2060 1108 2285 1162 Cometa
2311 1108 2428 1162 visa
2457 1117 2558 1163 est.

1933 1200 2090 1253 1148.
2125 1199 2427 1255 Concilium
2484 1200 2668 1255 Remis
2719 1202 2786 1256 ab
2826 1203 3077 1277 Eugenio
3137 1220 3277 1276 papa
3322 1206 3477 1261 cele-

1862 1291 2055 1347 bratur
2081 1293 2165 1342 ⁵0⁸.

1933 1380 2088 1437 1163.
2128 1381 2413 1437 lleinricns
2446 1397 2537 1437 rex
2593 1384 2817 1456 Anglize,
2878 1399 3043 1454 supra
3083 1385 3233 1455 quod
3274 1385 3478 1441 dicitur

1853 1472 1997 1527 Deus
2026 1478 2119 1526 aut
2148 1472 2293 1543 quod
2326 1472 2525 1527 colitur
2550 1470 2807 1527 eﬁ‘eratus
2833 1480 2887 1528 et
2917 1474 2972 1527 in
3008 1474 3327 1543 superbiam
3362 1475 3478 1530 ela-

1853 1571 1957 1628 tus,
2007 1580 2230 1618 assensu
2283 1563 2480 1637 [ingeri
2542 1564 2901 1619 Eboracensis
2952 1565 3356 1637 archiepiscopi
3420 1572 3477 1621 et

1856 1653 2138 1708 Gilleberti
2193 1653 2593 1708 Londoniensis
2636 1655 2905 1725 episc0pi,
2954 1670 3057 1708 nec
3107 1672 3217 1708 non
3272 1655 3474 1725 llylarii

1848 1743 2208 1798 Cieestrensis
2250 1743 2523 1813 episcOpi,
2562 1751 2615 1797 et
2654 1743 3022 1815 quorumdam
3078 1743 3335 1809 aliorum,
3394 1744 3474 1797 si-

1842 1834 1953 1887 mul
2007 1833 2170 1887 etiam
2230 1832 2475 1888 omnium
2554 1832 2819 1887 baronum
2886 1847 3135 1895 suorum,
3197 1831 3468 1887 ltichardo

1842 1921 2007 1977 etiam
2036 1920 2349 1977 consiliario
2397 1936 2497 1976 suo
2530 1920 2856 1976 Pictaviensi
2918 1920 3329 1992 archydiacono
3360 1921 3467 1975 im-

1840 2016 2101 2086 pellente,
2141 2025 2331 2071 contra
2356 2015 2448 2083 jus
2473 2022 2529 2070 et
2562 2015 2639 2070 fas
2668 2031 2891 2071 omnem
2923 2014 3255 2087 dignitatem
3292 2022 3349 2070 et
3373 2030 3467 2069 cc-

1840 2105 2161 2161 clesiasticze
2180 2103 2489 2174 disciplinae
2536 2121 2823 2158 censuram
2858 2104 3129 2159 violenter
3155 2103 3262 2158 sibi
3302 2121 3461 2159 usur-

1839 2211 1949 2272 pat.
1992 2201 2162 2265 Quam
2188 2201 2259 2256 ob
2293 2217 2510 2254 causam
2553 2200 2817 2255 domuum
2849 2200 3133 2266 Thomam,
3176 2200 3460 2270 archiepi-

1837 2312 2065 2367 scopum
2112 2296 2583 2371 cantuariensem,
2628 2294 2803 2348 virum
2865 2293 3207 2367 religiosum,
3281 2293 3459 2362 gloria

1836 2395 1889 2441 et
1918 2388 2132 2441 honore
2164 2386 2416 2460 dignum,
2470 2386 2599 2440 huic
2653 2385 2942 2455 apostasiae
2982 2384 3197 2440 fortiter
3236 2391 3460 2439 contra-

1834 2477 2207 2544 dicentem,et
2247 2491 2367 2529 sese
2395 2491 2490 2544 pro
2531 2474 2754 2542 justicia
2804 2482 2857 2528 et
2911 2473 3134 2528 veritate
3192 2480 3457 2529 constan-

1836 2573 1918 2620 ter
1947 2564 2107 2619 morti
2137 2570 2529 2635 apponentem,
2561 2563 2629 2617 ab
2663 2562 2856 2636 Anglia
2896 2560 3218 2616 eliminavit.
3262 2562 3361 2626 Qui
3396 2568 3459 2617 ut

1830 2654 1998 2709 valuit
2024 2654 2256 2708 latenter
2314 2651 2554 2707 evadcns
2585 2661 2637 2708 et
2691 2668 2837 2708 mare
2879 2650 3260 2716 transfretans,
3308 2652 3454 2722 apud

1840 2746 2128 2802 ecclesiam
2169 2745 2310 2800 beati
2342 2746 2546 2800 Bertini
2585 2745 2817 2815 appulit,
2847 2744 2938 2798 ubi
2993 2743 3317 2809 honoriﬁce,
3346 2744 3457 2799 sic-

1839 2841 1899 2889 ut
1924 2840 2133 2889 tantum
2160 2834 2334 2888 virum
2377 2833 2629 2900 decebat,
2664 2840 2956 2903 susceptus
2987 2838 3089 2886 est.
3126 2832 3295 2906 Digne
3327 2832 3456 2903 qui-

1837 2926 1985 2992 dem,
2017 2942 2142 2980 nam
2184 2932 2238 2980 et
2267 2932 2489 2980 sanctus
2523 2926 2837 2981 Dunstanus
2868 2933 2924 2980 et
2971 2933 3193 2978 sanctus
3260 2925 3454 2978 Ausci-

1837 3034 1958 3071 mus
2012 3018 2081 3071 de
2136 3016 2330 3090 Anglia
2379 3015 2670 3081 eliminati,
2713 3017 2859 3069 hunc
2905 3016 3085 3071 locum
3128 3015 3453 3087 peregrina-

146 3093 411 3153 Reinaldus
459 3100 758 3155 Remensis
787 3103 1241 3175 archiepiscopus
1278 3106 1413 3163 obit.
1477 3108 1731 3165 Auditum
1764 3094 1999 3164 Ctionis
2039 3126 2151 3164 suaa
2192 3116 2377 3179 aptum
2421 3109 2724 3183 elegerunt.
2777 3109 2835 3163 In
2870 3124 3008 3182 pago
3057 3108 3207 3180 quod
3252 3106 3457 3162 dicitur

144 3197 209 3243 est
238 3191 532 3248 tonitruum
574 3193 608 3249 8
662 3195 774 3250 Kal.
817 3197 923 3252 Jul.
994 3198 1154 3267 cujus
1208 3199 1351 3255 ictus
1407 3218 1535 3259 vere
1567 3206 1743 3261 extitit

146 3278 411 3421 terribilis,
439 3285 578 3357 quia
630 3286 823 3343 auditu
870 3288 1259 3356 intolerabilis,
1300 3300 1355 3347 et
1415 3293 1543 3351 ideo
1573 3297 1740 3352 mira-

179 3384 254 3421 118

179 3384 254 3423 1118

203 3460 344 3519 1139.
379 3464 558 3520 Roma
624 3466 948 3523 Innocentio
990 3485 1145 3540 papae
1177 3470 1513 3542 paciﬁcatur.
1549 3475 1739 3532 Conci-

148 3548 257 3636 lium
285 3556 548 3628 generale
604 3556 928 3613 Laterannis
959 3569 1263 3617 revocatur.
1310 3563 1555 3636 Eclypsis
1609 3568 1741 3624 solis

150 3635 265 3695 facta
288 3651 365 3698 est
390 3643 457 3700 13
481 3644 713 3716 Aprilis,
743 3647 879 3701 hora
903 3650 1239 3719 vespertina.

206 3728 348 3785 IHO.
379 3732 614 3789 Samson
669 3734 915 3791 decanus
970 3736 1321 3795 Carnotensis
1361 3740 1420 3796 ﬁt
1457 3744 1740 3815 archiepi—

148 3834 317 3891 swpus
360 3825 672 3882 Remensis.
708 3827 1022 3900 Stephanus
1079 3847 1168 3886 rex
1203 3834 1410 3906 Angliae
1436 3845 1491 3890 et
1525 3837 1739 3892 Baldui-

148 3927 230 3967 nus
255 3914 637 3974 Hainonicnsis
694 3936 881 3976 comes
944 3938 1067 3978 cum
1126 3923 1353 3999 Hugone
1415 3925 1737 3984 Candavena

147 4003 309 4065 Contra
335 4012 737 4071 Theodericum
771 4019 1027 4073 comitem
1078 4020 1350 4077 Flandrite
1392 4026 1732 4095 conspirant.

148 4095 323 4159 Quibus
360 4102 448 4158 ille
481 4119 597 4160 non
660 4104 782 4160 sine
840 4122 1029 4161 eorum
1090 4109 1239 4182 gravi
1278 4110 1515 4179 jactura,
1572 4115 1736 4169 terris

149 4198 306 4243 eorum
328 4190 566 4257 ﬂamma,
600 4192 765 4260 ferro,
800 4194 1086 4251 hominum
1102 4199 1378 4268 captione,
1413 4200 1733 4259 animalium

150 4274 511 4346 depredatione
542 4301 605 4340 ac
636 4291 938 4343 castrorum
986 4288 1349 4346 subversione
1415 4294 1644 4350 vastatis
1666 4296 1736 4332 ⁶⁰⁷

150 4366 345 4427 viriliter
382 4377 601 4431 restitit.

209 4459 342 4517 H42.
378 4463 617 4536 Hyemps
658 4468 958 4538 asperrima
991 4476 1046 4524 et
1105 4469 1346 4538 diutina;
1376 4488 1539 4544 quam
1586 4475 1737 4531 inse-

151 4553 255 4601 ruta
277 4559 352 4606 est
386 4561 493 4609 tam
524 4555 746 4611 insolita
774 4573 1043 4628 aquarum
1077 4558 1388 4628 inundatio,
1422 4569 1479 4616 ut
1508 4562 1737 4620 flumina

154 4652 178 4689 a
217 4640 317 4696 suis
343 4645 509 4702 alveis
562 4646 687 4719 plus
740 4650 905 4704 solito
945 4652 1203 4707 exeuntia
1262 4659 1479 4723 pontes,
1542 4658 1736 4715 domos

153 4742 255 4783 cum
287 4732 520 4804 familiis,
566 4745 744 4794 castra
773 4740 1021 4811 proxima
1079 4749 1413 4812 everterunt,
1458 4753 1513 4801 et
1542 4762 1730 4804 secum

154 4826 294 4880 tracta
324 4827 681 4886 involverent.

210 4915 351 4974 1M3.
407 4923 765 4979 Innocentius
821 4942 962 4997 papa
992 4929 1271 4984 secundus
1309 4930 1458 4997 obit;
1496 4931 1583 4988 cui
1616 4949 1737 4989 suc-

156 5003 294 5060 cessit
338 5007 657 5068 Celestinus.
708 5013 778 5068 14
842 5014 954 5070 Kal.
1014 5015 1171 5073 Febr.
1202 5025 1400 5075 ventus
1437 5022 1738 5077 vehemens

156 5096 421 5186 ex-dextro
460 5103 631 5159 latere
688 5091 1163 5176 septemtrionalis
1217 5109 1389 5186 plagae
1448 5114 1737 5183 processit,

158 5182 232 5250 qui
259 5202 419 5259 usque
454 5192 523 5246 ad
556 5191 915 5250 fundamenta
967 5197 1233 5253 ecclesias
1263 5182 1480 5267 evertit,
1514 5217 1734 5272 campa-

161 5274 285 5364 naria
333 5286 617 5353 turresque
666 5282 1060 5340 inestimabilis
1120 5288 1387 5357 ponderis
1443 5290 1735 5364 multzeque

156 5354 459 5455 {altitudinis
488 5373 815 5429 comminuit
864 5382 1029 5448 atque
1076 5354 1299 5447 dejecit,
1333 5381 1563 5437 arbores
1595 5354 1737 5438 ra-di-

158 5454 272 5505 citus
347 5459 556 5514 evulsas
622 5462 891 5519 subvertit
960 5465 1184 5522 castella
1266 5469 1572 5541 domosque
1644 5472 1737 5528 de-

1842 3200 2017 3255 sancti
2042 3199 2362 3266 ’Audomari,
2417 3199 2470 3253 in
2531 3197 2820 3270 parrochia
2877 3203 3080 3252 sanctae
3121 3196 3457 3269 Margarctaa,

1842 3294 1897 3348 in
1920 3294 2158 3348 adventu
2192 3292 2407 3347 Domini
2438 3291 2749 3347 ebdomada
2785 3291 2841 3357 2,
2872 3294 3029 3345 natus
3050 3298 3131 3345 est
3162 3289 3341 3344 infans
3363 3288 3458 3344 bi-

1842 3399 1973 3454 ceps
2003 3398 2126 3438 cum
2160 3388 2418 3453 quattuor
2448 3381 2687 3437 brachiis
2717 3388 2771 3436 et
2824 3380 3051 3435 totidem
3086 3378 3362 3445 manibus,
3400 3379 3456 3434 in

1843 3475 2213 3530 anterioribus
2235 3474 2458 3545 quidem
2497 3474 2776 3549 geminam
2810 3480 3058 3528 naturam
3102 3472 3269 3527 maris
3299 3480 3354 3527 ct
3382 3471 3458 3527 fe-

1842 3566 2027 3629 minea,
2072 3564 2124 3618 in
2150 3564 2549 3635 posterioribus
2601 3580 2763 3618 unam
2796 3569 3005 3618 tantum
3035 3560 3335 3636 egestionis
3369 3561 3458 3615 ha-

1840 3655 1997 3709 bens.

1913 3745 2068 3801 1164.
2115 3746 2171 3798 1η
2230 3744 2544 3798 Senoncnsi
2602 3742 2836 3798 ecclesia
2906 3743 3012 3797 tale
3058 3742 3189 3813 quid
3235 3741 3455 3798 accidit.

1845 3837 1994 3892 Feria
2050 3836 2083 3891 6
2137 3837 2189 3890 in
2250 3850 2547 3906 parasceve
2603 3835 3038 3905 archydiaconus
3099 3849 3244 3887 unus
3308 3833 3454 3900 ejus-

1838 3926 1960 3981 dem
1993 3926 2230 3982 civitatis
2254 3924 2554 3979 defunctus
2574 3923 2793 3993 jacebat
2835 3924 2889 3977 in
2912 3921 3169 3987 ecclesia,
3197 3927 3457 3992 qualtuor

1836 4019 2097 4073 crucibus
2151 4018 2544 4084 circumdatus,
2605 4032 2835 4089 quarum
2879 4032 3006 4079 una,
3043 4029 3149 4084 que
3183 4012 3249 4066 ad
3291 4021 3457 4084 caput

1837 4117 1970 4170 erat,
2008 4107 2313 4179 precxosior
2340 4113 2458 4161 erat
2510 4106 2725 4162 ceteris.
2773 4104 2933 4160 Facto
2982 4110 3162 4158 autem
3209 4118 3455 4173 congruo

1837 4207 2109 4268 tempore,
2153 4212 2262 4268 quo
2313 4194 2499 4251 ofﬁcia
2539 4195 2649 4250 diei
2681 4195 3113 4259 celebrarentur;
3151 4193 3457 4247 Alexander

1844 4303 2001 4358 papa.
2046 4287 2139 4359 qui
2194 4294 2325 4341 tunc
2354 4285 2561 4340 ibidem
2616 4284 2950 4349 morabatur,
3002 4299 3126 4337 cum
3176 4281 3323 4336 clero
3353 4297 3455 4338 suo

1749 4400 1809 4471 D
1840 4399 1901 4442 se
1933 4381 2000 4436 ad
2030 4377 2211 4435 ofﬁcia
2237 4378 2451 4453 agenda
2491 4377 2817 4449 preparavit.
2855 4376 3062 4442 Quibus
3093 4374 3326 4471 inceptis
3363 4391 3458 4429 aer

1838 4476 1987 4548 cepit
2016 4472 2381 4530 commoveri.
2416 4472 2594 4527 Lectis
2638 4477 2818 4526 autem
2880 4469 3214 4526 lectionibus
3256 4478 3311 4523 et
3353 4472 3454 4525 de-

1838 4564 2070 4621 cantatis
2112 4561 2377 4618 tractibus
2434 4561 2501 4615 ad
2555 4561 2700 4615 diem
2754 4559 3184 4632 pertinentibus.
3223 4558 3458 4629 :incepta

1836 4657 1997 4711 etiam
2044 4653 2325 4725 passione,
2376 4652 2471 4707 ubi
2522 4660 2742 4706 ventum
2791 4660 2875 4706 est
2934 4652 3003 4705 ad
3062 4650 3236 4705 locum
3298 4649 3452 4705 illum

1836 4747 2123 4814 Cruciﬁge,
2154 4743 2424 4811 cruciﬁgc,
2459 4746 2642 4795 tantus
2673 4740 2855 4814 fragor
2887 4755 3009 4794 cum
3042 4738 3291 4794 fulminis
3325 4754 3456 4810 per-

1831 4834 2090 4889 cussione
2122 4839 2353 4902 repente
2399 4829 2555 4885 irruit
2601 4845 2768 4899 super
2813 4844 2931 4896 eos,
2960 4835 3019 4883 ut
3049 4843 3117 4883 ne
3148 4843 3291 4882 unus
3320 4826 3453 4899 qui-

1833 4925 1958 4980 dem
2012 4925 2069 4978 in
2143 4929 2258 4977 tota
2313 4920 2551 4976 ecclesia
2625 4926 2908 4991 superstes
2953 4927 3301 4984 remaneret;
3356 4918 3455 4974 sed

1835 5032 2029 5072 omnes
2069 5014 2390 5071 ceciderunt
2438 5013 2493 5067 in
2560 5022 2781 5081 terram,
2837 5012 2961 5069 facti
3026 5012 3176 5067 velut
3228 5010 3455 5066 mortui.

1838 5106 1977 5163 Crux
2023 5107 2190 5162 etiam
2236 5106 2482 5177 predicta
2537 5104 2797 5174 pretiosa.
2841 5104 2997 5176 quasi
3028 5119 3181 5158 serra
3212 5118 3309 5174 per
3337 5117 3457 5157 me-

1837 5201 1987 5255 dium
2017 5207 2222 5266 secata,
2258 5198 2316 5253 in
2347 5198 2487 5253 duas
2516 5204 2695 5268 partes
2711 5197 2936 5265 cecidit,
2961 5211 3192 5269 quarum
3225 5210 3333 5249 una
3371 5200 3455 5249 est

1837 5294 2081 5359 inventa,
2115 5292 2288 5347 altera
2317 5306 2443 5362 pars
2490 5288 2720 5345 omnino
2775 5288 3062 5360 disparuit.
3118 5288 3246 5343 Post
3287 5300 3451 5340 unam

1836 5396 1966 5436 vero
1995 5381 2182 5436 horam
2224 5395 2368 5450 papa
2407 5388 2462 5433 et
2519 5379 2700 5434 clerus
2738 5395 2870 5434 suus
2900 5378 3317 5449 resipiscentes,
3365 5390 3450 5429 sa-

1839 5472 1907 5527 tis
1927 5488 2051 5527 cum
2084 5470 2275 5527 dolore
2307 5477 2363 5525 et
2389 5470 2587 5525 timore
2621 5470 2861 5526 officium
2897 5476 3251 5545 peregerunt.

1457 5577 1677 5633 VARI/IS
1717 5576 2095 5634 LECTIONES.

220 5656 275 5691 ⁵⁰⁷
305 5663 430 5721 hanc
483 5683 658 5724 υοοεηι
697 5684 763 5725 su

162 5730 380 5792 “cidisse
406 5739 638 5812 videtur,
679 5730 822 5815 ᾳῑιόᾶ
852 5759 904 5801 a.
950 5730 1251 5803 1149-1162
1271 5730 1594 5808 continebat:

756 5672 969 5748 mplevi,
995 5672 1168 5748 deest
1187 5674 1380 5748 codici.
1457 5675 1525 5711 δοθ
1550 5682 1659 5735 Hic
1696 5681 1895 5748 folium
1923 5680 2149 5747 desinit;
2182 5677 2403 5748 sequens
2430 5680 2627 5748 incipit
2654 5693 2773 5734 cum
2793 5693 2847 5736 α.
2876 5676 3035 5744 1163,
3076 5672 3218 5729 unde
3253 5670 3449 5740 folium
