3858 6206
351 312 456 367 383
1562 304 1905 360 SIGEBERTI
1945 303 2461 361 GEMBLACENSIS.
3580 304 3699 361 384

942 649 1880 751 CONTINUATIO
1985 648 3075 758 VALCELLENSIS.

432 862 623 918 Codice
655 862 728 916 ΒΕ).
757 863 1059 933 deperdito,
1089 865 1508 918 continuationis
1540 868 1753 918 tantum
1781 864 1913 918 dare
1944 878 2228 934 possumus
2253 880 2316 918 ea
2352 878 2472 933 qua
2501 864 2721 918 Μίνωας
2753 865 2854 916 ina:
2883 865 3171 934 excerpsit.
3208 864 3285 918 At
3320 865 3491 918 multo
3524 864 3707 933 plura

357 936 552 1000 fuisse,
584 934 732 989 docet
761 937 906 1005 quod
916 937 1039 989 huic
1064 940 1492 1003 superstructum
1519 951 1685 1005 supra
1712 936 1954 990 diximus
1980 936 2077 990 col.
2111 934 2181 989 29
2200 934 2501 989 Chronicon
2531 936 2589 991 S.
2618 936 2983 999 Bavonis;ubi
3007 949 3115 988 non
3140 934 3293 989 modo
3317 949 3387 988 ea:
3413 937 3703 991 Mirzanis

360 1007 612 1071 leguntur
627 1007 891 1075 plurima,
914 1007 1008 1061 sed
1024 1008 1194 1060 multa
1215 1022 1427 1075 quoque
1443 1007 1578 1070 alia,
1592 1022 1715 1076 qua?
1729 1007 1922 1076 procul
1939 1007 2107 1061 dubio
2132 1022 2200 1059 ea:
2222 1006 2545 1062 Valceliensi
2572 1005 2857 1075 desumpta
2877 1009 3031 1069 sunt;
3065 1006 3416 1076 sedquomam
3436 1009 3549 1060 sint
3571 1008 3697 1063 illa.

358 1079 417 1129 id
458 1077 675 1146 quidem
714 1082 853 1131 certo
882 1079 993 1131 dici
1028 1081 1236 1146 nequit,
1265 1094 1433 1147 quum
1466 1079 1591 1131 aliis
1613 1082 1775 1131 etiam
1805 1084 2000 1147 prater
2033 1078 2122 1132 132.
2154 1078 2398 1144 fontibus
2412 1092 2541 1131 usus
2569 1078 2741 1143 fuerit
2778 1077 3095 1146 compilator
3125 1077 3443 1132 Gandmsis.
3475 1081 3542 1133 E.
3576 1094 3703 1132 con-

356 1150 659 1202 tinuatione
679 1149 1050 1210 Burburoensi
1076 1150 1324 1218 quaedam
1355 1150 1433 1202 ibi
1453 1150 1705 1216 leguntur
1723 1150 1822 1203 sub
1843 1165 1896 1202 a.
1930 1150 1984 1203 11

2154 1149 2277 1217 126,
2303 1148 2633 1211 1136-1135,
2667 1147 2992 1212 1137-1140,
3026 1148 3376 1213 1144,1145,
3409 1164 3479 1202 ea:
3509 1151 3705 1219 Aqui-

352 1220 594 1273 cinctina
630 1235 682 1271 a.
725 1219 1048 1273 11-49-1152.
1083 1222 1203 1274 Haec
1243 1222 1416 1287 igitur
1444 1222 1625 1274 omnia
1676 1220 1995 1290 compilator
2026 1219 2329 1275 Gandensis
2367 1223 2463 1274 aut
2491 1235 2559 1274 ea:
2599 1220 2673 1273 85
2704 1218 2779 1274 C5
2813 1219 3046 1285 collegit,
3077 1225 3174 1273 aut
3194 1220 3318 1288 jam
3348 1222 3409 1272 in
3440 1220 3516 1273 ΒΞ
3544 1218 3702 1274 inue-

352 1293 456 1355 nit,
488 1291 550 1344 id
569 1290 714 1359 quod
739 1290 993 1344 libentius
1031 1292 1357 1345 crediderim
1382 1307 1439 1345 eo
1468 1292 1613 1361 quod
1651 1292 1950 1347 Chronicon
1977 1291 2051 1344 ad
2076 1307 2126 1344 a.
2166 1290 2302 1348 1150
2332 1290 2491 1345 habet
2520 1290 2767 1360 quaedam
2788 1305 2909 1359 qua:
2944 1306 3050 1344 non
3073 1293 3131 1344 in
3173 1292 3264 1351 85,
3297 1291 3392 1345 sed
3422 1294 3479 1344 in
3514 1291 3581 1345 81
3624 1294 3706 1345 le-

350 1365 586 1426 guntur;
632 1361 695 1414 BI
741 1366 918 1415 autem
958 1363 1274 1416 Valerelicnsi
1289 1362 1365 1415 ad
1391 1378 1586 1417 manus
1615 1364 1788 1429 fuisse
1812 1366 1949 1417 satis
1972 1367 2200 1432 apparet
2240 1363 2366 1429 Sed,
2394 1366 2456 1416 ut
2481 1362 2590 1416 haec
2620 1363 2826 1417 incerta
2847 1362 3337 1430 linquanms,illud
3358 1367 3562 1417 certum
3592 1369 3700 1427 cst,

372 1434 762 1497 t’alcellensmn,
802 1434 1033 1487 codicem
1059 1436 1344 1503 propriam
1382 1437 1837 1489 continuationem
1868 1449 1978 1489 non
2002 1434 2275 1498 habuisse,
2305 1434 2399 1488 sed
2423 1434 2597 1488 codici
2628 1434 2662 1486 Β
2693 1434 2773 1487 vel
2801 1434 3035 1499 remisse
3064 1433 3136 1488 Βὸ
3160 1450 3329 1503 usque
3346 1434 3421 1487 ad
3450 1450 3504 1487 α.
3552 1435 3702 1488 1163

353 1504 642 1573 descripto,
670 1506 1041 1558 additamenta
1067 1510 1275 1559 tantum
1304 1506 1659 1575 adspersisse,
1681 1522 1707 1560 e
1752 1507 1879 1561 Vita
1906 1506 2179 1573 Norberti,
2212 1506 2618 1560 continuatione
2659 1506 3163 1560 Praemonstratensi
3185 1512 3236 1559 et
3265 1506 3501 1572 fortasse
3525 1510 3701 1560 etiam

354 1575 742 1644 Burburgensi,
771 1591 866 1630 nec
892 1591 1000 1630 non
1028 1577 1249 1631 aliunde
1270 1580 1460 1647 petita.

429 1744 582 1798 HM.
619 1743 788 1813 (Cant.
822 1743 1037 1815 Praem.)
1066 1744 1366 1800 Concilium
1394 1744 1614 1800 Conone
1649 1746 1970 1802 Prenestino
2000 1751 2045 1820 Α
2074 1746 2266 1801 relicto
2304 1746 2492 1801 seculo
2542 1745 2815 1800 Christum
2847 1761 2971 1801 cum
3027 1744 3296 1803 Norberto
3360 1752 3615 1815 secutus,
3648 1755 3703 1803 et

358 1832 624 1903 episcopo
655 1843 709 1888 et
748 1834 994 1889 Romane
1025 1835 1261 1891 ecclesie
1284 1837 1462 1910 legato
1502 1837 1819 1909 presidente
1852 1838 1971 1893 Bel-

361 1924 535 1978 lovaci
568 1925 901 1981 celebratum
923 1936 1025 1983 est.

436 2018 573 2073 1115
637 2020 728 2087 (V.
769 2020 961 2086 Norb.)
992 2020 1359 2076 Tanchelinus
1386 2021 1683 2086 hereticus,
1725 2022 1818 2094 qui
1865 2023 1974 2076 An-

366 2112 708 2183 doverpiam,
741 2112 1043 2168 Walacram
1076 2122 1130 2167 et
1169 2114 1625 2183 circumjacentes
1673 2114 1883 2169 insulas
1922 2122 1976 2170 et

361 2203 633 2269 maritima
658 2202 779 2259 loca
810 2204 864 2257 in
894 2205 1148 2275 portibus
1171 2204 1279 2260 illis
1298 2206 1489 2262 multis
1512 2207 1803 2262 heresibus
1832 2206 1976 2261 infe-

360 2305 526 2361 cerat,
569 2296 860 2351 occiditur.
894 2297 1135 2351 Castrum
1190 2298 1412 2364 Encres,
1467 2298 1695 2374 Hugone
1754 2298 1977 2353 Camda-

356 2405 494 2442 vena
523 2388 703 2458 pulso,
736 2389 827 2460 qui
864 2389 997 2443 illud
1027 2397 1406 2461 usurpaverat.
1454 2390 1755 2446 Balduinus
1787 2407 1977 2446 comes

363 2477 626 2531 Flandrite
670 2477 838 2548 cepit,
881 2484 933 2531 et
990 2478 1185 2533 Karolo
1243 2479 1577 2534 consobrino
1635 2494 1734 2534 suo
1802 2478 1975 2532 dedit.

360 2570 437 2635 (Ο.
477 2569 686 2634 Prcem.)
734 2568 1051 2623 [.ambertus
1098 2571 1394 2641 episcOpus
1445 2569 1819 2625 Atrebatensis
1861 2585 1976 2624 mo-

362 2664 516 2719 ritur.
553 2665 745 2718 Petrus
772 2664 1004 2719 eremita
1034 2681 1097 2719 ex
1120 2665 1273 2736 Syria
1298 2682 1565 2721 reversus.
1595 2666 1739 2736 apud
1768 2666 1974 2737 lluyum

363 2752 610 2818 moritur,
644 2760 698 2806 et
726 2753 993 2823 sepelitur
1016 2754 1072 2808 in
1104 2756 1441 2810 monasterio
1473 2771 1502 2809 a
1527 2770 1585 2809 se
1625 2754 1874 2818 fundato,
1907 2754 1974 2808 ad

362 2842 563 2895 Mosam
611 2841 857 2897 ﬂuvium.
908 2843 1218 2898 Claravallis
1257 2844 1517 2899 fundatur
1567 2844 1728 2912 cujus
1767 2843 1979 2915 primus

363 2930 536 2985 abbas
567 2930 668 2985 fuit
687 2940 908 2986 sanctus
936 2932 1269 2988 Bernardus.

2075 1837 2566 1911 Capenbergensis,
2608 1837 2951 1892 Vorlarensis
2989 1843 3155 1910 atque
3188 1837 3551 1894 Elestatensis
3579 1854 3699 1894 mo.

2074 1932 2437 1987 nasteriorum
2469 1932 2616 2003 apud
2639 1932 2987 2003 Westphalos
3017 1931 3297 1999 fundator,
3327 1933 3592 1989 moritur.

2147 2025 2304 2080 “28.
2333 2024 2444 2080 Hoc
2477 2039 2622 2079 anno
2653 2024 2946 2080 cenobium
2980 2024 3050 2079 de
3080 2024 3251 2078 Dunis
3282 2024 3435 2095 (515)
3457 2025 3516 2079 in
3544 2025 3709 2080 Flau-

2075 2115 2195 2170 dria
2216 2115 2461 2169 construi
2506 2114 2655 2186 cepit
2694 2131 2726 2169 a
2764 2114 2970 2170 domno
3022 2114 3282 2182 Fulcone,
3316 2115 3498 2185 primo
3530 2116 3707 2187 ipsius

2077 2205 2181 2260 loci
2213 2204 2432 2261 abbate.

2148 2297 2306 2353 1131.
2360 2298 2439 2368 (C.
2495 2297 2715 2369 Praem.)
2772 2296 2898 2352 Milo
2945 2296 3119 2352 abbas
3156 2297 3345 2353 Sancti
3394 2298 3595 2355 Judoci
3648 2300 3705 2354 in

2081 2393 2332 2459 Nemore,
2384 2391 2593 2448 ordinis
2645 2391 3174 2448 Aremonstrateusis
3222 2392 3309 2453 45,
3350 2392 3466 2447 Kal.
3527 2393 3704 2449 Martii

2079 2493 2432 2540 consecratur
2462 2485 2761 2556 episcOpus
2813 2485 3197 2539 Tervanensis.
3263 2485 3377 2541 Hoc
3426 2501 3577 2541 anno
3628 2486 3708 2540 in-

2079 2586 2296 2645 ceptum
2349 2583 2432 2631 est
2490 2575 2888 2631 monasterium
2948 2583 3138 2631 sancte
3185 2575 3354 2631 Marie
3402 2577 3709 2633 Valcelleu-

2078 2666 2153 2719 sis
2208 2665 2347 2735 (516)
2396 2665 2631 2721 ecclesie
2687 2666 2741 2719 in
2769 2681 2901 2737 agro
2943 2665 3345 2721 Cameracensi.
3406 2667 3467 2720 In
3530 2669 3708 2722 Aurea

2076 2756 2228 2811 Valte
2292 2756 2431 2825 (517)
2484 2757 2630 2827 apud
2674 2755 2942 2812 Treveros
2993 2754 3190 2810 beatus
3247 2755 3571 2812 Bcrnardus
3623 2757 3706 2813 sui

2081 2853 2290 2909 ordinis
2328 2853 2632 2908 monachos
2661 2851 2915 2907 collocat.

2153 2950 2310 3006 1132.
2360 2949 2590 3004 Sanctus
2622 2949 2772 3021 Hugo
2811 2946 3356 3018 Gratianopolitanus
3406 2946 3706 3018 episcopus

436 3025 590 3079 “17-
646 3025 947 3080 Baldumus
985 3042 1173 3082 comes
1228 3026 1599 3091 Πειηάνθυδίεν
1663 3026 1792 3098 (illia
1826 3026 1980 3101 ""go
2010 3088 2054 3112 η
2084 3041 2504 3110 transiit;cujus
2530 3040 2696 3096 vitam
2727 3040 3024 3095 virtutibus
3043 3038 3263 3110 plenam
3291 3037 3500 3112 Guigo,
3533 3056 3703 3095 vene-

1588 3088 1595 3091 .
1683 3088 1696 3098 .
1911 3088 1943 3101 .,
2086 3088 2502 3110 -..η---.ην-,η-
2740 3088 3263 3110 "mw—“rm”-
3300 3088 3393 3093 η-
3443 3088 3500 3105 τ,
3544 3088 3675 3095 η.--

368 3113 691 3169 δηηάεινειιὲι
744 3120 942 3170 terram
969 3115 1111 3182 eius,
1146 3116 1240 3170 ιιυί
1273 3122 1506 3186 fmierat,
1538 3114 1749 3187 rapinis
1796 3124 1850 3170 εἴ
1898 3115 1984 3170 ίη·
2010 3088 2057 3157 Β
2086 3132 2275 3187 rabilis
2324 3131 2604 3187 Carthusie
2645 3130 2818 3202 prior,
2870 3136 3133 3202 precepto
3170 3088 3487 3186 Innocentlii
3548 3147 3706 3203 pape,

366 3204 581 3258 cendiis
637 3205 903 3272 vastabat,
930 3213 1168 3261 castrum
1222 3205 1395 3261 sancti
1427 3204 1576 3260 Pauli
1606 3204 1852 3272 obsedit;
1882 3206 1979 3260 sed

371 3294 648 3348 Eustathio
678 3294 882 3349 comite
911 3294 1150 3349 Bolonia}
1184 3294 1480 3363 mediante,
1524 3295 1738 3369 Hugoni
1778 3310 1978 3351 recon-

302 3448 307 3461 '
363 3386 578 3441 ciliatus
608 3387 790 3443 rediit.

304 3466 307 3473 ’
439 3478 596 3533 1119.
644 3480 759 3549 (1b.)
820 3478 1120 3534 Balduinus
1179 3494 1366 3536 comes
1434 3480 1717 3547 Flandrie,
1779 3478 1981 3535 Callisti

371 3585 515 3641 pane
555 3586 619 3625 ex
658 3586 845 3627 sorore
877 3586 1070 3642 nepos,
1104 3571 1263 3627 obiit.
1301 3574 1393 3641 (V.
1425 3574 1614 3643 Norb.)
1647 3572 1817 3640 Cono,
1849 3571 1983 3626 Pre-

374 3661 622 3716 nt-stinus
662 3662 959 3734 episcOpus
988 3669 1041 3718 et
1073 3663 1284 3739 legatus
1320 3664 1676 3735 apostolicus,
1708 3663 1981 3735 synodum

374 3751 596 3807 Colonie
616 3751 881 3818 celebrat,
909 3760 965 3808 et
996 3752 1232 3808 lieinrici
1275 3753 1620 3825 imperatoris
1665 3768 1987 3809 excommu-

372 3840 704 3896 nicationem
754 3831 1080 3917 promulgat.
1129 3842 1264 3898 Huic
1315 3843 1527 3915 synodo
1565 3841 1813 3898 interfuit
1855 3841 1986 3895 Nor-

371 3935 579 3999 bertus,
625 3945 818 4007 postea
859 3936 1397 3993 Praemonstratensis
1429 3936 1645 3993 ordinis
1685 3935 1984 3999 institutor,

371 4031 501 4079 tunc
522 4031 772 4080 recenter
792 4040 1118 4095 conversus,
1152 4025 1205 4079 in
1238 4026 1533 4102 peregrino
1573 4025 1784 4081 habitu.

437 4117 594 4172 “‘21.
631 4118 750 4187 (1b.)
803 4117 1220 4172 Bartholomeus
1255 4118 1635 4173 Lauduncnsis
1688 4116 1984 4187 episc0pus

364 4216 420 4262 et
451 4208 748 4263 Norbcrtus
799 4207 971 4262 abbas
1004 4208 1463 4263 Prcmonstratam
1510 4208 1804 4263 ecclesiam
1849 4207 1981 4262 fun-

367 4299 516 4355 dant.
559 4299 849 4364 Norberto,
903 4298 1125 4355 Colonia
1173 4315 1296 4354 cum
1361 4306 1678 4355 sanctorum
1733 4298 1984 4370 reliquiis

366 4393 644 4460 redeunti,
675 4392 1083 4458 Ermensendis,
1111 4391 1392 4447 comitissa
1413 4392 1793 4459 Namuccnsis,
1824 4389 1985 4447 offert

368 4485 657 4542 ecclesiam
698 4484 755 4540 in
776 4484 905 4541 villa
934 4500 1033 4539 sua
1053 4481 1327 4551 Florel’ﬁa,
1369 4484 1437 4539 ad
1478 4483 1670 4539 fratres
1699 4482 1754 4538 in
1775 4499 1840 4539 ea
1865 4484 1984 4539 col-
2008 4461 2057 4531 (ἶ

372 4576 658 4632 locandos.

449 4665 601 4719 1124.
634 4665 753 4736 llb.)
778 4665 1041 4721 Canonici
1089 4665 1571 4736 Andovcrpenses,
1619 4680 1650 4718 a
1688 4662 1986 4721 Godefrido

371 4755 647 4822 Bnllonio,
680 4756 819 4813 duce
850 4756 1203 4831 Lotharingie
1251 4765 1307 4811 et
1362 4757 1675 4811 Marchione
1706 4755 1989 4811 Andover-

375 4847 532 4919 pensi
565 4847 795 4911 fundati,
820 4850 1086 4907 Norbcrto
1117 4855 1171 4904 ct
1195 4848 1363 4905 sociis
1389 4848 1512 4918 ejus
1536 4848 1795 4919 templum
1815 4848 1987 4917 sancti

374 4939 658 4996 Michaelis
688 4940 912 5012 cedunt,
943 4949 1001 4999 et
1031 4941 1162 4997 inde
1194 4942 1262 4996 ad
1293 4942 1454 4997 edem
1488 4941 1649 4996 beate
1677 4939 1843 4996 Marie
1878 4939 1989 4995 vir-

373 5033 521 5106 ginis
546 5031 802 5103 migrant.

446 5119 587 5175 1125
643 5119 968 5177 \‘Econiense
1019 5121 1416 5177 monasterium
1458 5120 1607 5193 apud
1659 5118 1992 5175 Valentinia-

377 5228 478 5268 nas
522 5210 835 5279 incohatur,
901 5212 1049 5285 quod
1119 5211 1265 5269 inter
1323 5210 1853 5269 Premonstratensia
1908 5216 1992 5267 est

378 5302 833 5375 pulcherrimum.

449 5396 610 5451 1126.
670 5393 799 5466 (1b.)
857 5390 1188 5449 Godel’ridus
1249 5408 1437 5450 comes
1494 5392 1990 5469 Capenbergensis,

2081 3219 2322 3294 eleganti
2368 3219 2494 3275 stilo
2521 3219 2857 3292 descripsit;
2897 3218 3211 3274 Conventus
3274 3220 3702 3285 monachorum,

2084 3328 2207 3366 cum
2240 3312 2439 3366 abbate
2470 3326 2570 3366 suo
2601 3309 2853 3375 Radullo,
2905 3326 2972 3364 ex
3029 3308 3221 3382 Anglia
3251 3307 3520 3374 oriundo,
3563 3309 3709 3365 venit

2083 3401 2152 3455 ad
2199 3401 2382 3456 locum
2437 3400 2531 3472 qui
2564 3406 2794 3455 vocatur
2856 3395 3114 3463 Valcelle,
3146 3395 3409 3452 Kalendis
3455 3397 3700 3472 Augusti.

2086 3490 2476 3619 {leos‘adduxit
2540 3490 2735 3545 beatus
2802 3488 3144 3554 Bernardus,
3212 3488 3387 3545 abbas
3438 3488 3707 3544 Clarcval-

2145 3579 2274 3617 nsrs.

2145 3579 2274 3617 nsrs.

2155 3651 2310 3707 1133.
2353 3651 2554 3705 Sancte
2592 3649 2758 3705 Marie
2810 3647 3048 3704 ecclesia
3085 3647 3426 3703 Tervanensi
3459 3648 3708 3704 dedicata

2089 3748 2172 3797 est
2229 3758 2261 3795 a
2306 3741 2340 3795 4
2385 3738 2665 3811 episcopis
2706 3738 2923 3794 scilicet
2973 3736 3199 3803 Milone,
3255 3737 3438 3810 ipsius
3481 3738 3709 3794 civitatis

2087 3837 2371 3908 episcopo,
2401 3834 2639 3890 Guarino
2670 3832 3045 3897 Ambiauensi,
3081 3833 3309 3889 Simone
3343 3833 3703 3890 Noviomensi

2087 3941 2151 3980 ac
2175 3925 2528 3992 Tornacensi,
2561 3934 2615 3980 et
2636 3923 2822 3978 Alviso
2855 3922 3225 3977 Atrebatensi.

2157 4019 2313 4075 1137.
2370 4019 2489 4090 (1b.)
2537 4018 2861 4084 Guilelmus,
2913 4016 3021 4073 dux
3069 4016 3365 4089 Aquitanie
3422 4026 3482 4073 et
3527 4033 3709 4074 comes

2089 4112 2451 4177 Pictavensis,
2499 4110 2690 4177 tiliam,
2741 4126 2905 4182 quam
2963 4109 3227 4165 heredem
3279 4108 3552 4176 habebat,
3613 4108 3711 4163 Lu-

2087 4205 2319 4267 dowico,
2381 4203 2495 4260 tilio
2547 4204 2693 4279 regis
2742 4203 3094 4267 Francorum,
3152 4201 3400 4257 moriens
3454 4218 3710 4274 sponsam

2086 4296 2402 4368 dereliquit.
2429 4296 2507 4350 Ad
2538 4312 2700 4367 quam
2724 4295 3036 4352 ducendam
3057 4295 3204 4352 ﬁlius
3232 4297 3381 4371 regis
3413 4297 3710 4369 profectus,

2085 4385 2306 4441 interim
2339 4391 2492 4457 patre
2524 4400 2652 4460 rege
2702 4383 2986 4453 defuncto,
3018 4387 3074 4440 in
3108 4402 3282 4462 regno
3320 4387 3638 4453 stabilitur;
3664 4393 3710 4443 et

2085 4494 2317 4553 regnum
2351 4478 2573 4533 Francie
2636 4485 2690 4532 et
2729 4476 2963 4533 ducatus
3015 4478 3318 4550 Aquitanie
3348 4481 3697 4549 copulantur.

2086 4567 2268 4623 Abbas
2299 4567 2460 4623 Fulco
2502 4566 2726 4622 domum
2757 4582 2911 4622 suam
2952 4566 3021 4622 de
3056 4568 3247 4633 Dunis,
3291 4574 3346 4623 et
3383 4566 3613 4624 domum
3644 4569 3706 4622 de

2089 4660 2495 4716 Claromaresch
2551 4658 2717 4729 (518),
2768 4676 2935 4731 quam
2981 4660 3147 4715 simul
3206 4659 3587 4724 incohaverat,
3645 4659 3695 4713 in

2087 4753 2328 4825 capitulo
2386 4752 2778 4808 Clarevallensi
2816 4752 2920 4808 sub
2981 4769 3145 4808 manu
3187 4754 3382 4810 domui
3452 4751 3703 4809 Bernardi

2088 4847 2271 4902 ordini
2322 4845 2692 4913 Cisterciensi,
2734 4845 2825 4900 die
2863 4854 3050 4902 sancte
3109 4845 3411 4903 Petronille
3452 4845 3697 4921 virginis,

2091 4938 2334 4994 tradidit.

2162 5029 2317 5084 1138.
2361 5028 2485 5100 (1b.)
2539 5026 2839 5083 Rainaldus
2898 5027 3187 5083 Remensis
3254 5027 3696 5099 archiepiscopus

2090 5118 2245 5175 obiit.
2283 5118 2448 5174 Fulco
2501 5116 2676 5172 abbas
2702 5117 2976 5173 Dunensis
3005 5116 3251 5173 oflicium
3293 5116 3510 5172 abbatis
3539 5114 3696 5171 dimi-

2090 5211 2179 5279 sit,
2211 5216 2267 5266 et
2319 5210 2559 5265 domnus
2618 5209 2893 5265 Robertus
2968 5209 3269 5284 Brugensis
3322 5208 3498 5264 abbas
3544 5205 3698 5263 Dunis

2093 5299 2462 5357 constituitur.

2167 5389 2320 5447 1140.
2360 5389 2487 5460 (1b.)
2519 5388 2771 5456 Samson,
2802 5387 3157 5444 Carnotensis
3188 5385 3423 5444 ecclesie
3469 5382 3697 5459 preposi-

1932 5496 2144 5555 NOTAE.

416 5594 599 5679 ,(515)
642 5571 746 5651 Ter
777 5593 958 5663 Duyn,
1006 5592 1151 5649 intra
1181 5609 1369 5652 muros
1397 5594 1639 5659 civitatis
1683 5596 1981 5673 Brugensis

382 5677 572 5724 situm.

449 5739 594 5814 (516)
621 5735 937 5796 Vaucelles.

2160 5595 2304 5664 (51⁸7)
2336 5594 2515 5650 Orval.

2179 5665 2305 5729 (518
2327 5665 2691 5734 Clairmarais,
2722 5680 2829 5722 non
2860 5663 3051 5738 procul
3081 5681 3112 5719 a
3140 5663 3503 5755 Saiut-Omcr.
