3858 6206
388 307 487 362 391

1596 300 1939 355 SIGEBERTI
1982 299 2490 356 GEMBIACENSIS.

3622 306 3728 362 392

382 434 846 509 ponimus._:41ter
883 447 1088 509 coaevus
1104 433 1716 509 continuationimulta_
1732 435 2098 509 inter-scripsit
2126 450 2193 488 ea:
2235 434 2487 489 Anselmo
2517 435 3051 509 etrGemblacensibus
3071 438 3247 506 petita
3273 438 3536 507 pleraque
3560 453 3729 509 usque

388 506 463 562 ad
487 525 539 561 a.
575 506 741 569 “65;

788 520 909 581 qua:
929 520 1041 581 nos
1070 505 1263 581 litteris
1292 505 1587 581 inclinatis
1618 505 2017 581 indicavimus._
2039 508 2250 581 Tertius
2300 509 2443 560 circa
2474 522 2526 561 a.
2560 507 2699 561 1180
2732 510 2997 581 aspersit_
3018 505 3089 561 ea
3121 524 3241 581 quae
3279 505 3491 579 litteris
3521 505 3729 581 quoilue

389 580 670 634 inclinatis
701 577 1076 631 distinximus.
1110 577 1339 645 Reliqua
1368 593 1400 629 a
1426 576 1612 629 multis
1639 582 1869 630 «carata
1894 579 2037 643 sunt,
2072 578 2248 631 eodem
2287 582 2536 646 tempore,
2579 595 2683 648 quo
2711 579 2881 645 facta.
2911 579 3079 635 Edita
3116 580 3369 646 leguntur
3396 583 3461 635 in
3484 576 3729 637 Martem:

394 652 548 705 Thes.
580 651 678 714 ΙΙΙ,
696 649 847 721 1437
880 648 1029 721 unda
1057 663 1158 700 sua
1187 648 1418 716 sumpsit
1452 648 1691 717 Bouquet
1745 650 1864 714 XII,
1919 648 2041 715 781,
2073 650 2272 715 XVIII,
2316 649 2441 703 351.
2483 650 2592 707 Nos
2649 650 2861 718 damus,
2908 652 3094 721 prouti
3140 652 3411 707 Waitzius
3463 658 3643 709 noster
3667 669 3729 710 ea

389 738 456 777 ea:
485 721 663 776 codice
692 719 766 774 Di
800 722 918 789 ipso
946 719 1254 788 descripsit.

462 885 641 957 [1054.
665 882 875 938 Bellum
903 881 1050 953 apud
1080 880 1226 936 Mare
1253 889 1553 938 mortuum.

464 979 641 1051 [1056.
666 978 1033 1047 (Εωονά.6ἰ.ςι.
1065 976 1289 1047 (527)1η
1316 976 1640 1048 episcOpatu
1666 976 2005 1051 Lingonensi

386 1073 549 1126 situm
599 1068 845 1125 noscitur
899 1082 1021 1121 esse
1078 1066 1372 1122 ceuobium
1423 1067 1645 1122 nomine
1700 1068 2006 1136 Molismus,

390 1161 531 1215 fama
553 1157 998 1218 celeberrimum,
1026 1156 1296 1229 religione
1320 1157 1683 1227 conspicuum
1741 1159 1850 1214 lloc
1872 1175 1902 1213 a
1924 1160 2008 1213 sui

388 1253 614 1308 exordio
638 1250 849 1325 magnis
885 1251 987 1305 sub
1017 1251 1167 1305 brevi
1199 1258 1449 1322 tempore
1481 1252 1667 1307 divina
1718 1254 2008 1308 clementia

388 1361 487 1399 sue
508 1344 681 1418 gratie
698 1341 1023 1396 muneribus
1054 1342 1368 1408 illustravit,
1402 1342 1535 1398 viris
1564 1343 1870 1399 illustribus
1898 1360 2004 1399 no-

390 1433 643 1500 bilitavit,
678 1447 784 1487 nec
835 1431 1021 1485 minus
1051 1430 1294 1501 amplum
1327 1430 1793 1501 possessionibus,
1844 1448 2005 1503 quam

388 1526 593 1581 clarum
621 1524 917 1580 virtutibus
962 1524 1221 1579 reddidit.
1254 1523 1499 1578 Ceterum
1543 1524 1672 1595 quia
1707 1525 2011 1596 possessio-

391 1617 554 1672 nibus
584 1617 991 1687 virtutibusque
1013 1616 1275 1670 diuturna
1304 1631 1414 1671 non
1433 1615 1573 1670 solet
1600 1631 1723 1670 esse
1750 1616 2009 1682 societas,

391 1706 496 1761 hoc
526 1704 751 1777 quidam
778 1720 846 1759 ex
878 1704 973 1758 illa
1001 1710 1190 1759 sancta
1236 1703 1668 1776 congregatione
1718 1704 1818 1759 viri
1849 1704 2015 1759 nimi-

391 1814 511 1852 rum
543 1797 823 1868 sapientes
865 1796 1030 1850 altius
1063 1795 1461 1869 intelligentes,
1511 1795 1800 1869 elegerunt
1831 1798 2013 1868 potius

390 1890 592 1946 studiis
621 1889 919 1944 celestibus
948 1888 1227 1959 occupari,
1261 1904 1424 1959 quam
1460 1889 1692 1944 terrenis
1738 1888 2007 1960 implicari

391 1984 647 2057 negotiis.
676 1983 826 2039 Unde
854 1989 908 2037 et
933 1999 1061 2038 mox
1085 1983 1341 2037 virtutum
1370 1990 1644 2037 amatores
1673 1982 1741 2037 de
1771 2000 2016 2054 pauper-

391 2083 500 2131 tate
534 2076 769 2131 fecunda
825 2076 1063 2131 virorum
1113 2075 1355 2149 cegitare
1397 2082 1686 2144 ceperunt.
1728 2075 2013 2147 Simulque

392 2172 762 2238 advertentes,
804 2169 1031 2234 ibidem,
1064 2170 1164 2225 etsi
1197 2177 1386 2224 sancte
1427 2170 1769 2241 honesteque
1796 2169 2009 2226 vivere-

2028 886 2078 955 Α
2103 890 2215 940 tate
2253 885 2601 954 conﬁrmato,
2632 894 2693 943 ut
2723 903 2788 943 ex
2819 903 2887 944 eo
2922 889 3036 959 jam
3077 895 3327 962 tempore
3380 897 3580 946 neutra
3607 892 3733 947 illa-

2107 993 2227 1032 rum
2294 979 2607 1035 utriuslibet
2654 981 2985 1036 monachum
3044 982 3113 1036 ad
3174 982 3542 1040 habitandum
3605 984 3728 1040 sine

2107 1069 2589 1124 commendatione
2640 1070 2876 1144 regulari
2908 1071 3234 1142 susciperet.
3274 1072 3387 1137 Quo
3434 1073 3599 1140 facto,
3632 1091 3730 1131 no-

2107 1175 2234 1214 vum
2269 1161 2658 1216 monasterium
2681 1162 2810 1217 novi
2842 1164 3011 1234 patris
3049 1164 3424 1220 sollicitudine
3468 1174 3522 1220 et
3564 1168 3725 1222 indu~

2107 1251 2238 1306 stria
2292 1252 2343 1305 in
2404 1252 2577 1320 brevi,
2632 1269 2743 1309 non
2801 1254 3161 1310 mediocriter
3206 1256 3315 1311 Deo
3362 1268 3724 1328 cooperante,

2108 1340 2165 1395 in
2221 1349 2410 1398 sancta
2433 1344 2847 1401 conversatione
2904 1346 3157 1416 profecit,
3201 1347 3469 1419 Opinione
3511 1349 3725 1415 claruit,

2109 1430 2276 1486 rebus
2294 1434 2625 1488 necessariis
2655 1433 2846 1490 crevit.

2185 1524 2341 1595 [1107
2397 1527 2626 1597 (Emord.
2690 1526 2849 1596 Cist.)
2913 1528 3123 1583 Bellum
3154 1530 3300 1600 apud
3354 1529 3727 1587 Tenechebrai

2111 1616 2257 1687 (528)
2291 1616 2432 1670 inter
2479 1617 2771 1673 llobertum
2802 1620 3061 1674 comitem
3110 1628 3163 1675 et
3196 1620 3485 1676 llenricum
3514 1623 3727 1693 Anglic.

2111 1706 2418 1772 Albericus,
2452 1707 2621 1762 abbas
2653 1708 2935 1776 Cistercie,
2985 1726 3225 1780 superne
3258 1710 3569 1767 vocationis
3596 1712 3729 1784 Ebra-

2112 1796 2281 1863 vium,
2311 1796 2377 1850 ad
2419 1798 2567 1868 quod
2603 1797 2807 1852 ibidem
2848 1814 2947 1870 per
2977 1815 3174 1854 novem
3202 1815 3379 1854 annos
3407 1816 3519 1856 non
3553 1801 3607 1855 in
3639 1818 3730 1857 va-

2113 1901 2275 1942 cuum
2307 1886 2567 1952 cucurrit,
2626 1887 2842 1943 decimo
2896 1888 3284 1959 apprehendit.
3338 1888 3431 1944 Cui
3463 1892 3731 1946 successit

2113 1977 2352 2032 domnus
2391 1978 2723 2049 Stephanus,
2751 1978 2918 2034 homo
2948 1978 3173 2034 natione
3191 1979 3474 2053 Anglicus,
3506 1980 3731 2055 religio—

2113 2068 2218 2133 nis,
2252 2069 2611 2140 paupertatis,
2638 2070 3058 2141 discipleneque
3109 2070 3375 2146 regularis
3405 2071 3730 2127 ardentissi-

2112 2174 2233 2212 mus
2258 2166 2491 2226 amator,
2534 2157 2890 2214 ﬁdelissimus
2943 2158 3231 2215 emulator.
3291 2159 3352 2213 ln
3392 2159 3561 2230 hujus
3604 2176 3728 2215 vere

393 2220 762 2238 --_.----------,
806 2220 1031 2234 --ν-πω,
1068 2220 1164 2225 η--
1200 2220 1381 2224 an---
1427 2220 1765 2241 ---ηητ-Ἰη
1808 2220 1977 2226 .-.ν-ν
2477 2220 2486 2226 .
3467 2220 3487 2230 -

392 2268 499 2327 tur,
526 2260 708 2314 minus
739 2266 919 2314 tamen
961 2273 1058 2329 pro
1105 2257 1189 2313 sui
1246 2257 1526 2312 desiderio
1575 2262 1738 2329 atque
1804 2273 2003 2329 propo-
2029 2220 2080 2289 Β
2110 2248 2305 2304 diebus
2326 2264 2514 2305 verum
2547 2264 2669 2304 esse
2701 2248 2896 2319 patuit,
2938 2249 3086 2320 quod
3117 2248 3380 2320 scriptum
3410 2256 3529 2304 est:
3580 2251 3727 2306 Oculi

391 2350 496 2403 sito
529 2350 724 2420 ipsam,
758 2364 921 2420 quam
966 2346 1202 2418 professi
1247 2346 1483 2412 fuerant,
1537 2345 1779 2420 regulam
1810 2345 2008 2401 obser-

392 2441 526 2507 vari,
582 2442 837 2496 locuntur
891 2440 1234 2507 alterutrum,
1282 2438 1431 2509 quod
1489 2438 1741 2510 singulos
1796 2447 2001 2507 movet,

392 2533 714 2605 pariterque
756 2534 898 2587 inter
943 2546 1001 2587 se
1035 2537 1290 2595 tractant,
1347 2529 1585 2601 qualiter
1630 2530 1781 2585 illum
1835 2532 2013 2586 versi-

390 2631 574 2685 culum
606 2628 967 2699 adimpleant,
1003 2627 1247 2682 Reddam
1287 2626 1392 2681 tibi
1439 2630 1563 2680 vota
1607 2642 1743 2694 mea,
1785 2641 1905 2696 quae
1932 2626 2014 2680 di-

391 2722 699 2775 stinaterunt
729 2719 877 2773 labia
902 2732 1037 2771 mea.
1086 2716 1226 2780 Quid
1286 2714 1479 2786 plura?
1528 2715 1676 2769 Unus
1715 2723 1767 2770 et
1815 2715 2011 2790 viginti

393 2813 673 2878 monachi,
704 2827 814 2866 una
840 2827 963 2866 cum
1018 2817 1169 2880 patre
1230 2809 1404 2880 ipsius
1464 2809 1806 2876 monasterii,
1854 2809 2012 2864 beate

392 2901 655 2956 videlicet
675 2900 937 2955 memorie
970 2900 1233 2965 Roberto,
1284 2898 1513 2972 egressi,
1556 2899 1835 2953 communi
1867 2914 2011 2954 con-

391 2990 535 3054 silio,
592 2989 869 3045 communi
916 2988 1184 3060 perlicere
1242 2986 1491 3041 nituntur
1551 3005 1801 3055 assensu,
1864 2989 2012 3059 quod

394 3094 505 3134 uno
527 3078 723 3149 spiritu
752 3084 1146 3148 conceperunt.
1195 3076 1361 3149 Igitur
1393 3083 1516 3147 post
1546 3076 1745 3131 multos
1793 3076 2013 3132 labores

393 3187 459 3225 ac
506 3170 707 3224 nimias
738 3167 1110 3235 difﬁcultates,
1170 3183 1308 3238 quas
1346 3182 1540 3222 omnes
1580 3168 1633 3221 in
1676 3167 1889 3223 Christo
1921 3168 2012 3239 pie

392 3260 581 3314 vivere
619 3258 866 3314 volentes
896 3257 1005 3328 pati
1038 3272 1265 3312 necesse
1317 3264 1422 3323 est,
1474 3256 1696 3311 tandem
1728 3257 2011 3313 desiderio

396 3351 573 3423 potiti,
633 3349 952 3406 Cistercium
986 3349 1350 3417 devenerunt,
1384 3349 1563 3404 locum
1621 3357 1749 3405 tunc
1805 3350 2012 3405 scilicet

397 3444 640 3501 horroris
686 3453 741 3498 et
796 3448 946 3498 vaste
999 3440 1334 3496 solitudinis.
1389 3442 1496 3496 Sed
1553 3441 1755 3497 milites
1796 3441 2012 3510 Christi,

395 3537 501 3593 loci
549 3535 901 3607 aSperitatem
924 3534 993 3589 ab
1017 3539 1135 3588 arto
1162 3533 1469 3604 proposito,
1501 3533 1648 3605 quod
1684 3533 1797 3603 jam
1830 3533 2014 3589 animo

395 3632 786 3698 conceperant,
820 3640 929 3680 non
975 3623 1246 3679 dissidere
1272 3623 1608 3695 judicantes,
1657 3633 1717 3680 ut
1745 3640 1872 3681 vere
1903 3624 2011 3680 sibi
2038 3616 2086 3641 "

395 3720 662 3776 divinitus
718 3724 1087 3790 preparatum,
1143 3726 1249 3772 tam
1302 3727 1517 3790 gratum
1556 3717 1801 3772 habuere
1831 3717 2010 3772 locum

396 3827 557 3882 quam
588 3826 772 3866 carum
814 3811 1174 3883 prepositum.
1217 3812 1373 3866 Anno
1414 3811 1598 3883 itaque
1638 3811 1707 3866 ab
1764 3811 2014 3865 incarna-

395 3906 546 3962 tione
592 3906 806 3961 scilicet
859 3906 1075 3962 Domini
1127 3907 1283 3974 1098,
1347 3906 1681 3962 venerabilis
1738 3906 2008 3981 Hugonis,

397 4001 779 4074 Lugdunensis
806 4001 1054 4057 ecclesiae
1076 3984 1503 4073 archiepiscOpi,
1526 4002 1677 4056 sedis
1715 4001 2017 4071 apostolico

398 4100 526 4148 tunc
564 4093 753 4167 legati,
786 4101 842 4149 et
898 4093 1144 4166 religiosi
1174 4093 1296 4157 viri,
1346 4090 1593 4148 Walterii
1636 4090 2017 4147 Cabilonensis

396 4181 669 4252 episcopi,
746 4197 850 4237 nec
927 4196 1038 4236 non
1105 4180 1395 4236 clarissimi
1455 4180 1742 4252 principis,
1811 4178 2017 4235 Odonis

400 4273 714 4346 Burgundie
744 4272 923 4342 ducis,
956 4272 1078 4329 freti
1106 4273 1364 4340 consilio,
1396 4272 1719 4328 auctoritate
1748 4271 2016 4340 roborati,

398 4367 677 4424 inventam
724 4366 1006 4421 heremum
1049 4365 1104 4419 in
1154 4364 1433 4420 abbatiam
1481 4364 1815 4420 constituere
1847 4379 2011 4434 cepe-

399 4469 546 4529 runt,
579 4460 793 4533 prefato
832 4458 1031 4513 abbate
1064 4457 1301 4514 Roberto
1332 4458 1401 4513 ab
1445 4457 1592 4513 illius
1617 4457 1856 4513 diocesis
1884 4457 2011 4528 epi-

394 4572 585 4628 scopo;
652 4554 913 4612 videlicet
968 4552 1357 4619 Cabilonense,
1414 4551 1753 4622 suscipiente
1827 4564 2013 4605 curam

395 4646 717 4720 virgamque
746 4643 1100 4715 pastoralem,
1150 4641 1355 4698 ceteris
1410 4641 1515 4696 sub
1544 4640 1665 4712 ipso
1721 4640 1777 4694 in
1817 4640 2014 4696 eodem

397 4737 519 4792 loco
543 4736 889 4792 lirmantibus
915 4735 1293 4792 stabilitatem.
1325 4735 1391 4791 At
1418 4749 1549 4790 vero
1577 4740 1701 4805 post
1728 4749 1839 4790 non
1863 4732 2013 4788 mul-

400 4832 514 4880 tum
537 4825 803 4896 temporis
851 4824 1187 4893 factumest,
1218 4831 1279 4880 ut
1330 4822 1477 4879 idem
1512 4821 1684 4878 abbas
1717 4821 2011 4889 Bobertus,

399 4915 810 4986 requirentibus
846 4933 972 4972 eum
1024 4915 1309 4973 monachis
1346 4914 1810 4979 Molismensibus,
1869 4929 2011 4984 pape
2042 4953 2095 5022 Ο

400 5000 601 5022 IY,I.A_!
653 5005 874 5022 _--_s__j'
915 5005 927 5017 ο
1149 5003 1215 5022 ην
1253 5004 1318 5022 1.,
1363 5004 1393 5022 ’ξ
1453 5001 1831 5022 n,l_3l-_.-,--:-
1897 5001 1978 5022 --κε

400 5000 604 5058 Urbani
648 5005 876 5059 secundi
908 5005 1093 5075 jussu,
1149 5003 1397 5060 Walterii
1451 5001 1834 5059 Cabilonensis
1892 5001 2011 5073 epi-

397 5092 553 5163 scopi
582 5092 804 5148 licentia
832 5100 889 5148 et
925 5109 1178 5162 assensu,
1200 5094 1509 5150 Molismum
1560 5092 1937 5158 reduceretur,
1961 5099 2016 5146 et

395 5182 700 5251 Albericus,
732 5184 817 5239 vir
869 5185 1160 5260 religiosus
1185 5193 1244 5241 et
1283 5192 1528 5253 sanctus,
1586 5185 1642 5239 in
1688 5184 1863 5256 ipsius
1893 5183 2014 5239 loco

397 5273 858 5343 substitueretur;
900 5276 1007 5331 hoc
1043 5292 1176 5331 sane
1215 5276 1358 5331 inter
1378 5284 1669 5347 utramque
1694 5274 2012 5344 ecclesiam,

396 5375 683 5442 sequestre
712 5370 863 5442 pacis
890 5370 1064 5443 gratia
1102 5376 1320 5427 retento
1359 5378 1414 5425 et
1442 5370 1746 5442 apostolico
1777 5370 2015 5425 auctori-

2106 2346 2323 2399 Domini
2353 2359 2514 2414 super
2534 2344 2730 2413 justas,
2761 2347 2811 2397 et
2846 2357 3004 2398 aures
3056 2343 3175 2413 ejus
3210 2344 3285 2399 ad
3305 2359 3491 2414 preces
3518 2359 3723 2400 eorum.

2105 2438 2237 2492 Nam
2279 2437 2514 2509 pusillus
2537 2454 2671 2509 grex
2715 2437 2820 2492 hoc
2851 2437 3049 2504 solum,
3083 2437 3391 2509 plangeret,
3436 2436 3590 2509 quod
3619 2455 3720 2509 pu-

2114 2531 2269 2586 sillus
2299 2537 2468 2597 esset,
2500 2530 2606 2586 hoc
2643 2530 2843 2596 solum,
2886 2529 3136 2601 inquam,
3164 2537 3498 2596 metuerent,
3532 2539 3590 2587 et
3616 2547 3728 2585 me-

2115 2627 2336 2676 tuerent
2367 2635 2509 2692 pene
2540 2636 2714 2691 usque
2745 2619 2814 2674 ad
2845 2618 3291 2690 desperationem
3347 2618 3545 2674 Christi
3600 2637 3728 2691 pau-

2115 2727 2295 2782 peres,
2342 2727 2443 2765 sue
2490 2728 2551 2765 se
2607 2726 2717 2767 non
2777 2726 2942 2781 posse
3020 2708 3336 2780 relinquere
3394 2710 3729 2780 paupertatis

2114 2803 2369 2858 heredes.
2401 2802 2608 2857 Vicinis
2665 2803 2873 2875 quippe
2914 2801 3233 2857 hominibus
3273 2800 3387 2856 vite
3425 2801 3654 2873 quidem
3677 2802 3727 2856 in

2115 2894 2237 2947 deis
2276 2892 2678 2948 honorantibus
2735 2891 3103 2958 sanctitatem,
3157 2891 3256 2945 sed
3302 2891 3729 2947 abhorrentibus

2115 2986 2506 3052 austeritatem,
2540 2993 2593 3039 et
2644 2984 2719 3039 ita
2760 2984 3135 3040 resilientibus
3188 2983 3255 3037 ab
3289 2983 3510 3039 illorum
3554 2984 3731 3040 imita-

2115 3085 2286 3150 tione,
2336 3083 2538 3155 quibus
2596 3082 3115 3154 apprOpinquabant
3185 3081 3513 3148 devotione;
3574 3083 3731 3147 Deus,

2114 3173 2203 3228 cui
2243 3172 2401 3228 facile
2442 3179 2523 3227 est
2572 3172 2641 3226 de
2670 3171 2885 3244 exiguis
2931 3187 3152 3244 magna,
3213 3170 3284 3225 de
3314 3172 3512 3241 paucis
3559 3170 3732 3226 facere

2113 3262 2304 3329 multa,
2346 3261 2640 3318 multorum
2672 3267 2858 3331 preter
2887 3276 3043 3330 spem
3079 3260 3145 3314 ad
3188 3259 3434 3329 ipsorum
3468 3259 3730 3314 imitatio-

2115 3370 2242 3409 nem
2281 3353 2533 3409 excitavit
2581 3353 2769 3421 corda,
2801 3353 2877 3408 ita
2906 3360 2966 3407 ut
2996 3351 3053 3406 in
3106 3334 3246 3407 cella
3268 3350 3549 3422 probandi
3582 3351 3733 3407 novi-

2116 3448 2349 3514 ciorum,
2408 3457 2514 3504 tam
2545 3446 2731 3503 clerici
2792 3462 2963 3518 quam
3007 3445 3153 3513 laici,
3181 3453 3236 3501 et
3281 3445 3388 3516 ipsi
3428 3447 3731 3502 secundum

2115 3538 2363 3593 seculum
2417 3538 2635 3592 nobiles
2679 3543 2841 3608 atque
2895 3542 3174 3607 potentes,
3238 3534 3468 3606 triginta
3537 3534 3735 3605 pariter

2115 3629 2514 3685 cohabitarent.
2549 3631 2619 3684 Ex
2665 3645 2772 3701 qua
2801 3627 2975 3684 celica
3013 3626 3326 3682 visitatione
3351 3628 3486 3697 ltam
3530 3626 3729 3687 subita,

2117 3726 2223 3773 tam
2278 3719 2408 3784 leta,
2465 3718 2625 3781 letari
2680 3733 2791 3773 non
2849 3715 3127 3771 immerito
3174 3715 3286 3784 jam
3328 3715 3558 3770 tandem
3592 3714 3731 3786 cepit

2113 3807 2338 3875 sterilis,
2371 3823 2479 3880 que
2510 3823 2621 3865 non
2653 3805 2922 3878 pariebat,
2956 3804 3216 3877 quoniam
3248 3804 3408 3858 multi
3443 3802 3576 3859 facti
3607 3815 3730 3858 sunt

2117 3900 2213 3955 ﬁlii
2242 3902 2477 3957 deserte.
2534 3900 2644 3957 Nec
2682 3898 2917 3955 cessavit
2970 3899 3021 3953 ei
3054 3898 3197 3952 Deus
3226 3897 3282 3951 in
3313 3896 3436 3952 dies
3465 3896 3734 3969 multipli-

2117 4005 2241 4045 care
2269 3998 2516 4062 gentem,
2546 3988 2901 4064 magniﬁcare
2942 3986 3208 4051 leticiam,
3248 3987 3432 4042 donec
3460 3993 3575 4042 tam
3604 3986 3733 4053 suis,

2118 4098 2282 4152 quam
2314 4083 2382 4138 de
2441 4082 2570 4137 ﬁliis
2609 4082 2843 4137 ﬁliorum
2884 4096 3106 4135 suorum
3152 4078 3345 4153 viginti
3384 4077 3531 4134 infra
3565 4094 3735 4135 annos

2118 4170 2338 4226 circiter
2374 4170 2669 4226 duodecim
2697 4170 2768 4226 de
2807 4168 2941 4225 solis
2971 4167 3220 4239 patribus
3250 4168 3735 4234 monasteriorum,

2120 4270 2396 4334 tamquam
2446 4263 2663 4319 novella
2701 4262 2966 4318 olivarum
3016 4261 3072 4314 in
3127 4260 3361 4315 circuitu
3419 4276 3619 4316 mense
3644 4274 3737 4315 sue

2119 4356 2226 4411 leta
2255 4363 2429 4411 mater
2456 4354 2824 4427 conspiceret.
2882 4353 2999 4409 Non
3040 4352 3190 4407 enim
3240 4350 3510 4408 arbitrata
3559 4358 3644 4408 est
3685 4351 3734 4405 in

2115 4464 2443 4524 congruum,
2498 4447 2543 4503 si
2593 4445 2769 4502 sancti
2836 4445 3008 4517 patris
3048 4443 3353 4511 Benedicti,
3405 4444 3573 4515 cujus
3626 4459 3737 4499 am-

2117 4542 2459 4613 plectebatur
2506 4541 2779 4608 instituta,
2820 4538 3129 4594 imitaretur
3152 4544 3210 4593 et
3247 4538 3530 4608 exempla.
3574 4537 3735 4593 Porro

2115 4648 2147 4688 a
2196 4632 2491 4706 principio,
2528 4647 2651 4687 cum
2692 4645 2865 4686 novos
2901 4628 2959 4703 in
3000 4642 3182 4684 ramos
3228 4625 3449 4684 novella
3501 4627 3739 4699 cepisset

2118 4722 2387 4796 pullulare
2444 4719 2734 4793 plantatio,
2803 4716 3138 4773 venerabilis
3209 4723 3368 4788 pater
3423 4716 3737 4788 Stephanus

2115 4816 2413 4892 sagacitate
2445 4813 2698 4887 pervigili
2719 4811 2859 4867 mire
2890 4809 3576 4883 provideratdiscretionis
3593 4807 3732 4864 scri-

2115 4917 2291 4982 ptum,
2314 4917 2597 4981 tamquam
2626 4906 2928 4978 putationis
2975 4902 3392 4970 ferramentum,
3450 4903 3518 4957 ad
3551 4899 3731 4974 preci-

2115 5000 2331 5056 dendos
2372 4998 2630 5054 videlicet
2658 4996 2974 5053 scismatum
3012 4992 3317 5061 surculum,
3349 4992 3448 5065 qui
3480 4990 3729 5064 quando-

2115 5108 2223 5165 que
2261 5096 2693 5155 succrescentes,
2737 5091 2925 5141 mutue
2974 5082 3125 5156 pacis
3175 5091 3499 5139 exorturum
3555 5077 3725 5152 prefe—

2115 5199 2239 5239 care
2281 5186 2535 5252 poterant
2572 5177 2827 5234 fructum.
2864 5175 3020 5231 Unde
3050 5182 3105 5230 et
3135 5172 3405 5243 scriptum
3439 5171 3573 5227 illud
3615 5182 3727 5224 car-

2117 5280 2225 5328 tam
2257 5270 2522 5337 caritatis,
2554 5274 2937 5340 competenter
2961 5264 3135 5321 voluit
3168 5263 3466 5332 nominari,
3497 5260 3639 5335 quod
3665 5272 3723 5312 ea

2119 5372 2351 5433 tantum,
2379 5380 2485 5436 que
2518 5370 2647 5418 sunt
2676 5360 2947 5431 caritatis,
2969 5366 3082 5415 tota
3121 5358 3246 5427 ejus
3275 5357 3449 5413 series
3497 5351 3723 5412 redoleat

1964 5490 2172 5547 NOTAE.

468 5562 703 5671 (52711.
744 5614 797 5655 e.
842 5596 1151 5671 Exordium
1176 5597 1423 5671 cognobii
1462 5598 1858 5663 Cisterciensis.
1892 5616 1992 5655 au-

395 5668 547 5728 ctdre
589 5685 700 5725 uno
731 5669 982 5744 quodam
1027 5684 1092 5744 e_x
1129 5668 1516 5744 laudatoribus
1554 5676 1842 5744 (sanctum,
1868 5672 1983 5727 Stc-

397 5745 647 5816 phanum
676 5738 765 5799 vii
793 5738 1172 5811 crediderim),
1205 5739 1350 5811 apud
1384 5739 1586 5797 Tissier
1616 5741 1757 5798 Bibl.
1794 5741 1993 5798 Cister-

2138 5597 2346 5654 ciensis
2379 5597 2500 5669 lLi;
2550 5594 2735 5669 Labbe
2766 5593 2911 5669 Bibl.
2944 5608 3112 5669 [115.3,
3133 5591 3270 5669 _640.
3337 5662 3349 5669 _

2199 5668 2346 5739 (528)
2410 5662 2778 5738 Tinchebray,
2826 5665 2893 5720 ad
2946 5664 2999 5720 ll.
3047 5663 3287 5720 Noireau
3337 5662 3485 5718 inter
3519 5662 3637 5715 Vire
3676 5662 3725 5711 et

2138 5740 2440 5798 Domfront.
