3858 6206
135 293 225 348 393

1055 289 1399 345 CHRONICA.
1445 319 1510 328 —
1550 290 1932 345 AUCTABIUM
1974 288 2218 345 MORTUI
2260 290 2483 346 MARlS.

3333 296 3439 353 394

130 425 265 478 itaut
300 435 438 491 pene
468 418 548 473 nil
600 418 750 473 aliud
781 418 988 490 ubique
1032 419 1114 474 sui
1147 419 1411 490 prosequi
1440 419 1710 488 videatur,
1741 430 1789 497 Α
1818 435 2129 492 pecoraque
2168 419 2384 475 diversa
2436 422 2749 476 necessitati
2815 424 3105 480 hominum
3164 426 3341 481 utilia.
3375 427 3438 482 Et

127 514 253 586 quod
284 512 491 567 nemini
554 511 845 582 quicquam
877 510 1148 577 debeatis,
1172 510 1275 565 nisi
1304 511 1716 565 utinvicemdi-

129 602 308 675 ligatis.
339 600 450 665 Que
472 599 697 671 quidem
746 605 915 664 carta,
964 598 1108 653 sicut
1133 599 1201 653 ab
1223 599 1417 654 eodem
1448 607 1599 670 patre
1631 599 1715 653 di-

127 700 259 764 gesta
298 698 349 746 et
407 708 439 746 a
506 690 729 762 prefatis
772 690 968 763 viginti
1028 678 1322 746 abbatibus
1369 691 1713 755 confirmata,

126 782 268 855 sigilli
293 797 513 854 quoque
552 781 839 853 apostolici
870 782 1196 837 auctoritate
1220 782 1430 838 munita
1468 791 1571 850 est,
1607 784 1718 837 lar-

125 874 232 945 gius
264 873 506 929 continet
537 888 620 939 ea,
661 887 769 943 que
836 871 1241 937 diximus;sed
1283 889 1383 928 nos
1447 890 1715 928 summam

128 974 309 1022 tantum
335 981 527 1021 eorum
585 965 674 1020 hic
730 964 974 1019 breviter
1024 965 1477 1037 perstringemus.
1534 966 1716 1020 Abbas

130 1057 342 1111 Cistercii
370 1064 425 1110 et
447 1054 645 1110 fratres
666 1054 806 1123 ejus,
849 1069 961 1108 non
995 1054 1351 1110 immemores
1399 1055 1716 1125 sponsionis

128 1162 226 1212 sue,
248 1145 488 1218 regulam
524 1143 666 1198 beati
698 1142 979 1197 Benedicti
1020 1142 1214 1199 inloco
1244 1143 1337 1199 illo
1366 1144 1626 1199 ordinare
1665 1150 1718 1199 et

128 1232 437 1288 unanimiter
457 1238 769 1286 statuerunt
797 1237 1011 1297 tenere,
1040 1230 1360 1299 rejicientes
1387 1248 1417 1285 a
1440 1248 1524 1301 se,
1563 1233 1717 1303 quic-

130 1322 242 1394 quid
269 1322 454 1397 regule
478 1320 878 1395 refragabatur,
921 1318 1134 1374 froccos
1162 1320 1419 1375 videlicet
1469 1328 1525 1374 et
1556 1321 1720 1392 pelli-

129 1412 239 1479 cias,
270 1409 579 1476 estaminia,
612 1407 842 1479 capucia
893 1422 1116 1479 quoque
1171 1416 1225 1462 et
1274 1407 1579 1475 femoralia,
1623 1427 1721 1479 pe-

130 1502 251 1557 ctina
284 1507 336 1555 et
361 1498 711 1570 coopertoria
763 1498 1029 1553 stramina
1086 1497 1376 1564 lectorum,
1408 1513 1472 1553 ac
1503 1497 1721 1553 diversa

130 1591 345 1646 ciborum
390 1588 443 1642 in
468 1586 765 1642 refectorio
803 1585 1026 1650 fercula,
1064 1586 1319 1661 sagimen
1346 1587 1510 1642 etiam
1539 1594 1593 1641 et
1619 1604 1718 1642 ce-

132 1687 226 1735 tera
261 1679 593 1749 omnia,que
626 1675 848 1748 puritati
882 1676 1072 1749 regule
1105 1675 1559 1731 adversabantur.
1595 1676 1718 1731 Sic-

132 1784 221 1841 que
257 1767 640 1822 rectitudinem
674 1764 864 1837 reguie
884 1780 1051 1835 supra
1081 1773 1342 1821 cunctum
1376 1766 1485 1821 vite
1514 1781 1614 1820 sue
1646 1774 1721 1821 te-

1895 1742 2345 1858 thiasus

133 1872 295 1911 norem
324 1856 614 1922 ducentes,
643 1862 750 1909 tam
772 1853 827 1908 in
853 1854 1267 1921 ecclesiasticis,
1298 1870 1459 1925 quam
1481 1854 1535 1908 in
1568 1864 1721 1909 cete-

135 1946 194 2000 ris
214 1945 711 2011 observationibus,
758 1945 948 2017 regule
1006 1944 1253 2019 vestigiis
1306 1952 1435 1999 sunt
1464 1946 1720 2017 adequati

131 2051 212 2089 seu
237 2034 574 2091 conformati.
608 2034 763 2088 Exuti
788 2050 919 2105 ergo
962 2041 1206 2088 veterem
1262 2034 1566 2101 hominem,
1611 2052 1717 2091 no-

133 2147 311 2186 vumse
348 2130 598 2185 induisse
637 2130 974 2204 gaudebant.
1018 2130 1082 2184 Et
1120 2131 1249 2201 quia
1291 2146 1394 2186 nec
1423 2131 1476 2185 in
1510 2132 1698 2205 regula

135 2237 219 2276 nec
250 2221 302 2275 in
328 2222 435 2277 vita
463 2221 643 2276 sancti
670 2220 974 2286 Benedicti,
999 2221 1238 2275 eundem
1265 2222 1548 2277 doctorem
1577 2224 1722 2296 lege-

138 2310 241 2365 bant
268 2311 574 2381 possedisse
616 2311 879 2365 ecclesias
908 2312 995 2364 vel
1018 2312 1210 2365 altaria
1265 2328 1365 2366 seu
1409 2312 1721 2368 oblationes

137 2411 179 2456 et
203 2404 519 2474 sepulturas,
546 2402 638 2459 vel
700 2402 946 2458 decimas
989 2403 1221 2460 aliorum
1284 2404 1592 2470 hominum,
1616 2420 1713 2459 seu

139 2492 295 2549 furnos
346 2505 399 2548 et
449 2494 780 2549 molendina
833 2500 925 2547 aut
960 2493 1114 2549 villas
1164 2492 1250 2548 vel
1295 2493 1550 2559 rusticos,
1613 2508 1716 2546 nec

138 2580 272 2634 etiam
293 2581 520 2638 feminas
560 2581 957 2636 monasterium
989 2582 1110 2651 ejus
1138 2582 1396 2650 intrasse,
1414 2597 1517 2636 nec
1565 2596 1715 2636 mor-

137 2682 237 2728 tuos
254 2674 468 2741 ibidem,
499 2682 735 2745 excepta
765 2690 954 2729 sorore
983 2675 1387 2745 sua,sepelisse
1420 2692 1435 2739 ;
1461 2674 1586 2729 ideo
1613 2690 1715 2728 nec

138 2767 295 2821 omnia
341 2767 768 2835 abdicaverunt,
827 2767 1078 2822 dicentes
1129 2768 1260 2821 :Ubi
1322 2767 1507 2822 beatus
1557 2773 1716 2835 pater

139 2857 408 2912 Benedictus
436 2858 608 2924 docet,
642 2864 703 2912 ut
746 2858 1039 2912 monachus
1065 2873 1099 2910 a
1127 2857 1457 2912 secularibus
1508 2857 1716 2911 actibus

138 2961 181 2999 se
201 2950 352 3015 faciat
379 2952 647 3018 alienum,
669 2950 745 3004 ibi
770 2950 968 3020 liquido
994 2956 1242 3018 testatur,
1273 2952 1368 3006 hoc
1398 2966 1508 3006 non
1535 2950 1719 3005 debere

139 3046 311 3097 versari
330 3047 388 3098 in
413 3045 628 3100 actibus
649 3046 732 3099 vel
758 3044 1001 3100 cordibus
1050 3046 1456 3113 monachorum,
1489 3048 1583 3115 qui
1610 3060 1714 3101 n0-

140 3134 273 3187 mim‘s
296 3137 379 3188 sui
402 3135 817 3205 ethymologiam
870 3136 964 3189 hec
1008 3135 1262 3203 fugiendo
1287 3139 1484 3191 sectari
1507 3136 1714 3191 debent.
1747 3118 1795 3185 (ἶ
1819 3158 1877 3211 Id

138 3224 351 3282 Decimas
377 3244 606 3300 quoque
636 3227 912 3283 aiebanta
948 3226 1152 3282 sanctis
1189 3229 1456 3299 patribus,
1491 3229 1583 3300 qui
1625 3244 1718 3284 or-

140 3333 257 3388 gana
273 3321 685 3392 erantSpiritus
713 3321 910 3387 sancti,
942 3336 1290 3393 quorumque
1319 3328 1518 3376 statuta
1549 3329 1720 3377 trans-

141 3411 269 3482 gredi
296 3412 645 3487 sacrilegium
663 3418 767 3479 est,
808 3410 1150 3467 committere
1175 3409 1231 3464 in
1287 3418 1524 3481 quatuor
1553 3412 1721 3481 parti-

143 3501 301 3557 ciones
327 3502 671 3569 distributas,
711 3516 875 3556 unam
936 3501 1148 3557 scilicet
1176 3500 1459 3571 episcopo,
1493 3502 1720 3555 alteram

146 3596 700 3666 presbitero,terciam
755 3596 1066 3668 hospitibus
1110 3595 1180 3649 ad
1232 3594 1378 3649 illam
1430 3594 1721 3649 ecclesiam

145 3689 476 3760 venientibus,
507 3707 616 3747 seu
658 3690 839 3746 viduis
866 3697 921 3744 et
979 3687 1266 3760 orphanis,
1313 3687 1429 3742 sive
1462 3686 1724 3758 pauperi-

146 3777 229 3834 bus
252 3782 459 3839 aliunde
483 3785 691 3839 victum
714 3797 825 3845 non
856 3780 1210 3846 habentibus,
1234 3785 1481 3851 quartam
1514 3784 1726 3833 restau-

149 3875 315 3931 rationi
363 3879 623 3934 ecclesie.
667 3877 728 3933 Et
748 3876 878 3949 quia
927 3876 981 3929 in
1014 3877 1117 3932 hoc
1154 3883 1411 3948 compoto
1434 3891 1723 3948 personam

149 3974 387 4043 monachi,
416 3977 508 4047 qui
538 3983 716 4030 terras
743 3988 870 4028 suas
899 3973 1167 4044 possidet,
1190 3974 1338 4029 unde
1367 3982 1420 4030 et
1459 3991 1562 4046 per
1589 3992 1649 4030 se
1671 3982 1726 4031 et

147 4075 423 4133 perpecora
468 4081 571 4120 sua
602 4062 903 4119 laborando
970 4064 1133 4131 vivat,
1192 4082 1304 4120 non
1344 4064 1721 4136 reperiebant,

147 4146 312 4208 iccirco
335 4155 451 4221 hec,
491 4153 667 4210 veluti
723 4153 959 4209 aliorum
1008 4153 1121 4222 jus,
1180 4153 1385 4226 injuste
1415 4155 1521 4211 sibi
1564 4172 1724 4210 usur-

147 4254 254 4307 pare
279 4242 673 4301 detrectabant.
708 4243 848 4300 Ecce
878 4244 1041 4315 hujus
1068 4243 1241 4299 seculi
1272 4245 1477 4300 divitiis
1499 4245 1720 4316 spretis.

148 4342 375 4402 ceperunt
420 4337 549 4392 novi
579 4333 787 4389 milites
848 4334 1046 4390 Christi
1075 4351 1198 4390 cum
1230 4351 1472 4408 paupere
1514 4334 1724 4391 Christo

149 4434 386 4492 pauperes
410 4424 557 4480 inter
588 4439 649 4478 se
672 4430 923 4491 tractare,
957 4437 1066 4494 quo
1098 4422 1322 4496 ingenio
1392 4438 1570 4494 quove
1594 4423 1727 4477 arti-

150 4510 270 4581 ﬁcio,
298 4534 390 4573 seu
427 4536 537 4592 quo
566 4518 827 4574 exercitio
881 4518 937 4573 in
993 4519 1097 4574 hac
1124 4521 1235 4575 vita
1275 4535 1335 4573 se
1369 4520 1727 4591 hospitesque

150 4602 317 4662 divites
344 4618 395 4665 et
434 4625 711 4682 pauperes
760 4610 1239 4683 supervenientes,
1277 4626 1418 4682 quos
1474 4621 1534 4667 ut
1565 4612 1727 4667 Chri-

149 4705 266 4756 stum
293 4705 568 4776 suscipere
590 4705 826 4777 precipit
864 4706 1077 4779 regula,
1121 4713 1517 4763 sustentarent.
1542 4709 1726 4765 Tunc-

151 4803 241 4858 que
263 4791 619 4863 difﬁnierunt,
644 4811 705 4851 se
729 4811 1026 4853 conversos
1072 4796 1241 4852 laicos
1270 4797 1527 4853 barbatos
1552 4797 1730 4853 licen-

152 4876 457 4955 ciaepiscOpi
475 4884 563 4940 sui
585 4894 966 4956 suscepturos,
1010 4900 1216 4958 eosque
1236 4886 1293 4940 in
1315 4887 1424 4942 vita
1454 4894 1509 4942 et
1530 4892 1727 4951 morte,

154 4978 350 5040 excepto
379 4974 734 5042 monachatu,
793 4981 852 5030 ut
917 4975 1245 5046 semetipsos
1295 4983 1638 5045 tractaturos,
1678 4983 1732 5031 et

157 5054 374 5117 homines
400 5065 565 5121 etiam
600 5066 1030 5133 mercennarios,
1093 5068 1223 5139 quia
1272 5068 1392 5123 sine
1433 5068 1731 5125 aminiculo

157 5145 352 5208 istorum
374 5172 483 5212 non
509 5158 914 5232 intelligebant,
957 5176 1016 5215 se
1062 5160 1308 5231 plenarie
1344 5160 1435 5216 die
1459 5169 1733 5233 nocteque

155 5250 377 5312 precepta
403 5246 592 5321 regule
639 5263 803 5317 posse
829 5264 1069 5317 servare,
1113 5259 1464 5321 suscepturos
1511 5266 1735 5323 quoque

156 5333 300 5388 terras
322 5336 386 5390 ab
418 5339 758 5396 habitatione
814 5342 1104 5398 hominum
1157 5352 1417 5411 remotas,
1462 5352 1518 5400 et
1546 5344 1737 5401 vineas

156 5426 200 5473 ει
225 5434 363 5493 prata
382 5437 435 5484 et
457 5431 623 5487 silvas
652 5448 936 5506 aquasque
952 5435 1023 5490 ad
1051 5435 1336 5491 faciendos
1361 5436 1735 5506 molendinos,

158 5512 211 5565 ad
239 5522 477 5591 pr0prios
508 5532 691 5581 tamen
723 5541 858 5581 usus
888 5534 941 5583 et
962 5528 1031 5583 ad
1067 5527 1452 5600 piscationem,
1478 5538 1533 5585 et
1565 5546 1740 5602 equos

1815 524 1939 566 cum
1967 510 2169 565 alicubi
2202 521 2382 566 curtes
2413 511 2481 565 ad
2522 513 2859 568 exercendas
2880 516 3240 589 agriculturas
3270 518 3435 573 insti-

1816 603 2078 669 tuissent,
2122 602 2508 667 decreverunt,
2568 612 2627 659 ut
2677 606 2909 676 prcdicti
2943 611 3191 665 conversi
3245 611 3440 667 domos

1816 694 1936 749 illas
1970 702 2243 767 regerent,
2287 710 2395 750 non
2454 696 2733 763 monachi,
2788 697 2919 769 quia
2951 699 3216 755 habitatio
3241 716 3438 756 mona-

1815 788 2041 843 chorum
2073 788 2377 843 secundum
2401 790 2642 863 regulam
2683 790 2853 845 debet
2896 808 3019 847 esse
3078 792 3136 848 in
3198 795 3437 851 claustro

1817 884 2083 955 ipsorum.
2116 884 2250 950 Quia
2293 885 2456 940 etiam
2516 887 2736 942 beatum
2797 889 3153 946 Benedictum
3212 908 3322 947 non
3383 893 3439 947 in

1816 977 2149 1044 civitatibus,
2193 994 2297 1033 nec
2348 978 2403 1033 in
2435 979 2697 1047 castellis,
2753 989 2845 1037 aut
2898 983 2953 1038 in
3003 983 3168 1051 villis,
3247 985 3345 1040 sed
3386 986 3442 1040 in

1816 1068 1952 1123 locis
1981 1086 2012 1123 a
2042 1069 2354 1141 frequentia
2409 1071 2599 1142 pepuli
2652 1074 2880 1130 semotis
2927 1075 3161 1131 cenobia
3190 1084 3444 1133 constru-

1817 1156 1959 1212 xisse
1980 1158 2152 1213 sancti
2173 1158 2271 1212 viri
2320 1158 2395 1213 illi
2451 1159 2722 1229 sciebant,
2764 1162 2908 1218 idem
2955 1181 3015 1221 se
3047 1168 3277 1223 emulari
3313 1184 3443 1239 pro-

1818 1248 2106 1304 mittebant
2160 1250 2221 1303 Et
2250 1249 2394 1305 sicut
2414 1249 2506 1306 ille
2543 1268 2642 1321 per
2671 1253 2959 1310 duodenos
2989 1259 3292 1314 monachos
3318 1276 3443 1315 mo-

1758 1386 1770 1403 ,
1820 1338 2061 1394 nasteria
2089 1345 2399 1394 constructa
2421 1341 2680 1409 adjuncto
2719 1349 2869 1414 patre
2894 1344 3246 1416 disponebat,
3266 1346 3345 1401 sic
3381 1362 3441 1401 se

1819 1435 2039 1483 acturos
2077 1426 2521 1501 conﬁrmabant.]

1893 1610 2047 1666 1115.
2099 1611 2359 1679 (Valcell)
2423 1611 2712 1667 Cenobium
2774 1615 3083 1670 Clarevallis
3164 1619 3441 1684 fundatur

1820 1700 1919 1755 sub
1947 1702 2123 1768 primo
2150 1699 2342 1754 abbate
2374 1701 2661 1765 Bernardo,
2684 1705 2799 1757 viro
2822 1712 3030 1761 sancto.

2378 1788 2620 1842 Domnus
2673 1790 2763 1845 lvo
2822 1792 3177 1851 Carnotensis
3222 1799 3443 1869 episco-

1825 1891 1927 1946 pus
1963 1876 2140 1947 obiit.]
2195 1877 2477 1948 (Amr-2w.)
2542 1883 2608 1933 In
2657 1882 2914 1938 suburbio
2963 1888 3240 1942 Antiochie
3276 1897 3441 1953 noctu

1824 1972 1969 2020 terra
2022 1966 2291 2021 dehiscens
2346 1968 2523 2023 domos
2578 1985 2705 2024 cum
2789 1972 3181 2030 habitatoribus
3242 1978 3436 2035 absor-

1822 2058 1957 2114 buit.

1892 2146 2052 2201 1118.
2084 2148 2197 2218 (1b.)
2253 2154 2579 2205 Terremotus
2642 2154 2838 2208 accidit
2901 2156 3031 2211 adeo
3083 2158 3316 2229 validus,
3376 2169 3441 2217 ut

1819 2237 2179 2304 quarumdam
2208 2238 2429 2292 urbium
2453 2246 2633 2308 partes
2660 2242 2960 2299 subrueret.

1893 2325 2072 2397 [1116.
2106 2327 2342 2397 (Βειιου.)
2374 2328 2622 2384 Gelasius
2675 2333 2936 2389 Romana:
2995 2337 3246 2392 ecclesia:
3278 2341 3440 2395 165ηιι

1817 2416 2083 2485 presidet.

1886 2504 2064 2578 [1120.
2097 2507 2222 2578 (1b.)
2252 2508 2488 2563 Calixtus
2515 2511 2775 2568 Romanae
2822 2516 3089 2573 aecclesize
3121 2520 3284 2577 166Im
3314 2539 3443 2594 pre-

1815 2600 1976 2655 sidet.
2034 2602 2141 2656 lloc
2170 2618 2314 2657 anno
2350 2606 2615 2679 pugnavit
2661 2608 2925 2666 Henricus
2983 2629 3074 2669 rex
3134 2619 3434 2692 Anglorum

1815 2703 2004 2748 contra
2057 2694 2388 2751 Ludovicum
2431 2714 2611 2773 regem
2668 2700 2896 2759 Francie
2929 2705 3073 2761 inter
3101 2707 3428 2766 Andeleium

1816 2793 1871 2839 et
1902 2784 2207 2860 Nongoium
2238 2788 2324 2842 διδ.
2363 2788 2422 2842 In
2451 2805 2559 2861 quo
2589 2790 2731 2849 bello
2755 2792 2894 2869 fugit
2916 2797 3033 2868 ipse
3065 2816 3157 2854 rex
3190 2801 3435 2859 Ludovi-

1817 2894 1932 2933 cus.
1959 2879 2224 2951 Captique
2251 2888 2380 2936 sunt
2406 2881 2483 2936 ibi
2525 2899 2669 2955 pene
2694 2901 2889 2944 omnes
2920 2890 3145 2948 Francie
3175 2911 3435 2965 proceres

1818 2981 1872 3029 et
1901 2973 2234 3046 obtimates.]

1891 3066 2045 3122 1122.
2115 3069 2290 3159 (ᾼΝε.)
2350 3075 2678 3129 Terremotus
2716 3077 2791 3159 ’in
2843 3077 3077 3135 adventu
3134 3084 3348 3140 Domini
3400 3084 3435 3139 ι

1880 3173 1940 3213 us
1964 3158 2256 3213 Decembris
2282 3161 2461 3227 factus
2481 3168 2576 3225 est,
3424 3164 3431 3171 “

1895 3252 2073 3324 [1123,
2109 3254 2275 3325 (Bell.)
2308 3254 2540 3311 Henrico
2590 3256 2911 3329 imperatori
2960 3262 3252 3321 Lotharius
3306 3282 3437 3324 suc-

1819 3340 2012 3411 cedit.]
2047 3345 2267 3397 Turonis
2302 3350 2422 3398 orta
2450 3346 2704 3403 seditione
2746 3351 2889 3405 inter
2927 3353 3141 3409 clericos
3179 3361 3229 3411 et
3253 3356 3436 3425 laicos,

1819 3432 2037 3486 ecclesia
2054 3436 2233 3487 sancti
2256 3437 2479 3488 Martini
2505 3444 2661 3493 arsit.

1895 3520 2054 3575 1124.
2081 3522 2255 3591 (ΜΞ.)
2306 3525 2600 3579 Christiani
2653 3541 2780 3581 cum
2829 3532 3144 3588 Sarracenis
3164 3543 3438 3606 pugnant,

1824 3614 1969 3666 inter
1993 3613 2293 3666 Jerusalem
2316 3620 2368 3668 et
2397 3616 2708 3671 Ascalonem
2734 3626 2785 3674 et
2812 3624 3060 3680 vincunt.

1901 3697 2079 3769 [1125.
2131 3700 2279 3766 (Bell.
2326 3703 2475 3772 Axs.)
2548 3703 2818 3761 Honorius
2892 3708 3152 3768 Romana:
3204 3715 3441 3772 ecclesie

1834 3787 1989 3844 167“!
2021 3789 2307 3861 presidet.]
2343 3797 2506 3860 Tyrus
2544 3801 2703 3863 capta
2721 3803 2818 3851 est.

1898 3880 2054 3935 1126.
2088 3882 2206 3953 (ιθ.)
2234 3886 2457 3953 Hyemps
2485 3890 2783 3955 asperrima
2812 3895 2865 3944 et
2916 3892 3089 3958 fames
3139 3895 3343 3950 valida.
3378 3901 3443 3951 In

1825 3974 2099 4030 Hasbania
2116 3981 2421 4031 monstrum
2449 3980 2696 4034 nascitur
2749 3987 2877 4037 ante
2927 3985 3079 4041 homo
3103 3992 3153 4041 et
3178 3993 3319 4044 retro
3349 4004 3444 4045 ca-

1826 4082 1930 4122 n15.

1896 4157 2054 4211 1127.
2083 4157 2207 4230 (ιο.)
2259 4161 2479 4216 Karolus
2526 4177 2694 4218 comes
2751 4166 3136 4224 Flandriarum
3181 4187 3444 4241 quorum-

1824 4251 1951 4304 dam
1971 4256 2254 4320 procerum
2279 4269 2502 4309 suorum
2538 4257 2836 4325 proditione
2885 4264 3075 4329 Brugis
3118 4266 3178 4317 in
3216 4266 3439 4321 ecclesia

1824 4360 1986 4401 orans
1996 4349 2299 4401 occisusest.

1901 4437 2055 4491 1128.
2087 4437 2209 4509 (Ιὺ.)
2238 4441 2513 4494 Suessione
2558 4444 2616 4495 in
2647 4445 2866 4500 ecclesia
2911 4445 3060 4502 beate
3084 4453 3251 4505 Μανία
3278 4454 3447 4521 virgi-

1828 4532 1913 4585 nis
1931 4528 2116 4584 divina
2139 4531 2459 4585 choruscant
2482 4536 2753 4590 miracula
2790 4537 3147 4607 Gaude/ﬁdus
3160 4545 3446 4600 Ret/toma-

1829 4621 2002 4688 gensis
2030 4620 2451 4691 archiepiscoyus
2498 4624 2642 4679 obiit.
2702 4631 2849 4697 [Iugo
2901 4630 3064 4687 abbas
3090 4634 3154 4689 de
3191 4637 3446 4706 Radingis

1829 4712 2097 4764 successit.

1903 4801 2081 4877 [1129.
2134 4806 2303 4877 (Bell.i
2343 4807 2698 4865 Innocentius
2732 4812 2989 4870 Romana:
3028 4818 3447 4877 eeclesie168us

1831 4894 2077 4965 presidet
2103 4892 2118 4967 ]
2150 4897 2437 4953 Cenobium
2464 4902 2758 4971 Ursicampi
2808 4905 3109 4970 fundatum
3153 4916 3251 4965 est.
3283 4916 3447 4969 Ceno—

1833 4986 1981 5043 bium
2010 4989 2154 5058 apud
2180 4991 2384 5046 Bellum
2410 4998 2642 5048 montem
2666 4995 2965 5061 fundatum
3007 5006 3085 5055 est
3132 5002 3231 5056 sub
3257 5004 3451 5060 abbate
3490 4988 3496 4995 ’

1827 5083 2003 5150 primo
2031 5083 2357 5151 Alexandro,
2415 5100 2449 5138 a
2492 5086 2792 5142 venerabili
2834 5093 2949 5147 viro
2976 5093 3191 5149 Roberto
3215 5096 3281 5152 de
3307 5101 3449 5152 Can-

1834 5169 1941 5225 dos.
1976 5174 2081 5226 Hoc
2105 5170 2243 5226 idem
2267 5188 2418 5228 nunc
2446 5174 2648 5229 dicitur
2670 5180 2941 5233 Mortuum
2966 5197 3121 5237 mare
3144 5184 3232 5235 5".

1909 5261 2068 5317 1131.
2118 5262 2287 5335 (Axs)
2340 5266 2578 5333 Synodus
2628 5283 2833 5338 magna
2891 5276 3064 5329 Remis
3092 5275 3453 5332 celebratura

1832 5370 1976 5495 plapa
2005 5358 2337 5425 Innocentio,
2371 5363 2420 5411 et
2450 5359 2741 5417 Ludovicus
2760 5366 2955 5432 junior
2982 5369 3043 5420 in
3088 5383 3267 5438 regem
3294 5369 3453 5426 bene-

1880 5444 2060 5495 icitur.

1880 5444 2060 5497 icitur.

1912 5532 2071 5589 1132.
2089 5534 2209 5606 (1b.)
2241 5537 2472 5607 Eclypsis
2488 5540 2611 5595 solis
2636 5542 2670 5596 4
2698 5548 2828 5599 Νοη.
2857 5549 3107 5616 Augusti.

1471 5627 1692 5682 VARl/E
1721 5629 2100 5686 LECTIONES.

220 5714 276 5748 ’5”
300 5734 443 5775 corr.
474 5725 824 5781 nonieoium.
846 5726 914 5760 5“
955 5726 1065 5784 lloc
1089 5757 1158 5769 -—
1184 5741 1338 5783 mare
1368 5727 1550 5783 eadem
1574 5744 1774 5786 manus
1792 5735 1919 5799 post
1946 5733 2392 5801 superscripsissc
2422 5735 2637 5790 videtur

462 5822 760 5889 PATROL.
811 5823 1007 5888 CLX.

3056 5838 3132 5896 13
