3858 6206
388 349 494 404 395

1616 348 1955 402 SIGEBERTI
1999 345 2514 402 GEMBLACENSIS.

3627 360 3735 416 396

453 476 632 549 [1133.
674 477 847 548 (Bell.)
875 475 1084 531 Mortuo
1118 475 1374 530 Lothario
1405 477 1654 532 succedit
1691 477 1999 541 Conradus,
2026 479 2081 546 Α
2175 475 2330 532 1157.
2357 483 2472 531 Tres
2499 479 2628 534 lune
2655 481 2764 536 vise
2788 487 2938 549 sunt,
2970 488 3024 536 et
3053 487 3112 538 in
3137 486 3316 542 media
3345 491 3568 556 signum
3600 505 3744 546 eru-

379 580 556 635 nepos
586 564 805 619 Henrici
835 563 1176 637 superioris]
1235 567 1540 622 Bernardus
1591 569 1802 635 primus
1833 565 1995 619 abbas
2096 567 2191 620 cis.

377 658 684 712 Clarevallis
719 664 770 712 et
820 659 1110 713 Malachias
1163 661 1432 726 episcopus
1483 659 1843 712 Hiberniensis
1881 658 1996 710 cla-

377 754 500 802 rent
527 748 791 814 doctrina,
821 751 1113 801 sanctitate
1139 754 1190 801 et
1221 750 1612 802 miraculorum
1639 750 1826 816 gloria.

453 835 611 889 1134.
645 836 816 889 Abbas
870 837 1174 890 Alexander
1199 853 1327 890 cum
1378 839 1530 890 omni
1583 843 1848 890 conventu
1876 850 1991 901 suo,

380 931 659 980 annuente
685 941 806 993 rege
832 929 1076 992 Henrico,
1130 929 1278 980 venit
1332 929 1391 979 in
1441 928 1700 992 forestam
1729 926 1791 980 de
1821 929 1999 990 leo-ns,

381 1023 432 1072 et
461 1021 520 1071 in
555 1019 908 1084 herimilario,
939 1017 1077 1087 quod
1103 1019 1381 1073 dicebatur
1406 1021 1674 1073 Mortuum
1701 1032 1873 1085 mare,
1899 1017 2003 1070 edi-

384 1111 570 1174 ﬁcavit
604 1111 997 1164 monasterium
1033 1123 1216 1174 suum,

455 1203 612 1258 1135.
641 1207 901 1259 Henricus
946 1220 1042 1259 rex
1087 1205 1216 1259 obiit
1245 1205 1278 1259 4
1338 1211 1470 1259 Νοη.
1532 1206 1654 1260 Dec.
1703 1208 1841 1269 ;cui
1868 1221 1998 1260 suc-

383 1299 538 1352 cessit
559 1295 863 1366 Stephanus
901 1312 1062 1366 nepos
1085 1300 1222 1367 ejus,
1249 1297 1283 1352 8
1306 1299 1420 1352 Kal.
1453 1301 1581 1352 Jan.

455 1386 612 1440 1137.
643 1386 814 1440 Abbas
842 1386 1145 1440 Alexander
1175 1387 1397 1440 domum
1444 1388 1641 1440 Mortui
1665 1389 1836 1440 maris
1865 1401 1998 1440 con-

379 1483 573 1550 junxit
609 1481 787 1534 ordini
813 1481 1166 1546 Cisterciensi,
1222 1487 1274 1534 et
1332 1481 1684 1535 Walerannus
1715 1479 1877 1534 abbas
1910 1483 2004 1532 Ur-

385 1577 612 1644 sicampi
631 1574 778 1645 (529)
825 1577 1054 1644 suscepit
1103 1590 1226 1630 eum
1249 1577 1310 1629 in
1359 1576 1554 1641 ﬁliam,
1620 1581 1670 1630 et
1718 1576 2002 1630 monachos

385 1683 506 1723 suos
535 1671 858 1722 transmisit.

464 1757 641 1828 [1138.
665 1757 782 1824 (1b.)
820 1757 1149 1820 Ludovicus,
1215 1757 1545 1814 Francorum
1573 1774 1668 1813 rex
1714 1757 1871 1814 obiit.
1905 1757 2004 1811 Cui

2167 653 2326 710 1158.
2359 657 2495 711 Filia
2526 661 2664 725 regis
2715 663 3050 715 Francorum
3107 665 3355 720 Ludovici
3411 669 3583 724 datur
3623 673 3736 735 ﬁlio

2095 753 2312 804 Henrici
2336 755 2473 818 regis
2501 755 2818 821 Anglorum,
2850 761 2901 809 ct
2922 771 3038 824 pas:
3065 760 3210 812 inter
3237 775 3321 815 eos
3344 763 3632 826 ﬁrmatur.

2171 843 2325 896 1159.
2390 843 2654 897 Henricus
2708 861 2802 898 rex
2863 846 3082 902 obsedit
3126 848 3380 906 Tolosam
3437 854 3527 908 διδ.
3593 863 3730 913 Νοη.

2101 929 2355 996 Septemb.
2411 937 2513 985 tres
2563 933 2691 986 soles
2742 936 2845 987 visi
2897 941 3027 988 sunt
3079 939 3140 990 in
3159 945 3317 1006 parte
3353 944 3720 1010 occidentali;

2100 1020 2189 1072 sed
2215 1021 2418 1076 duobus
2433 1025 2704 1090 paulatim
2731 1026 3119 1094 deﬁcientibus,
3146 1031 3222 1084 sol
3271 1033 3379 1086 diei
3399 1038 3497 1102 qui
3521 1038 3730 1092 medius

2099 1114 2217 1161 erat
2243 1114 2503 1165 remansit
2552 1127 2717 1181 usque
2769 1115 2840 1168 ad
2887 1130 3154 1171 occasum.
3189 1117 3504 1190 Stephanus
3563 1123 3729 1192 obiit,

2103 1199 2432 1256 Godefridus
2451 1203 2518 1257 de
2551 1204 2876 1276 Strepeneio
2902 1207 2971 1241 ⁵¹⁶
2999 1207 3171 1278 (531).

2173 1293 2311 1348 1163
2353 1301 2586 1352 Domnus
2633 1299 2796 1367 hujus
2847 1299 2948 1354 loci
2993 1302 3157 1356 abbas
3215 1307 3412 1360 tercius
3446 1318 3728 1366 revolutus

2101 1392 2178 1438 est
2233 1387 2304 1439 ad
2351 1403 2542 1442 curam
2609 1389 2821 1444 abbatie
2903 1395 3215 1462 Ursicampi.
3272 1399 3373 1450 Cui
3431 1403 3728 1466 Gau/‘ridus

2102 1479 2329 1540 quartus
2352 1479 2604 1531 successit
2634 1477 2723 1530 5".

2177 1565 2333 1620 1165.
2387 1572 2536 1636 [Iugo
2585 1571 3016 1640 Rothomagensis
3094 1577 3524 1648 archiepiscOpus
3579 1581 3726 1636 obiit.

2104 1657 2355 1712 Rotrodus
2381 1658 2708 1714 Ebroicensis
2733 1663 3002 1730 episcopus
3028 1668 3279 1720 successit
3310 1666 3403 1721 5".

2179 1748 2332 1802 1166.
2363 1749 2441 1802 Ab
2465 1749 2706 1805 adventu
2737 1752 3033 1826 Anglorum
3064 1755 3121 1809 in
3179 1757 3522 1815 Britanniam
3551 1763 3727 1832 majo-

389 1843 536 1898 ﬁlius
564 1843 891 1909 Ludovicus,
919 1861 1085 1915 quem
1117 1855 1173 1899 et
1202 1845 1322 1914 ipse
1385 1845 1563 1899 adhuc
1592 1844 1785 1899 vivens
1811 1860 1841 1898 a
1864 1861 2005 1916 papa
2027 1841 2078 1907 Β
2109 1859 2218 1897 rem
2248 1845 2379 1898 anni
2409 1846 2535 1913 814,
2569 1863 2600 1900 a
2639 1846 2968 1918 baptismate
3027 1853 3347 1910 eorumdem
3389 1857 3521 1924 634,
3548 1859 3619 1913 ab
3651 1860 3731 1914 in-

393 1934 718 1990 lnnocentio
771 1934 954 1990 Remis
1017 1943 1142 1990 ante
1199 1935 1410 2008 aliquot
1467 1951 1644 1990 annos
1700 1936 2008 1991 consecrari

392 2023 616 2090 fecerat,
649 2026 702 2079 in
737 2041 966 2098 regnum
1015 2026 1306 2094 succedit.]
1368 2026 1540 2082 Abbas
1587 2027 1888 2082 Alexander
1911 2026 2010 2080 ab-

391 2114 531 2168 batis
559 2129 751 2168 curam
775 2115 1018 2168 dimisit:
1078 2117 1170 2169 cui
1217 2117 1467 2170 successit
1521 2116 1694 2170 Adam
1741 2116 2011 2184 quondam

386 2211 536 2278 prior
569 2211 746 2263 Ursica
755 2211 882 2278 mpi.

462 2299 620 2354 1141.
639 2301 844 2368 Anglia
867 2302 1016 2368 fame
1039 2307 1091 2356 et
1113 2301 1290 2370 gladio
1346 2303 1624 2368 atteritur,
1677 2301 2009 2370 principibus

389 2394 530 2444 terre
553 2392 696 2444 inter
720 2405 777 2444 se
803 2390 1228 2446 discordantibus
1255 2389 1346 2460 (cf.
1375 2391 1616 2461 Gembl.),

463 2479 642 2554 [1143.
701 2483 869 2553 (Bell.)
926 2481 1233 2538 Celestinus
1273 2482 1530 2538 Romanae
1579 2483 1812 2538 ecclesie
1853 2483 2014 2537 169%

391 2575 678 2644 presidet.]

460 2665 638 2740 [1144.
674 2668 788 2738 (1b.)
820 2667 1018 2724 Lucius
1074 2668 1125 2724 ei
1179 2668 1338 2723 170118
1366 2669 1658 2740 succedit]
1695 2675 1885 2724 Ventus
1913 2685 2008 2724 ve-

389 2763 821 2818 hementissimus
846 2764 1080 2831 arbores,
1113 2770 1288 2820 turres
1313 2771 1364 2818 et
1389 2765 1566 2820 domos
1590 2765 1858 2834 plurimas
1881 2765 2007 2818 sub-

381 2852 558 2905 vertit.
595 2851 838 2920 (Gembl.)
862 2853 1078 2906 Reddita
1135 2859 1212 2906 est
1262 2855 1452 2907 civitas
1497 2855 1812 2922 Rothomagi
1863 2858 2007 2908 Gau-

382 2942 527 3008 frido
551 2947 736 3000 comiti
759 2946 1146 3012 Andegavensi.
1297 2947 1301 2952 ’

457 3034 634 3110 [1145.
666 3038 812 3109 (Bell.
859 3039 1138 3114 Eugenius
1179 3045 1304 3109 post
1356 3055 1482 3094 eum
1522 3040 1720 3111 171118]
1757 3040 2007 3113 (GEIBL.)

381 3130 568 3186 Fames
592 3147 797 3201 magna
827 3133 1108 3186 invalescit
1135 3135 1194 3186 in
1220 3135 1474 3186 Francia.

2111 1933 2274 1989 troitu
2305 1935 2743 1992 Normannorum
2774 1938 2897 1992 100.

2183 2028 2339 2083 1169.
2367 2029 2480 2083 Rex
2521 2029 2790 2086 Henricus
2814 2033 3085 2101 majorem
3116 2033 3286 2091 ﬁlium
3313 2054 3477 2094 suum
3535 2040 3732 2096 Henri-

2111 2139 2255 2189 cum,
2287 2141 2552 2199 generum
2580 2126 2836 2183 Ludovici
2871 2129 3017 2204 regis
3057 2131 3414 2201 Francorum,
3447 2135 3504 2190 in
3555 2153 3733 2210 regem

2111 2218 2422 2272 consecrari
2491 2218 2620 2274 fecit
2673 2237 2705 2274 a
2759 2219 2972 2294 Rogero
3051 2223 3381 2282 Eboracensi
3455 2229 3726 2302 archiepi-

2111 2320 2299 2376 scopo.

2183 2395 2342 2448 1171.
2385 2394 2611 2450 Civitate
2642 2396 2932 2452 Cantuaria
2983 2407 3208 2456 sanctus
3252 2403 3488 2459 Thomas
3545 2407 3728 2462 archi-

2111 2483 2406 2554 episcOpus
2433 2483 2681 2552 ejusdem
2715 2485 2954 2542 civitatis
2982 2505 3014 2542 a
3042 2496 3280 2560 quatuor
3299 2493 3576 2550 militibus
3602 2514 3730 2552 mar-

2112 2571 2392 2643 tyrizatus,
2427 2573 2680 2648 migravit
2710 2575 2778 2629 ad
2811 2575 3108 2634 Christum.

2181 2682 2341 2738 1174.
2382 2682 2614 2773 Obsessa
2678 2693 2761 2740 est
2825 2687 3017 2743 civitas
3071 2689 3448 2767 Rothomagus
3514 2712 3546 2750 a
3611 2713 3728 2773 rege

2111 2771 2438 2827 Francorum
2483 2772 2756 2830 Ludovico
2803 2781 2856 2830 et
2911 2777 3144 2834 Henrico
3184 2796 3326 2836 novo
3385 2799 3523 2858 rege
3563 2792 3619 2840 et
3647 2771 3730 2842 co-

2113 2860 2240 2914 mite
2295 2861 2666 2928 Flandrensi;
2713 2865 2808 2935 qui
2875 2880 3070 2922 omnes
3141 2869 3430 2924 redierunt
3498 2874 3726 2930 confusi.

2109 2950 2246 3005 Obiit
2275 2949 2407 3020 [Κίιι.
2439 2951 2580 3022 Sept.
2612 2952 2724 3024 ⁵¹⁹.]
2757 2955 2986 3010 domnus
3025 2956 3344 3024 Gaufridus,
3385 2969 3620 3028 quartus
3651 2965 3727 3018 ab-

2110 3046 2202 3100 bas
2229 3047 2392 3114 hujus
2421 3047 2540 3100 loci.
2573 3049 2673 3101 Cui
2703 3051 2954 3103 successit
3006 3053 3228 3119 quintus
3280 3053 3514 3110 domnus
3545 3060 3723 3113 Ricar-

2109 3134 2228 3201 dus,
2251 3137 2464 3202 primus
2491 3134 2656 3188 abbas
2684 3135 2748 3189 de
2780 3137 3043 3205 Valascia,

451 3224 676 3316 1146.A
707 3225 888 3279 Judeis
919 3227 980 3278 in
1009 3225 1204 3316 Anglia
1229 3225 1734 3316 [puerUWillelmus
1783 3227 2006 3291 cruciﬁ-
2033 3217 2083 3285 CI
2176 3241 2334 3294 1179.
2367 3247 2602 3297 Domnus
2663 3244 2921 3299 Ricardus
2987 3245 3150 3300 abbas
3199 3250 3429 3316 quintus
3467 3255 3675 3306 recessit
3698 3252 3725 3306 8

381 3315 532 3381 gitur
558 3313 644 3367 die
667 3327 929 3382 paraceve
959 3312 1090 3366 urbe
1115 3314 1297 3367 Norico
1335 3311 1501 3380 (530).

460 3401 638 3473 [1147.
662 3401 830 3472 (Bell,)
867 3401 1025 3457 Facta
1076 3409 1162 3456 est
1205 3402 1444 3472 eclypsis
1475 3402 1612 3458 solis
1640 3403 1676 3458 5
1705 3403 1818 3459 Kal.
1871 3405 2001 3462 Nov.

384 3495 522 3550 hora
549 3495 710 3550 tertia
737 3495 826 3550 die
857 3493 1180 3566 dominica]
1213 3501 1321 3550 Rex
1371 3497 1662 3552 Ludovicus
1691 3513 1817 3552 cum
1832 3502 2005 3552 Fran-

385 3591 462 3644 cis
489 3592 593 3644 iter
621 3589 932 3657 aggreditur
948 3590 1444 3643 Jerosolimitanum
1469 3588 1560 3660 (cf.
1591 3590 1836 3655 (:embl.).

456 3679 619 3734 1118.
652 3678 775 3750 (1b.)
809 3682 980 3734 Remis
1009 3681 1296 3735 concilium
1321 3697 1354 3735 a
1381 3698 1522 3750 papa
1553 3685 1830 3750 Eugenio.-‘

455 3769 614 3825 1151.
646 3770 874 3824 Assidua
911 3776 962 3824 et
989 3770 1206 3824 diutina
1217 3771 1537 3839 pluviarum
1560 3772 1850 3827 inundatio
1878 3787 2010 3826 mes-

382 3864 586 3918 sionem
615 3862 854 3916 tardavit
881 3867 933 3915 et
959 3861 1257 3930 impedivit.

455 3949 613 4004 1152.
674 3951 932 4004 Relictam
980 3950 1230 4004 Ludovici
1281 3952 1418 4019 regis
1466 3965 1690 4004 uxorem
1740 3950 1889 4006 ducit
1941 3955 2005 4005 Η.

381 4058 554 4100 comes
578 4043 970 4111 Andegavensis
1029 4047 1082 4095 et
1133 4042 1250 4096 dux
1291 4045 1636 4110 Norma-nnie,
1683 4049 1861 4112 postea
1913 4060 2011 4099 rex

383 4137 624 4204 Anglic;
655 4135 798 4188 unde
823 4137 1001 4189 oritur
1024 4136 1168 4187 inter
1193 4148 1276 4188 eos
1293 4150 1512 4202 guerra.

458 4222 642 4295 [1153.
694 4221 874 4292 (Rell.)
929 4221 1248 4276 Anastasius
1295 4221 1540 4278 Romane
1583 4220 2009 4276 acclcsie172u8

383 4311 672 4384 presidet,]
708 4309 990 4381 Depositio
1052 4311 1226 4366 sancti
1301 4311 1561 4366 Bernardi
1591 4311 1750 4382 primi
1793 4311 2009 4366 abbatis

387 4401 830 4461 Clarevallensis.

460 4494 640 4563 [1154.
677 4492 994 4562 Stephanus
1022 4507 1115 4546 rex
1153 4491 1451 4566 Anglorum
1509 4492 1758 4548 moritur.
1814 4492 2008 4548 Adria-

2107 3335 2202 3387 Kal
2249 3337 2384 3403 Aug.
2430 3335 2497 3389 de
2527 3336 2678 3390 domo
2726 3337 2851 3391 ista.
2903 3340 3003 3392 Cui
3051 3342 3304 3394 successit
3347 3345 3410 3396 in
3457 3359 3606 3400 anno
3657 3359 3723 3398 se-

2105 3440 2242 3494 quen
2251 3429 2310 3479 ti.

2179 3535 2336 3592 1180.
2369 3537 2402 3591 3
2430 3544 2560 3594 Νοη.
2610 3542 2747 3609 Aug.
2795 3547 2978 3596 sextus
3023 3543 3250 3598 domnus
3305 3545 3616 3613 Willet-mus,
3653 3562 3724 3602 se-

2107 3626 2316 3680 cundus
2339 3627 2402 3680 de
2426 3628 2684 3682 Valascia.
2723 3628 3034 3685 Ludovicus
3089 3647 3182 3686 rex
3213 3632 3551 3690 Francorum
3597 3635 3717 3690 obit.

2110 3715 2206 3770 Cui
2235 3716 2383 3772 ﬁlius
2415 3719 2536 3789 ejus
2565 3719 2875 3790 Philippus,
2927 3738 3092 3794 quem
3127 3723 3248 3794 ipse
3292 3741 3443 3781 anno
3478 3729 3716 3798 preterito

2109 3806 2222 3860 Kal.
2278 3807 2412 3864 Nov.
2470 3807 2658 3864 Remis
2712 3811 3020 3868 censecrari
3079 3811 3315 3881 iecerat,
3385 3819 3630 3874 succedit
3665 3819 3717 3872 in

2112 3916 2306 3975 regno.

2187 3991 2343 4044 1181.
2374 3990 2682 4047 Alexander
2712 3993 2814 4048 174
2842 3994 3002 4050 obiit.

2185 4083 2339 4140 1182.
2373 4084 2471 4140 Cui
2501 4087 2776 4143 successit
2806 4088 3004 4145 Lucius
3032 4091 3214 4147 175⁸³³.

2183 4176 2320 4232 1183
2393 4176 2540 4232 Obiit
2593 4179 2888 4235 Rotroldus
2955 4183 3430 4256 Rothomagensis
3458 4186 3710 4256 archiepi-

2108 4285 2330 4340 sc0pus.
2377 4270 2470 4324 Cui
2500 4271 2765 4326 successit
2804 4273 3077 4330 Waltcrus
3103 4276 3174 4330 de
3217 4277 3708 4334 Constancia.Ohiit

2112 4361 2380 4417 Henricus
2392 4377 2485 4416 rex
2515 4362 2816 4437 Anglorum
2841 4365 3050 4436 junior.

2183 4454 2342 4510 1184.
2377 4453 2522 4510 Obiit
2548 4455 2843 4526 Ermelina,
2876 4474 3012 4514 uxor
3040 4459 3344 4516 .Godefridi
3378 4462 3448 4518 de
3478 4463 3711 4534 Strepen-

385 4599 492 4638 nus
513 4581 627 4653 (ἐὺ.)
658 4583 912 4650 Anglicus
970 4579 1212 4635 Romane
1236 4545 1480 4634 :cclesie
1525 4581 1685 4635 173118
1739 4581 2004 4652 presidet.
2036 4545 2092 4613 Β
2116 4563 2243 4602 nem

387 4675 532 4730 Obiit
566 4675 805 4729 domnus
834 4673 1003 4727 Adam
1033 4671 1312 4726 secundus
1337 4671 1510 4726 abbas
1538 4673 1698 4741 hujus
1727 4673 2003 4745 ecclesia]

387 4767 598 4820 Tercius
624 4766 873 4818 successit
903 4763 1208 4832 Stephanus
1232 4765 1383 4832 prior
1415 4765 1724 4832 Ursicampi.

461 4850 639 4922 [1155.
700 4851 986 4918 Henricus,
1032 4851 1246 4906 Henrici
1285 4851 1588 4922 superioris
1616 4868 1684 4908 ex
1737 4854 1854 4918 ﬁlia
1907 4869 2006 4908 nc-

387 4955 510 5015 pos',
531 4943 586 4997 in
609 4959 840 5018 regnum
869 4943 1160 5014 succedit.]

460 5034 617 5091 1156.
650 5034 880 5103 Signum
907 5039 1084 5091 crucis
1125 5040 1380 5106 apparuit
1433 5039 1495 5092 in
1549 5037 1702 5092 luna.
1733 5038 2006 5093 Albericus

387 5127 716 5181 Belvacensis
737 5125 890 5179 miles
917 5128 1248 5194 martyrium
1284 5143 1381 5196 pro
1427 5129 1729 5182 christiana
1749 5128 1855 5193 ﬁde
1879 5144 2004 5196 pas-

385 5236 477 5276 sus
507 5226 600 5275 est.

2186 4658 2342 4714 1186.
2372 4657 2624 4714 Urbanus
2654 4676 2798 4732 papa
2832 4661 3010 4718 17608.
3054 4663 3201 4718 Obiit
3226 4662 3523 4721 Gaufridus
3549 4678 3712 4720 comes

2113 4747 2412 4815 Britannic,
2448 4747 2591 4803 ﬁlius
2613 4750 2757 4824 regis
2789 4751 3005 4806 Henrici
3031 4753 3256 4809 tercius.

2183 4837 2341 4892 1187.
2371 4837 2538 4908 Capta
2567 4839 3010 4895 estlherusalem
3043 4858 3072 4896 a
3101 4843 3442 4911 Sarracenis,
3475 4837 3706 4900 christiaJ

2113 4943 2181 4982 ne
2204 4925 2333 4982 ﬁdei
2374 4927 2638 4983 inimicis.

2177 5037 2336 5094 1189.
2370 5037 2462 5093 5’0.
2511 5037 2655 5092 Obiit
2707 5037 2974 5094 Henricus
3017 5056 3114 5095 rex
3144 5040 3445 5114 Anglorum
3498 5043 3530 5099 3
3581 5041 3703 5096 Non.

2107 5129 2390 5203 Septemb.
2427 5129 2726 5186 Coronatus
2751 5139 2836 5189 est
2859 5149 2954 5188 rex
2985 5132 3281 5204 Anglorum
3319 5135 3596 5192 Ricardus.

2181 5221 2334 5276 1190.
2372 5221 2482 5277 Rex
2515 5220 2842 5276 Francorum
2860 5221 3154 5293 Philippus
3207 5232 3264 5280 et
3307 5241 3404 5281 rex
3432 5225 3699 5299 Anglorum

1746 5321 1968 5376 VARIIE
2015 5319 2403 5376 LECTIONES.

462 5420 531 5457 “5
570 5423 651 5476 ita
678 5419 826 5474 alitis
861 5420 1057 5500 erasis-
1075 5435 1268 5500 manus
1299 5425 1533 5500 incerta.
1585 5422 1654 5456 5‘“
1693 5424 2017 5500 Stephanus
2038 5439 2100 5500 _o.
2155 5423 2215 5478 G.
2274 5423 2351 5478 St.
2381 5441 2415 5478 a
2443 5441 2608 5480 manu
2658 5427 2886 5500 incerta
2924 5441 2978 5480 a.
3036 5426 3208 5500 1163.
3243 5432 3481 5500 scriptas
3501 5432 3613 5500 post
3639 5422 3702 5500 ad

392 5495 532 5566 hunc
562 5507 766 5566 annum
795 5491 973 5544 relata
1001 5490 1268 5566 videntur.
1306 5493 1407 5566 'f”__
1431 5495 1562 5566 aliis
1611 5490 1807 5566 erasis:
1851 5495 1920 5530 διε
1959 5497 2158 5550 abhinc
2209 5511 2402 5551 manus
2451 5502 2711 5566 perpetuo
2761 5498 3006 5552 variant.
3050 5497 3119 5532 5‘9
3153 5499 3270 5554 alia
3299 5490 3476 5556 manu.
3501 5490 3573 5534 ῖ²⁰
3596 5498 3701 5550 mite

1957 5637 2165 5694 NOTAE.

392 5565 538 5622 Obiit
553 5565 876 5620 aliamanus
906 5564 1028 5630 post
1056 5561 1274 5616 addidit
1301 5563 1336 5616 2
1367 5563 1504 5619 Νοη.
1539 5564 1690 5620 Julii.

461 5708 609 5779 (529)
643 5707 898 5779 Orcamp.

463 5777 604 5852 (530)
641 5779 683 5835 Ν
689 5777 920 5836 orwich.

2200 5711 2346 5783 (531)
2381 5711 2708 5784 Etrepagny,
2751 5710 2804 5765 in
2834 5727 2978 5767 com.
3011 5712 3072 5767 Vi
3085 5715 3460 5796 remandensi.
