3858 6206
140 340 224 399 397

1052 344 1395 400 CHRONICA.
1440 377 1504 386 ——
1546 344 1927 404 AUCTARIUM
1969 350 2215 407 MORTUI
2260 355 2482 409 MARIS.

3326 370 3432 424 398

139 474 367 529 Ricardus
394 489 518 528 cum
561 474 847 529 innumera
877 478 1059 551 gentis
1096 495 1195 535 sue
1228 482 1581 538 multitudine
1616 485 1794 554 iterA
1821 486 2182 557 doprOpheta,
2239 489 2331 559 qui
2403 490 2621 545 dicebat
2686 494 3063 553 antichristum
3131 501 3238 569 jam
3312 504 3433 559 esse

134 564 583 619 Jherosoliminum
617 566 1036 639 aggrediuntur.

195 656 306 712 1191
363 655 527 729 Capta
558 669 644 713 est
670 659 847 715 insula
902 662 1060 733 Cypri
1101 680 1133 719 a
1176 682 1308 740 rege
1361 667 1615 735 Ricardo,
1661 680 1715 727 et

136 756 294 819 postea
313 749 550 805 Accaron
584 766 615 804 a
642 751 862 807 duobus
894 754 1134 826 regibus.
1168 756 1348 813 Rediit
1379 775 1469 813 rex
1506 760 1715 833 Philip-

142 854 241 909 pus.

196 947 334 1003 1192.
366 948 473 1004 Rex
528 950 816 1023 Philippus
876 954 1187 1025 ingreditur
1246 957 1632 1014 Normanniam
1666 968 1719 1015 et

136 1054 232 1093 eam
252 1040 346 1095 sibi
377 1041 658 1114 subjugat.
695 1043 804 1098 Rex
835 1045 1097 1101 Ricardus
1129 1049 1352 1104 rediens
1402 1068 1433 1105 a
1457 1051 1721 1107 Jheroso-

139 1130 274 1198 limis,
310 1139 496 1203 captus
542 1140 627 1186 est
662 1143 714 1187 et
747 1134 1117 1190 incarceratus
1156 1154 1187 1191 a
1226 1138 1366 1193 duce
1398 1141 1632 1209 Austrie,
1665 1150 1719 1196 et

137 1232 293 1293 postea
322 1227 635 1295 imperatori
671 1225 902 1283 llenrico
932 1230 1165 1283 traditus
1195 1238 1296 1285 est.

194 1335 331 1388 1194.
371 1334 477 1388 Rex
518 1335 804 1402 Ricardus,
865 1338 987 1407 plus
1017 1355 1179 1408 quam
1222 1339 1518 1395 ducencies
1568 1342 1718 1397 mille

138 1424 304 1478 marcis
340 1424 653 1495 imperatori
695 1433 752 1479 et
781 1425 979 1480 ceteris
1009 1426 1311 1483 barouibus
1341 1438 1482 1483 terre
1516 1447 1611 1500 pro
1642 1432 1713 1486 li-

139 1511 386 1567 beratione
431 1529 529 1568 sua
564 1523 669 1567 tam
712 1514 853 1568 datis
894 1532 1056 1585 quam
1098 1518 1201 1571 sub
1239 1519 1524 1573 obsidibus
1577 1538 1713 1591 pro-

138 1603 309 1670 missis,
341 1622 588 1661 reversus
610 1614 691 1661 cst
730 1607 998 1681 Angliam.
1033 1608 1184 1672 Quod
1217 1611 1286 1665 de
1319 1612 1580 1667 Romanis
1612 1614 1716 1669 im-

143 1698 446 1765 peratoribus
476 1698 555 1752 nil
584 1708 677 1753 aut
706 1716 880 1771 pauca
911 1700 997 1755 hic
1026 1696 1137 1755 sint
1169 1710 1402 1765 exarata,
1432 1706 1709 1759 neminem

141 1798 320 1843 moveat
359 1798 725 1860 posterorum,
767 1792 896 1863 quia
946 1792 1074 1846 dum
1107 1795 1245 1848 alter
1273 1796 1537 1851 adversus
1579 1798 1715 1852 alte-

141 1898 237 1936 rum
264 1883 326 1938 de
353 1893 568 1956 sceptro
617 1886 835 1956 imperii
864 1887 1168 1943 obtinendo
1209 1890 1510 1957 contendit,
1543 1892 1713 1947 nichil

138 1973 287 2044 agitur
334 1974 557 2045 dignum
617 1977 903 2042 memoria,
958 1977 1165 2048 quippe
1221 1995 1342 2033 cum
1386 1980 1572 2035 omnia
1605 1982 1713 2036 sint

137 2062 345 2118 confusa.
392 2064 513 2120 Post
535 2066 818 2120 Urbanum
862 2083 1058 2137 papam
1089 2074 1198 2121 tres
1232 2069 1517 2139 apostolici
1548 2072 1714 2125 cede-

138 2160 255 2217 runt,
283 2153 329 2206 id
358 2164 436 2209 est
463 2155 784 2227 Gregorius,
832 2156 1084 2210 Clemens
1109 2166 1163 2211 ct
1195 2157 1530 2225 Celestinus;
1576 2176 1716 2232 quo-

142 2258 238 2296 rum
260 2250 492 2316 tempora
524 2246 621 2301 hic
651 2262 760 2301 non
788 2246 1198 2302 describuntur.

202 2333 331 2387 1198.
359 2334 713 2389 Innocentius
744 2351 904 2407 papa.

202 2441 334 2497 1199.
368 2442 637 2498 Ricardus
667 2460 758 2497 rex
799 2444 1213 2514 potentissimus
1256 2446 1452 2521 sagitta
1496 2462 1718 2517 percus-

147 2537 453 2604 susinteriit;
482 2539 570 2593 cui
607 2540 876 2594 successit
903 2541 1185 2595 Joltannes
1207 2540 1369 2595 frater
1396 2542 1536 2609 ejus.

202 2629 335 2686 1200.
372 2633 405 2685 5
456 2632 587 2686 ldus
624 2631 776 2685 Febr.
832 2632 969 2686 obiit
998 2632 1235 2687 domnus
1282 2633 1590 2687 Willelmus
1620 2634 1713 2688 ab-

147 2718 240 2777 bas.

198 2834 332 2891 1203.
361 2836 664 2911 Subjugata
720 2846 802 2891 est
830 2837 1025 2891 civitas
1080 2838 1540 2911 Rotbomagensis
1587 2856 1711 2894 cum

147 2929 233 2976 tota
274 2924 595 2980 Normannia
650 2925 903 2996 Philippo
950 2927 1063 2998 regi
1093 2927 1335 2982 Francie.
1387 2928 1497 2982 llex
1528 2937 1710 2983 autem

146 3015 378 3075 Iohannes
398 3020 632 3076 secessit
661 3020 715 3074 in
746 3021 1019 3093 Angliam,
1054 3028 1276 3076 territus
1307 3037 1375 3076 ne
1406 3023 1716 3078 traderetur

145 3121 168 3158 a
187 3106 454 3165 barouibus
480 3111 600 3165 suis
620 3110 676 3164 in
708 3126 905 3165 manus
929 3111 1076 3184 regis
1106 3111 1348 3166 Francia.

204 3218 334 3273 120:1.
368 3220 518 3276 Facta
545 3227 634 3276 est
665 3221 855 3291 hyems
879 3222 1205 3291 asperrima,
1232 3238 1333 3292 per
1364 3229 1471 3276 tres
1502 3239 1719 3278 menses

148 3312 190 3357 et
229 3309 444 3379 amplius
479 3310 822 3366 continuata.
883 3310 1036 3364 Unde
1080 3317 1134 3364 et
1187 3310 1357 3364 nimia
1420 3311 1719 3367 mortalitas

147 3394 441 3467 animalium,
480 3400 723 3455 maxime
749 3400 933 3454 ovium
968 3408 1021 3454 et
1050 3400 1213 3453 etiam
1243 3400 1525 3455 volucrum
1559 3401 1719 3457 silve-

147 3482 324 3551 strium,
349 3502 410 3541 ex
435 3487 619 3561 rigore
650 3487 870 3559 frigoris
920 3486 1082 3553 facta,
1136 3495 1190 3542 et
1225 3488 1396 3543 fames
1446 3489 1713 3544 insecuta.

149 3568 281 3641 Capta
326 3583 401 3629 cst
438 3577 635 3631 civitas
680 3575 1188 3647 Constantinopolis
1236 3594 1266 3632 a
1326 3578 1526 3633 comite
1561 3579 1717 3633 Flan-

150 3659 617 3736 drensi,episc0pis
643 3672 698 3719 et
728 3664 1026 3720 comitibus
1055 3673 1109 3719 et
1164 3666 1447 3722 nobilibus
1481 3667 1611 3722 viris
1666 3676 1722 3723 et

149 3750 412 3810 fortissimis
448 3756 516 3811 de
544 3756 776 3812 Francia
804 3756 913 3810 sibi
952 3758 1267 3823 associatis;
1300 3758 1354 3811 in
1415 3774 1524 3830 qua
1568 3774 1723 3813 com-

153 3844 274 3897 muni
300 3846 559 3903 electione
606 3846 904 3917 imperator
945 3846 1141 3914 factus,
1198 3848 1460 3905 nobiliter
1506 3849 1719 3922 gessit;

153 3934 362 4002 quicum
404 3956 659 4015 magnam
710 3939 816 3994 sibi
874 3949 1081 4011 partem
1123 3941 1315 3996 Grecie
1362 3940 1721 4007 subdidisset,

154 4030 519 4094 postmodicum
563 4049 598 4086 a
628 4031 816 4086 Grecis
844 4032 1166 4088 interfectus
1223 4040 1324 4088 est.
1371 4033 1540 4103 Hujus
1564 4032 1731 4088 frater

163 4115 309 4172 eidem
325 4130 401 4176 est
426 4122 482 4176 in
514 4121 672 4195 regni
707 4122 847 4177 solio
880 4122 1231 4178 substitutus.

220 4209 353 4267 1207.
386 4212 527 4268 Obiit
551 4213 830 4267 Walterus
872 4213 1330 4287 Rothomagensis
1357 4214 1730 4285 archiepisco-

164 4310 245 4363 pus
288 4299 347 4353 16
376 4300 483 4359 Kal.
516 4301 861 4358 Decembris.
897 4303 992 4357 Cui
1022 4304 1290 4358 successit
1336 4304 1594 4375 magister
1621 4304 1728 4359 Ro-

164 4388 317 4449 bertus
391 4405 761 4473 cognomento
839 4398 1048 4453 Polein.
1138 4399 1308 4469 [Jacet
1393 4399 1447 4453 in
1518 4398 1730 4455 Mortuo

164 4483 274 4537 mari
299 4486 400 4555 ειη]

220 4596 362 4653 1209.
392 4600 646 4674 Magistro
674 4601 951 4672 Stephano
1008 4603 1078 4657 de
1107 4602 1435 4677 Linguaton,
1492 4602 1558 4656 ad
1590 4609 1736 4673 tytu-

165 4678 256 4737 lum
278 4684 548 4745 Cantuarie
588 4690 821 4746 ecclesie
854 4690 907 4744 in
948 4690 1364 4762 archiepiscOpo
1399 4691 1566 4745 Rome
1612 4706 1741 4744 con-

166 4785 362 4846 secrato,
411 4797 499 4837 rex
551 4782 834 4837 Iohannes
887 4783 1054 4837 alium
1106 4782 1436 4838 intronizare
1486 4782 1737 4852 cupiens,

167 4871 425 4927 monachos
471 4873 759 4929 Cantuarie
788 4883 844 4929 et
878 4874 1069 4948 Anglic
1115 4876 1364 4946 presules
1395 4873 1559 4930 exilio
1591 4874 1736 4927 rele-

166 4961 254 5022 gat.
280 4957 375 5016 Hac
404 4962 469 5017 de
495 4980 660 5019 causa
690 4963 817 5018 data
847 4963 904 5017 in
934 4980 1116 5036 regem
1168 4971 1224 5018 et
1256 4979 1482 5036 regnum
1516 4977 1736 5016 excom-

167 5050 510 5110 municationis
557 5055 850 5121 sententia,
909 5056 1073 5110 etiam
1135 5055 1554 5111 Cisterciensem
1586 5053 1737 5109 ordi-

171 5147 273 5189 nem
300 5155 414 5195 cum
457 5145 653 5199 ceteris
702 5144 895 5198 laudes
925 5145 1037 5199 Deo
1084 5144 1298 5199 debitas
1354 5142 1738 5213 sollempnitcr

170 5230 443 5290 Persolvere
473 5235 683 5291 domini
717 5252 859 5307 pape
885 5236 1184 5291 auctoritas
1216 5235 1518 5307 prohibuit.

224 5318 361 5379 1210.
389 5325 507 5383 Otto
563 5345 738 5400 nepos
784 5329 1000 5384 Ricardi
1029 5330 1308 5401 quondam
1354 5328 1498 5399 regis
1549 5327 1739 5400 Anglic

173 5404 316 5468 factus
342 5426 421 5474 est
449 5421 763 5492 imperator.
790 5420 898 5478 Hoc
922 5432 1171 5493 tempore
1193 5421 1292 5475 fuit
1324 5420 1549 5492 quidam
1580 5435 1743 5490 pseu-

1820 575 2087 642 adultum,
2128 585 2182 631 et
2212 578 2359 631 diem
2386 578 2581 646 judicii
2616 580 2927 643 imminere.

1891 666 2046 720 1211.
2085 667 2276 721 Comes
2325 668 2529 737 Symon
2555 670 2623 723 de
2659 670 2992 742 Monteforti,
3044 678 3327 736 nobilibus
3357 683 3435 739 ri-

1823 755 1893 810 ris
1925 756 1994 809 de
2027 756 2253 811 Francia
2303 757 2598 830 regnisque
2629 760 2752 814 aliis
2778 776 2940 832 opem
2974 765 3080 820 sibi
3108 767 3433 839 ferentibus,

1822 848 2114 914 hereticos,
2171 848 2264 920 qui
2298 849 2351 903 iu
2387 850 2727 906 Narbonensi
2765 856 3039 923 provintia
3090 860 3436 929 pullulabaut

1821 951 1875 997 et
1930 943 2259 998 dicebantur
2308 944 2655 1019 Albigenses,
2698 951 3058 1021 expugnavit,
3106 961 3160 1008 et
3198 963 3434 1031 stragem

1820 1037 2043 1091 multam
2076 1036 2301 1096 faciens.
2338 1054 2589 1111 magnam
2633 1046 2841 1110 partem
2871 1044 3148 1113 provintie
3191 1048 3434 1119 ipsorum

1823 1141 1919 1180 sue
1950 1125 2197 1180 subdidit
2239 1128 2517 1197 potestati.

1892 1220 2049 1273 1212.
2084 1220 2141 1271 ln
2165 1220 2451 1290 Hyspaniis
2473 1220 2755 1275 christiani
2779 1238 2902 1277 cum
2922 1227 3148 1298 paganis
3164 1239 3431 1303 pugnant,

1821 1318 1875 1365 et
1900 1311 2058 1381 potiti
2082 1311 2326 1373 victoria,
2359 1312 2562 1367 multos
2591 1314 2865 1383 perimunt
2894 1316 3253 1389 Sarracenos,
3281 1330 3335 1377 et
3358 1341 3439 1378 re-

1822 1400 1999 1471 liquos
2040 1401 2105 1454 ad
2138 1402 2316 1473 fugam
2347 1402 2685 1471 compellunt
2738 1404 3073 1474 Reginaldus
3104 1425 3292 1465 comes
3324 1413 3435 1468 Bo-

1818 1490 2007 1544 loniea
2036 1489 2289 1560 Philippo
2320 1505 2446 1563 rege
2470 1490 2800 1546 Francorum
2832 1495 2981 1548 omni
3009 1505 3148 1553 terra
3179 1515 3278 1554 sua
3305 1518 3435 1572 spo-

1815 1585 1996 1653 liatur,
2050 1590 2103 1637 et
2132 1599 2162 1636 a
2208 1598 2376 1657 regno
2422 1584 2734 1653 expellitur,
2768 1587 2867 1641 sed
2898 1587 2966 1641 ab
3030 1589 3227 1646 Ottone
3259 1602 3310 1648 et
3341 1594 3433 1650 Jo-

1816 1682 1997 1734 hanne
2039 1678 2240 1751 Anglia:
2272 1694 2399 1751 rege
2450 1679 2733 1749 recipitur.
2770 1682 2880 1736 Rex
2934 1684 3266 1744 Francorum
3310 1693 3435 1748 Phi-

1817 1777 2003 1847 lippus
2029 1776 2257 1829 collecto
2289 1776 2530 1829 exercitu
2566 1783 2621 1829 et
2663 1778 2833 1833 multo
2883 1782 3105 1836 narium
3138 1797 3433 1856 apparatu,

1819 1868 2173 1922 transtretare
2194 1864 2450 1933 disponit
2482 1864 2536 1918 in
2584 1867 2857 1939 Angliam,
2893 1876 2951 1924 ut
2988 1872 3157 1927 armis
3188 1890 3307 1930 eam
3348 1894 3440 1933 ca-

1817 1957 1964 2028 piat;
2025 1954 2122 2007 sed
2173 1954 2391 2008 interim
2425 1953 2555 2008 dum
2596 1955 2785 2011 subito
2844 1958 3124 2032 ingressus
3164 1963 3219 2017 in
3280 1965 3440 2021 Fian-

1815 2046 1989 2099 driam
2019 2059 2139 2097 eam
2171 2042 2274 2095 sibi
2309 2042 2606 2114 subjugare
2642 2044 2903 2102 intendit.
2956 2050 3115 2124 Angli
3157 2069 3433 2125 superve-

1817 2139 1997 2203 niunt,
2028 2142 2081 2190 et
2133 2134 2309 2189 navali
2341 2142 2604 2206 apparatu
2646 2138 2792 2211 regis
2842 2139 3113 2198 violenter
3169 2146 3430 2217 abducto,

1818 2228 2211 2290 transfretandi
2244 2228 2293 2282 ei
2326 2227 2577 2282 adimunt
2609 2228 2945 2287 facultatem.

1890 2324 2048 2379 1213.
2085 2322 2143 2374 1n
2185 2319 2458 2375 l’rovintia
2491 2320 2643 2387 juxta
2686 2330 2927 2378 castrum
2968 2327 3116 2396 quod
3148 2327 3433 2385 Murellum

1820 2412 2043 2478 dicitur,
2074 2419 2289 2483 gestum
2322 2408 2636 2463 estbellum
2670 2417 2859 2466 eterna
2882 2416 3147 2469 memoria
3178 2418 3434 2490 dignum.

1822 2503 1950 2558 Cum
1981 2518 2167 2557 comes
2199 2501 2403 2570 Symon
2443 2500 2509 2554 de
2552 2500 2860 2558 Monteforti
2918 2506 3118 2561 multas
3153 2508 3439 2565 heretico-

1820 2614 1934 2652 rum
1968 2603 2177 2669 strages
2204 2593 2434 2658 faciens,
2494 2593 2679 2664 plures
2717 2595 3002 2651 t’rovintiaa
3031 2597 3198 2654 urbes
3237 2609 3291 2655 et
3333 2618 3439 2673 0p-

1818 2688 1947 2760 pida
1977 2686 2081 2739 sibi
2105 2684 2477 2754 subiugasset,
2513 2698 2604 2736 rex
2632 2685 2952 2759 Arragonie,
3007 2701 3193 2743 comes
3218 2690 3440 2747 Tolosa-

1819 2795 1943 2841 uus,
1974 2792 2161 2831 comes
2193 2774 2495 2829 Coauensis
2541 2774 2709 2845 1532),
2750 2789 2936 2830 comes
2976 2777 3242 2834 Fuxensis
3293 2782 3439 2854 (533)

1816 2873 2047 2928 collecto
2080 2868 2325 2925 exercitu
2349 2868 2577 2937 cepioso
2610 2869 2985 2939 supradictum
3009 2879 3245 2929 castrum
3270 2874 3439 2931 obse—

1816 2962 2037 3021 derunt,
2098 2958 2414 3027 erectisque
2461 2957 2735 3011 machinis
2792 2974 3115 3033 oppugnare
3147 2974 3437 3034 ceperunt.

1817 3052 1922 3107 Res
1964 3064 2094 3104 vero
2139 3048 2325 3103 comiti
2368 3048 2589 3118 Symoni
2633 3048 2887 3117 innotuit,
2923 3052 3016 3123 qui
3069 3069 3193 3109 mox
3252 3056 3444 3126 paucis

1745 3141 2112 3207 Cadmodum
2146 3140 2277 3195 viris
2328 3139 2594 3207 collectis,
2661 3142 2776 3215 regi
2825 3144 3122 3217 Arragonie
3180 3146 3444 3201 audacter

1819 3232 2091 3298 occurrit;
2171 3230 2597 3303 legionibusque
2676 3231 2978 3302 dispositis,
3047 3243 3302 3292 conserta
3359 3245 3443 3293 est

1820 3340 2003 3396 pugna
2039 3324 2074 3377 2
2124 3323 2252 3377 ldus
2297 3323 2660 3393 Septemhris,
2719 3324 2773 3377 in
2824 3341 2930 3395 qua
2989 3341 3083 3380 rex
3138 3328 3444 3402 Arragonie

1819 3429 1943 3467 cum
1969 3412 2217 3483 pluribus
2248 3412 2316 3466 de
2348 3428 2449 3467 suo
2480 3414 2723 3468 exercitu
2754 3416 3035 3471 occubuit.
3070 3416 3289 3490 Reliqui
3316 3434 3446 3474 vero

1821 3500 1949 3571 fuga
1976 3500 2148 3571 elapsi
2181 3508 2328 3564 sunt,
2371 3510 2426 3555 et
2476 3502 2687 3556 confusi
2733 3503 2802 3556 ad
2843 3505 3067 3575 propria
3106 3513 3444 3561 remearunt.

1823 3594 1897 3646 De
1926 3592 2092 3647 sociis
2120 3599 2300 3646 autem
2330 3593 2554 3647 comitis
2584 3593 2841 3664 Symonis
2868 3613 3011 3651 unus
3043 3604 3257 3654 tantum
3288 3599 3449 3654 miles

1822 3700 1946 3739 cum
1992 3682 2182 3754 paucis
2226 3683 2526 3738 clientibus
2566 3684 2622 3738 in
2680 3686 2774 3740 illo
2831 3688 3090 3743 co;illictu
3145 3692 3365 3745 cecidit.
3408 3693 3445 3746 A

1824 3773 2023 3828 diebus
2095 3772 2236 3826 lude
2292 3772 2570 3826 Machabei
2620 3789 2796 3844 usque
2843 3775 2896 3828 in
2948 3793 3181 3847 presens
3227 3786 3449 3850 tempus

1826 3873 2027 3920 tantam
2058 3865 2467 3920 multitudinem
2509 3874 2617 3920 tam
2677 3867 2985 3923 mirabilem
3032 3886 3063 3923 a
3104 3872 3451 3941 paucissimis

1830 3959 2159 4014 mirabiliter
2205 3958 2425 4025 victam,
2458 3975 2641 4013 cesam
2681 3966 2844 4031 atque
2877 3962 3115 4035 iugatam
3171 3979 3448 4034 nunquam

1831 4059 1889 4106 et
1946 4068 2213 4124 nusquam
2272 4051 2526 4126 legimus.
2585 4052 2787 4107 Eodem
2837 4060 3085 4125 tempore
3151 4055 3206 4109 in
3276 4072 3449 4129 regno

1832 4144 2161 4199 Francomm
2190 4145 2420 4215 pueriet
2450 4144 2632 4215 puelle
2665 4161 2786 4199 cum
2818 4145 3099 4217 aliquibus
3126 4148 3455 4205 adolescen-

1832 4238 1964 4292 tulis
1995 4245 2051 4291 et
2100 4236 2328 4291 senibus
2376 4238 2596 4304 vexilla,
2655 4242 2867 4303 cereos,
2900 4255 3111 4306 cruces,
3147 4240 3457 4296 thuribula-

1833 4335 2133 4401 portantes,
2166 4326 2547 4397 processiones
2585 4327 2876 4391 faciebant,
2918 4336 2973 4382 et
3004 4346 3103 4399 per
3134 4330 3324 4396 urbes,
3366 4331 3450 4385 vi-

1834 4436 1929 4475 cos
1957 4426 2008 4473 ct
2034 4418 2260 4473 castella
2289 4425 2551 4473 canentes
2582 4420 2752 4486 ibant,
2782 4420 2985 4475 Gallice
3018 4421 3451 4491 proclamantes:

1764 4495 1817 4563 D
1838 4512 2056 4564 Domine
2080 4513 2233 4563 Deus.
2278 4509 2461 4562 exulta
2486 4509 2981 4563 christianitatem!
3033 4512 3253 4563 Domine
3297 4514 3454 4577 Deus,

1840 4599 1997 4653 redde
2031 4598 2179 4652 nobis
2223 4612 2409 4651 veram
2454 4598 2708 4651 crucem!
2750 4597 2865 4652 Non
2906 4597 3083 4652 solum
3121 4598 3225 4652 hcc
3284 4597 3452 4653 verba

1840 4690 1940 4745 sed
1969 4689 2073 4744 alia
2115 4688 2284 4743 multa
2314 4688 2703 4754 decantabunt,
2726 4689 2855 4759 quia
2883 4689 3031 4744 varie
3064 4690 3453 4760 processiones

1841 4785 2018 4845 erant,
2050 4784 2104 4833 et
2133 4793 2465 4848 unaquaque
2494 4778 2775 4846 processio
2817 4793 2917 4848 pro
2950 4778 3110 4836 libitu
3137 4794 3236 4834 suo
3268 4780 3455 4835 varia-

1837 4872 1949 4926 bat.
1980 4871 2085 4925 Res
2116 4885 2243 4925 vero
2280 4869 2382 4924 ista
2407 4885 2438 4923 a
2476 4869 2678 4923 seculis
2719 4869 2968 4925 inaudita
2998 4871 3188 4927 multis
3227 4871 3329 4927 fuit
3357 4873 3460 4928 ad-

1839 4960 2139 5026 mirationi,
2180 4959 2328 5031 quod
2363 4966 2422 5015 ut
2462 4958 2741 5014 credimus
2783 4960 3093 5033 presagium
3146 4960 3460 5016 futurorum

1838 5054 2163 5121 fuit,eorum
2183 5053 2396 5108 scilicet
2421 5052 2602 5124 quein
2630 5053 2886 5124 sequenti
2907 5069 3054 5109 anno
3085 5054 3458 5127 contigerunt.

1838 5149 1970 5203 Nam
1997 5149 2211 5223 legatus
2242 5148 2518 5203 Romanus
2548 5148 2719 5203 Gallic
2753 5147 2889 5203 fines
2922 5148 3225 5223 ingressus,
3266 5147 3463 5217 copio-

1838 5254 1954 5292 sam
2002 5238 2409 5293 multitudinem
2452 5238 2506 5291 in
2538 5237 2779 5293 cruciﬁxi
2819 5239 3046 5294 nomine
3076 5254 3241 5293 cruce
3272 5238 3468 5311 signa-

1841 5328 1950 5391 vit;
1983 5328 2141 5395 cujus
2172 5327 2544 5382 multitudinis
2573 5345 2863 5383 numerum
2896 5328 3072 5384 solius
3098 5327 3192 5381 Dei
3231 5326 3466 5381 scientia

1844 5418 2071 5489 colligit.
2106 5419 2301 5475 Ottone
2352 5419 2683 5490 imperatore
2735 5437 2765 5475 a
2811 5437 2951 5492 papa
2998 5418 3321 5476 Innocentio
3363 5433 3459 5471 ex-

1472 5526 1690 5581 VARUE
1740 5525 2111 5580 LECTIONES.

1687 5668 1895 5723 ΝΟΤᾸΞ.

232 5590 287 5626 ⁵²¹
314 5598 506 5655 addidit
542 5617 743 5657 manus
766 5615 867 5657 sec.
908 5602 1013 5657 XV.

229 5759 357 5836 (532)
388 5768 694 5848 Cominges.

1919 5767 2065 5838 (533)
2096 5767 2227 5823 Foix
