3858 6206
1620 330 1962 389 SIGEBERTI
2011 324 2521 382 GEMBLACENSIS.
3641 328 3736 381 400

410 359 515 415 399

413 487 837 550 communicato,
898 480 1080 536 infans
1108 474 1299 547 Apulie
1332 472 1635 527 Romanum
1679 467 1785 522 sibi
1832 463 2024 521 vendi-
2049 466 2101 532 Α
2125 458 2360 529 glorum.
2397 455 2491 511 Cui
2516 455 2783 510 successit
2814 454 3079 510 Henricus
3110 453 3256 509 ﬁlius
3293 455 3417 523 ejus
3445 472 3587 526 puer
3619 458 3740 514 duo-

412 600 537 639 care
564 578 859 651 imperium
901 579 984 629 est
1013 576 1264 627 conatus.
2127 553 2345 608 dennis.

486 643 986 739 wit-Stephanus
1019 655 1426 715 Cantuariensis
1464 649 1912 719 archiepiscopus
1942 659 2027 698 cc-
2198 645 2355 697 1217.
2392 644 2598 698 Bellum
2650 643 2794 713 apud
2852 643 3297 698 Lincolniensem
3360 645 3558 699 urbem
3612 646 3739 701 inter

416 766 632 837 ιθι-ίψιθ
663 760 957 835 Anglorum
989 752 1299 826 pontifices,
1328 744 1581 837 monachi
1614 739 1901 837 etclcrici,
1931 735 2024 837 qui
2130 752 2312 809 regem
2368 736 2560 808 Anglic
2589 744 2643 789 et
2697 735 2840 789 inter
2870 736 3172 789 Norrenses
3203 743 3258 789 et
3301 735 3441 790 alios
3492 746 3739 807 potentes

419 871 518 928 pro
539 867 704 909 causa
728 846 961 905 ecclesie
981 835 1522 928 tenebanturexilio,
1544 829 1825 928 mediante
1846 824 2028 928 cardi-
2130 826 2346 881 multos.
2369 824 2461 895 qui
2495 824 2673 878 eidem
2701 824 2813 895 regi
2836 823 3255 893 implacabiliter
3281 825 3735 895 inimicabantur;

419 871 518 928 pro
539 871 704 909 causa.
728 871 961 905 eccncsw
981 871 1300 900 mucuausun
1332 871 1522 900 ῠλιιιυν
1547 871 1825 885 ιιινυιι---ιν
1853 871 1929 881 w-
1947 871 1996 877 ν·
2131 871 2346 881 --η---νυι
2371 871 2461 895 Ὶνη
2499 871 2673 878 νην-η
2701 871 2713 877 -
2731 871 2813 895 κε,-
2836 871 3243 893 nuru—"nu---
3281 871 3699 881 ---..--..,...,......,.

419 943 553 1012 nali,
584 940 700 1014 regi
733 933 1180 996 reconciliantur,
1204 934 1255 983 et
1279 927 1346 981 ab
1375 940 1440 978 eo
1472 920 1817 990 recipiuntur
1845 914 1898 967 in
1926 914 2029 967 An-
2128 917 2224 970 sed
2253 916 2509 969 misertus
2532 916 2673 970 Deus
2703 915 2860 986 pueri
2887 915 3033 989 regis
3057 916 3397 978 innocentie,
3425 871 3736 989 priusquan;

415 1039 547 1112 glia,
579 1043 636 1092 et
671 1049 770 1089 sua
799 1030 907 1102 ipsi
936 1024 1219 1103 recipiunt
1234 1039 1247 1087 ;
1279 1020 1467 1089 sicque
1501 1028 1729 1085 regnum
1763 1009 1829 1062 ab
1856 1008 2029 1061 inter-
2128 1014 2312 1076 posset
2352 1021 2499 1059 arma
2534 1012 2770 1075 portare,
2825 1004 2980 1059 dedit
3041 1003 3091 1059 ei
3145 1004 3215 1058 de
3271 1005 3531 1059 hostibus
3560 1007 3740 1060 trium-

415 1127 548 1183 dicli
579 1120 876 1187 sententia,
900 1133 991 1172 rex
1019 1130 1048 1167 a
1071 1095 1219 1167 nexu
1237 1098 1824 1163 excommunicationis
1844 1095 2029 1151 absol-
2128 1099 2317 1168 phare.
2346 1098 2453 1152 Nec
2483 1096 2657 1151 solum
2693 1097 2745 1150 in
2778 1097 2882 1151 hoc
2910 1097 3109 1167 prelio,
3142 1097 3241 1151 sed
3270 1104 3324 1151 et
3356 1097 3415 1151 in
3446 1100 3587 1152 mari
3620 1116 3736 1169 pre-

414 1223 576 1277 vitur.
613 1216 880 1274 Redditur
901 1210 1151 1267 ecclesiis
1180 1222 1303 1261 cum
1346 1198 1660 1274 presulibus
1686 1202 1740 1249 et
1783 1192 2030 1248 christia—
2128 1191 2258 1245 lium
2316 1207 2575 1263 magnum
2609 1189 2907 1244 comissum
2951 1197 3034 1245 est
3073 1189 3216 1244 inter
3263 1190 3502 1246 Francos
3558 1195 3737 1246 ctAn-

417 1314 585 1367 nitate
640 1305 1029 1379 tranquillitas,
1083 1297 1338 1355 exulibus
1369 1310 1491 1348 cum
1546 1290 1707 1344 rebus
1738 1294 1807 1379 et
1834 1284 2028 1355 patria,
2127 1285 2265 1359 glos,
2294 1291 2347 1338 et
2369 1284 2555 1338 divina
2578 1284 2850 1353 preliantc
2877 1284 3078 1339 virtute
3111 1284 3311 1338 Gallica
3334 1285 3602 1356 juventes
3630 1304 3734 1341 cum

414 1404 531 1480 regi
574 1418 697 1458 cum
728 1394 1180 1456 reconciliatione
1208 1385 1550 1449 communio,
1587 1380 1731 1453 plebi
1784 1376 2029 1440 devotio,
2129 1377 2278 1431 omni
2310 1376 2532 1429 navium
2566 1383 2830 1445 apparatu
2859 1376 3000 1430 victa
3028 1386 3111 1431 est
3140 1377 3209 1431 ab
3240 1378 3429 1452 Anglis
3451 1386 3507 1432 et
3531 1379 3589 1432 in
3621 1396 3735 1450 prc-

419 1464 680 1552 omnibus
701 1494 757 1548 in
789 1503 1084 1548 commune
1111 1480 1401 1540 catholicis
1432 1492 1530 1548 pro
1558 1472 1769 1529 reddita
1797 1468 2031 1526 ecclesie
2132 1466 2253 1520 dam
2287 1466 2543 1520 abducta.
2580 1464 2658 1517 lbi
2694 1464 3020 1519 Eustachius
3050 1466 3376 1534 monachus,
3419 1467 3589 1521 homo
3621 1483 3738 1538 apo-

419 1605 551 1660 pace
574 1587 774 1643 leticia.
806 1581 1115 1638 Ferrandus
1130 1571 1695 1667 Flandrensisrom’es
1720 1580 1750 1617 a
1776 1560 2030 1667 Philippo
2132 1561 2289 1667 stata,
2318 1561 2510 1655 pyrata
2544 1561 2599 1667 pt
2628 1553 2800 1623 predo
2833 1554 3125 1624 pessimus,
3167 1554 3384 1626 utrique
3416 1572 3594 1629 regno
3626 1556 3737 1610 inti-

418 1644 549 1753 rege
592 1676 921 1731 Francorum
974 1669 1169 1740 pulsus
1206 1681 1237 1718 a
1284 1658 1556 1723 Flandria,
1620 1654 1848 1752 Otonem
1904 1647 2031 1745 Δις-υ
2131 1646 2254 1712 dus,
2287 1646 2465 1716 capite
2507 1644 2700 1715 plexus
2737 1651 2839 1711 est,
2889 1654 3018 1699 tunc
3044 1646 3312 1716 temporis
3360 1647 3590 1702 Francis
3626 1665 3735 1719 pre-

420 1736 644 1823 mznnie
675 1774 729 1821 et
756 1736 1063 1819 Iohannem
1095 1753 1285 1828 Anglie
1314 1764 1473 1823 reges
1500 1742 1744 1816 expetiit,
1775 1747 1829 1793 et
1858 1736 2024 1808 pepi-

420 1858 502 1932 git
531 1856 691 1910 fedus
740 1868 862 1908 cum
902 1849 998 1903 eis.
1053 1847 1292 1910 Quorum
1332 1838 1504 1893 fretus
1544 1832 1707 1889 exilio
1748 1841 2031 1902 regressus

422 1949 480 2002 in
516 1944 843 2008 Flandriam,
884 1955 1003 1995 eam
1027 1950 1171 2007 pene
1194 1938 1359 1987 totam
1382 1927 1450 1982 de
1482 1938 1648 1980 manu
1688 1918 1834 1991 regis
1862 1916 2030 1970 Fran-

424 2060 613 2100 corum
638 2045 890 2113 potcnter
927 2031 1150 2105 eripuit,
1183 2042 1288 2099 ope
1314 2031 1369 2080 et
1408 2018 1677 2077 industria
1700 2015 1939 2069 virorum
1974 2008 2033 2062 il-

425 2098 679 2190 lustrium
710 2130 798 2193 5”,
840 2134 896 2182 et
925 2098 1190 2195 precipue
1216 2098 1492 2170 Guillelmi
1524 2104 1743 2163 comitis
1771 2098 2033 2155 Sarcsbe-

426 2226 645 2293 riensis,
677 2188 861 2277 fratris
889 2188 1035 2289 regis
1054 2188 1268 2285 Anglic,
1298 2213 1352 2261 et
1375 2200 1592 2259 comitis
1622 2192 1846 2251 Bolonie
1875 2188 2039 2260 Regi-

425 2317 597 2383 naldi,
655 2279 1085 2369 Johanneswrex
1138 2279 1332 2370 Anglie
1362 2295 1417 2347 in
1473 2285 1816 2360 Aquitaniam
1865 2279 2038 2334 classe

425 2412 788 2465 transvectus,
813 2389 1183 2452 reconciliatis
1212 2384 1319 2440 sibi
1351 2376 1698 2452 magnatibus
1728 2380 1870 2427 terre
1893 2366 2036 2421 mul-

422 2501 519 2567 tis,
542 2460 796 2570 magnam
822 2494 1028 2559 partem
1055 2477 1327 2553 provintie
1343 2488 1446 2529 suo
1471 2469 1582 2540 juri
1615 2462 1875 2521 restituit.
1912 2460 2037 2514 Plii-

425 2591 611 2661 lippus
634 2551 826 2653 itaque
858 2593 952 2632 rex
984 2575 1309 2628 l'rancorum
1343 2563 1510 2618 misso
1540 2563 1731 2613 contra
1761 2569 1885 2607 eum
1923 2551 2034 2603 ﬁlio

426 2644 861 2740 Ludovico,ipse
892 2664 1125 2721 collecto
1153 2655 1396 2714 exercitu
1426 2644 1871 2708 Flandrensibus,
1899 2654 2037 2711 quo-

422 2787 544 2825 rum
568 2768 710 2822 vires
743 2763 854 2832 jam
896 2756 1059 2813 nimis
1088 2752 1461 2808 excreverant,
1502 2740 1719 2797 censuit
1747 2748 2039 2792 occurren-

424 2861 574 2914 dum.
611 2830 778 2929 Igitur
805 2851 947 2904 intra
979 2845 1118 2899 fines
1138 2837 1391 2895 Flandrie
1423 2832 1483 2887 fit
1508 2830 1767 2899 utrinque
1799 2838 2037 2879 concur-

2130 1738 2268 1792 bens
2307 1736 2589 1802 auxilium,
2622 1745 2675 1791 et
2731 1736 2987 1807 princeps
3044 1737 3190 1792 illius
3229 1738 3436 1811 navigii
3478 1739 3731 1794 Robertus

2133 1833 2200 1887 de
2242 1831 2546 1886 Cortenaio.
2595 1830 2762 1901 Capta
2788 1840 2885 1886 'est
2912 1848 2944 1885 a
2991 1832 3306 1887 christianis
3347 1834 3596 1889 Damieta
3624 1835 3735 1888 urbs

2134 1920 2324 1992 Egypti
2357 1919 2674 1983 fortissima,
2722 1920 2817 1974 sed
2852 1920 2906 1973 in
2939 1920 3093 1974 brevi
3128 1920 3325 1975 iterum
3372 1939 3403 1976 a
3437 1924 3735 1978 Sarraccnic

2136 2018 2474 2082 recuperata,
2541 2011 2939 2067 Concluserunt
2977 2011 3123 2066 enim
3175 2014 3463 2069 Sarraceni
3506 2016 3739 2070 christia-

2136 2116 2331 2197 norum
2391 2100 2692 2197 exercitum
2750 2115 2873 2153 cum
2934 2117 3062 2174 rege
3121 2102 3434 2173 ceterisque
3478 2104 3739 2158 nobilibus

2139 2188 2479 2256 christianis,
2505 2196 2560 2242 et
2589 2203 2699 2243 non
2734 2188 2960 2243 invento
2992 2188 3144 2243 aditu
3188 2191 3463 2246 evadendi
3495 2193 3626 2258 alio,
3656 2193 3737 2246 lla-

2141 2281 2360 2335 mietam
2397 2296 2495 2351 pro
2522 2296 2618 2334 sua
2651 2280 2981 2335 liberatione
3013 2281 3301 2336 christiani
3336 2284 3615 2339 dederunt
3639 2286 3741 2338 Sar-

2141 2370 2400 2469 racenisg
2424 2369 2514 2440 qui
2546 2370 2709 2423 etiam
2745 2371 3031 2425 Sarraceni
3088 2372 3268 2427 crucis
3294 2380 3487 2428 sancte
3529 2384 3737 2444 partem,

2141 2477 2303 2530 quam
2337 2461 2561 2531 triginta
2592 2461 2838 2532 quinque
2879 2461 3049 2518 ferme
3080 2465 3240 2519 annis
3287 2473 3605 2528 tenuerant.
3632 2484 3733 2522 cum

2136 2552 2366 2623 captivis
2411 2553 2669 2607 omnibus
2707 2552 3040 2617 christianis,
3082 2571 3182 2625 pro
3222 2555 3475 2624 ejusdem
3517 2559 3739 2612 Damiete

2139 2645 2560 2717 recuperatione
2608 2646 2967 2701 reddiderunt
2996 2648 3330 2703 christianis.
3361 2648 3550 2704 Infans
3569 2652 3736 2722 Apulie

2140 2754 2170 2790 a
2210 2738 2435 2793 domino
2469 2755 2610 2809 papa
2641 2738 2883 2794 Honorio
2915 2740 3243 2795 sublimatur
3266 2740 3321 2794 in
3350 2742 3733 2813 imperatorem.

2145 2829 2474 2896 Ludovicus,
2506 2828 2653 2884 filius
2687 2830 2829 2902 regis
2871 2831 3115 2899 Francie,
3170 2842 3461 2904 postquam
3495 2835 3651 2890 rediit
3684 2835 3737 2888 dc

421 2966 537 3017 ωε,
569 2914 926 3014 ειῖιίεροείίῑι
955 2935 1182 2992 aciebus
1196 2929 1339 3001 apud
1361 2932 1580 3017 pou-tem
1603 2915 1870 3017 Wentini.
1901 2914 2043 3017 inter
2143 2918 2357 2992 Anglia,
2400 2919 2629 2974 collecto
2662 2936 2876 2974 rursum
2917 2921 3161 2976 exercitu
3191 2922 3443 2977 Tolosam
3498 2924 3645 2989 adiit,
3673 2924 3738 2978 ci-

421 3004 802 3095 Mauritaniam
840 3037 896 3084 et
944 3027 1276 3083 Tornacum,
1316 3017 1350 3072 6
1388 3014 1503 3070 Kal.
1546 3015 1683 3084 Aug.
1744 3006 1834 3061 die
1873 3004 2037 3058 etiam

2143 3010 2363 3065 vitatem
2417 3011 2857 3081 potentissimam
2914 3019 2968 3067 et
3023 3020 3152 3068 tunc
3192 3014 3461 3085 temporis
3505 3015 3736 3087 Alhigen-

421 3133 721 3193 ἀοπιιηιῦδν
762 3136 947 3196 pugna
999 3119 1379 3174 οοῐῐιῐηιίιιιυτν
1421 3113 1475 3161 εὶ
1514 3120 1568 3158 ιη
1600 3100 1871 3196 οοοηιοίυ.
1892 3111 2039 3196 CCC“
2067 3165 2112 3196 ρ
2142 3121 2281 3159 Slum
2306 3106 2374 3139 "3
2405 3105 2707 3179 refugium;
2732 3106 2829 3160 sed
2854 3107 3020 3161 nichil
3041 3106 3115 3160 ibi
3136 3106 3459 3178 proﬁciens,
3480 3109 3621 3165 idem
3646 3110 3733 3164 Lu-

421 3154 721 3193 αυηιιιιιυᾱ,
762 3154 947 3196 μυευυι
999 3154 1379 3174 υνιιιιιιι-υ---,
1425 3154 1474 3161 -η
1515 3154 1568 3158 η-
1608 3154 1656 3157 ἡ-
2143 3154 2281 3159 V_____
2405 3154 2519 3161 ’Ἦν
2568 3154 2674 3161 "un
2732 3154 2829 3160 _'_
2854 3154 3115 3161 --Ὗ--.-ω’
3177 3154 3329 3162 .--ΠΗ
3372 3154 3385 3161 -

421 3225 554 3279 dere
608 3216 882 3281 nonnum.
915 3209 1107 3269 ΡίἮῐιεί
1157 3205 1377 3279 “Daem
1418 3200 1655 3271 Palmam
1687 3190 1910 3249 νίοῐοΐίθ
1951 3195 2035 3242 ιθ·-
2066 3165 2115 3234 C
2138 3196 2364 3251 dovicus
2393 3197 2447 3250 in
2501 3154 2759 3266 paternos
2788 3195 2927 3252 ﬁnes
2953 3154 3269 3253 Gallie'sese

422 3322 665 3373 nuerunt
718 3312 777 3365 lu
819 3310 925 3363 hoc
956 3303 1106 3359 bello
1148 3292 1468 3353 Flandrensi
1500 3308 1564 3346 ex
1594 3288 1711 3343 acie
1737 3284 1881 3353 capti
1915 3286 2041 3335 sunt

423 3370 634 3483 egregii
683 3404 1019 3475 pugnatores
1064 3396 1302 3463 quatuor
1357 3382 1608 3446 comites,
1642 3377 1852 3431 Pilutus
1893 3370 2039 3441 (534)

426 3464 795 3558 A‘l’eni'annus:
840 3484 1148 3544 Ferrandus
1179 3474 1549 3541 Flandrensis,
1603 3468 1912 3525 Willelmus
1943 3464 2038 3517 Sa-

424 3586 811 3650 resberiensis,
844 3575 1176 3653 Reginaldus
1209 3565 1573 3632 Bolonicnsis,
1606 3568 1659 3617 et
1700 3556 2040 3615 senescallus

427 3681 659 3748 Ottonis,
683 3684 738 3733 et
764 3651 969 3730 milites
1012 3668 1104 3723 alii
1135 3674 1242 3721 tam
1267 3661 1577 3717 mediocres
1611 3670 1773 3727 quam
1800 3651 2038 3705 illustres

425 3774 645 3833 circiter
669 3770 792 3826 150.
828 3767 956 3820 Post
1004 3762 1107 3816 hec
1143 3774 1237 3812 rex
1293 3753 1582 3823 Philippus
1611 3757 1802 3803 contra
1852 3757 2036 3815 regem

423 3867 616 3942 Anglic
653 3867 838 3918 movet
872 3853 1203 3914 exercitum;
1237 3846 1334 3903 sed
1395 3842 1588 3917 legatis
1617 3834 2038 3895 intervenienti-

420 3928 543 4028 bus:
578 3963 724 4016 inter
752 3970 849 4011 eos
890 3944 1333 4023 quinquennales
1381 3939 1669 3996 ﬁrmantur
1701 3932 1935 3988 indutie.
1973 3928 2033 3982 Et

420 4056 496 4110 ita
521 4063 775 4107 reversus
806 4049 890 4098 est
918 4056 1015 4094 rex
1049 4019 1337 4104 Philippus
1370 4030 1425 4084 in
1457 4026 1775 4089 Franciam;
1819 4019 2028 4075 rexJo-

419 4147 637 4201 liannes
665 4140 721 4195 in
750 4132 999 4209 Angliam
1049 4145 1109 4184 se
1166 4123 1375 4194 recepit
1424 4120 1772 4176 Terrcmotus
1824 4114 1878 4166 in
1934 4110 2031 4165 ad-

419 4200 587 4293 ventu
618 4200 944 4286 Domini.”
994 4220 1108 4275 Kal.
1141 4217 1361 4272 Januar.
1401 4220 1483 4267 ter
1534 4210 1589 4263 in
1619 4223 1730 4263 una
1760 4210 1920 4259 nocte
1951 4200 2029 4255 fa-

420 4336 543 4385 ctus
571 4331 676 4381 est.
726 4318 933 4375 Globus
962 4315 1155 4388 igneus
1202 4304 1641 4378 magnitudinem
1672 4297 1829 4353 bovis
1858 4310 2025 4350 exce-

420 4421 580 4484 dens,
612 4423 669 4472 et
696 4426 955 4486 magnum
996 4406 1179 4461 lumen
1212 4400 1488 4464 emittens,
1518 4396 1670 4450 visus
1696 4399 1778 4447 est
1816 4391 1871 4444 in
1903 4404 2028 4443 aere

419 4515 565 4570 circa
589 4509 699 4567 diei
727 4483 969 4597 initium,
1012 4498 1138 4555 ldus
1162 4492 1426 4552 Januarii.
1462 4487 1708 4560 Eclypsis
1734 4486 1860 4540 lune
1891 4483 2106 4597 factaD

422 4610 506 4660 est
532 4602 602 4658 16
628 4599 741 4655 Kal.
773 4593 970 4650 Martii.

494 4694 653 4749 1215.
683 4690 850 4746 Kome
879 4680 1139 4759 generale
1167 4676 1458 4734 concilium
1494 4689 1524 4727 a
1554 4686 1694 4744 papa
1715 4664 2036 4725 Innocentio

424 4782 751 4840 celebratur.
803 4778 927 4833 Orta
958 4774 1101 4829 inter
1135 4783 1318 4841 regem
1369 4764 1668 4838 Anglorum
1700 4768 1754 4815 et
1800 4759 2036 4813 barones

425 4871 579 4949 gravi
608 4868 973 4933 dissensione,
1006 4860 1198 4935 Anglia
1227 4859 1377 4915 dolet
1427 4870 1485 4910 se
1525 4852 1709 4928 gladio
1740 4847 2035 4918 multisque

424 4962 829 5024 calamitatibus
848 4959 1152 5030 subjacere.

506 5060 656 5117 I216.
709 5055 1030 5112 Ludovicus.
1054 5049 1293 5122 Philippi
1327 5046 1477 5119 regis
1503 5044 1835 5098 Francorum
1869 5035 2033 5100 ﬁlius,

424 5146 794 5209 confederatis
813 5144 918 5199 sibi
938 5140 1286 5217 magnatibus
1303 5135 1516 5210 Anglic,
1540 5131 1635 5204 qui
1659 5129 1777 5201 regi
1799 5126 2037 5181 rebella-

422 5241 574 5304 bant,
606 5253 729 5294 cum
779 5233 966 5289 multis
992 5213 1226 5285 navibus
1259 5234 1313 5283 et
1338 5232 1668 5281 armatorum
1702 5216 1940 5273 exercitu
1978 5213 2032 5268 in

421 5333 673 5407 Angliam
727 5323 1116 5384 transfretavit.
1170 5317 1525 5376 Innocentius
1573 5314 1644 5369 111
1675 5326 1818 5383 papa
1872 5306 2029 5363 obiit.

425 5406 531 5481 Cui
550 5420 821 5480 successit
850 5416 1122 5474 Honorius
1158 5414 1257 5469 lll.
1289 5411 1435 5468 Obiit
1475 5408 1758 5466 Iohannes
1792 5420 1885 5459 rex
1935 5406 2035 5456 An-

2212 3289 2340 3343 132l
2381 3290 2469 3342 5".
2522 3289 2835 3359 Stephanus
2864 3290 2934 3344 de
2975 3289 3291 3345 Lanketone
3344 3290 3725 3347 Cantuariensis

2141 3377 2592 3449 archiepisc0pus
2618 3378 2736 3432 sedi
2765 3379 2985 3450 proprie
3010 3380 3340 3449 restituitur,
3370 3398 3402 3437 a
3428 3399 3598 3453 puero
3622 3399 3729 3455 rege

2142 3468 2374 3524 Henrico
2397 3469 2450 3522 in
2480 3485 2614 3539 pace
2655 3477 2962 3540 susceptus.

2213 3561 2368 3616 1221.
2404 3561 2549 3616 Obiit
2581 3561 2851 3617 Robertus
2883 3562 3121 3618 Polanus
3162 3564 3614 3639 Rothomagensis
3657 3582 3729 3620 ar-

2139 3652 2544 3724 chiepiscOpus.
2582 3653 2675 3707 Cui
2716 3656 2984 3710 successit
3039 3654 3395 3711 Theohaldus
3427 3658 3498 3711 de
3535 3656 3726 3711 Ambia-

2140 3750 2248 3817 nis,
2284 3752 2664 3806 thesaurarius
2694 3752 2930 3807 ecclesie
2973 3753 3442 3828 Rothomagensis
3483 3755 3591 3827 [qui
3626 3754 3728 3826 qui-

2139 3842 2263 3895 dem
2295 3843 2564 3898 Robertus
2591 3851 2831 3899 nostram
2851 3844 3129 3899 dedicavit
3154 3846 3471 3914 ecclesiam,
3495 3857 3548 3901 et
3572 3845 3728 3916 sepul-

2140 3940 2225 3987 tus
2254 3943 2338 3987 cst
2370 3933 2424 3985 in
2458 3933 2627 3987 choro
2650 3940 2840 3988 nostro
2869 3931 2959 4005 ⁵³⁵]

2210 4023 2344 4076 1222
2397 4022 2467 4057 ⁵³⁸
2521 4022 2729 4093 Corpus
2768 4021 2940 4077 sancti
3001 4022 3209 4078 Thome
3245 4023 3644 4080 Cantuariensis
3669 4023 3721 4077 de

2135 4118 2278 4165 terra
2309 4111 2535 4165 levatur.
2573 4111 2806 4166 Sanctus
2835 4110 3140 4166 Willelmus
3167 4111 3530 4169 Bituricensis
3565 4112 3718 4168 areni-

2132 4205 2447 4276 episc0pus,
2507 4205 2883 4260 Cisterciensis
2939 4205 3153 4260 ordinis
3199 4208 3528 4274 monachus,
3579 4207 3719 4263 Rome

2131 4298 2505 4364 canonizatur,
2546 4314 2691 4352 anno
2719 4299 2810 4353 50.
2845 4314 2876 4351 a
2905 4297 3164 4368 martyrio
3194 4314 3315 4353 suo.

2204 4389 2353 4446 l223.
2400 4389 2685 4461 Philippus
2716 4406 2808 4443 rex
2841 4388 3170 4443 Francorum
3204 4390 3618 4459 invictissimus,
3646 4389 3721 4461 qui

2131 4482 2235 4536 sibi
2294 4497 2401 4536 non
2449 4498 2669 4552 parvam
2727 4486 2933 4550 partem
2966 4480 3278 4551 Aquitanie,
3336 4481 3718 4541 Normanniam,

2139 4571 2468 4637 Flandriam,
2501 4586 2622 4625 cum
2675 4576 2826 4641 parte
2861 4567 3100 4623 Pictavie
3153 4570 3390 4625 maxima
3420 4568 3718 4643 subjugavit,

2137 4665 2189 4718 2.
2226 4664 2356 4719 ldus
2386 4663 2511 4718 Julii
2543 4662 2612 4717 de
2659 4660 2842 4715 medio
2882 4659 3058 4715 factus
3085 4660 3154 4714 ab
3189 4662 3291 4716 hac
3320 4663 3434 4717 vita
3478 4660 3718 4737 migravit.

2142 4759 2236 4813 llic
2260 4757 2469 4813 nullum
2500 4771 2739 4827 unquam
2763 4752 3100 4824 proditorem
3131 4754 3357 4822 amavit,
3376 4756 3475 4810 sed
3487 4759 3721 4828 quotquot

2139 4851 2205 4905 ad
2247 4866 2306 4904 se
2336 4848 2654 4915 veniebant,
2686 4845 2909 4902 castella
2957 4850 3012 4898 et
3041 4843 3199 4900 villas
3227 4845 3296 4900 ab
3321 4847 3404 4901 eis
3430 4845 3720 4917 accipiebat.

2140 4948 2195 4994 et
2224 4955 2320 4995 eos
2347 4939 2414 4993 de
2447 4952 2614 5012 regno
2636 4951 2735 4991 suo
2762 4935 2880 4990 sine
2903 4949 3001 5005 spe
3028 4935 3344 4990 revertendi
3374 4935 3591 5007 penitus
3607 4930 3723 4988 eﬂ‘u—

2137 5035 2317 5110 gabat.
2362 5033 2517 5103 Apud
2570 5031 2883 5086 Medontam
2931 5027 3246 5093 defunctus,
3292 5031 3442 5101 apud
3491 5031 3717 5084 Sanctum

2136 5126 2475 5197 Dyonisium,
2504 5123 2888 5178 assistentibus
2935 5122 3006 5177 22
3035 5122 3314 5193 episcopis
3341 5128 3398 5177 et
3440 5122 3475 5176 2
3505 5119 3721 5176 cardina-

2137 5218 2281 5273 libus
2311 5226 2365 5272 et
2394 5232 2522 5289 rege
2552 5213 3018 5282 Jerosolimitano,
3060 5212 3347 5283 sepulture
3391 5211 3612 5267 traditus
3636 5213 3719 5262 est.

2137 5313 2231 5369 Cui
2258 5312 2523 5368 successit
2552 5309 2860 5365 Ludovicus
2897 5308 3045 5366 filius
3083 5308 3205 5377 ejus
3249 5308 3305 5362 in
3338 5322 3580 5380 regnum.
3607 5305 3722 5357 Ante

2135 5402 2344 5458 obitum
2376 5399 2521 5473 regis
2546 5397 2782 5469 Philippi
2801 5412 2945 5452 anno
2974 5396 3313 5468 precedente
3341 5396 3455 5451 visa
3484 5400 3564 5449 est
3591 5387 3721 5445 stella

1777 5503 1995 5558 VAHl/E
2026 5500 2402 5559 LECTIONES.

497 5623 567 5658 ωε
601 5618 842 5689 quaedam
867 5614 1056 5668 deleta.
1152 5612 1220 5645 5’3
1250 5609 1597 5683 abigensium
1624 5623 1671 5660 ε.

1763 5605 1832 5637 ⁵²⁴
1861 5620 2042 5659 annus
2064 5608 2301 5659 incertus
2383 5599 2451 5633 ⁵³⁸
2492 5599 2612 5652 add.
2652 5613 2852 5652 manus
2876 5613 2900 5651 δ
2954 5601 3054 5652 XV.

1980 5701 2167 5757 ΝΟΤᾹΞ

499 5793 643 5866 (534)
679 5790 718 5846 1.
752 5805 800 5844 e.
834 5797 1023 5841 comes
1051 5780 1274 5851 pilutus,
1304 5776 1558 5849 Baugraf.
