3858 6206
169 308 254 365 401

1095 301 1442 357 CHRONICA.
1491 330 1549 339 -—
1595 296 1973 353 AUCTARIUM
2020 299 2540 356 URSICAMPINUM.

3376 311 3480 367 402

168 430 292 482 circa
320 440 574 481 occasum
608 423 741 478 solis
798 422 1183 490 Decembrilis,
1213 422 1450 493 plurime
1481 419 1758 492 magnitu-
1790 424 1839 489 Α
1941 419 2093 474 1229.
2118 420 2147 473 7
2176 420 2293 475 Kal.
2326 421 2575 477 Octobris
2605 422 2744 478 obiit
2785 426 2875 495 pie
2910 429 3177 484 memorie
3207 429 3480 486 Theobal-

168 516 311 581 dinis,
343 513 544 568 ardens
568 511 718 567 velut
745 510 945 575 facula,
979 511 1166 565 radios
1196 526 1409 564 sursum
1442 510 1682 581 erigens,
1704 515 1758 562 et

169 608 215 659 in
242 611 446 659 acutum
470 601 626 657 velut
651 602 705 655 in
737 616 935 655 conum
969 600 1256 672 colligens,
1303 606 1446 652 terre
1476 598 1654 652 vicina
1685 596 1761 650 vi-

169 694 399 759 debatur,
431 696 483 746 et
516 690 741 761 aliquod
771 690 1084 765 prodigium
1107 690 1437 760 portendere
1459 688 1759 742 ferebatur.

170 788 297 840 Hanc
328 784 586 839 dicebant
612 800 734 839 esse
776 791 1068 839 cometem.
1103 782 1426 845 Ludovicus,
1458 781 1603 855 regis
1630 780 1759 833 Phi-

167 876 248 946 lipi
275 875 433 941 filius,
463 875 496 929 8
530 875 658 929 Idus
684 874 912 946 Augusti
958 880 1157 928 unctus
1186 880 1240 928 et
1264 880 1562 927 coronatus
1590 878 1673 925 est
1701 870 1757 923 in

163 991 325 1044 regem
354 973 501 1044 apud
532 973 719 1028 Remis
747 974 1045 1028 civitatem.

222 1062 349 1116 1225
378 1064 464 1116 δεδ.
495 1062 529 1116 3
561 1062 699 1117 Non.
756 1063 885 1117 Julii
941 1063 1079 1117 obiit
1138 1063 1328 1117 Vitalis
1358 1063 1530 1117 abbas
1563 1061 1755 1116 Mortni

164 1154 330 1208 maris.
404 1154 500 1208 Cui
543 1155 810 1210 successit
857 1154 1186 1218 Osmundus,
1244 1156 1491 1223 ejusdem
1562 1155 1756 1209 domus

163 1243 309 1312 prior.

222 1338 454 1393 12265".
485 1340 517 1391 7
554 1338 685 1393 ldus
748 1339 1074 1393 Novembris
1122 1339 1259 1394 obiit
1315 1338 1622 1394 budovicus
1665 1355 1756 1393 rex

165 1429 490 1486 Francorum.
535 1431 633 1486 Cui
666 1431 933 1486 successit
1002 1431 1307 1486 Ludovicus
1364 1430 1508 1484 filius
1556 1430 1694 1495 ejus.
1724 1429 1757 1481 3

164 1520 262 1579 Kal.
293 1522 531 1577 Octobris
564 1523 705 1577 obiit
772 1523 1082 1577 Osmundns
1132 1522 1302 1576 abbas
1324 1522 1516 1576 Mortui
1565 1520 1751 1574 maris.

165 1608 243 1663 Cui
272 1612 537 1666 successit
561 1612 804 1666 domnus
834 1612 1096 1666 Ricardus
1119 1610 1481 1665 Costentinus.

224 1701 366 1757 1227.
392 1702 535 1756 Obiit
588 1702 862 1758 llonorius
903 1718 1083 1773 papa;
1121 1703 1207 1756 cui
1251 1702 1519 1757 successit
1544 1702 1753 1777 Grego-

1868 510 1971 563 dus
1997 511 2066 565 de
2098 510 2405 577 Ambianis,
2425 513 2876 586 archiepisc0pus
2906 517 3380 593 Rothomagensis.

1940 650 2094 707 123i.
2145 652 2238 708 Cui
2295 656 2562 709 successit
2616 657 2949 712 venerabilis
2997 661 3313 732 Mauricius,
3355 673 3478 736 post

1866 742 2045 812 ipsum
2077 743 2540 818 Rothomagensis
2566 745 3040 820 archiepisc0pus.

1936 884 2091 938 1234.
2126 885 2307 940 Pridie
2338 886 2467 941 Idus
2514 887 2760 943 Januarii
2797 890 2936 946 obiit
2982 893 3127 962 apud
3172 894 3470 952 Salicosam

1861 976 1952 1046 pie
1980 978 2243 1032 memOrie
2275 979 2567 1034 Mauricius
2618 981 3081 1056 Rothomagensis
3101 988 3473 1060 archiepisco-

1862 1082 1986 1134 pus,
2018 1066 2086 1120 de
2118 1067 2248 1121 sede
2282 1067 2970 1127 Cenomanensiadomino
3011 1091 3153 1145 papa
3181 1077 3479 1135 Rothoma-

1861 1155 2016 1229 gensi
2048 1157 2280 1210 ecclesie
2313 1166 2651 1230 prorogatus.
2683 1161 2782 1226 Qui
2802 1160 3147 1220 fervenszelo
3176 1168 3478 1241 vivensque

1859 1248 1997 1312 celo,
2027 1248 2229 1302 nullam
2263 1248 2317 1303 in
2368 1251 2526 1305 terris
2572 1253 2879 1323 accipiebat
2906 1272 3219 1327 personam,
3250 1276 3360 1316 non
3389 1279 3480 1317 re-

1860 1353 2005 1408 gem,
2036 1352 2146 1391 non
2189 1338 2517 1408 principem,
2574 1356 2683 1395 non
2716 1350 3029 1413 tyrannum,
3081 1363 3191 1402 non
3226 1348 3475 1405 divitem.

1859 1432 2184 1486 Sacerdotes
2210 1432 2532 1489 fornicarios
2558 1437 2917 1493 vehementer
2933 1443 3314 1510 execrabatur,
3339 1446 3480 1514 deji-

1860 1522 2039 1577 cicbat
2066 1539 2162 1577 eos
2191 1524 2260 1577 de
2292 1525 2562 1590 ecclesiis,
2593 1535 2647 1582 et
2671 1530 2739 1583 ad
2771 1531 2957 1585 sedem
2987 1536 3347 1603 apostolicam
3378 1553 3478 1591 eos

1856 1613 2223 1668 absolvendos
2249 1614 2515 1670 mittebat.
2564 1617 2820 1673 Doctores
2849 1621 3081 1676 honeste
3111 1624 3221 1677 vite
3245 1630 3298 1679 et
3331 1626 3476 1681 bone

1855 1705 1999 1760 fame
2026 1705 2392 1761 venerabatur
2421 1715 2475 1763 et
2504 1709 2718 1782 magnis
2741 1710 3031 1767 beneficiis
3052 1713 3364 1775 ditabatm.

161 1794 271 1847 rius.
976 1772 987 1773 ί
1653 1772 1681 1777 ν
1782 1772 1833 1839 Β

1469 1918 1684 1973 νΛΒΙᾹΞ
1730 1918 2110 1973 LECTIONES.

222 2054 284 2085 ⁵²⁶
308 2069 559 2133 nutricius
588 2054 977 2133 anni-erasus)
1008 2055 1239 2133 fortasse
1266 2055 1375 2121 fuit
1405 2052 1656 2133 12212537
1715 2070 1971 2109 numerus
2002 2070 2207 2109 erasus.
2242 2054 2309 2089 ⁵2⁸
2375 2056 2630 2122 Quantam
2686 2060 2743 2111 in
2797 2062 2901 2127 ﬁne
2932 2064 3176 2130 paginas,
3209 2080 3328 2133 quae
3348 2065 3468 2131 for-

167 2130 289 2178 tasse
308 2143 355 2179 a.
381 2125 520 2178 2135
539 2127 834 2180 historiam
866 2127 1238 2189 illustrabant,
1273 2141 1430 2179 erasa
1453 2128 1597 2179 sunt.

2992 2292 3325 2301 ———_—_._.
3342 2297 3461 2303 ,.___

167 2313 334 2322 ———

797 2422 1600 2520 AUCTARIUM
1721 2421 2796 2521 URSICAMPINUM.

222 2619 359 2669 Intra
396 2634 447 2670 α.
483 2618 800 2673 1155-1200
827 2621 1120 2673 monachus
1156 2622 1463 2687 Ursicampi
1506 2619 1776 2688 (Orcamp,
1809 2619 2046 2672 (licccesis
2104 2617 2495 2685 Noviomcnsis)
2564 2617 2898 2685 Sigcbcrtum
2952 2620 3239 2689 descripsit
3287 2638 3355 2676 ea:
3387 2624 3451 2677 [ll

164 2705 264 2740 cum
283 2691 522 2744 omnibus
549 2692 673 2758 ejus
700 2697 863 2760 atque
890 2693 1274 2745 Bellovucensis
1302 2692 1706 2753 additumcntis,
1744 2692 1937 2758 quibus
1964 2692 2077 2758 ipse
2105 2690 2323 2742 addidit
2336 2705 2555 2754 magnos
2580 2695 2820 2743 centones
2850 2707 2912 2743 ac
2940 2690 3191 2756 Gal/'rido
3221 2695 3468 2748 Monmu-

166 2762 365 2813 tensiad
391 2762 619 2815 verbum
642 2763 956 2830 descriptos,
995 2769 1042 2817 et
1073 2765 1185 2816 alia
1208 2764 1474 2830 quasdam,
1508 2779 1568 2814 ru.
1591 2778 1705 2829 qum
1735 2763 1820 2814 hic
1858 2763 2070 2814 damus.
2122 2762 2266 2814 Illum
2297 2763 2749 2813 continuationem
2778 2778 2967 2815 noram
3002 2766 3078 2815 ita
3103 2767 3374 2831 con/lavit,
3407 2771 3468 2821 ut

164 2832 700 2903 Prremonstratenscm
739 2850 806 2886 ea:
835 2834 897 2886 [Η
933 2835 1257 2898 describens,
1289 2850 1458 2902 usque
1480 2835 1551 2885 αι]
1580 2850 1612 2885 tt
1678 2834 1836 2897 1128,
1862 2850 1923 2884 er
1964 2834 2214 2886 Anselmo
2242 2832 2539 2900 plurimum
2564 2834 3069 2903 tutamini-etpost
3094 2851 3290 2903 purum
3309 2840 3464 2890 exhi-

166 2901 279 2954 beret
309 2905 369 2956 Ite
394 2920 486 2957 suo
520 2907 764 2958 inserens
788 2921 885 2973 per
911 2911 1076 2959 totum
1106 2923 1164 2958 ea
1186 2910 1394 2958 tantum
1424 2921 1543 2973 qzm:
1573 2906 1658 2957 hic
1680 2906 2010 2959 t’.P!Ii,/Plnu$‘.
2061 2904 2152 2957 Usi
2196 2907 2322 2957 sunt
2362 2905 2611 2957 Nicotaus
2644 2901 3050 2969 Ambiunensis,
3078 2901 3337 2962 Robertus
3368 2910 3468 2963 Αι-

166 2975 599 3029 tissioderensiset
616 2992 685 3028 ea:
714 2992 769 3029 eo
815 2978 1088 3031 Gcrurilns
1117 2978 1179 3029 de
1226 2978 1477 3029 Frachrto
1505 2982 1549 3027 et
1583 2976 1894 3030 Guillwlmus
1950 2976 2014 3028 (te
2053 2979 2253 3041 Minyis
2288 2993 2301 3035 ;
2354 2976 2661 3028 Vincentius
2702 2976 3082 3030 Bellovarensis
3125 2994 3138 3037 ;
3172 2979 3462 3034 ediderunt

169 3044 457 3101 Guillelmus
473 3050 707 3107 Parvus,
737 3052 786 3100 ct
813 3064 880 3100 ea:
908 3049 1002 3100 hoc
1033 3049 1352 3111 Schartlius,
1388 3050 1670 3110 Pistor-ius,
1718 3053 1927 3110 siti-ure,
1952 3050 2205 3115 Boni/uer.
2252 3053 2369 3105 Nos,
2398 3047 2574 3099 codice
2603 3048 2718 3114 ipso
2752 3046 3125 3116 Ursicampino
3156 3050 3455 3118 deperdita,

166 3131 221 3167 ea:
247 3118 352 3184 ejus
379 3120 697 3187 apograplto
738 3120 879 3172 D1”
918 3120 1111 3172 (lamus
1138 3137 1197 3171 ea
1225 3124 1431 3173 tantum
1472 3121 2009 3187 qqursicampinus
2037 3119 2279 3185 fontibus
2310 3120 2421 3171 suis
2450 3118 2517 3170 Dl
2554 3122 2602 3170 ct
2635 3118 2693 3169 Bt
2731 3119 2932 3186 adjecit
2974 3122 3465 3181 ;continuationem

165 3190 286 3241 enim
306 3191 555 3245 rccudere
588 3194 877 3257 integram,
902 3192 1094 3244 inutile
1112 3196 1247 3256 erat,
1272 3207 1389 3244 cum
1410 3206 1539 3259 quia
1571 3192 1857 3259 compitum
1882 3195 2092 3243 tantum
2118 3195 2211 3252 est,
2233 3194 2347 3243 tum
2380 3191 2511 3258 quia
2528 3192 2699 3242 sanies
2717 3189 2839 3257 jam
2869 3192 3360 3261 legiturimpressa.

219 3342 444 3415 (Oxum)
480 3346 647 3412 Praef.
703 3344 891 3400 Narrat
928 3346 1154 3417 antiqua
1214 3345 1493 3400 Britonum
1528 3376 1593 3385 —
1618 3345 1753 3419 jugo
1785 3349 1834 3417 C
1925 3346 2049 3399 447.
2076 3345 2254 3415 (Gneo.
2280 3344 2411 3399 Tua.
2447 3350 2515 3399 Dc
2543 3346 2613 3413 gl.
2648 3346 2838 3415 mart.)
2889 3346 3119 3401 Nomina
3146 3356 3327 3404 autem
3369 3365 3469 3405 eo-

163 3440 444 3490 tenuerunt.

216 3525 324 3579 382.
349 3525 657 3594 Civitatem,
710 3543 874 3598 quam
928 3527 1236 3582 Antoninus
1289 3527 1415 3581 Pius
1466 3543 1589 3581 cum
1636 3526 1749 3580 filio

159 3614 347 3669 Aurelio
376 3615 653 3682 condidit,
681 3616 1230 3671 ctSommonobriam
1246 3615 1312 3669 ab
1333 3615 1622 3684 adjacente
1646 3616 1749 3669 tiu-

160 3701 284 3756 mine
311 3704 626 3774 appellavit,
686 3704 972 3759 Gratianus
1006 3705 1305 3775 imperator
1345 3721 1444 3759 suo
1498 3705 1743 3759 dominio

163 3795 518 3865 mancipatam,
553 3802 760 3851 mutato
820 3797 1065 3863 nomine,
1118 3797 1401 3851 Ambianis
1442 3798 1510 3851 ad
1534 3797 1743 3851 ambitu

164 3881 421 3939 fluminum
448 3886 801 3941 fecitvocari.
836 3887 911 3941 Eo
941 3895 1189 3957 tempore
1223 3886 1587 3957 profecturam
1622 3887 1747 3940 Gal—

164 3968 297 4026 licam
338 3976 681 4031 ministrabat
709 3976 793 4029 vir
832 3974 1063 4030 illustris
1087 3976 1493 4042 Faustinianus,
1529 3976 1621 4048 qui
1655 3994 1754 4051 ge-

165 4064 264 4117 nuit
291 4064 477 4134 tilium,
537 4083 702 4138 quem
751 4067 822 4122 ob
867 4083 1109 4122 amorem
1161 4078 1214 4122 et
1245 4069 1568 4122 memoriam
1601 4067 1748 4121 beati

162 4147 359 4208 Firmini
390 4156 649 4226 martyris
695 4156 993 4210 Firminum
1026 4157 1258 4218 vocavit,
1295 4156 1749 4212 Ambianensium

163 4246 381 4311 tempore
410 4245 703 4315 posteriori
732 4246 1081 4316 episcopum.

219 4330 311 4385 383
349 4335 471 4405 (Ιὸ.)
492 4334 755 4389 Maximus
790 4334 890 4389 iste
916 4366 983 4374 —
1013 4350 1288 4389 exercere.

218 4418 327 4474 386.
361 4424 478 4493 (Ιὸ.)
505 4424 718 4477 Partem
750 4423 933 4477 Galliae
964 4453 1029 4463 —
1052 4424 1380 4494 appellatur.

218 4510 329 4566 389.
368 4515 489 4584 (1b.)
524 4514 800 4569 Pictorum
834 4545 899 4555 —
929 4514 1271 4585 hybcrniam.

223 4601 333 4657 390.
364 4606 488 4673 (1b.)
514 4605 631 4659 Alia
656 4606 886 4661 historia
912 4637 974 4646 —
1004 4606 1377 4662 interficerent
1400 4608 1572 4662 illum.

220 4695 329 4749 413.
353 4700 478 4768 (Ιὸ.)
504 4700 643 4754 Inito
666 4707 846 4753 autem
881 4731 947 4741 —
982 4700 1492 4770 Utherpendragon.

224 4789 277 4841 41
294 4792 335 4845 4.
372 4794 495 4862 (1b.)
526 4793 832 4848 Notandum
867 4825 931 4833 -—
964 4794 1298 4850 nitebantur.

219 4880 329 4937 423.
365 4887 527 4953 (Bern
566 4890 647 4941 ·ΙΙ.
691 4889 782 4953 E.)
814 4885 1041 4941 :Estimo
1103 4916 1161 4925 -
1193 4888 1261 4941 ab
1317 4886 1555 4944 Honorio
1615 4890 1747 4944 mis-

164 4980 287 5024 sum.

221 5063 328 5119 424.
366 5068 568 5137 (Caua)
600 5068 960 5125 Constantino
992 5100 1053 5110 —
1073 5079 1351 5127 evacuata.

222 5154 337 5210 431.
367 5161 488 5230 (11).)
519 5160 888 5232 Perempto—
910 5162 1094 5234 adepti
1124 5170 1269 5219 sunt.

222 5247 333 5303 434.
358 5252 472 5319 (Ιὸ.)
507 5254 565 5306 In
597 5253 875 5308 Britannia
899 5286 963 5293 —
989 5255 1261 5330 corrigiae.

223 5337 330 5393 436.
382 5344 459 5405 (Ib
489 5346 503 5413 )
535 5344 645 5398 Rex
682 5346 963 5401 Britonum
1011 5378 1069 5389 -—
1115 5348 1365 5417 patriam.

224 5427 334 5483 437.
376 5432 494 5497 (Νι.)
528 5434 691 5487 Filius
719 5435 1122 5510 Wortegirni—
1156 5436 1554 5508 Wortegirnus.

223 5519 336 5575 439.
364 5525 487 5595 (1b.)
520 5525 629 5579 Rex
664 5528 1045 5600 Wortegirnus
1065 5559 1132 5567 —
1159 5528 1541 5585 obtinuerunt.

225 5608 338 5663 445.
368 5610 488 5681 (1b.)
521 5615 631 5668 Rex
662 5616 1042 5687 Wortegirnus
1073 5650 1132 5657 —-
1163 5617 1498 5683 huiusmodi.

226 5698 356 5761 (446.
389 5704 505 5774 (ιῡ.)
530 5705 641 5760 Hoc
662 5707 781 5761 loco
806 5717 1016 5777 ponunt
1048 5739 1111 5749 —-
1146 5708 1431 5763 restitutus
1452 5710 1525 5763 sit

1855 3453 1973 3490 rum
1994 3440 2207 3505 (septem
2234 3438 2636 3504 dormientium)
2666 3437 2768 3491 hec
2798 3445 2946 3504 sunt,
2975 3455 3082 3509 que
3116 3438 3169 3491 in
3196 3439 3470 3509 baptismo

1852 3532 2239 3596 acceperunt:
2308 3525 2583 3591 Malchus,
2646 3526 3027 3595 Maximianus,
3083 3528 3465 3596 Martinianus,

1853 3619 2126 3674 Dionisms
2159 3663 2173 3685 ,
2243 3619 2526 3673 Johanncs
2559 3660 2572 3683 ,
2660 3620 2926 3691 Serapion
2963 3664 2976 3689 ,
3056 3623 3464 3681 Constantinus.

1850 3705 2093 3775 (Caua)
2124 3706 2440 3760 Ambrosius
2467 3737 2528 3745 —
2568 3708 2857 3763 construit.

1921 3798 2045 3850 457.
2082 3799 2202 3867 (112.)
2244 3797 2505 3852 Maximus
2555 3798 2805 3853 tirannus
2852 3816 2882 3853 a
2940 3802 3146 3870 populo
3189 3804 3465 3860 membra-

1853 3886 1946 3940 tim
1976 3886 2324 3957 discerpitur.

1923 3975 2046 4029 457.
2074 3974 2196 4046 (1b.)
2229 3975 2404 4045 Super
2428 3973 2663 4028 Insulam
2693 3975 3000 4030 —nomine
3030 3976 3259 4031 Annam.

1926 4064 2049 4119 466.
2072 4067 2189 4135 (1b.)
2216 4064 2705 4137 Utherpcndragon
2730 4096 2799 4104 —
2827 4064 3037 4120 vivere.

1923 4159 2045 4212 470.
2080 4159 2198 4227 (11).)
2232 4158 2362 4211 Nam
2394 4158 2437 4211 si
2463 4156 2626 4211 fidem
2659 4158 3048 4229 —prostratis.

1923 4249 2045 4303 472.
2090 4250 2211 4317 (1b.)
2236 4249 2343 4303 Rex
2376 4250 2601 4303 Arturus
2631 4281 2695 4289 —
2730 4249 2987 4305 restituit.

1925 4340 2109 4406 (Gai-:6.
2169 4337 2300 4392 Tun.
2344 4341 2471 4393 mir.
2512 4344 2564 4393 S.
2620 4340 2802 4409 Mart.)
2844 4339 2936 4393 llis
2993 4339 3190 4393 diebus
3240 4348 3464 4396 sanctus

1854 4430 2156 4501 Perpetuus
2182 4462 2250 4470 —
2281 4448 2383 4486 nec
2403 4438 2591 4502 postea
2619 4432 2949 4503 comparuit.

1922 4523 2047 4578 473.
2080 4524 2334 4594 (Θέλω-η.)
2366 4527 2593 4579 Arturus
2622 4556 2685 4565 -
2717 4524 2988 4580 fecerunt.

1918 4616 2040 4670 48:2.
2078 4616 2201 4684 (1b.)
2230 4618 2457 4669 Arturus
2486 4647 2548 4657 ——
2577 4616 2828 4671 rediisse.

1918 4704 2043 4760 488.
2075 4704 2184 4759 Hoc
2215 4711 2461 4774 tempore
2510 4704 2649 4758 facta
2702 4712 2784 4759 est
2814 4705 3059 4761 inventio
3090 4716 3291 4778 crypta:
3322 4725 3459 4762 san-

1848 4792 1919 4847 cti
1951 4792 2228 4848 Michaelis
2252 4793 2565 4864 archangeli
2589 4793 2642 4846 in
2681 4803 2868 4848 monte
2936 4796 3205 4866 Gargano,
3230 4797 3376 4851 unde
3405 4804 3460 4851 et

1849 4882 1969 4950 ejus
1991 4880 2258 4935 memoria
2287 4881 2520 4955 singulis
2548 4881 2709 4935 annis
2736 4882 2941 4937 celebri
2963 4884 3256 4941 festivitate
3282 4886 3338 4940 in
3365 4903 3457 4942 ec-
3550 4870 3557 4873 ’

1849 4974 2033 5030 clesiis
2063 4973 2159 5028 Dei
2184 4972 2463 5029 recolitur.

1921 5063 2041 5117 491.
2076 5063 2313 5130 (Gaum)
2347 5062 2456 5116 lloc
2478 5062 2598 5117 loco
2631 5062 2858 5134 quidam
2886 5063 3185 5119 —dicitur.

1921 5160 2042 5214 514.
2076 5157 2467 5213 Clodoveus—
2510 5159 2760 5228 moritur)
2816 5167 2871 5214 et
2919 5160 3188 5230 sepelitur
3220 5160 3462 5215 Parisius

1852 5251 1906 5304 in
1920 5251 2141 5305 basilica
2160 5250 2335 5304 sancti
2367 5251 2507 5305 Petri
2536 5250 2791 5321 apostoli,
2826 5268 2989 5322 quam
3038 5251 3154 5322 ipse
3182 5259 3236 5306 et
3276 5250 3468 5324 regina

1852 5346 2101 5400 Clotildis
2133 5346 2540 5401 aitlificaverant

1922 5435 2046 5489 53ῖί.
2083 5436 2247 5488 Porro
2270 5443 2491 5489 sanctus
2522 5435 2811 5489 Medardns
2839 5436 3025 5489 sedem
3062 5434 3456 5505 episcopalem.

1850 5543 1957 5598 quc
2000 5527 2149 5596 prius
2178 5534 2293 5579 erat
2326 5527 2685 5593 Vermandus,
2710 5533 2934 5598 propter
2959 5527 3206 5597 ejusdem
3236 5526 3467 5580 subver-

1849 5617 2062 5671 sionem
2093 5616 2365 5671 transtulit
2393 5617 2740 5671 Noviomum.
2775 5618 2898 5687 Ipse
2928 5616 3093 5669 etiam
3120 5622 3243 5684 post
3268 5614 3463 5665 deces-

1851 5725 1968 5762 sum
2002 5708 2174 5761 sancti
2237 5708 2530 5761 Eleutherii
2587 5708 2946 5763 Tornacensis
2977 5705 3221 5775 episcOpi
3263 5715 3459 5770 regen-
