3858 6206
394 299 497 354 403

1606 300 1949 354 SIGEBERTI
1994 300 2508 355 GEMBLALENSIS.

3624 301 3736 357 404

383 423 505 477 dam
547 423 1217 493 suscepitTornacensem
1271 424 1583 485 ecclesiam,
1616 434 1670 479 et
1704 435 1821 496 post
1865 442 1990 480 eum
2020 430 2067 497 Α
2099 426 2273 480 altero
2299 441 2520 496 corpus,
2577 428 2774 501 angelo
2832 425 3110 481 revelante
3152 426 3437 480 inventum
3492 426 3733 480 fuerata

383 514 729 567 successores
755 512 876 579 ejus
896 512 1056 566 annis
1080 513 1284 578 multis,
1316 530 1489 584 usque
1518 514 1582 567 ad
1635 524 1849 584 tempus
1892 516 1995 568 Eu-

385 604 534 676 genii
568 621 723 675 papae
757 605 923 670 tertii,
957 612 1010 658 et
1040 605 1261 659 demum
1323 606 1561 660 Simonis
1593 606 1865 675 episc0pi,
1900 608 1993 677 qui

385 697 526 751 obiit
564 714 711 752 anno
752 698 967 752 Domini
998 699 1155 754 1M8.

460 790 580 844 542.
637 793 791 855 (llist.
862 790 1031 857 misc.)
1107 789 1574 859 Constantinopoli
1668 789 1996 844 mortalitate

390 899 589 957 magna
619 883 959 953 insurgentc,
992 889 1193 936 statuta
1244 890 1325 936 est
1366 883 1708 936 sollemnitas
1734 882 1995 953 purifica-

390 975 559 1029 tionis
579 975 753 1029 beatze
777 975 822 1027 M
835 976 982 1036 arize,
1000 991 1105 1045 que
1121 976 1287 1029 Grece
1305 984 1547 1039 ‘;‘mvm,
1567 976 1619 1029 id
1640 983 1725 1029 est
1739 975 1999 1041 obviatio,

390 1064 609 1130 dicitur,
651 1081 717 1119 eo
751 1065 897 1135 quod
940 1065 1029 1118 die
1057 1065 1148 1118 illo
1171 1067 1403 1135 Symeon
1428 1065 1935 1120 obviaveritoblato
1957 1065 2010 1118 in

395 1156 656 1226 templum
714 1156 967 1220 Domino,
1018 1164 1072 1210 et
1131 1157 1201 1210 ita
1263 1157 1564 1211 mortalitas
1617 1157 1708 1211 illa
1758 1156 2010 1211 cessavit.

395 1247 640 1315 (GALFR.)
692 1248 872 1319 Usque
922 1248 987 1301 ad
1041 1248 1144 1302 hoc
1175 1255 1391 1317 tempus
1441 1278 1509 1287 —
1544 1248 1788 1302 historiis
1817 1246 2014 1301 confc-

393 1347 598 1392 rantur.

463 1430 586 1485 519.
622 1431 740 1500 (1b.)
776 1431 879 1485 Sed
922 1432 991 1485 de
1024 1432 1127 1485 hoc
1161 1447 1288 1504 rege
1323 1463 1381 1471 —
1419 1432 1784 1501 Wortiporius

464 1519 587 1573 556.
620 1519 763 1573 Obiit
799 1529 1024 1573 sanctus
1070 1520 1361 1574 Mcdardus
1396 1520 1776 1574 Noviomcnsis
1805 1520 2011 1573 etTor-

393 1609 670 1673 naccnsis,
702 1608 755 1662 in
787 1609 946 1676 cujus
980 1610 1209 1662 transitu
1272 1610 1471 1663 co'lum
1537 1617 1787 1678 apertum
1823 1616 1924 1674 est,
1960 1617 2013 1661 et

2095 517 2396 576 venerabili
2444 526 2691 572 matrona
2748 518 3016 583 Romana,
3068 520 3293 573 nomine
3330 518 3589 585 Eusebia,
3622 535 3735 589 que

2098 627 2197 682 pro
2229 624 2457 662 munere
2509 608 2759 677 ejusdem
2805 606 2978 661 officii
3025 607 3210 661 lumen
3264 608 3580 674 oculorum,
3611 623 3737 683 lquo

2097 710 2255 757 antea
2287 698 2497 770 privata
2530 700 2729 765 fuerat,
2766 715 2864 771 per
2907 700 3146 754 eundem
3176 707 3472 770 martyrem
3501 700 3736 770 recepit.

2102 798 2161 851 Et
2194 798 2294 850 hec
2335 794 2591 849 inventio
2615 810 2763 849 anno
2795 811 2825 848 a
2880 795 3139 865 passione
3170 794 3345 865 ipsius
3386 796 3648 865 martyris
3672 794 3745 845 55

2102 886 2305 950 evenit,
2344 886 2437 955 qui
2471 900 2662 953 passus
2684 891 2769 937 est
2808 884 3129 953 martyrium
3183 899 3329 938 anno
3356 884 3578 938 Domini
3608 883 3743 939 332-

2112 978 2215 1032 Scd
2251 988 2538 1049 postquam
2572 976 2789 1047 prefata
2820 977 3023 1031 mulier
3060 976 3318 1049 religiosa
3347 977 3525 1031 sancti
3549 984 3747 1046 marty-

2116 1069 2191 1123 ris
2223 1086 2424 1139 corpus
2454 1069 2685 1131 invenit,
2712 1077 2874 1140 atque
2902 1069 2954 1122 in
2980 1069 3251 1139 superiori
3273 1069 3394 1123 loco
3428 1070 3742 1139 prominen-

2121 1166 2191 1219 tis
2232 1165 2447 1235 Oppidi,
2483 1165 2630 1236 quod
2680 1164 2986 1235 antiquitus
3017 1165 3255 1236 Augusta
3284 1165 3747 1219 Viromandorum

2118 1254 2437 1318 vocabatur,
2492 1253 2832 1319 collocavit;
2880 1253 3199 1307 labentibus
3248 1254 3438 1307 multis
3471 1269 3744 1308 annorum

2121 1342 2429 1404 curriculis,
2490 1341 2844 1411 sepulchrum
2892 1342 3143 1407 ejusdem
3214 1342 3467 1411 martyris
3517 1341 3744 1395 ubinam

2118 1430 2441 1495 haberetur,
2488 1430 2699 1483 cunctis
2755 1437 2869 1483 erat
2916 1430 3209 1483 incertum.
3265 1429 3515 1498 Denique
3553 1436 3743 1483 sancto

2116 1520 2286 1592 Eligio
2311 1518 2657 1573 Noviomensi
2691 1518 2925 1571 ecclesie
2960 1517 3344 1587 pontificante,
3377 1518 3522 1572 facta
3554 1518 3743 1589 inqui-

2112 1608 2310 1660 sitione
2344 1607 2410 1661 de
2433 1607 2679 1673 ejusdem
2734 1607 2986 1675 martyris
3008 1623 3262 1677 corpore,
3307 1608 3411 1661 sub
3448 1607 3737 1677 prcsentia

394 1700 582 1754 divina
610 1707 735 1753 ante
753 1715 877 1753 eum
911 1700 1228 1753 micuerunt
1256 1700 1548 1753 luminaria
1570 1700 1748 1769 spatio
1777 1700 2006 1753 duarum
2040 1729 2085 1795 ,3
2116 1697 2288 1767 ipsius
2328 1697 2571 1767 episropi
2630 1696 2887 1750 inventus
2945 1705 3027 1751 est
3077 1697 3312 1759 loculus,
3350 1698 3404 1750 in
3462 1697 3745 1767 profundo

396 1792 676 1844 horarum.
715 1789 879 1856 Cujus
908 1804 1109 1859 corpus
1127 1805 1218 1841 rex
1276 1789 1556 1842 Lotharius
1579 1789 1859 1843 transferri
1883 1789 2013 1843 fecit
2042 1775 2054 1793 ’

396 1882 463 1934 ad
494 1880 684 1934 urbem
717 1878 1175 1931 Suessionenscm
1210 1897 1225 1940 ;
1269 1878 1612 1948 promittens,
1646 1879 1790 1949 quod
1848 1896 2015 1948 super

398 1988 521 2026 cum
556 1970 1000 2025 decentiSsimam
1031 1970 1311 2023 basilicam
1333 1962 1648 2033 aedificaret,
1677 1978 1730 2024 et
1764 1970 1896 2023 inibi
1932 1988 2014 2023 rc-

397 2064 718 2136 ligiosorum
742 2064 979 2117 virorum
1023 2070 1353 2117 conventum
1383 2070 1664 2116 statueret.
1692 2064 1843 2126 Quod
1876 2079 2014 2131 Opus

400 2154 520 2223 ipse
553 2152 775 2223 quidem
805 2153 994 2223 cmpit,
1026 2152 1123 2205 sed
1168 2152 1313 2205 filius
1340 2152 1459 2220 ejus
1490 2152 1807 2221 Sigebertus
1837 2152 2014 2205 adim-

399 2244 588 2315 plevit.

468 2339 594 2392 561.
633 2339 745 2409 (1b.)
776 2339 951 2408 Super
976 2338 1223 2392 Britones
1256 2370 1310 2377 —
1352 2339 1539 2392 multis
1579 2338 1758 2391 annis.

468 2430 594 2484 571.
628 2430 858 2482 Sanctus
886 2429 1163 2482 Amandus
1186 2429 1444 2482 nascitur.

467 2521 590 2574 596.
646 2521 833 2591 (PAUL.
894 2521 1068 2589 DIAC.)
1124 2520 1214 2573 llis
1268 2520 1466 2574 diebus
1496 2519 1766 2573 irruentes
1796 2519 2014 2591 Longo-

398 2611 558 2665 bardi
592 2612 647 2666 in
693 2613 980 2667 Cassinum
1038 2620 1277 2667 montem
1337 2644 1405 2651 —
1456 2611 1566 2665 vini
1618 2628 1802 2665 secum
1862 2612 2016 2665 defe-

398 2710 601 2756 TCDIOS.

469 2792 595 2844 604.
634 2792 872 2860 (Curru)
902 2791 1004 2845 Per
1033 2791 1396 2862 Augustinum
1429 2822 1495 2829 —
1527 2790 1813 2844 ecclesiam

468 2885 593 2937 611.
630 2885 751 2953 (Ib)
784 2884 911 2936 Post
943 2883 1291 2936 Cathcricum
1322 2914 1387 2923 —
1420 2884 1557 2937 facta
1580 2891 1681 2938 est.

469 2974 595 3027 616.
652 2975 767 3041 (1b.)
830 2972 1015 3027 ltefert
1072 2980 1252 3027 autem
1313 2974 1541 3028 historia
1588 3004 1654 3014 —
1699 2973 2017 3044 compulsus

402 3061 583 3116 fuerit.

470 3158 595 3213 632.
626 3159 742 3224 (1b.)
769 3158 1037 3213 Adunallo
1067 3175 1160 3212 rex
1188 3157 1466 3212 Britonum
1508 3189 1562 3197 —
1597 3159 1650 3211 in
1683 3168 1838 3212 terra.

470 3254 594 3310 635.
623 3253 745 3325 (1b.)
781 3254 872 3309 llic
890 3255 1025 3308 dicit
1058 3255 1200 3309 Beda
1231 3285 1299 3293 —
1330 3253 1617 3308 tetlificata.

469 3347 591 3402 673.
627 3346 745 3414 (1b,)
779 3347 1122 3401 Cadwollone
1151 3378 1215 3386 —
1240 3346 1636 3420 migravcrunt.

474 3439 600 3493 689.
637 3438 761 3508 (1b.)
788 3439 1172 3493 Cadwatadrus
1192 3470 1262 3479 -—-
1293 3446 1608 3509 potuerunt.

473 3532 603 3585 792.
657 3538 784 3587 Gen.
830 3549 876 3587 c.
922 3533 1133 3603 Fland.)
1196 3533 1305 3588 Hoc
1352 3540 1599 3603 tempore
1652 3534 1706 3587 in
1762 3535 2013 3589 Flandria

405 3625 817 3697 principabatur
866 3627 1143 3681 Sidericus
1193 3626 1564 3687 Harlebcnsis,
1614 3637 1770 3698 pater
1826 3630 2013 3699 Inger-

404 3716 583 3781 ranni,
624 3716 715 3787 qui
745 3716 936 3788 genuit
977 3716 1306 3779 Andracum,
1362 3725 1566 3786 patrem
1604 3717 1851 3771 Balduini
1883 3718 2012 3772 Fer-

402 3806 502 3872 rci,
535 3807 797 3877 quiduxit
826 3806 1125 3868 Juditham,
1149 3807 1316 3861 filiam
1350 3807 1521 3861 Caroli
1558 3808 1722 3862 Calvi.

467 3901 592 3956 843.
626 3901 799 3971 (11000
834 3901 1013 3967 FLon.)
1083 3902 1175 3956 His
1228 3902 1573 3972 temporibus
1616 3902 1801 3956 ﬂoruit
1831 3902 2011 3958 Theo-

398 3992 583 4047 dulfus
614 4024 682 4033 —
709 4002 763 4048 et
786 3994 1046 4048 misertus
1072 3994 1389 4063 illiusjussit
1418 4010 1542 4048 eum
1572 3994 1778 4049 absolvi
1809 3996 1896 4048 ⁵³9.

468 4085 591 4141 964.
636 4089 714 4153 (V.
755 4091 806 4140 S.
846 4090 1093 4149 Quintini
1146 4086 1333 4157 [535].)
1388 4086 1498 4141 Hoc
1557 4096 1801 4158 tempore
1833 4089 2010 4165 eccle-

396 4179 476 4232 sia
503 4178 678 4233 sancti
711 4178 953 4242 Quintini
988 4179 1262 4248 martyris,
1288 4194 1397 4250 que
1427 4184 1508 4232 est
1541 4179 1593 4232 in
1640 4179 1818 4234 insula
1847 4196 2013 4250 super

399 4270 624 4325 fluvium
648 4271 884 4326 Somcne
915 4271 1039 4336 sita,
1096 4270 1409 4325 emnobium
1444 4273 1835 4326 monachorum
1871 4290 2011 4342 pau-

397 4380 583 4418 corum
617 4362 758 4419 facta
789 4371 896 4418 est.
919 4364 1253 4419 Procedente
1275 4381 1404 4419 vero
1428 4371 1698 4435 tempore,
1725 4370 2008 4419 crescente

2116 1795 2272 1842 terra:
2295 1789 2569 1854 defessus,
2606 1788 2661 1841 in
2710 1804 2818 1860 quo
2857 1789 3140 1858 preciosus
3188 1788 3279 1843 ille
3307 1789 3603 1842 thesaurus
3621 1803 3736 1840 ser-

2117 1881 2359 1934 vabatur.
2396 1880 2571 1934 Ethec
2623 1881 2867 1935 secundo
2919 1880 3161 1934 inventio
3188 1880 3289 1934 sub
3319 1889 3513 1934 sancto
3565 1880 3739 1950 Eligit)

2116 1974 2255 2027 facta
2309 1979 2411 2036 est,
2469 1988 2613 2027 anno
2660 1973 2726 2026 ab
2762 1973 3141 2027 incarnatione
3204 1972 3419 2027 Domini
3449 1972 3580 2035 657,
3632 1989 3740 2026 non

2115 2065 2325 2135 absque
2358 2064 2561 2117 divina)
2618 2064 2834 2119 virtutis
2875 2081 3075 2137 magno
3107 2064 3397 2118 miraculo.
3446 2064 3580 2117 Nam
3615 2080 3738 2117 cum

2116 2156 2310 2208 beatus
2342 2154 2638 2224 episcopus
2665 2164 2934 2208 nocturno
2976 2162 3247 2223 tempore,
3274 2154 3464 2207 multis
3502 2153 3740 2206 lumina-

2117 2247 2266 2301 ribus
2285 2246 2553 2310 accensis,
2579 2246 2854 2317 quesitum
2904 2245 3142 2299 locutum
3184 2245 3479 2308 inveniret,
3543 2252 3598 2298 et
3631 2245 3737 2299 fos-

2117 2333 2263 2388 sorio
2296 2333 2442 2404 quod
2492 2349 2654 2387 manu
2709 2333 2931 2387 tenebat
2984 2334 3305 2403 perforaret,
3368 2341 3522 2387 tanta
3551 2334 3736 2388 subito

2118 2424 2303 2479 odoris
2335 2423 2646 2477 suavissimi
2672 2422 2967 2496 fragrantia
3023 2430 3285 2493 tantaque
3309 2439 3571 2492 superna:
3601 2423 3747 2477 lucis

2118 2516 2335 2569 claritas
2376 2516 2803 2586 circumquaque
2872 2515 3167 2579 emanavit,
3221 2522 3279 2569 ut
3337 2522 3391 2568 et
3448 2524 3746 2595 presentcs

2119 2606 2290 2661 odore
2334 2605 2564 2660 mirifico
2621 2607 2986 2676 replerentur,
3035 2613 3088 2660 et
3118 2605 3378 2659 absentes
3416 2612 3603 2659 ortum
3631 2604 3747 2659 diel

2120 2695 2413 2749 advenisse
2441 2693 2874 2764 suspicarentur.
3522 2710 3527 2715 ‘

2194 2824 2347 2880 1039.
2404 2826 2463 2878 In
2507 2824 2701 2894 Apulia
2758 2830 2875 2878 erat
2925 2823 3159 2894 quedam
3200 2829 3380 2877 statua
3408 2837 3737 2889 marmorea,

2120 2914 2265 2969 circa
2296 2921 2458 2984 caput
2509 2930 2668 2967 suum
2724 2928 2927 2967 {ereum
2962 2912 3174 2966 habens
3226 2911 3523 2976 circulum,
3550 2912 3605 2965 in
3640 2927 3739 2982 quo

2119 3014 2234 3061 erat
2257 3006 2518 3076 scriptum
2554 3023 2566 3058 :
2598 3006 2842 3059 Kalendis
2896 3007 3022 3058 Maii
3046 3007 3247 3059 oriente
3270 3005 3377 3059 sole
3431 3005 3633 3058 habebo
3660 3020 3739 3057 ca-

2045 3082 2093 3149 C
2114 3106 2213 3167 put
2235 3114 2464 3152 aureum
2496 3097 2589 3167 (cf.
2620 3097 2793 3151 Wim.
2832 3096 3209 3151 Mamnsnunc.
3237 3113 3298 3161 ιι,
3324 3096 3414 3165 19)
3448 3097 3606 3161 Quod
3628 3095 3737 3166 qui-

2116 3189 2239 3242 dam
2259 3189 2658 3253 Sarracenus,a
2681 3187 2919 3241 Robcrto
2938 3185 3221 3240 Wiscardo
3244 3186 3384 3239 duce
3412 3178 3734 3238 Northman-

2117 3296 2308 3336 norum
2341 3279 2699 3351 captus,quid
2722 3278 3080 3350 portenderet
3103 3277 3444 3349 intelligens,
3470 3278 3524 3330 in
3546 3278 3729 3331 Kalen-

2115 3376 2201 3429 dis
2234 3374 2355 3429 Maii
2382 3374 2597 3428 oriente
2620 3372 2757 3438 sole,
2792 3372 3091 3446 diligenter
3130 3378 3319 3426 notato
3356 3372 3598 3426 termino
3617 3387 3731 3425 um-

2113 3468 2223 3522 brae
2256 3467 2402 3521 illius
2424 3473 2640 3531 statua),
2697 3464 2973 3519 infinitum
3022 3465 3365 3528 thesaurum,
3399 3462 3602 3518 effossa
3629 3463 3726 3515 ibi-

2113 3561 2237 3615 dem
2263 3561 2431 3614 humo
2464 3558 2726 3629 repperit,
2763 3573 2925 3628 quem
2970 3572 3067 3627 pro
3108 3571 3207 3610 sua
3234 3554 3623 3625 redemptione
3650 3553 3725 3608 ei-

2113 3654 2235 3707 dem
2266 3652 2391 3705 duci
2414 3651 2633 3722 optulit.

2185 3780 2318 3835 1051
2368 3777 2705 3833 Lanfrancus
2733 3776 2921 3841 etiam,
2969 3775 3051 3829 vir
3101 3772 3396 3827 sanctitate
3423 3780 3480 3827 et
3506 3771 3721 3827 scientia

2110 3871 2365 3935 eximius,
2412 3870 2562 3939 prior
2613 3867 2934 3923 monasterii
3010 3864 3321 3925 Beccensis,
3374 3864 3713 3933 postmodum

2111 3982 2241 4021 vero
2264 3983 2328 4020 ex
2380 3964 2581 4019 abbate
2612 3961 2936 4017 tladomensi
2992 3960 3449 4030 archiepiscopus
3495 3958 3716 4012 Cantua-

2114 4059 2331 4124 riensis,
2375 4066 2564 4112 contra
2610 4072 2850 4111 errorem
2893 4054 3040 4134 illius
3094 4055 3415 4123 (Berengrii)
3470 4069 3571 4123 per
3613 4052 3716 4106 dia-

2115 4151 2298 4225 logum
2331 4147 2650 4218 disputavit.

2187 4263 2337 4318 1067.
2394 4262 2505 4316 1100
2560 4268 2808 4331 tempore
2892 4257 3087 4313 claruit
3159 4256 3522 4323 Lanfrancus,
3581 4256 3718 4328 prior

2112 4354 2429 4410 monasterii
2484 4353 2793 4417 Beccensis,
2852 4352 2918 4405 ad
2947 4351 3104 4417 cujus
3129 4349 3389 4403 eximiam
3423 4350 3717 4404 doctrinam

397 4471 625 4509 numero
683 4453 931 4520 fratrum,
990 4461 1043 4507 et
1116 4463 1275 4509 aucta
1333 4454 1681 4524 possessione
1732 4454 2004 4508 redituum
2034 4450 2178 4519 Dde
2212 4446 2527 4517 Burgundia
2574 4443 2884 4499 convolavit
2931 4441 3347 4506 Auselmus,vir
3378 4441 3716 4511 postmodum

394 4545 556 4599 etiam
585 4542 805 4598 abbatia
828 4560 949 4597 esse
970 4542 1170 4613 'ca'pit.
1223 4544 1283 4597 ln
1336 4559 1446 4613 quo
1474 4542 1594 4596 loco
1617 4542 1797 4595 adhuc
1822 4549 2009 4596 extant

394 4634 503 4690 duo
526 4632 700 4705 putei,
735 4632 790 4687 in
821 4647 932 4687 uno
966 4647 1199 4703 quorum
1241 4638 1405 4702 caput
1433 4632 1608 4702 ipsius
1639 4630 1916 4702 martyris,
1953 4630 2005 4684 in

2110 4537 2279 4591 multa
2300 4536 2501 4589 virtute
2540 4544 2595 4587 et
2629 4533 2903 4603 sapientia
2941 4532 3258 4595 adornatus,
3292 4539 3345 4584 et
3371 4532 3421 4584 ei
3448 4532 3503 4584 in
3530 4531 3721 4602 priora-

2112 4636 2167 4683 tu
2194 4626 2484 4692 successit,
2516 4624 2618 4681 sub
2651 4626 2769 4679 viro
2825 4624 3051 4697 egregio
3084 4622 3349 4677 Herluino
3397 4624 3599 4678 abbate
3630 4621 3722 4693 pri-

1748 4752 1966 4806 νΑΒΙίΈ
1999 4750 2370 4806 LECTIONES.

468 4850 536 4884 ⁵²⁰
570 4851 683 4905 Sub
698 4867 838 4904 anno
854 4851 959 4905 854
977 4852 1142 4906 editio
1154 4853 1406 4921 princeps
1423 4856 1472 4905 et
1495 4866 1615 4920 qua:
1636 4866 1749 4904 eam
1768 4853 2164 4919 expresserunt,
2188 4849 2295 4921 haec
2310 4847 2531 4900 habent:
2556 4845 2681 4899 854.
2700 4844 3130 4921 Famaest,hunc
3145 4842 3457 4921 Johannem
3472 4842 3712 4921 feminam

398 4922 592 4986 fuisse,
625 4929 679 4974 et
709 4922 919 4995 unisoli
954 4930 1005 4976 et
1030 4913 1285 4995 familiari
1313 4913 1521 4976 tantum
1537 4922 1809 4995 cognitam
1822 4913 1951 4995 [qui
1968 4936 2085 4974 eam
2105 4919 2424 4995 complexus
2444 4923 2544 4980 est,
2571 4916 2855 4995 etgravius
2870 4915 3008 4995 facta
3030 4913 3444 4995 peperit-,ﬁpapa
3462 4913 3710 4995 euistens.

399 4998 575 5057 Quare
597 5008 716 5046 eam
735 4992 877 5045 inter
896 4993 1181 5060 pontifices
1197 5010 1304 5048 non
1325 4986 2018 5063 numerantvquidam[ideo
2033 4986 2244 5045 nomini
2269 5005 2559 5063 numerum
2578 4986 2853 5063 no'nfacit.
2878 4987 2988 5063 Sed
3010 4987 3172 5063 coclea;
3190 4986 3439 5063 l)t*'.,o_b
3466 4986 3528 5063 id
3554 4988 3713 5063 ipsum

398 5056 776 5133 ﬂagitantibus
793 5056 991 5117 nobisa
1019 5065 1076 5116 V.
1108 5068 1487 5127 D.Toussaint,
1517 5056 2167 5118 bibliotheca:Dirionensi
2192 5064 2462 5131 prmfecto,
2481 5061 2655 5133 denuo
2682 5062 2949 5133 inspectus
2963 5056 3279 5133 inloco,
3298 5057 3709 5133 relcrjssimum

401 5126 618 5206 quidem
646 5150 825 5206 eorum
855 5138 1139 5201 vestigium
1170 5138 1401 5197 exhibet,
1421 5126 1564 5189 unde
1584 5152 1752 5204 neque
1767 5138 1823 5188 in
1850 5136 1976 5188 [ΜΨ.
1997 5150 2056 5187 ea
2070 5126 2237 5201 fuisse
2265 5126 2507 5201 apparet.
2528 5126 2832 5206 Autigitur
2853 5131 3021 5206 codici
3048 5130 3266 5206 lfotensi
3298 5126 3710 5206 E8lkdebcntur,

401 5170 618 5206 Ψηιιωι.
646 5170 718 5187 υυ,
738 5170 825 5187 ιι...
860 5170 1139 5201 “suum...
1170 5170 1401 5197 ιίωηιυυι,
1424 5170 1561 5189 mu...
1585 5170 1743 5204 ..ηιμ
1850 5170 1912 5188 ν.
1966 5170 2234 5201 ,μιμησου
2266 5170 2423 5201 μιν...
2528 5170 2640 5184 ..ων
2853 5170 3021 5182 πω...
3059 5170 3070 5182 ,
3094 5170 3264 5181 Vm."
3300 5170 3413 5181 ..νη
3447 5170 3673 5203 ..-νηωῖ
3699 5170 3710 5185 ,

400 5212 495 5262 aut
521 5208 696 5275 primo
717 5205 930 5259 edituri.
970 5209 1203 5260 Tertium
1230 5225 1336 5261 non
1366 5208 1548 5261 datur.
1581 5209 1656 5259 At
1681 5207 1972 5260 monachus
2007 5207 2249 5259 l'otensis
2276 5220 2374 5272 per
2402 5207 2565 5256 totum
2596 5202 3005 5276 Sigebertiopus
3030 5199 3111 5252 nil
3139 5213 3363 5276 prorsus
3391 5170 3462 5252 de
3474 5196 3710 5276 suemus-

402 5282 475 5333 cit
501 5269 599 5343 ς’ρι
626 5280 683 5331 in
722 5278 1121 5349 continuatione
1146 5281 1474 5345 paucissima
1506 5283 1715 5331 tantum
1756 5278 1998 5339 addidit,
2018 5293 2138 5345 quce
2164 5269 2549 5349 non—spectant
2575 5276 2689 5349 nisi
2717 5273 2789 5325 ad
2813 5286 2979 5349 suum
3002 5272 3416 5349 monasterium“;
3439 5269 3710 5349 undescri-

403 5342 527 5404 bam
556 5350 699 5403 alia;
728 5342 1245 5403 abstinentissimum
1275 5351 1345 5402 ab
1361 5352 1485 5403 inte)
1500 5350 1885 5419 potationibus,
1920 5342 2057 5401 hanc
2080 5363 2241 5400 unam
2267 5348 2372 5399 sibi
2426 5346 2746 5419 indulcisse,
2784 5345 2876 5419 qui
2905 5346 2981 5395 est
3010 5344 3143 5419 quis
3158 5342 3339 5394 credat
3430 5342 3588 5419 Nque
3612 5342 3707 5419 {gi-

402 5427 492 5475 tur
520 5424 687 5474 restat
723 5421 835 5473 nisi
859 5420 1069 5485 primus
1094 5420 1286 5486 editor,
1316 5423 1427 5473 sive
1457 5409 1523 5487 is‘,
1548 5423 1814 5475 Antonius
1844 5409 2019 5486 Rufus
2038 5420 2226 5484 fuerit,
2261 5421 2372 5471 sire
2405 5419 2671 5469 Henricus
2717 5409 3270 5487 Stephanus.__Utrum
3288 5415 3479 5487 fructm);
3507 5411 3593 5462 ille
3615 5409 3707 5461 haec

402 5491 641 5546 rerbadc
677 5506 772 5544 suo
802 5483 1178 5556 composuerit.
1202 5483 1281 5545 an
1301 5483 1533 5557 fortasse
1560 5497 1745 5545 notam
1776 5483 2132 5559 marginalem
2163 5489 2333 5543 codvci
2378 5489 2507 5544 E8h.
2542 5488 2608 5540 ab
2636 5487 2749 5540 alia
2778 5500 2940 5539 manu
2978 5483 3249 5551 adjectum
3276 5486 3335 5537 in
3364 5487 3567 5536 tcxtwn
3586 5494 3707 5532 recc-

1965 5630 2173 5687 NOT/E.

394 5567 559 5633 perit,
591 5563 684 5616 hoc
712 5564 772 5615 in
810 5560 986 5613 medio
1012 5560 1384 5628 relinquimus.

468 5734 614 5803 (335)
648 5732 725 5788 Cf.
758 5727 987 5786 Galliam
1022 5725 1209 5783 Christ.
1245 5731 1327 5796 IX,
1372 5731 1524 5786 1080.
