3858 6206
146 287 239 341 405

1084 274 1428 332 CHRONICA.
1477 306 1543 314 -—
1582 271 1959 328 AUGTARIUM
2002 274 2521 331 URSICAMPINUM.

3355 293 3461 350 406

141 434 235 484 mo,
271 417 361 487 qui
392 416 578 486 ipsum
632 414 1025 470 monasterium
1091 413 1367 467 Becceuse
1393 411 1460 465 de
1513 407 1737 480 preprio
1764 411 1817 479 Α
1845 406 2051 475 functo,
2102 409 2391 464 Anselmus
2438 412 2609 467 abbas
2648 415 2960 487 Becccnsis,
2988 440 3085 493 pro
3115 442 3213 481 sua
3254 430 3461 485 sancti-

145 508 370 565 fundavit
389 523 512 562 suo.

205 596 346 652 1080.
408 595 592 649 Claret
644 595 699 648 in
753 594 947 669 Anglia
1003 591 1362 658 Lanfrancus,
1396 590 1646 646 doctrina
1686 597 1741 644 et

147 689 394 761 probitate
423 687 780 757 conspicuus,
811 702 875 741 ex
923 686 1120 740 abbate
1152 682 1477 739 Cadomensi
1519 681 1740 737 ordina-

146 794 219 838 tus
254 780 556 837 Cantuarire
589 778 1064 850 archiepiscOpus.
1128 778 1201 831 Eo
1235 784 1483 846 tempore
1510 774 1743 829 ﬂorebat

146 895 192 932 in
244 875 638 932 Northmannia
687 874 999 943 Anselmus,
1061 871 1358 928 Beccensis
1422 869 1743 927 monasterii

144 969 293 1024 abbas
318 966 577 1032 eximius,
621 972 673 1021 et
722 981 820 1036 pro
873 982 973 1020 sua
1030 964 1320 1034 sanctitate
1360 967 1415 1017 et
1468 962 1743 1034 sapientia

143 1061 417 1132 plurimum
476 1059 814 1113 nominatus.
875 1058 1019 1127 (Vita
1073 1056 1131 1111 S.
1191 1056 1342 1122 Arn.)
1409 1055 1520 1109 Hoc
1577 1055 1738 1109 etiam

144 1160 365 1220 tempore
395 1149 453 1202 in
485 1147 747 1202 coenobio
778 1146 954 1201 sancti
986 1144 1231 1200 Medardi
1262 1175 1333 1183 —
1372 1144 1426 1198 in
1461 1144 1738 1213 presulem

145 1246 212 1293 est
231 1244 601 1293 consecratus.

206 1328 350 1384 1081.
387 1327 512 1397 (1b.)
548 1327 715 1401 Regis
744 1325 1033 1399 Dagoberti
1068 1331 1320 1395 tempore
1351 1329 1738 1391 sanctus.pre-

145 1421 214 1474 sul
236 1420 520 1474 Ursmarus
545 1449 613 1458 —
641 1418 837 1472 celitus
858 1423 1196 1488 prestaretur
1233 1415 1524 1469 medicina.

208 1509 352 1565 1087.
391 1508 508 1580 (1b.)
559 1507 793 1562 Sanctus
840 1504 1099 1560 Arnulfus
1151 1536 1221 1545 —
1284 1503 1620 1575 predixerat,
1654 1515 1744 1555 ac-

145 1598 291 1667 cepit.

1841 504 1953 551 tate
1980 505 2035 551 et
2063 497 2315 553 doctrina
2351 515 2460 554 non
2489 502 2667 556 solum
2693 505 2748 558 in
2780 507 3138 583 Normannia,
3168 516 3261 570 sed
3294 518 3459 573 etiam

1842 588 1897 641 in
1927 589 2124 666 Anglia
2146 591 2260 660 jam
2302 591 2720 661 celeberrimus,
2764 603 3027 657 successit
3068 605 3122 659 in
3152 611 3455 677 presulatu.

1842 679 1940 747 Qui
1969 678 2095 733 licet
2127 695 2157 734 a
2183 696 2312 753 rege
2349 680 2627 738 Willelmo
2680 694 2734 739 et
2786 687 3136 761 principibus
3195 702 3336 751 terre
3366 707 3458 751 to-

1842 773 2064 844 tiusque
2091 771 2324 826 ecclesie
2354 783 2629 830 conventu
2674 789 2965 849 susceptus
2999 782 3300 843 honoriﬁce
3320 789 3459 843 fuis-

1845 872 1965 919 set:
1999 863 2198 919 multas
2250 870 2435 920 tamen
2466 867 2746 924 molestias
2785 878 2840 925 et
2888 873 3278 933 tribulationes
3305 889 3459 950 post-

1844 957 2068 1011 modum
2095 956 2198 1011 sub
2228 956 2347 1026 ipso
2400 973 2529 1031 rege
2575 976 2767 1029 passus
2800 971 2883 1018 est
2914 981 3013 1035 pro
3052 974 3194 1023 statu
3223 972 3456 1029 ecclesie

1843 1052 2190 1125 corrigendo.
2226 1051 2356 1105 Nam
2393 1069 2552 1123 reges
2580 1056 2773 1129 Anglie
2806 1058 2948 1113 hanc
2998 1061 3252 1129 injustam
3282 1066 3461 1139 legem

1837 1146 1950 1213 jam
1987 1144 2080 1197 diu
2112 1149 2424 1209 tenuerant,
2453 1151 2511 1198 ut
2539 1145 2744 1201 electos
2776 1150 3025 1205 aecclesie
3066 1157 3317 1223 presules
3350 1159 3457 1231 ipsi

1844 1250 1943 1305 per
1971 1233 2177 1305 virgam
2201 1232 2530 1302 pastoralem
2565 1236 2817 1289 ecclesiis
2843 1237 3187 1296 investirent.

1914 1320 2073 1375 1099.
2107 1321 2231 1374 Erat
2278 1328 2461 1375 autem
2520 1324 2782 1392 (Ansellus
2834 1328 2897 1380 de
2948 1330 3334 1403 Ribodimonte)
3367 1335 3452 1389 vir

1845 1413 2313 1485 prudentissimus
2355 1420 2411 1467 et
2442 1415 2708 1470 exercitui
2759 1418 2891 1471 satis
2920 1420 3091 1487 utilis,
3125 1429 3289 1494 atque
3330 1442 3462 1501 erga

1845 1504 2067 1559 beatum
2102 1506 2379 1559 martirem
2437 1506 2755 1570 Quintinum
2812 1510 2952 1565 adeo
2989 1511 3322 1582 devotus,ut
3351 1518 3466 1571 sin-

1840 1597 1985 1669 gulis
2013 1596 2173 1651 annis
2204 1597 2610 1653 solemnitatem
2650 1600 2900 1667 ejusdem
2926 1604 3184 1672 martiris,
3226 1608 3317 1663 die
3356 1626 3460 1665 suo

211 1685 352 1740 1094.
387 1684 753 1740 Pontificante
803 1685 860 1739 in
887 1685 1023 1740 urbe
1053 1682 1407 1738 Laudunensi
1444 1681 1737 1749 Elinando,
1767 1714 1818 1782 Β
1840 1685 2056 1739 clericis
2085 1685 2456 1756 undecunque
2487 1688 2858 1761 congregatis,
2892 1706 3072 1746 coram
3107 1710 3165 1748 se
3193 1696 3465 1753 celebrari

147 1777 323 1831 mulier
349 1778 616 1848 quedam,
648 1778 705 1831 in
728 1778 977 1848 proximo
1006 1792 1255 1842 manens,
1288 1774 1529 1830 habebat
1569 1789 1740 1845 gene-

147 1883 249 1921 rum
270 1868 502 1935 juvenili
536 1868 727 1938 specie
757 1868 1040 1934 decorum,
1064 1883 1229 1938 quem
1243 1865 1414 1921 multa
1453 1863 1743 1938 diligentia

148 1971 232 2024 pro
256 1972 434 2011 arnore
464 1956 599 2010 ﬁliae
628 1973 739 2011 suae
778 1956 1075 2011 accurabat
1117 1974 1132 2021 ;
1161 1955 1309 2009 unde
1335 1962 1389 2009 et
1418 1960 1537 2008 orta
1566 1952 1743 2023 turpis

147 2044 363 2115 suspicio
393 2045 462 2099 de
491 2045 728 2100 muliere
756 2052 810 2099 et
835 2060 1042 2117 genere
1073 2059 1174 2099 suo
1230 2043 1374 2097 inter
1399 2042 1610 2097 vicinos
1642 2043 1742 2097 ho-

150 2133 309 2188 mines
332 2135 488 2189 valde
530 2151 657 2190 eam
704 2134 946 2190 turbavit
993 2133 1087 2205 (cf.
1121 2132 1389 2203 Laudun).
1420 2134 1533 2197 Que
1566 2130 1743 2202 impa-

150 2225 329 2279 tienter
377 2226 587 2289 ferens,
645 2226 840 2280 famam
874 2241 1028 2279 suam
1077 2223 1390 2292 hujusmodi
1442 2222 1742 2293 Opprobrio

154 2313 361 2384 turpari,
416 2315 641 2385 injuria:
697 2331 809 2368 suae
864 2330 1086 2369 causam
1148 2312 1204 2366 in
1257 2328 1382 2366 eum
1415 2310 1658 2378 retorsit,
1695 2316 1749 2364 et

151 2404 469 2461 clandestina
499 2407 941 2473 machinatione,
982 2413 1041 2460 ut
1091 2406 1437 2461 occideretur
1466 2421 1496 2458 a
1526 2403 1747 2459 duobus

153 2498 331 2567 pueris,
363 2499 703 2569 procuravit.
744 2499 1097 2555 Postmodum
1128 2513 1261 2553 vero
1290 2498 1356 2551 ad
1387 2496 1745 2567 penitentiam

152 2589 256 2644 facti
273 2593 554 2648 homicidii
591 2607 881 2657 conversa,
902 2589 1119 2645 cuidam
1144 2589 1467 2659 presbytero
1493 2604 1592 2658 per
1605 2586 1745 2641 cen-

152 2680 417 2738 fessionem
477 2691 774 2755 peccatum
825 2699 985 2737 suum
1074 2681 1355 2737 revelavit.
1404 2681 1510 2734 Sed
1557 2680 1747 2751 elapso

151 2771 392 2842 aliquanti
423 2773 700 2844 temporis
767 2772 969 2843 spatio,
1010 2772 1299 2842 presbyter
1354 2771 1499 2825 idem
1529 2786 1651 2824 cum
1686 2788 1751 2826 ea

151 2860 362 2935 litigans,
397 2864 636 2931 malum,
669 2863 819 2935 quod
848 2861 1105 2917 confessa
1136 2861 1331 2929 fuerat,
1376 2862 1433 2915 in
1466 2860 1659 2915 faciem
1699 2863 1750 2917 ei

152 2956 491 3025 exprobravit.
549 2957 670 3022 Quo
721 2955 932 3024 audito,
974 2961 1231 3026 parentes
1291 2953 1534 3009 hominis
1581 2954 1753 3010 occisi

152 3058 482 3118 preperantes
542 3049 944 3102 nuntiaverunt
980 3046 1330 3102 vicedomino
1376 3044 1750 3101 Laudunensi.
1779 3088 1823 3156 (η

160 3140 173 3156 ι
210 3141 221 3156 1
311 3148 320 3156 .
415 3143 425 3151 -
521 3143 533 3156 1
645 3141 655 3151 ο
927 3147 937 3156 .
1107 3140 1139 3156 ι·
1343 3140 1374 3156 ο.
1466 3146 1475 3156 .
1628 3140 1682 3156 ιο.
1812 3131 1823 3153 Α

153 3140 357 3196 lubente
378 3141 757 3208 vicedomino,
785 3147 978 3196 vocata
1009 3140 1209 3194 mulier
1231 3140 1400 3207 venit,
1429 3146 1482 3194 et
1514 3140 1754 3212 qualiter

154 3226 403 3285 hominem
443 3230 763 3295 occidisset,
795 3244 1141 3301 nequaquam
1174 3228 1393 3285 celavit.
1441 3229 1752 3285 Judicatum

152 3326 221 3373 est
271 3322 455 3396 igitur,
513 3338 641 3378 eam
701 3321 923 3393 ignibus
986 3320 1193 3375 debere
1224 3314 1563 3376 concremari
1598 3340 1612 3387 ;
1653 3323 1753 3376 sed

152 3411 281 3480 prius
304 3414 464 3468 ducta
491 3414 566 3468 ad
598 3412 888 3468 ecclesiam
947 3412 1122 3467 beatae
1162 3412 1258 3467 Dei
1309 3413 1599 3488 genitricis
1628 3413 1751 3468 Ma-

154 3502 566 3573 riae,peccatum
602 3518 764 3556 suum
818 3517 1002 3557 coram
1055 3504 1169 3558 Deo
1215 3509 1271 3556 et
1338 3503 1658 3558 hominibus
1688 3521 1753 3560 ex

150 3596 319 3651 ordine
347 3598 611 3665 narravit,
635 3606 691 3653 et
729 3598 807 3653 sic
867 3598 1080 3653 meritis
1130 3606 1185 3652 et
1225 3598 1488 3669 precibus
1517 3600 1754 3655 sanctis-

153 3692 283 3747 simae
309 3694 541 3767 virginis
574 3692 756 3747 Mariae
783 3708 842 3747 se
893 3694 1074 3764 ipsam
1109 3690 1347 3748 ﬁdeliter
1398 3693 1757 3748 commenda-

154 3783 234 3836 vit.
250 3784 447 3840 Deinde
470 3802 521 3839 m
534 3786 645 3839 issa
658 3786 713 3838 in
732 3785 936 3859 ignem,
956 3785 1278 3840 incendium
1294 3786 1612 3840 nullatenus
1627 3802 1756 3840 sen-

155 3876 230 3940 sit,
252 3878 343 3931 sed
373 3877 565 3932 divina
634 3886 964 3952 protegente
1019 3878 1198 3952 gratia
1239 3887 1572 3949 consumpto
1604 3878 1754 3951 igne,

160 3965 258 4034 ipsa
278 3970 581 4040 permansit
608 3969 800 4024 illaesa.
830 3969 983 4034 Quod
1021 3969 1226 4024 factum
1261 3970 1482 4045 cognati
1515 3970 1757 4025 hominis

160 4060 307 4114 occisi
342 4077 449 4116 non
502 4060 712 4115 divinae
766 4060 953 4115 virtuti
982 4061 1345 4130 ascribentes,
1377 4062 1475 4116 sed
1508 4061 1758 4135 fragilem

160 4142 316 4219 potius
336 4156 613 4228 lignorum
643 4154 927 4209 materiem
942 4166 1260 4223 causantes,
1292 4158 1489 4212 iterum
1526 4174 1759 4213 succen-

161 4241 275 4297 dunt
304 4244 482 4319 ignem
527 4246 679 4301 cirea
709 4261 826 4300 eam
883 4244 1208 4301 fortioribus
1247 4247 1434 4318 lignis,
1463 4249 1561 4303 sed
1592 4248 1759 4303 nichil

162 4332 506 4398 profecerunt.
568 4335 767 4389 Iterato
804 4335 952 4389 enim
1011 4336 1276 4391 miraculo
1346 4338 1580 4392 servavit
1635 4353 1761 4391 eam

1843 1777 2066 1843 faceret,
2123 1778 2312 1849 eisque
2372 1784 2494 1849 post
2552 1790 2831 1848 peractum
2891 1782 3137 1839 officium
3179 1789 3459 1860 copiosam

1842 1864 2160 1920 refectionis
2186 1881 2430 1919 mensam
2463 1876 2697 1937 pararet.

1912 1957 2053 2012 1105
2082 1958 2277 2031 Vigilia
2322 1959 2518 2013 natalis
2566 1961 2783 2016 Domini
2842 1969 3175 2021 terremotus
3230 1986 3464 2043 magnus

1846 2050 2019 2105 factus
2042 2058 2126 2105 est
2178 2051 2232 2104 in
2281 2051 2684 2108 Jlierosolimis.
2755 2055 2872 2111 Duo
2925 2058 3090 2111 orbes
3150 2059 3202 2112 in
3238 2062 3463 2116 modum

1846 2140 2002 2205 solis,
2034 2138 2208 2195 forma
2229 2147 2283 2194 et
2312 2140 2519 2197 lumine
2550 2144 2832 2201 cotidiano
2891 2147 2993 2202 soli
3037 2149 3464 2223 similes,appa-

1845 2236 2092 2294 ruerunt,
2121 2231 2366 2285 omnium
2398 2231 2642 2287 colorum
2674 2235 2859 2305 specie
2883 2238 3161 2292 radiantes
3186 2240 3253 2294 ad
3284 2242 3460 2296 instar

1849 2336 2008 2374 arcus
2030 2320 2267 2375 celestis.

1924 2407 2081 2461 1112.
2115 2407 2225 2461 Sed
2263 2415 2318 2462 et
2376 2415 2672 2480 antequam
2734 2412 2833 2465 ista
2871 2421 3221 2486 gererentur,
3255 2416 3461 2472 violata

1850 2499 2026 2553 fuerat
2056 2500 2247 2553 eadem
2280 2507 2467 2555 sancte
2485 2501 2575 2556 Dei
2593 2505 2893 2576 genetricis
2915 2507 3455 2582 ecclesia(Lauduni)

1849 2588 2166 2661 proditione
2201 2597 2256 2644 et
2295 2588 2594 2647 homicidio
2623 2594 2905 2664 cujusdam
2942 2596 3274 2650 nobilissimi
3314 2599 3463 2652 mili-

1850 2681 1939 2749 tis,
1961 2682 2186 2736 nomine
2216 2681 2460 2748 Gerardi,
2493 2684 2589 2754 qui
2644 2693 2761 2739 erat
2789 2686 3047 2741 dominus
3097 2690 3282 2756 castri,
3316 2692 3466 2762 quod

1852 2783 2080 2832 vocatur
2100 2776 2424 2832 Carisiacus.
2469 2778 2639 2842 Quem
2671 2780 2726 2834 in
2759 2781 3010 2837 oratione
3064 2783 3305 2854 positum
3338 2791 3469 2840 ante

1853 2875 2096 2922 sanctam
2129 2867 2329 2921 Christi
2363 2868 2680 2941 imaginem,
2711 2871 2966 2926 homines
3006 2872 3180 2943 ipsius
3217 2874 3469 2946 episcOpi

1854 2958 1996 3013 facta
2051 2959 2435 3028 conjuratione
2498 2961 2842 3018 occiderunt.
2894 2963 3168 3031 (Bursam:
3229 2972 3300 3021 De
3357 2970 3472 3021 Vitis

1852 3068 1954 3106 sua
1986 3068 2063 3119 ιιι,
2102 3053 2188 3118 11)
2214 3052 2349 3106 Ante
2372 3053 2475 3107 hos
2516 3053 2637 3108 dies
2668 3062 2830 3109 natus
2874 3056 3083 3110 ibidem
3118 3056 3297 3111 fuerat
3333 3074 3472 3128 puer

1812 3131 1826 3153 ¹
1854 3142 2155 3215 geminusa
2185 3143 2347 3198 clune
2399 3145 2672 3215 superius,
2725 3147 2835 3202 duo
2866 3147 3080 3202 scilicet
3126 3148 3340 3203 habens
3368 3164 3464 3203 ca-

1856 3236 1988 3307 pita,
2021 3236 2132 3292 duo
2172 3253 2352 3308 usque
2383 3237 2451 3291 ad
2479 3253 2641 3292 renes
2681 3254 2804 3292 cum
2832 3239 2949 3293 suis
2987 3240 3229 3295 brachiis
3259 3240 3472 3295 habens

1854 3343 2086 3399 corpora
2114 3346 2129 3394 ;
2163 3328 2257 3399 qui
2278 3328 2607 3399 baptizatus,
2637 3330 2819 3386 triduo
2847 3347 3071 3403 quoque
3100 3330 3251 3386 vixit’.

1928 3420 2084 3477 1113.
2120 3422 2451 3489 Bernardus,
2480 3422 2702 3491 juvenis
2763 3424 3040 3497 egregius,
3071 3424 3323 3492 scientia,
3357 3440 3479 3481 mo-

1854 3512 2008 3567 ribus
2037 3522 2314 3584 etgenere
2337 3514 2538 3578 clarus,
2596 3516 2679 3570 vir
2718 3517 3071 3586 postmodum
3128 3533 3344 3590 magna:
3376 3518 3480 3573 vir-

1856 3603 1988 3657 tutis
2045 3602 2325 3672 exemplar
2377 3601 2611 3669 futurus,
2699 3603 3028 3659 Castellione
3088 3607 3229 3675 (53G)
3302 3613 3478 3662 castro

1857 3694 2190 3768 Burgundize
2265 3694 2553 3759 oriundus,
2645 3711 2769 3750 cum
2855 3698 3137 3770 germanis
3216 3699 3479 3754 fratribus

1859 3794 1914 3843 et
1942 3786 2063 3841 aliis
2092 3786 2387 3841 comitibus
2423 3787 2611 3840 multis
2659 3786 2905 3842 Cistercii
2963 3789 3151 3844 habitu
3184 3790 3471 3865 religionis

1861 3876 2129 3941 induitur,
2177 3883 2232 3929 et
2290 3874 2428 3929 miro
2488 3875 2869 3948 religiositatis
2922 3876 3135 3932 fervore
3185 3894 3478 3935 conversa-

1860 3976 1967 4021 tur.

1936 4056 2091 4110 1114.
2127 4053 2223 4108 Hic
2244 4059 2326 4107 est
2353 4052 2524 4120 Cono,
2555 4068 2702 4107 unus
2746 4070 2811 4108 ex
2870 4053 2979 4107 illis
3019 4053 3297 4128 religiosis
3340 4056 3475 4111 viris

1863 4149 1957 4221 qui
2008 4146 2383 4202 heremiticam
2453 4145 2619 4200 vitam
2673 4146 2819 4216 apud
2876 4146 3145 4201 Truncum
3206 4148 3482 4222 Bcrenge—

1864 4242 1906 4295 ri
1936 4240 2083 4312 (537)
2112 4239 2291 4310 primo
2339 4238 2633 4303 duxerunt,
2685 4247 2739 4293 et
2766 4236 3074 4292 Arroasiani
3130 4238 3345 4294 ordinis
3381 4257 3482 4297 au-

1863 4339 2042 4388 ctores
2096 4330 2417 4396 extiterunt,
2476 4330 2571 4401 qui
2626 4330 2765 4385 ordo
2817 4346 2991 4402 usque
3043 4329 3208 4384 hodie
3238 4330 3483 4388 ﬂoretet

165 4426 286 4483 Deus
315 4429 634 4485 incolumen
667 4430 734 4483 ab
766 4431 1058 4485 exustione
1126 4431 1290 4504 ignis,
1324 4432 1391 4485 ad
1421 4432 1641 4487 laudem
1675 4434 1758 4488 sui
1782 4462 1839 4531 D
1863 4424 2081 4480 crescu-

165 4518 377 4572 nominis
431 4535 660 4591 suaeque
724 4520 1008 4592 genitricis
1063 4520 1293 4594 gloriam
1348 4529 1402 4575 et
1470 4522 1757 4578 honorem.

169 4605 373 4678 Egressa
404 4612 574 4683 igitur
621 4626 685 4663 ex
745 4610 1027 4678 incendio,
1079 4627 1187 4665 non
1219 4613 1395 4667 solum
1444 4629 1632 4680 carne,
1664 4614 1761 4670 sed

166 4701 308 4756 etiam
337 4712 485 4759 veste
515 4712 572 4759 et
600 4719 766 4759 carne
816 4704 887 4739 53°
914 4705 1103 4770 illaesa,
1136 4707 1202 4761 ad
1236 4706 1521 4762 ecclesiam
1562 4715 1762 4764 sanctae

168 4790 248 4847 Dei
267 4796 567 4866 genitricis,
593 4796 745 4851 omni
791 4798 998 4868 papulo
1051 4799 1442 4869 applaudente,
1472 4800 1633 4855 ducta
1658 4807 1760 4866 est,

168 4888 213 4933 et
232 4891 343 4950 post
372 4886 567 4940 laudes
639 4886 751 4940 Deo
799 4886 1064 4953 redditas,
1120 4887 1340 4942 volente
1393 4890 1525 4953 Deo,
1575 4889 1766 4959 paucis

169 4968 345 5025 diebus
373 4974 665 5029 transactis
694 4974 910 5029 transiit
941 4975 1009 5029 ab
1036 4975 1138 5030 hoc
1163 4976 1370 5031 seculo.

231 5062 359 5117 1093
412 5066 539 5137 (11).)
573 5064 896 5129 Elinandus,
925 5067 1089 5122 bonae
1120 5068 1400 5124 memoriae
1434 5068 1768 5124 Laudunen-

173 5152 236 5205 εἰς
267 5157 579 5229 episcOpus,
599 5157 775 5225 obiit;
809 5159 1172 5233 Ingelrannus
1193 5161 1439 5216 succedit
1470 5162 1763 5217 Elinando.

237 5245 381 5300 1097.
426 5246 739 5302 Lanfranco
789 5248 1163 5304 Cantuariensi
1221 5251 1639 5322 archiepiscopo
1665 5252 1767 5307 de-

1938 4514 2092 4568 1128.
2132 4512 2242 4566 Hoc
2266 4526 2412 4566 anno
2440 4512 2594 4566 multi
2653 4513 2722 4567 de
2774 4528 2916 4587 pago
2950 4512 3282 4568 Suessonico
3324 4530 3480 4571 sacro

1863 4604 1990 4678 igne
2025 4602 2265 4669 accensi,
2297 4601 2364 4655 ad
2391 4602 2677 4657 ecclesiam
2715 4602 2892 4657 beatae
2924 4602 3020 4657 Dei
3053 4602 3341 4677 genitricis
3368 4606 3480 4661 Ma-

1864 4698 1959 4752 riae
1983 4697 2036 4749 in
2068 4695 2287 4750 civitate
2318 4695 2647 4749 Suessorum
2677 4696 2836 4749 sitam
2859 4703 3259 4764 convenerunt,
3289 4697 3479 4770 ibique

1865 4792 2064 4847 diebus
2100 4792 2291 4863 paucis
2339 4791 2778 4846 misericordiam
2813 4792 2906 4846 Dei
2955 4800 3009 4846 et
3036 4791 3209 4847 beata:
3248 4792 3478 4864 virginis

1868 4905 2184 4944 succursum
2215 4887 2600 4958 prestolantes,
2634 4887 2777 4942 sicut
2820 4887 3038 4959 plenius
3059 4886 3224 4942 refert
3256 4888 3477 4944 libellus

1868 4977 2171 5033 eorundem
2204 4976 2619 5031 miraculorum.
2651 4977 2883 5031 salutem
2934 4975 3111 5047 ipsius
3154 4974 3368 5029 meritis
3424 4980 3481 5026 et

1868 5068 2127 5138 precibus
2154 5065 2441 5137 consequti
2470 5073 2615 5132 sunt,
2645 5066 2717 5120 ita
2758 5075 2816 5120 ut
2847 5066 2985 5120 intra
3014 5065 3332 5137 quindecim
3357 5062 3481 5117 dies

1867 5168 2087 5217 centum
2113 5169 2167 5216 et
2197 5170 2305 5216 tres
2333 5161 2660 5216 nominatim
2719 5150 2943 5216 ab‘hoc
2997 5161 3123 5234 igne
3175 5160 3484 5232 restingue-

1868 5260 2081 5322 rentur,
2112 5259 2165 5307 et
2195 5261 2304 5309 tres
2334 5254 2535 5324 puella)
2575 5253 2820 5308 distorta:
2844 5253 3065 5308 sanitati
3098 5253 3482 5307 redderentur.

1517 5375 1736 5430 VARl/E
1764 5376 2136 5431 LECTIONES.

240 5441 301 5475 53°
340 5444 621 5512 legendum
651 5459 760 5499 esse
787 5446 1005 5501 videtur
1039 5451 1185 5501 cute.
1216 5446 1408 5501 Paa'rz.

1722 5539 1932 5595 NOTAE.

409 5635 701 5691 ChAtillon.

248 5704 391 5774 (537)
434 5707 539 5762 Seu
567 5707 829 5767 arroasia.
866 5725 1012 5764 nunc
1050 5710 1299 5773 Aruaise,
1327 5710 1381 5763 in
1414 5711 1645 5772 Artesio,
1676 5709 1768 5763 ubi

1880 5636 2017 5691 ordo
2046 5635 2137 5689 ille
2164 5635 2231 5689 ab
2252 5634 2601 5695 Heldemaro,
2635 5635 2860 5689 Conone
2890 5639 2944 5687 et
2971 5632 3182 5702 Rogcro
3216 5620 3493 5682 fuitinsti-

1884 5715 2033 5761 tutus
2087 5706 2162 5761 Cf.
2198 5708 2323 5759 Acta
2353 5706 2446 5760 SS.
2477 5705 2543 5758 ad
2584 5706 2732 5759 diem
2770 5706 2832 5757 13
2863 5703 3124 5757 Januarii.
3158 5702 3383 5751 Srnnvn.
