3858 6206
414 313 517 366 407

1626 319 1969 374 SlGEBERTl
2008 319 2523 378 GEMBLACENSIS.

3643 334 3747 390 408

416 437 574 492 Facta
603 446 730 492 sunt
753 435 826 491 ibi
857 436 1124 510 deinceps
1176 448 1230 496 et
1270 442 1378 497 alia
1405 444 1576 499 multa
1629 445 1911 514 miracula,
1941 447 2023 503 in-
2049 452 2100 520 Α
2129 449 2461 506 Francorum
2502 468 2689 527 regem
2758 454 3117 524 Ludovicum,
3170 457 3410 514 ecclesia
3479 460 3761 517 Gallicana

417 532 498 580 ter
520 540 628 597 que
645 525 754 581 duo
796 525 1017 583 fuerunt
1055 530 1425 586 eminentiora
1458 551 1472 598 ;
1516 550 1685 589 unum
1718 535 1928 591 scilicet
1956 536 2024 591 de

415 632 548 672 naso
578 617 827 672 mulieris
853 625 908 673 et
936 619 1085 675 labio
1114 620 1383 678 divinitus
1403 624 1695 681 reformato
1730 645 1744 693 ;
1777 627 1924 683 aliud
1954 628 2022 683 de

414 721 586 776 puero
618 705 671 759 in
704 706 919 761 visione
969 715 1095 763 ante
1144 710 1312 764 Deum
1367 720 1543 783 rapto,
1595 714 1689 769 ubi
1742 716 2020 771 dominam

412 800 654 849 nostram
685 794 951 867 virginem
986 796 1204 852 Mariam
1258 815 1317 854 se
1350 800 1550 855 vidisse
1617 805 1873 870 asseruit,
1926 821 2024 877 pro

414 886 604 958 pepuli
626 887 801 942 salute
824 888 1248 959 supplicantem,
1282 898 1336 946 et
1367 893 1470 949 hoc
1502 910 1828 965 responsum
1857 913 1888 952 a
1910 895 2023 953 filio

414 979 651 1053 benigne
691 979 972 1050 accepisse
1007 998 1019 1033 :
1054 987 1219 1037 Mater
1271 990 1330 1039 tu
1390 1001 1442 1039 es
1500 992 1668 1043 maris
1713 991 1888 1054 stella,
1926 993 2026 1057 ﬁat

408 1074 549 1126 sicut
573 1075 669 1126 vis.
705 1071 811 1126 Sed
844 1073 971 1127 dum
1004 1076 1253 1145 queritur
1282 1078 1443 1133 beata
1474 1080 1625 1155 virgo
1666 1098 1836 1153 super
1860 1084 2025 1140 domo

413 1180 530 1225 sua,
575 1180 681 1235 que
706 1164 832 1220 vilis
854 1173 907 1220 et
934 1167 1146 1238 abjecta
1194 1176 1327 1235 erat,
1374 1187 1471 1240 pre
1501 1174 1703 1229 ceteris
1755 1175 1952 1231 iterum
1995 1194 2025 1232 a

419 1256 533 1312 lilio
561 1272 661 1312 suo
692 1256 920 1325 audivit,
978 1259 1127 1331 quod
1185 1261 1253 1315 de
1308 1269 1456 1319 trans
1507 1282 1655 1321 mare
1678 1277 1732 1323 et
1780 1270 1850 1325 de
1882 1278 2031 1335 trans

414 1344 663 1399 Rhenum
692 1347 985 1417 pecuniam
1018 1348 1221 1405 faceret
1251 1349 1455 1419 afferri,
1497 1355 1646 1411 unde
1664 1357 1862 1416 domus
1892 1366 2029 1421 tedi-

411 1434 687 1502 ticaretur,
720 1442 774 1490 et
805 1435 859 1489 in
890 1436 1067 1492 oculis
1088 1440 1334 1494 omnium
1360 1443 1774 1513 respicientium
1801 1450 2027 1511 illustris

410 1532 721 1596 appareret.
758 1525 920 1594 Cujus
957 1527 1190 1583 visionis
1247 1536 1354 1584 tam
1417 1532 1472 1586 in
1522 1533 1769 1592 claritate
1812 1544 2022 1612 Operis,

410 1634 574 1688 quam
616 1617 667 1671 in
700 1617 862 1688 cOpia
909 1618 1252 1675 oblationum
1313 1629 1390 1678 tot
1445 1634 1575 1679 sunt
1612 1633 1781 1684 testes
1836 1634 2021 1702 hodie,

381 1713 543 1777 .quot
565 1707 754 1761 videre
784 1707 995 1764 volunt.
1026 1708 1267 1765 Predixit
1309 1712 1471 1767 etiam
1496 1714 1642 1769 idem
1685 1722 1821 1788 puer
1860 1725 2022 1792 paulo

414 1801 537 1864 post
564 1812 624 1850 se
656 1795 1004 1863 moriturum,
1030 1807 1084 1852 et
1113 1799 1201 1852 vix
1224 1815 1392 1854 unum
1417 1818 1666 1859 mensem
1702 1811 2024 1879 supervixit.

413 1889 519 1943 Sed
549 1897 604 1945 et
631 1891 830 1945 mirum
862 1892 1018 1946 valde
1038 1893 1107 1947 de
1140 1893 1242 1948 hoc
1272 1911 1446 1965 puero
1478 1905 1614 1965 erat,
1637 1903 1783 1972 quod
1809 1920 2027 1961 omnem

417 1979 700 2033 historiam
741 1988 981 2034 veterem
1031 1982 1335 2052 rhythmice
1374 1985 1761 2059 depromebat,
1820 1999 2023 2050 textum

408 2086 540 2126 vero
573 2070 845 2142 evangelii
874 2082 927 2127 et
947 2081 1101 2129 actus
1146 2075 1366 2131 Domini
1402 2078 1473 2134 ita
1504 2084 1830 2139 recensebat
1864 2128 1878 2151 ,
1907 2088 2021 2142 acsi

410 2163 466 2217 in
496 2163 637 2219 libro
662 2162 888 2237 legeret,
923 2172 976 2220 et
997 2166 1201 2221 dictata
1239 2168 1307 2222 ab
1335 2170 1459 2224 aliis
1480 2175 1901 2242 pronuntiaret;
1926 2180 2021 2251 qui

410 2252 574 2307 etiam
600 2269 722 2307 eum
765 2254 865 2309 hec
892 2254 1097 2310 clausis
1129 2257 1303 2312 oculis
1334 2259 1563 2327 diceret,
1589 2263 1742 2319 laicis
1771 2273 1823 2321 et
1856 2268 2023 2323 illite-

409 2345 539 2399 ratis
567 2344 655 2398 vix
710 2345 859 2417 loqui
915 2346 1263 2421 dignabatur,
1315 2351 1470 2422 quasi
1527 2369 1720 2409 eorum
1752 2356 2019 2428 ignoran-

407 2434 537 2488 tiam
571 2440 854 2505 pertzesus,
888 2437 980 2507 qui
1014 2444 1122 2491 tam
1156 2437 1429 2509 profunda
1462 2441 1609 2496 intus
1632 2444 1912 2501 audiebat.

478 2522 635 2590 ll‘29,
665 2525 831 2590 (Cant.
880 2526 1048 2594 Mart.)
1104 2526 1425 2582 Cmnobium
1486 2531 1786 2604 Ursicampi
1823 2534 2021 2589 funda-

405 2627 519 2672 tum
552 2625 635 2672 est
664 2634 694 2672 a
733 2618 1078 2674 nobilissimo
1110 2620 1329 2690 presule
1377 2622 1752 2692 Noviomensi,
1794 2627 2020 2686 domino

403 2709 647 2777 Simone,
678 2711 771 2782 qui
801 2711 1042 2785 llugonis
1065 2712 1245 2783 magni
1279 2712 1424 2769 ﬁlius
1478 2713 1594 2782 fuit,
1643 2715 1810 2772 frater
1833 2726 2012 2774 autem

406 2797 616 2852 Radulfi
648 2799 885 2863 comitis,
919 2807 972 2854 et
1002 2802 1149 2876 regis
1180 2802 1436 2857 Ludovici
1460 2806 1742 2874 patruelis,
1773 2807 2012 2863 adducto

403 2897 677 2945 conventu
704 2892 1097 2948 monachorum
1130 2910 1161 2947 a
1218 2894 1537 2960 Claravalle,
1575 2906 1629 2951 et
1656 2898 1862 2954 domno
1888 2901 2013 2956 Wa-

403 2978 631 3033 leranno
660 2980 836 3049 primo
903 2980 1099 3036 abbate
1130 2982 1409 3052 ordinato,
1436 2985 1530 3056 qui
1579 2987 1788 3056 primus
1821 3004 1884 3043 ex
1913 3006 2017 3045 no-

401 3069 697 3126 bilioribus
747 3073 998 3143 personis
1038 3073 1393 3130 Clarevallem
1448 3092 1546 3131 sua
1594 3081 2015 3137 conversatione

402 3156 714 3216 illustravit.

474 3252 629 3317 1131.
660 3253 767 3308 Sed
800 3255 1049 3325 presulcs
1083 3255 1439 3311 ecclesiarum
1456 3274 1518 3314 ac
1544 3259 1823 3332 principes
1843 3264 2013 3319 seculi

400 3342 812 3418 promptissime
843 3343 1184 3409 annuebant,
1240 3345 1324 3400 vel
1374 3347 1539 3401 etiam
1585 3356 1783 3419 sponte
1814 3349 2013 3406 offere-

396 3440 529 3494 bant
551 3445 740 3504 terras,
778 3444 953 3508 prata,
976 3453 1223 3505 nemora,
1271 3448 1326 3494 et
1371 3448 1553 3496 cetera
1595 3458 1705 3513 que
1734 3452 2013 3501 monaste-

394 3532 491 3587 riis
520 3528 846 3585 edificandis
906 3530 1217 3585 necessaria
1282 3539 1459 3589 erant.
1510 3533 1750 3590 Ecclesia
1803 3546 2008 3593 sanctae

392 3622 575 3677 Mariae
606 3621 662 3676 in
682 3620 987 3692 episc0pio,
1013 3627 1233 3693 totaque
1264 3638 1404 3692 pene
1444 3623 1639 3678 civitas
1670 3625 2008 3682 Noviomen-

391 3713 468 3768 sis
499 3713 1147 3786 incendioconﬂagravit,
1194 3714 1344 3783 justo
1372 3724 1429 3769 ut
1470 3713 1644 3770 fertur
1676 3717 2000 3787 infortunio,

391 3801 520 3873 quia
545 3817 818 3855 summum
842 3802 1160 3871 pontificem
1192 3802 1575 3858 Innocentium
1607 3806 1789 3860 verbis
1810 3807 2004 3863 irriso-

390 3893 486 3948 riis
525 3893 679 3948 multi
703 3894 919 3949 illorum
978 3894 1477 3951 exhonoraverunt.
1524 3897 1839 3953 Clarevallis
1890 3899 2000 3955 duo

388 3981 645 4037 coenobia
674 3998 783 4037 una
811 3983 902 4037 die
933 3983 1213 4053 produxit,
1244 3983 1455 4039 scilicet
1504 3985 1905 4058 Longipontum
1947 3997 2001 4043 et

389 4072 706 4143 Rievallem,
734 4080 790 4127 et
810 4081 936 4144 post
961 4088 1167 4144 paucos
1190 4088 1408 4128 menses
1439 4074 1720 4129 Valcellas.

457 4164 616 4219 1132.
659 4163 783 4219 Obit
835 4165 918 4219 vir
972 4172 1192 4219 sanctus
1237 4164 1387 4239 Hugo
1461 4166 1999 4239 GratianOpolitanus

384 4253 700 4324 episcopus,
739 4254 897 4325 cujus
953 4253 1266 4327 religiosam
1320 4255 1618 4311 admodum
1673 4257 1839 4312 vitam
1862 4274 1999 4314 con-

383 4341 604 4412 scripsit
634 4342 769 4417 Gigo
796 4342 946 4413 prior
984 4342 1251 4398 Cartusie.

454 4432 1024 4487 “35.1llonasterium
1083 4432 1154 4486 de
1201 4432 1358 4488 Prato
1426 4433 1717 4489 fundatum
1779 4442 1863 4490 cst
1889 4437 1994 4491 sub

379 4524 555 4595 primo
574 4523 775 4579 abbate
804 4524 991 4590 Petro;
1055 4524 1228 4595 prima
1274 4526 1539 4597 plantatio
1572 4544 1736 4598 quam
1767 4529 1994 4599 protulit

380 4617 905 4688 paterWalerannus
935 4633 1001 4671 ex
1027 4616 1253 4689 propria
1279 4618 1465 4673 domo.

451 4708 606 4763 1138.
641 4708 769 4779 (1b.)
801 4709 911 4764 lloc
942 4716 1189 4779 tempore
1220 4711 1553 4765 venerabilis
1583 4712 1707 4767 vitae
1752 4713 1986 4768 Alexan-

375 4798 493 4861 der,
528 4799 737 4868 primus
759 4800 929 4854 abbas
958 4799 1149 4854 Mortui
1185 4801 1374 4868 maris,
1401 4818 1461 4855 se
1491 4810 1545 4857 et
1576 4801 1798 4858 domum
1831 4820 1987 4858 suam

374 4888 599 4944 tradidit
622 4890 805 4944 abbati
838 4891 1161 4963 Ursicampi.

451 4986 607 5039 1140.
642 4985 962 5040 C(enobium
993 4994 1198 5043 sanctae
1230 4987 1413 5043 Mariae
1446 4990 1513 5044 de
1540 4989 1829 5045 Fresmont
1850 4991 1985 5057 (538)

377 5076 516 5148 apie
544 5076 809 5131 memorie
842 5077 1170 5135 Waleranno
1215 5081 1392 5151 primo
1424 5082 1620 5136 abbate
1686 5082 1985 5153 Ursicampi

378 5168 659 5222 fundatum
688 5174 787 5230 est,
817 5169 921 5223 sub
942 5169 1117 5226 electo
1159 5182 1311 5243 patre
1336 5173 1600 5228 Manasse.

448 5259 607 5316 1141.
637 5259 764 5315 Orta
789 5260 1139 5319 dissensione
1197 5263 1340 5321 inter
1370 5282 1565 5338 papam
1602 5266 1905 5322 Romanum
1931 5273 1986 5322 et

2128 538 2396 593 turbatur.
2438 539 2703 598 Defuncto
2735 543 2884 598 enim
2916 544 3167 601 Alberico
3199 546 3530 603 Biturieensi
3575 550 3763 605 archi-

2126 630 2416 701 episcopo,
2454 632 2658 687 missus
2687 635 2993 703 cstPetrus,
3015 653 3043 691 a
3073 654 3216 709 papa
3236 640 3565 695 Innocentio
3578 641 3761 696 eidem

2126 723 2340 778 eclesiaa
2364 732 2548 795 pastor
2576 736 2929 784 consecratus
2963 749 2977 796 ;
3008 731 3106 786 sed
3138 749 3169 786 a
3202 747 3333 806 rege
3365 733 3649 790 Ludovico
3673 753 3760 791 re-

2126 814 2403 884 pudiatus,
2438 832 2503 871 eo
2534 819 2683 889 quod
2733 819 2855 875 sine
2899 821 3020 887 ejus
3075 838 3306 878 assensu
3368 825 3536 880 fuerit
3595 827 3750 882 ordi-

2128 911 2287 958 natus
2332 905 2388 959 in
2443 906 2715 961 civitatem
2764 908 2994 964 minime
3047 911 3328 982 recipitur.
3367 913 3537 984 Cujus
3572 925 3762 987 partes

2127 992 2275 1064 quia,
2310 1002 2537 1065 propter
2565 998 2932 1054 reverentiam
2974 1015 3072 1055 seu
3101 1001 3439 1058 voluntatem
3479 1021 3760 1076 papae,co-

2128 1096 2244 1135 mes
2286 1082 2634 1141 Theobaldus
2694 1087 2878 1144 fovere
2925 1091 3239 1160 videbatur,
3301 1095 3576 1162 simultas,
3637 1114 3759 1168 quae

2126 1175 2305 1243 sopita
2333 1178 2643 1247 putabatur,
2694 1180 2840 1235 inter
2897 1199 3083 1255 regem
3115 1193 3169 1240 et
3208 1186 3392 1257 ipsum
3449 1189 3627 1258 αοέρὶῑ
3677 1206 3761 1245 re-

2132 1263 2431 1334 pullulare.

2201 1373 2358 1428 1142.
2390 1374 2514 1429 Obit
2568 1382 2721 1446 pater
2769 1377 3152 1449 Walerannus,
3194 1381 3368 1436 abbas
3422 1382 3751 1456 Ursicampi,

2131 1462 2387 1520 fundator
2435 1466 2667 1522 duarum
2721 1469 3066 1526 abbatiarum
3119 1472 3287 1543 (530),
3349 1481 3582 1546 excepta
3644 1484 3753 1531 ter-

2128 1553 2212 1607 cia
2237 1555 2405 1625 (510),
2435 1573 2600 1628 quam
2638 1558 3048 1630 sibiadoptavit
3079 1560 3134 1628 in
3166 1560 3357 1617 filiam.

2196 1666 2360 1720 1116.
2393 1668 2516 1737 (Ιὸ.)
2547 1669 2705 1739 Apud
2737 1671 3042 1727 Norwicum
3058 1674 3264 1745 Anglia:
3287 1675 3563 1730 civitatem
3588 1677 3750 1733 Judei

2058 1759 2103 1826 Β
2128 1759 2517 1816 crucitixerunt
2541 1779 2770 1833 puerum
2799 1763 3075 1836 quendam
3107 1767 3491 1836 christianum,
3516 1772 3745 1825 nomine

2134 1851 2493 1921 Willelmum,
2535 1871 2696 1926 quem
2741 1857 2907 1911 etiam
2954 1857 3099 1913 foras
3132 1859 3407 1914 civitatem
3451 1860 3522 1915 ab
3560 1863 3646 1917 eis
3675 1880 3753 1919 se-

2132 1943 2363 2013 pultum,
2398 1945 2586 2001 divina
2626 1947 2737 2015 lux,
2785 1957 2843 2003 ut
2873 1949 3077 2015 ferunt,
3129 1967 3298 2022 super
3349 1968 3476 2007 eum
3509 1955 3757 2011 emicans

2129 2036 2668 2109 declaravit;sicque
2708 2056 2738 2094 a
2795 2040 3051 2096 fidelibus
3081 2042 3358 2107 inventus,
3410 2044 3748 2101 honorabili-

2128 2134 2211 2179 ter
2240 2133 2322 2180 cst
2353 2126 2409 2180 in
2432 2128 2667 2182 ecclesia
2698 2130 2930 2199 positus.

2196 2239 2334 2294 1118
2418 2240 2631 2295 Sancta:
2691 2241 2969 2297 memoriae
3014 2243 3326 2311 Malachias,
3380 2246 3747 2305 Hibernorum

2124 2327 2441 2398 episcopus,
2475 2331 2853 2400 etapostolice
2894 2333 3046 2386 sedis
3091 2333 3302 2404 legatus
3348 2335 3635 2392 voluntate
3660 2339 3747 2394 Dei

2128 2419 2289 2474 linem
2344 2421 2452 2475 vite
2502 2423 2751 2489 sortitus,
2788 2426 2937 2495 apud
2997 2426 3373 2494 Clarevallem,
3436 2431 3584 2486 sicut
3637 2432 3751 2503 ipse

2126 2508 2468 2581 praelegebat
2524 2518 2580 2565 et
2638 2512 2970 2581 predixerat,
3018 2514 3196 2570 locum
3237 2519 3537 2587 sepultura:
3578 2536 3731 2575 acce-

2124 2600 2203 2670 pit
2237 2602 2357 2666 ;cui
2386 2604 2653 2658 successit
2704 2604 3040 2660 Christianus
3083 2608 3256 2662 abbas
3289 2609 3634 2679 Mellifontis,
3665 2614 3743 2667 vir

2125 2689 2358 2759 plurima
2385 2692 2671 2746 sanctitate
2696 2694 2977 2763 pneditus,
3029 2696 3399 2767 quiejusdem
3432 2702 3606 2756 sancti
3637 2702 3733 2757 viri

2114 2782 2533 2838 archidiaconus
2562 2784 2834 2849 extiterat,
2874 2793 2929 2840 et
2952 2787 3163 2858 primus
3193 2790 3365 2844 abbas
3434 2793 3505 2847 de
3546 2794 3739 2848 ordine

2116 2872 2464 2928 Cisterciensi
2506 2874 2559 2928 in
2591 2874 2905 2931 Hiberniam
2934 2877 3003 2931 ab
3031 2878 3231 2934 abbate
3266 2880 3589 2938 Clarevallis
3670 2902 3751 2940 sa-

2116 2976 2221 3015 crae
2254 2963 2531 3017 memoriae
2562 2964 2838 3020 Bernardo
2880 2965 3057 3021 fuerat
3081 2968 3410 3025 destinatus.

2189 3076 2321 3129 1151
2397 3076 2545 3131 Hanc
2626 3077 2963 3147 Optimorum
3039 3081 3281 3136 virorum
3350 3084 3733 3157 migrationem

2120 3168 2258 3222 forte
2286 3167 2637 3239 significavit,
2679 3169 2829 3241 quod
2882 3171 2936 3225 in
3002 3188 3141 3247 pago
3190 3173 3530 3233 Suessonico
3549 3179 3736 3234 eodem

2117 3277 2263 3317 anno
2289 3262 2507 3319 accidit.
2563 3262 2694 3318 Cum
2736 3265 2884 3319 enim
2952 3266 3173 3321 hiemali
3214 3269 3343 3340 gelu
3386 3277 3534 3327 terra
3578 3274 3736 3329 vehe-

2118 3364 2332 3411 menter
2361 3356 2719 3425 induruisset,
2748 3376 2946 3431 cespes
3006 3362 3255 3433 plurimae
3287 3364 3659 3439 longitudinis
3685 3377 3736 3424 et

2115 3448 2441 3514 latitudinis,
2475 3450 2544 3504 de
2571 3458 2717 3506 terra
2754 3452 2940 3508 subito
2981 3455 3223 3521 avulsus,
3264 3456 3433 3532 longe
3465 3460 3534 3514 ad
3572 3461 3727 3517 alium

2113 3542 2290 3597 locum
2332 3549 2415 3597 est
2453 3542 2767 3599 translatus.

2179 3634 2335 3688 1131.
2374 3634 2644 3689 Robertus
2683 3636 2752 3690 de
2807 3637 2996 3703 Botua,
3056 3639 3138 3694 vir
3191 3640 3342 3696 omni
3405 3643 3615 3712 plenus
3639 3658 3729 3697 ne-

2107 3725 2304 3797 quitia,
2338 3734 2604 3791 nepotum
2652 3744 2877 3783 suorum
2946 3737 3121 3785 castra
3177 3731 3484 3806 ingressus,
3540 3735 3723 3790 dolose

2104 3814 2454 3883 tyrannidem
2484 3823 2704 3871 exercet
2735 3816 2789 3869 in
2848 3823 2992 3871 terra
3043 3817 3133 3886 (cf.
3168 3823 3318 3874 Cant.
3356 3822 3586 3891 Proem.)
3632 3822 3723 3887 Qui

2102 3903 2300 3975 spiritu
2323 3904 2483 3958 etiam
2514 3904 2768 3976 zelotipie
2785 3921 3104 3972 succensus,
3123 3909 3402 3978 quendam
3437 3910 3710 3965 hominem

2102 4010 2260 4048 suum
2288 3993 2420 4048 satis
2452 3993 2691 4061 fidelem,
2752 4011 2875 4049 cum
2915 3996 3025 4050 alio
3082 3996 3198 4051 viro
3230 4003 3285 4051 et
3322 4014 3435 4053 una
3467 4000 3715 4059 muliere,

2102 4082 2242 4136 intra
2272 4082 2660 4137 domunculam
2726 4083 3136 4139 comburendos
3190 4084 3347 4152 jubet
3379 4087 3610 4143 includi.
3636 4088 3711 4141 llli

2100 4188 2228 4227 vero
2261 4173 2431 4228 instar
2458 4174 2808 4244 antiquorum
2871 4175 3033 4229 trium
3088 4192 3385 4247 puerorum
3434 4179 3601 4235 domo
3632 4196 3714 4234 ar-

2100 4266 2286 4332 dente,
2311 4274 2365 4320 et
2392 4266 2611 4321 ﬂamma
2639 4284 2809 4338 super
2844 4269 3026 4339 capita
3058 4284 3249 4324 eorum
3281 4270 3338 4324 in
3376 4273 3603 4328 modum
3629 4272 3708 4326 lu-

2099 4354 2236 4409 cidae
2280 4354 2441 4409 nubis
2496 4354 2783 4421 volitante,
2844 4355 3001 4411 illaesi
3062 4368 3514 4427 permanserunt.
3580 4359 3716 4425 Quos

2098 4445 2245 4501 foras
2264 4462 2522 4517 egressos
2576 4462 2700 4501 cum
2761 4455 3184 4519 persequeretur
3233 4450 3463 4522 iniquus
3492 4452 3583 4507 ille
3613 4452 3710 4505 mi-

2093 4535 2288 4600 nister,
2322 4535 2409 4590 cui
2464 4535 2723 4590 dominus
2766 4552 2901 4590 suus
2962 4536 3065 4592 hoc
3112 4536 3325 4593 facinus
3375 4539 3709 4607 injunxerat,

2090 4630 2143 4677 et
2167 4624 2454 4695 evaginato
2484 4623 2667 4695 gladio
2718 4640 2892 4678 unum
2960 4640 3024 4678 ex
3075 4624 3158 4679 eis
3216 4624 3385 4680 ferire
3423 4627 3704 4691 voluisset,

2091 4723 2316 4786 repente
2343 4716 2594 4786 quzedam
2646 4715 2944 4770 invisibilis
3001 4732 3237 4787 persona
3268 4726 3419 4774 retro
3454 4734 3578 4772 eum
3611 4733 3706 4788 per

2090 4824 2300 4863 comam
2342 4808 2536 4879 capitis
2573 4808 2963 4878 apprehendit,
3020 4815 3073 4863 et
3128 4825 3252 4863 eum
3305 4825 3472 4882 equo,
3506 4810 3590 4864 cui
3614 4824 3703 4863 se-

2089 4898 2274 4957 debat,
2310 4897 2362 4950 in
2398 4907 2589 4950 terram
2618 4896 2959 4967 praecipitem
2990 4895 3161 4951 dedit.
3224 4898 3379 4953 Unde
3406 4907 3461 4952 et
3487 4914 3607 4952 mox
3628 4896 3696 4951 ad

2088 4989 2344 5044 Sanctum
2375 4988 2639 5044 Jacobum
2690 5004 2751 5043 se
2794 4990 2998 5042 iturum
3032 5005 3153 5044 esse
3185 4991 3494 5062 spopondit
3521 4989 3614 5044 sed
3653 4994 3705 5041 et

2087 5081 2188 5145 illi,
2232 5098 2370 5152 quos
2401 5081 2622 5151 propria
2674 5081 3017 5135 conservavit
3072 5081 3412 5147 innocentia,
3478 5080 3697 5155 gratiam

2088 5171 2182 5226 Dei
2216 5187 2325 5227 non
2353 5170 2409 5225 in
2427 5186 2664 5225 vacuum
2730 5169 3089 5240 accipientes,
3118 5170 3286 5225 vitam
3327 5187 3482 5225 suam
3515 5170 3566 5223 in
3591 5182 3697 5222 me-

2086 5266 2193 5321 lius
2227 5273 2593 5323 mutaverunt.

1926 5436 2134 5493 NOTAE.

444 5613 591 5683 (538)
620 5612 872 5683 Frigidus
905 5611 1081 5676 Mons,
1115 5613 1278 5671 dieeo.
1314 5617 1740 5676 Bellovacensis.

449 5685 598 5759 (539)
626 5683 893 5743 De‘l’rato
926 5690 980 5739 et
1003 5683 1251 5759 Frigidus
1280 5704 1461 5744 mons.

2178 5620 2327 5691 (540)
2354 5619 2621 5677 Mortuum
2652 5633 2828 5674 mare.
