3858 6206
1047 320 1395 378 CHRONICA.
1438 352 1506 362 —
1546 321 1923 378 AUCTARIUM
1962 322 2225 378 NICOLAI
2267 324 2534 379 ΛΜΒΙΛΝ.

3361 328 3470 384 410

523 624 1329 725 AUCTARIUM
1426 561 2001 723 NICOLAI
2106 624 3064 723 AMBIANENSIS.

223 845 460 899 Nicotaus
492 845 874 898 Ambiancnsis
904 847 1050 898 circa
1084 860 1136 898 α.
1173 843 1308 899 1203
1354 845 1505 898 breve
1523 844 1806 898 chrom‘con
1845 844 1915 898 ab
1951 843 2013 899 Ο,
2054 844 2112 897 C.
2138 859 2306 913 usque
2335 845 2409 896 ad
2438 860 2489 897 α.
2533 843 2669 899 1203
2701 846 2923 912 scripsit
2961 848 3074 897 octo
3106 844 3282 906 libris,
3302 848 3469 899 totum

166 918 224 968 ad
248 916 451 969 verbum
492 917 838 985 compilatnm
869 931 937 968 ea:
976 916 1224 978 Eusebio,
1250 917 1595 983 Hieronymo,
1636 916 1909 981 Sigebcrto
1938 916 2159 983 ejusque
2201 917 2664 969 mntimmtoﬁbus
2693 918 3072 983 Ursicampino
3104 919 3263 983 atque
3293 917 3472 983 Aqui-

165 989 386 1047 cinctino,
419 988 616 1055 quibus
646 987 869 1040 aliunde
889 990 1057 1054 petita
1086 989 1432 1054 interspersit
1467 1002 1529 1039 ea.
1558 991 1774 1040 tantum
1817 1002 1936 1055 qua:
1964 988 2049 1040 hic
2081 988 2273 1039 damus
2304 1003 2331 1040 θ
2368 988 2543 1039 codice
2583 990 2728 1054 regio
2760 989 3056 1041 Parisicnsi
3083 988 3469 1055 interSuppIe-

162 1063 311 1110 menta
366 1058 541 1110 latina
585 1075 640 1111 η.
697 1057 799 1111 783
853 1072 898 1111 s.
936 1074 1062 1111 xvm
1119 1059 1389 1127 descripto
1434 1072 1460 1109 θ
1489 1058 1663 1110 codice
1692 1058 1817 1111 olim
1870 1058 2168 1121 Pithmano,
2211 1062 2323 1110 tum
2375 1059 2681 1119 Christinw,
2730 1074 2872 1110 nunc
2924 1060 3184 1111 Vaticano
3236 1073 3290 1110 η.
3333 1058 3460 1121 4H,

170 1129 364 1182 membr.
430 1144 475 1181 s.
526 1144 636 1183 xxv.
687 1131 776 1185 Ea:
840 1129 1019 1183 eodem
1074 1130 1253 1183 codice
1291 1132 1437 1196 regio
1494 1144 1664 1182 annos
1724 1128 2036 1183 1113-1204
2086 1133 2362 1197 exemptos
2412 1130 2532 1198 jam
2590 1130 2764 1182 edidit
2801 1132 2929 1183 Dom
2982 1128 3131 1182 [trial
3178 1130 3323 1193 XIV,
3375 1128 3467 1193 2t,

164 1201 335 1265 XVIII,
376 1199 495 1254 701.

213 1343 326 1397 424.
376 1343 476 1408 Qui
535 1359 658 1398 cum
710 1360 741 1398 a
797 1344 1034 1416 quodam
1094 1345 1364 1399 monacho
1421 1360 1588 1415 super
1646 1342 2172 1415 eo,Aimperalore
2209 1342 2424 1411 directi,
2454 1344 2507 1398 in
2563 1344 2854 1399 Cersonam
2888 1343 3251 1413 deportavcre
3283 1341 3468 1396 Marti-

158 1432 281 1501 quod
311 1430 546 1501 petebat,
594 1446 727 1501 sepe
768 1433 1041 1502 repulsam
1077 1432 1320 1503 patiente
1358 1430 1741 1486 excommuni-

158 1532 288 1579 catus
314 1532 475 1589 esset,
506 1533 560 1580 et
600 1525 903 1581 monachus
941 1526 1266 1600 aufugisset,
1301 1527 1436 1581 dixit
1483 1542 1540 1581 se
1595 1526 1739 1600 nolle

154 1630 337 1669 sumere
365 1612 572 1681 cibum,
629 1615 809 1670 donec
861 1615 1249 1670 absolveretur
1293 1615 1361 1669 ab
1411 1631 1499 1682 eo,
1542 1616 1739 1670 Verum

154 1722 256 1760 cum
284 1706 384 1761 loci
413 1706 565 1761 illius
598 1707 893 1779 episcopus
923 1707 1316 1777 pronunciaret
1354 1724 1479 1761 eum
1514 1707 1740 1763 absolu—

156 1803 268 1863 tum,
300 1798 581 1868 presertim
624 1814 748 1853 cum
791 1814 902 1853 non
939 1798 1175 1869 quilibet
1225 1800 1741 1854 exeommunicandi

155 1892 363 1948 habeant
389 1899 743 1965 potestatem,
804 1910 914 1950 non
970 1894 1245 1965 acquievit
1289 1903 1470 1950 tamen
1502 1895 1740 1966 impera-

152 1994 237 2047 tor,
286 2000 568 2058 quousque
628 1987 697 2041 ab
736 1988 1278 2043 excommunicatore
1331 1988 1521 2045 fuisset
1577 1990 1743 2045 abso-

152 2076 291 2133 lutus.

209 2168 319 2223 535.
357 2168 454 2232 Qui
492 2168 847 2224 insimulatus
880 2186 910 2224 a
950 2169 1155 2241 populo
1179 2187 1301 2237 suo,
1334 2186 1401 2226 eo
1428 2173 1576 2243 quod
1608 2172 1743 2226 mis-

159 2273 253 2312 sam
281 2260 559 2315 celebrans
600 2260 866 2327 diluculo,
918 2258 1102 2317 statim
1145 2263 1330 2317 cibum
1368 2271 1633 2330 sumeret,
1675 2265 1741 2317 ad

154 2346 274 2417 quod
326 2354 504 2404 tamen
562 2364 694 2403 eum
760 2349 1051 2405 inﬁrmitas
1106 2351 1442 2423 impellebat,
1516 2353 1738 2408 Romam

155 2454 355 2512 pergens
402 2441 714 2513 sitiensque
744 2441 799 2496 in
830 2443 1051 2499 deserto
1082 2459 1191 2515 quo
1237 2444 1526 2512 transibat,
1575 2446 1741 2501 silve-

156 2537 270 2586 stres
319 2549 505 2589 cervas
543 2541 693 2589 stare
744 2534 933 2603 jussit,
990 2542 1390 2609 steteruntque,
1450 2554 1738 2610 quousque

155 2618 268 2674 lacte
296 2639 473 2677 earum
523 2630 693 2695 potus
724 2631 807 2679 est
858 2633 913 2681 et
951 2625 1210 2683 refectus.
1263 2628 1475 2683 Deinde
1530 2644 1742 2699 pauper

1842 1450 1993 1497 num,
2028 1435 2123 1488 ubi
2146 1434 2442 1489 defunctus
2472 1443 2553 1489 est
2587 1442 2797 1506 postea,
2858 1441 2912 1488 et
2952 1449 3154 1503 corpus
3209 1432 3331 1500 ejus
3364 1432 3464 1485 de-

1843 1538 1988 1577 mum
2052 1524 2275 1578 Romam
2339 1523 2589 1588 relatum,
2649 1523 2924 1593 sepultum
2973 1529 3063 1576 est
3115 1522 3169 1575 in
3230 1520 3465 1575 ecclesia

1843 1615 2017 1669 sancti
2049 1616 2316 1670 Silvestri.

1915 1702 2038 1759 670.
2100 1704 2269 1774 Hujus
2299 1710 2549 1774 tempore
2605 1703 2853 1757 eeclesia’
2884 1704 3192 1771 Ravennas,
3224 1719 3333 1775 que
3373 1703 3466 1757 diu

1846 1800 2149 1846 recesserat
2172 1808 2203 1846 a
2235 1792 2495 1855 Romana,
2541 1791 2700 1844 rediit
2727 1791 2794 1843 ad
2819 1807 2961 1844 eam.

1913 1888 2037 1942 681.
2070 1885 2183 1940 Sub
2211 1886 2317 1940 hoc
2346 1885 2616 1938 indultum
2650 1891 2735 1939 est
2762 1885 2829 1939 ah
2864 1886 3217 1955 imperatore,
3270 1892 3328 1938 ut
3359 1885 3468 1940 Ro-

1843 1991 2040 2030 manus
2072 1991 2211 2045 papa
2260 1973 2467 2029 nullius
2521 1974 2789 2045 requisilo
2831 1989 3127 2037 consensu,
3172 1973 3352 2028 statim
3394 1989 3465 2028 ex

1844 2079 1954 2135 quo
1982 2064 2224 2135 eligitur.
2249 2072 2624 2118 consecretur.

1912 2150 2037 2205 786.
2072 2150 2172 2215 Qui
2231 2149 2758 2220 ConstantinOpolim
2815 2149 3113 2220 aliquando
3142 2150 3393 2215 veniens,
3427 2167 3458 2205 a

1843 2238 2152 2293 Iustiniano
2180 2238 2488 2293 honoriﬁce
2517 2246 2829 2315 suscczptus,
2862 2238 3016 2291 urbis
3058 2238 3207 2309 regie
3232 2238 3463 2308 privile-

1842 2330 1931 2404 gia
1971 2330 2274 2386 renovavit.
2309 2331 2422 2394 Qua
2469 2346 2687 2385 reverso
2729 2330 2977 2396 Romam,
3010 2330 3313 2384 trucidatur
3340 2330 3465 2385 Jus-

1844 2419 2087 2473 tinianus
2116 2436 2147 2472 a
2180 2418 2486 2489 Philippico
2527 2418 2820 2489 imperium
2853 2418 3154 2488 arripiente
3194 2418 3458 2474 heretico.

1842 2508 1942 2572 Qui
1978 2517 2202 2579 prOpter
2233 2508 2470 2561 heresim
2503 2523 2605 2561 nec
2634 2508 2803 2561 Rome
2856 2507 3076 2561 habitus
3104 2516 3190 2561 est
3221 2507 3458 2577 impera-

1842 2611 1947 2671 tor,
1989 2621 2091 2659 nec
2132 2605 2318 2659 Petrus
2342 2605 2410 2657 ah
2441 2620 2507 2659 eo
2536 2604 2737 2658 missus
2765 2604 3104 2671 Ravennam,
3126 2612 3186 2659 ut
3220 2606 3315 2659 Ital
3329 2606 3376 2659 ie
3410 2605 3461 2660 el

161 2709 324 2766 Christi
362 2729 467 2770 non
500 2693 720 2769 habens
750 2715 900 2771 unde
941 2732 1139 2787 papam
1191 2718 1508 2785 honoraret,
1532 2693 1739 2790 inspe-
1766 2693 1817 2761 Β
1842 2694 2212 2750 Romanorum
2235 2696 2341 2749 dux
2371 2703 2534 2761 esse"
2572 2695 2742 2765 Γθθίρί
2786 2695 2963 2765 Ροιυίί
2986 2712 3016 2750 δ
3044 2696 3322 2751 Βοωδηίδ·

155 2805 249 2853 ctas
280 2817 399 2856 aves
443 2803 699 2858 volantes
725 2810 879 2873 aptas
908 2805 1097 2859 edulio
1149 2806 1270 2874 ejus
1310 2806 1509 2861 itinere
1558 2807 1734 2877 pede-

154 2892 231 2944 stri
271 2904 452 2949 euntes
476 2896 546 2950 ad
587 2896 920 2965 presentiam
971 2896 1153 2970 Vigilii
1184 2897 1367 2952 eidem
1408 2898 1580 2952 dedit.
1634 2899 1735 2963 Qui

154 2982 337 3053 cognita
387 2984 484 3040 viri
531 2985 848 3053 sanctitate,
887 2987 1037 3041 omni
1086 2993 1278 3042 contra
1328 3002 1452 3041 cum
1485 2987 1735 3059 calump-

155 3088 585 3133 niam......

208 3165 314 3222 633.
345 3169 450 3225 Hoc
475 3170 656 3225 electo
685 3171 885 3226 milites
938 3170 1168 3226 Romani
1196 3171 1515 3227 invaserunt
1548 3171 1733 3227 eccle-

155 3257 264 3312 siam
300 3259 741 3330 Lateranensem,
774 3262 961 3319 omnia
1007 3280 1136 3318 vasa
1166 3280 1333 3319 aurea
1385 3272 1440 3319 et
1470 3273 1735 3337 argentea

154 3357 476 3417 asportantes,
510 3360 569 3407 et
600 3352 743 3406 inter
788 3368 847 3407 se
879 3358 1089 3422 partem
1134 3352 1465 3420 dividentes,
1522 3363 1731 3424 partem

155 3436 305 3491 erario
351 3441 792 3515 transmiserunt.
851 3440 1137 3495 Mauritius
1177 3450 1359 3497 autem
1414 3442 1737 3498 cartularius

155 3530 196 3575 et
221 3525 404 3583 lsacius
433 3529 693 3601 patritius
722 3536 777 3585 et
825 3532 1064 3586 cxarcha
1111 3531 1278 3586 totius
1310 3531 1486 3597 Italic,
1532 3532 1736 3603 quibus

155 3616 394 3673 actoribus
444 3619 591 3675 facta
641 3628 792 3685 sunt,
863 3636 973 3675 non
1021 3620 1130 3687 _diu
1189 3620 1515 3691 impunitate
1563 3620 1735 3695 gavisi

156 3714 283 3774 sunt;
312 3726 428 3766 nam
456 3712 741 3767 Mauritius
794 3712 864 3768 ab
911 3713 1085 3769 lsacio
1122 3713 1429 3768 decollatus
1471 3722 1553 3767 est
1602 3729 1731 3784 pos-

155 3803 238 3865 tea,
264 3808 312 3855 et
340 3802 590 3859 lsaciusa
620 3805 732 3859 Deo
759 3820 1079 3875 percussus.

206 3890 312 3945 636.
341 3892 503 3962 Hujus
536 3902 786 3965 tempore
822 3895 1020 3966 Pyrrus
1057 3896 1127 3951 ob
1161 3896 1397 3951 heresim
1450 3895 1735 3966 depositus

1910 2792 2034 2845 902.
2067 2791 2157 2845 His
2206 2791 2550 2862 temporibus
2595 2791 2943 2845 Gormumlus
2991 2808 3086 2845 rex
3141 2791 3350 2846 Aﬁ‘rica}
3390 2793 3458 2847 de

1838 2891 1984 2938 secta
2020 2883 2328 2939 Mahometh
2360 2883 2609 2938 collectis
2662 2884 2837 2955 cepiis
2889 2899 3119 2959 regnum
3161 2883 3458 2955 Anglorum

1837 2977 1973 3030 mari
2008 2983 2348 3031 transvectus
2392 2976 2612 3030 invasit.
2666 2976 2742 3029 Ad
2778 2992 2941 3047 quem
2975 2975 3308 3050 confugiens
3358 2976 3464 3047 Hy-

1834 3068 2148 3139 senbertus,
2195 3069 2249 3122 in
2277 3068 2610 3125 avunculum
2650 3084 2811 3123 suum
2847 3068 3183 3123 Ludovicum
3241 3084 3327 3122 res
3355 3084 3459 3124 no-

1832 3178 1928 3216 vas
1964 3161 2224 3227 moliens,
2258 3161 2511 3232 promisit
2560 3161 2630 3223 ei,
2666 3161 2813 3232 quod
2862 3176 2967 3230 cpe
3008 3161 3128 3229 ejus
3175 3160 3457 3215 Franciam

1833 3251 2132 3306 obtineret.
2164 3251 2263 3315 Qui
2297 3266 2436 3305 vana
2464 3266 2563 3320 spe
2592 3251 2811 3316 ductus,
2844 3250 3080 3305 navibus
3125 3250 3311 3304 multis
3339 3250 3462 3304 bel-

1836 3346 2067 3401 latorum
2100 3346 2282 3417 plenis
2337 3345 2565 3401 Pontivo
2626 3345 2933 3416 applicans,
2979 3345 3251 3399 maritima
3283 3360 3461 3415 pepu-

1837 3434 1979 3489 latus
2004 3446 2107 3489 est.
2144 3435 2307 3504 Cujus
2329 3436 2627 3490 exercitum
2662 3443 3047 3509 pervagantem
3082 3443 3234 3488 extra
3274 3433 3459 3488 monia

1837 3530 2310 3596 Ambianensium,
2345 3530 2504 3584 fessis
2534 3529 2683 3584 bello
2729 3530 2967 3596 civibus,
3023 3529 3249 3603 indigne
3281 3528 3459 3583 feren-

1838 3626 1918 3674 tes
1947 3628 2214 3685 matrone,
2270 3636 2490 3693 egresso
2542 3619 2735 3673 urbem
2783 3636 2905 3673 cum
2957 3620 3145 3687 armis,
3181 3620 3364 3675 hostes
3389 3620 3455 3673 ad

1836 3721 2012 3769 castra
2062 3713 2250 3785 fugere
2298 3713 2704 3782 compulerunt.
2772 3712 2924 3766 Unde
2958 3712 3304 3787 privilegium
3353 3712 3459 3768 hoc

1836 3812 2179 3869 meruerunt,
2212 3804 2360 3874 quod
2395 3804 2452 3857 in
2511 3803 2746 3857 ecclesia
2775 3803 3039 3857 mulieres
3078 3819 3108 3856 a
3134 3803 3343 3856 dextris
3371 3820 3457 3857 se-

1836 3894 2024 3948 deant.
2069 3893 2353 3947 Ambianis
2404 3909 2498 3947 rex
2528 3900 2712 3946 autem
2775 3890 3104 3944 Francorum
3147 3890 3461 3963 proﬂigavit

152 3985 311 4040 asede
355 3986 987 4059 Constantinopolitana,
1029 4006 1092 4044 ex
1140 3988 1336 4045 Aﬁrica
1369 3990 1594 4045 Romam
1648 4006 1737 4045 ve-
1761 3999 1810 4067 Ο
1836 3988 2041 4044 deinde
2082 3989 2413 4043 Sarracenos
2457 3986 2602 4053 illos,
2636 3985 2953 4040 Gormundo
2983 4000 3110 4055 rege
3140 3994 3194 4038 et
3232 3984 3461 4054 Hysem-

154 4072 234 4137 nit,
261 4082 308 4129 et
334 4077 533 4133 erroris
565 4077 931 4147 penitentiam
960 4095 990 4133 a
1020 4078 1311 4135 Theodoro
1342 4096 1484 4150 papa
1504 4079 1737 4151 ,suppli-

154 4175 261 4216 cans
285 4164 615 4236 impetravit;
660 4175 716 4221 et
740 4173 1035 4239 antequam
1084 4169 1257 4223 exiret
1288 4169 1507 4235 urbem,
1539 4168 1606 4222 ad
1637 4184 1735 4223 vo-

155 4251 313 4306 mitum
364 4255 588 4311 rediens
619 4256 1129 4312 excommunicatus
1188 4263 1289 4312 est.
1363 4257 1627 4312 Similiter
1680 4266 1735 4312 et

156 4336 324 4397 Paulus
368 4345 618 4414 ejusdem
664 4346 814 4401 sedis
843 4346 1154 4417 patriarcha
1208 4347 1484 4402 hereticus
1536 4362 1567 4401 a
1598 4362 1736 4402 nun-

155 4429 237 4485 ciis
292 4433 427 4490 beati
466 4436 744 4491 Theodori
786 4436 1111 4507 resipiscere
1152 4436 1416 4503 monitus,
1478 4451 1582 4491 nec
1633 4451 1731 4491 ac-

156 4522 433 4595 quiescens,
455 4528 747 4600 depositus
772 4538 875 4583 est.
1221 4589 1230 4596 ,

214 4615 320 4672 648.
398 4619 493 4675 Hic
576 4620 799 4675 Paulum
871 4620 1576 4691 Constantinopolitanum,
1641 4620 1736 4693 qui

159 4699 532 4765 Constantinum
561 4710 951 4781 imperatorem
979 4710 1243 4765 docuerat
1270 4710 1499 4765 credere
1528 4710 1735 4765 nullam

158 4800 499 4864 Operationem
550 4812 645 4857 aut
704 4803 1038 4858 voluntatem
1096 4803 1150 4856 in
1205 4802 1442 4870 Christo,
1499 4802 1737 4859 concilio

158 4892 347 4942 centum
403 4890 806 4963 quinquaginta
844 4892 1232 4962 episcoporum
1293 4891 1739 4946 excommunica-

158 4973 237 5030 vit.
261 4978 331 5032 Ad
372 4981 578 5037 Italiam
611 4998 743 5057 ergo
786 4983 1083 5057 regendam
1118 4992 1173 5038 et
1214 4983 1283 5037 ad
1320 4983 1559 5039 heresim
1588 4983 1735 5039 illam

160 5059 337 5121 ibidem
367 5071 819 5145 promulgandam
873 5073 1075 5128 missus
1126 5072 1393 5143 Olimpius
1436 5088 1558 5127 cum
1599 5071 1738 5127 nihil

160 5154 435 5227 proﬁceret,
462 5162 532 5217 de
573 5172 775 5219 conatu
818 5164 1032 5220 Martini
1062 5181 1202 5237 pape
1254 5170 1491 5219 mortem
1531 5164 1742 5219 machi-

1836 4077 1994 4132 berto
2024 4077 2309 4157 proditore
2338 4075 2526 4147 gladio
2567 4075 2936 4143 interemptis.

1913 4166 2066 4220 ΗΠ.
2098 4166 2395 4221 Nicholaus
2426 4164 2814 4219 Ambianensis
2867 4161 3132 4227 nascitur,
3179 4161 3273 4234 qui
3318 4163 3459 4217 hanc

1835 4255 2034 4309 seriem
2066 4270 2158 4310 cro
2168 4255 2417 4310 uicorum
2449 4254 2698 4329 digessit.
2948 4302 2955 4309 .

1909 4344 2065 4399 1152.
2123 4343 2493 4399 Theodericus
2541 4342 2926 4397 Ambianensis
2977 4341 3273 4411 episc0pus
3301 4356 3457 4395 suam

1835 4437 2208 4492 cathedralem
2230 4436 2522 4490 ecclesiam
2546 4435 2601 4490 in
2622 4435 2833 4490 honore
2866 4435 3022 4491 beate
3054 4433 3218 4487 Marie
3237 4439 3291 4487 et
3314 4433 3458 4487 beati

1838 4532 2065 4587 Firmini
2122 4530 2374 4602 martyris
2425 4530 2733 4586 consecrari
2793 4528 2982 4584 fat-ita
3038 4529 3303 4582 Samsone
3350 4529 3461 4583 Re-

1838 4624 2014 4680 mensi
2072 4623 2512 4694 archiepiscopo,
2570 4622 2769 4678 vicinis
2816 4621 3132 4695 presulibus
3184 4635 3460 4676 convoca-

1840 4714 1927 4770 tis.

1910 4802 2066 4857 1153.
2100 4802 2159 4855 In
2214 4800 2489 4855 territorio
2521 4798 2873 4855 Noviomensi
2934 4797 3226 4862 Cansiolis,
3285 4798 3341 4852 in
3376 4813 3462 4853 ec-

1838 4891 2083 4961 clesiola,
2116 4890 2373 4946 monachi
2403 4890 2861 4961 supervenientes
2891 4889 2945 4943 in
2977 4888 3253 4943 fenestula
3280 4889 3462 4960 negli-

1838 4986 2034 5053 genter
2064 4979 2304 5051 positum
2350 4979 2579 5034 calicem
2627 4984 2681 5033 et
2738 4984 2953 5048 stupam
3006 4976 3157 5032 intus
3188 4976 3458 5052 sanguine

1841 5070 2131 5125 rubentem
2152 5070 2665 5141 deprehendentes,
2695 5085 2726 5123 a
2749 5068 3070 5139 presbytero
3095 5068 3315 5140 culpam
3336 5083 3463 5124 con-

1840 5165 2028 5222 ﬁtente
2068 5166 2405 5234 didicerunt,
2438 5182 2561 5221 cum
2606 5172 2766 5236 stupa
2818 5164 2908 5218 illa
2962 5163 3186 5219 solitum
3230 5163 3459 5219 calicem

162 5259 440 5312 nans,cum
496 5254 564 5308 ab
597 5271 663 5309 eo
695 5256 1138 5311 communionem
1202 5257 1256 5311 in
1288 5255 1524 5310 ecclesia
1552 5262 1805 5331 sancte‘
1839 5256 2129 5331 detergere
2196 5274 2295 5328 per
2380 5256 2667 5321 incuriam,
2728 5255 2867 5309 facta
2951 5253 3313 5324 perceptione
3372 5268 3462 5306 sa-

160 5332 301 5395 Marie
330 5344 394 5398 ad
425 5361 659 5417 presepe
690 5346 978 5417 reciperet.
1030 5356 1328 5418 expectans
1376 5356 1436 5402 ut
1466 5322 1815 5419 spatariusD
1840 5322 2053 5405 criﬁcii.

159 5436 271 5481 suus
297 5430 464 5501 illum,
505 5435 648 5489 sicut
688 5435 1004 5491 condictum
1050 5436 1248 5503 fuerat,
1279 5435 1625 5503 confoderet,
1652 5452 1739 5491 ex-

161 5529 350 5577 cecatus
370 5542 399 5581 a
423 5527 531 5583 Deo
560 5529 833 5600 spatarius
860 5530 931 5585 de
953 5530 1271 5601 proditione
1298 5530 1516 5586 veniam
1548 5537 1740 5600 postu-

162 5606 287 5669 lavit.
332 5616 433 5673 Sed
464 5629 515 5676 et
545 5621 812 5692 Olimpius
871 5621 1127 5693 penitens
1179 5625 1248 5678 ad
1280 5622 1445 5678 ﬁdem
1490 5622 1655 5678 rediit
1684 5631 1739 5678 et

164 5699 350 5769 culpam
381 5709 685 5765 contessus.
719 5710 928 5766 Deinde
962 5712 1031 5766 ad
1090 5711 1236 5767 idem
1277 5712 1491 5783 nephas
1533 5711 1625 5765 alii
1669 5712 1739 5766 ab

1912 5439 2069 5494 1187.
2101 5437 2395 5512 Gregorius
2436 5438 2679 5493 Romane
2707 5436 2940 5493 ecclesie
2984 5433 3411 5507 presidet171us
3443 5450 3457 5497 ;

1840 5530 1933 5602 qui
1962 5528 2142 5583 statim
2190 5529 2258 5583 ad
2300 5529 2615 5584 invitandos
2642 5528 2879 5599 pOpulos
2926 5533 2988 5581 ut
3017 5524 3250 5579 ecclesie
3281 5521 3461 5577 orien-

1838 5618 1932 5673 tali
1973 5626 2315 5684 succurrant,
2358 5618 2569 5691 legatos
2595 5633 2695 5687 per
2720 5616 2965 5671 diversas
2992 5612 3251 5685 regiones
3281 5616 3459 5662 trans-

1839 5708 2036 5777 mittit;
2062 5723 2463 5782 aggressusque
2504 5706 2832 5773 Ferrariam,
2877 5706 3101 5760 Romam
3134 5711 3453 5770 prOperans,
