  <div class='ocr_page' id='page_1' title='image "/cluster/home/n/w/nwhite01/storage/ocr_20150623/160/uva.x000829802/214.png"; bbox 0 0 3858 6206; ppageno 0'>
   <div class='ocr_carea' id='block_1_1' title="bbox 112 337 2549 401">
    <p class='ocr_par' dir='ltr' id='par_1_1' title="bbox 112 337 2549 401">
     <span class='ocr_line' id='line_1_1' title="bbox 112 337 2549 401; baseline -0.003 -1"><span class='ocrx_word' id='word_1_1' title='bbox 112 347 195 401; x_wconf 71' lang='grc'><strong>417</strong></span> <span class='ocrx_word' id='word_1_2' title='bbox 944 340 1289 395; x_wconf 81' lang='lat' dir='ltr'><strong>CHRONICA.</strong></span> <span class='ocrx_word' id='word_1_3' title='bbox 1337 370 1405 378; x_wconf 96' lang='lat'><strong>—</strong></span> <span class='ocrx_word' id='word_1_4' title='bbox 1443 338 1823 395; x_wconf 81' lang='lat' dir='ltr'><strong>AUCTARIUM</strong></span> <span class='ocrx_word' id='word_1_5' title='bbox 1864 337 2146 393; x_wconf 77' lang='lat' dir='ltr'><strong>ROBERTI</strong></span> <span class='ocrx_word' id='word_1_6' title='bbox 2188 338 2270 392; x_wconf 85' lang='lat' dir='ltr'><strong>DE</strong></span> <span class='ocrx_word' id='word_1_7' title='bbox 2309 338 2549 394; x_wconf 80' lang='lat' dir='ltr'><strong>MONTE.</strong></span> 
     </span>
    </p>
   </div>
   <div class='ocr_carea' id='block_1_2' title="bbox 3304 346 3411 399">
    <p class='ocr_par' dir='ltr' id='par_1_2' title="bbox 3304 346 3411 399">
     <span class='ocr_line' id='line_1_2' title="bbox 3304 346 3411 399; baseline 0 -1"><span class='ocrx_word' id='word_1_8' title='bbox 3304 346 3411 399; x_wconf 74' lang='grc'><strong>418</strong></span> 
     </span>
    </p>
   </div>
   <div class='ocr_carea' id='block_1_3' title="bbox 110 468 3415 546">
    <p class='ocr_par' dir='ltr' id='par_1_3' title="bbox 110 468 3415 546">
     <span class='ocr_line' id='line_1_3' title="bbox 110 468 3415 546; baseline -0.001 -16"><span class='ocrx_word' id='word_1_9' title='bbox 110 477 373 546; x_wconf 85' lang='lat' dir='ltr'><strong>episcopus</strong></span> <span class='ocrx_word' id='word_1_10' title='bbox 403 472 879 545; x_wconf 83' lang='lat' dir='ltr'><strong>Rothomagensis.</strong></span> <span class='ocrx_word' id='word_1_11' title='bbox 905 471 1107 542; x_wconf 69' lang='lat' dir='ltr'><strong>(Genu.</strong></span> <span class='ocrx_word' id='word_1_12' title='bbox 1138 489 1215 537; x_wconf 85' lang='lat' dir='ltr'><strong>Ill,</strong></span> <span class='ocrx_word' id='word_1_13' title='bbox 1259 473 1350 540; x_wconf 85' lang='lat'><strong>10,</strong></span> <span class='ocrx_word' id='word_1_14' title='bbox 1390 471 1478 539; x_wconf 84' lang='lat'><strong>12,</strong></span> <span class='ocrx_word' id='word_1_15' title='bbox 1510 488 1583 538; x_wconf 84' lang='grc' dir='ltr'><strong>ιν,</strong></span> <span class='ocrx_word' id='word_1_16' title='bbox 1615 472 1763 542; x_wconf 83' lang='grc' dir='ltr'>1.)Α</span> <span class='ocrx_word' id='word_1_17' title='bbox 1794 484 1997 524; x_wconf 84' lang='lat' dir='ltr'>nomen</span> <span class='ocrx_word' id='word_1_18' title='bbox 2053 468 2373 523; x_wconf 89' lang='lat' dir='ltr'><strong>Edmundus</strong></span> <span class='ocrx_word' id='word_1_19' title='bbox 2444 468 2727 535; x_wconf 89' lang='lat' dir='ltr'><strong>lreniside,</strong></span> <span class='ocrx_word' id='word_1_20' title='bbox 2790 470 2842 523; x_wconf 88' lang='lat' dir='ltr'><strong>id</strong></span> <span class='ocrx_word' id='word_1_21' title='bbox 2912 477 2994 525; x_wconf 92' lang='lat' dir='ltr'><strong>est</strong></span> <span class='ocrx_word' id='word_1_22' title='bbox 3043 471 3281 528; x_wconf 85' lang='lat' dir='ltr'><strong>ferreum</strong></span> <span class='ocrx_word' id='word_1_23' title='bbox 3338 475 3415 528; x_wconf 85' lang='lat' dir='ltr'><strong>la-</strong></span> 
     </span>
    </p>
   </div>
   <div class='ocr_carea' id='block_1_4' title="bbox 112 560 1995 637">
    <p class='ocr_par' dir='ltr' id='par_1_4' title="bbox 112 560 1995 637">
     <span class='ocr_line' id='line_1_4' title="bbox 112 560 1995 637; baseline -0.001 -17"><span class='ocrx_word' id='word_1_24' title='bbox 112 565 355 621; x_wconf 88' lang='lat' dir='ltr'><strong>Occiditur</strong></span> <span class='ocrx_word' id='word_1_25' title='bbox 382 562 699 617; x_wconf 87' lang='lat' dir='ltr'><strong>Willcrmus</strong></span> <span class='ocrx_word' id='word_1_26' title='bbox 740 563 1080 637; x_wconf 84' lang='lat' dir='ltr'><strong>Longaspata</strong></span> <span class='ocrx_word' id='word_1_27' title='bbox 1117 562 1225 617; x_wconf 75' lang='lat' dir='ltr'><strong>dux</strong></span> <span class='ocrx_word' id='word_1_28' title='bbox 1252 562 1686 618; x_wconf 91' lang='lat' dir='ltr'><strong>Normannorum</strong></span> <span class='ocrx_word' id='word_1_29' title='bbox 1791 569 1880 616; x_wconf 87' lang='lat' dir='ltr'><strong>tus</strong></span> <span class='ocrx_word' id='word_1_30' title='bbox 1904 560 1995 618; x_wconf 76' lang='grc'><strong>⁵³⁷.</strong></span> 
     </span>
    </p>
   </div>
   <div class='ocr_carea' id='block_1_5' title="bbox 113 651 1489 724">
    <p class='ocr_par' dir='ltr' id='par_1_5' title="bbox 113 651 1489 724">
     <span class='ocr_line' id='line_1_5' title="bbox 113 651 1489 724; baseline 0 -17"><span class='ocrx_word' id='word_1_31' title='bbox 113 686 165 693; x_wconf 89' lang='lat'><em>-</em></span> <span class='ocrx_word' id='word_1_32' title='bbox 191 654 272 724; x_wconf 87' lang='lat' dir='ltr'><strong>qui</strong></span> <span class='ocrx_word' id='word_1_33' title='bbox 313 660 463 707; x_wconf 86' lang='lat' dir='ltr'><strong>vetus</strong></span> <span class='ocrx_word' id='word_1_34' title='bbox 504 652 723 717; x_wconf 86' lang='lat' dir='ltr'><strong>dicitur,</strong></span> <span class='ocrx_word' id='word_1_35' title='bbox 752 667 915 722; x_wconf 87' lang='lat' dir='ltr'><strong>quem</strong></span> <span class='ocrx_word' id='word_1_36' title='bbox 949 651 1017 705; x_wconf 89' lang='lat' dir='ltr'><strong>de</strong></span> <span class='ocrx_word' id='word_1_37' title='bbox 1049 651 1248 722; x_wconf 89' lang='lat' dir='ltr'><strong>Sprota</strong></span> <span class='ocrx_word' id='word_1_38' title='bbox 1278 652 1489 723; x_wconf 83' lang='lat' dir='ltr'><strong>genuit.</strong></span> 
     </span>
    </p>
   </div>
   <div class='ocr_carea' id='block_1_6' title="bbox 172 744 1367 815">
    <p class='ocr_par' dir='ltr' id='par_1_6' title="bbox 172 744 1367 815">
     <span class='ocr_line' id='line_1_6' title="bbox 172 744 1367 815; baseline 0 -16"><span class='ocrx_word' id='word_1_39' title='bbox 172 747 342 812; x_wconf 62' lang='lat' dir='ltr'><strong>(llum.</strong></span> <span class='ocrx_word' id='word_1_40' title='bbox 376 762 408 800; x_wconf 89' lang='lat' dir='ltr'><strong>v</strong></span> <span class='ocrx_word' id='word_1_41' title='bbox 438 748 453 815; x_wconf 88' lang='lat'>)</span> <span class='ocrx_word' id='word_1_42' title='bbox 478 746 689 799; x_wconf 84' lang='lat' dir='ltr'><strong>Mortuo</strong></span> <span class='ocrx_word' id='word_1_43' title='bbox 721 745 1011 799; x_wconf 89' lang='lat' dir='ltr'><strong>Edmundo</strong></span> <span class='ocrx_word' id='word_1_44' title='bbox 1031 775 1099 783; x_wconf 91' lang='lat'><strong>—-</strong></span> <span class='ocrx_word' id='word_1_45' title='bbox 1130 744 1367 799; x_wconf 86' lang='lat' dir='ltr'><strong>obtinuit</strong></span> 
     </span>
    </p>
   </div>
   <div class='ocr_carea' id='block_1_7' title="bbox 169 835 1412 909">
    <p class='ocr_par' dir='ltr' id='par_1_7' title="bbox 169 835 1412 909">
     <span class='ocr_line' id='line_1_7' title="bbox 169 835 1412 909; baseline -0.002 -18"><span class='ocrx_word' id='word_1_46' title='bbox 169 840 251 891; x_wconf 82' lang='lat'><strong>951</strong></span> <span class='ocrx_word' id='word_1_47' title='bbox 306 836 429 906; x_wconf 80' lang='lat' dir='ltr'><strong>(1b.)</strong></span> <span class='ocrx_word' id='word_1_48' title='bbox 474 836 688 890; x_wconf 87' lang='lat' dir='ltr'><strong>Edredo</strong></span> <span class='ocrx_word' id='word_1_49' title='bbox 719 852 849 909; x_wconf 85' lang='lat' dir='ltr'><strong>rege</strong></span> <span class='ocrx_word' id='word_1_50' title='bbox 879 866 940 874; x_wconf 94' lang='lat'><strong>—</strong></span> <span class='ocrx_word' id='word_1_51' title='bbox 970 851 1198 909; x_wconf 78' lang='lat' dir='ltr'><strong>regnum</strong></span> <span class='ocrx_word' id='word_1_52' title='bbox 1218 835 1412 890; x_wconf 92' lang='lat' dir='ltr'><strong>tenuit.</strong></span> 
     </span>
    </p>
   </div>
   <div class='ocr_carea' id='block_1_8' title="bbox 169 922 1303 995">
    <p class='ocr_par' dir='ltr' id='par_1_8' title="bbox 169 922 1303 995">
     <span class='ocr_line' id='line_1_8' title="bbox 169 922 1303 995; baseline -0.001 -15"><span class='ocrx_word' id='word_1_53' title='bbox 169 924 283 980; x_wconf 80' lang='lat'><strong>955.</strong></span> <span class='ocrx_word' id='word_1_54' title='bbox 316 926 437 995; x_wconf 75' lang='lat' dir='ltr'><strong>(1b.)</strong></span> <span class='ocrx_word' id='word_1_55' title='bbox 471 924 682 979; x_wconf 77' lang='lat' dir='ltr'><strong>Mortuo</strong></span> <span class='ocrx_word' id='word_1_56' title='bbox 716 923 861 977; x_wconf 82' lang='lat' dir='ltr'><strong>Edwi</strong></span> <span class='ocrx_word' id='word_1_57' title='bbox 914 954 962 962; x_wconf 94' lang='lat'><strong>—</strong></span> <span class='ocrx_word' id='word_1_58' title='bbox 990 922 1303 979; x_wconf 84' lang='lat' dir='ltr'><strong>Tedfordia.</strong></span> 
     </span>
    </p>
   </div>
   <div class='ocr_carea' id='block_1_9' title="bbox 169 1013 1708 1084">
    <p class='ocr_par' dir='ltr' id='par_1_9' title="bbox 169 1013 1708 1084">
     <span class='ocr_line' id='line_1_9' title="bbox 169 1013 1708 1084; baseline -0.002 -13"><span class='ocrx_word' id='word_1_59' title='bbox 169 1016 261 1072; x_wconf 84' lang='lat'><strong>960</strong></span> <span class='ocrx_word' id='word_1_60' title='bbox 323 1018 411 1084; x_wconf 74' lang='grc' dir='ltr'>(Α.</span> <span class='ocrx_word' id='word_1_61' title='bbox 448 1019 628 1083; x_wconf 87' lang='lat' dir='ltr'><strong>Font.)</strong></span> <span class='ocrx_word' id='word_1_62' title='bbox 660 1015 951 1070; x_wconf 81' lang='lat' dir='ltr'><strong>Menardus</strong></span> <span class='ocrx_word' id='word_1_63' title='bbox 980 1015 1149 1069; x_wconf 81' lang='lat' dir='ltr'><strong>abbas</strong></span> <span class='ocrx_word' id='word_1_64' title='bbox 1191 1014 1482 1069; x_wconf 90' lang='lat' dir='ltr'><strong>cenobium</strong></span> <span class='ocrx_word' id='word_1_65' title='bbox 1527 1013 1708 1070; x_wconf 84' lang='lat' dir='ltr'><strong>Fonti-</strong></span> 
     </span>
    </p>
   </div>
   <div class='ocr_carea' id='block_1_10' title="bbox 114 1104 607 1161">
    <p class='ocr_par' dir='ltr' id='par_1_10' title="bbox 114 1104 607 1161">
     <span class='ocr_line' id='line_1_10' title="bbox 114 1104 607 1161; baseline -0.002 -1"><span class='ocrx_word' id='word_1_66' title='bbox 114 1106 283 1161; x_wconf 84' lang='lat' dir='ltr'><strong>uellam</strong></span> <span class='ocrx_word' id='word_1_67' title='bbox 305 1104 607 1160; x_wconf 82' lang='lat' dir='ltr'><strong>reedilieat.</strong></span> 
     </span>
    </p>
   </div>
   <div class='ocr_carea' id='block_1_11' title="bbox 170 1213 1691 1284">
    <p class='ocr_par' dir='ltr' id='par_1_11' title="bbox 170 1213 1691 1284">
     <span class='ocr_line' id='line_1_11' title="bbox 170 1213 1691 1284; baseline -0.001 -14"><span class='ocrx_word' id='word_1_68' title='bbox 170 1218 280 1270; x_wconf 69' lang='grc'>964.</span> <span class='ocrx_word' id='word_1_69' title='bbox 312 1219 457 1282; x_wconf 80' lang='lat' dir='ltr'><strong>(Mir.</strong></span> <span class='ocrx_word' id='word_1_70' title='bbox 494 1215 723 1281; x_wconf 70' lang='lat' dir='ltr'><strong>Wlfrid.</strong></span> <span class='ocrx_word' id='word_1_71' title='bbox 754 1216 821 1283; x_wconf 85' lang='lat' dir='ltr'><strong>.v)</strong></span> <span class='ocrx_word' id='word_1_72' title='bbox 848 1213 989 1284; x_wconf 87' lang='grc'><strong>(556)</strong></span> <span class='ocrx_word' id='word_1_73' title='bbox 1017 1213 1125 1268; x_wconf 92' lang='lat' dir='ltr'><strong>Hoc</strong></span> <span class='ocrx_word' id='word_1_74' title='bbox 1158 1220 1405 1284; x_wconf 75' lang='lat' dir='ltr'><strong>tempore</strong></span> <span class='ocrx_word' id='word_1_75' title='bbox 1434 1246 1501 1254; x_wconf 92' lang='lat'><strong><em>—</em></strong></span> <span class='ocrx_word' id='word_1_76' title='bbox 1530 1231 1691 1269; x_wconf 86' lang='lat' dir='ltr'><strong>reve-</strong></span> 
     </span>
    </p>
   </div>
   <div class='ocr_carea' id='block_1_12' title="bbox 1864 649 3407 720">
    <p class='ocr_par' dir='ltr' id='par_1_12' title="bbox 1864 649 3407 720">
     <span class='ocr_line' id='line_1_12' title="bbox 1864 649 3407 720; baseline 0.005 -18"><span class='ocrx_word' id='word_1_77' title='bbox 1864 649 2022 704; x_wconf 77' lang='grc'>1014.</span> <span class='ocrx_word' id='word_1_78' title='bbox 2056 649 2268 719; x_wconf 83' lang='lat' dir='ltr'><strong>(Gemm.</strong></span> <span class='ocrx_word' id='word_1_79' title='bbox 2292 665 2347 715; x_wconf 91' lang='lat' dir='ltr'><strong>v,</strong></span> <span class='ocrx_word' id='word_1_80' title='bbox 2379 649 2441 715; x_wconf 85' lang='lat'><strong>9;</strong></span> <span class='ocrx_word' id='word_1_81' title='bbox 2472 649 2545 705; x_wconf 85' lang='lat' dir='ltr'><strong>ib.</strong></span> <span class='ocrx_word' id='word_1_82' title='bbox 2579 665 2674 715; x_wconf 85' lang='lat' dir='ltr'><strong>vn,</strong></span> <span class='ocrx_word' id='word_1_83' title='bbox 2708 649 2798 702; x_wconf 78' lang='lat'><strong>22.</strong></span> <span class='ocrx_word' id='word_1_84' title='bbox 2849 649 3083 720; x_wconf 76' lang='lat' dir='ltr'><strong>(Mortuo</strong></span> <span class='ocrx_word' id='word_1_85' title='bbox 3122 653 3407 709; x_wconf 79' lang='lat' dir='ltr'><strong>Edmundo</strong></span> 
     </span>
    </p>
   </div>
   <div class='ocr_carea' id='block_1_13' title="bbox 1796 742 2298 817">
    <p class='ocr_par' dir='ltr' id='par_1_13' title="bbox 1796 742 2298 817">
     <span class='ocr_line' id='line_1_13' title="bbox 1796 742 2298 817; baseline -0.008 -18"><span class='ocrx_word' id='word_1_86' title='bbox 1796 775 1867 783; x_wconf 94' lang='lat'><strong>—</strong></span> <span class='ocrx_word' id='word_1_87' title='bbox 1892 743 2086 817; x_wconf 82' lang='lat' dir='ltr'><strong>viginti</strong></span> <span class='ocrx_word' id='word_1_88' title='bbox 2120 742 2298 797; x_wconf 81' lang='lat' dir='ltr'><strong>anuis.</strong></span> 
     </span>
    </p>
   </div>
   <div class='ocr_carea' id='block_1_14' title="bbox 1876 833 3118 902">
    <p class='ocr_par' dir='ltr' id='par_1_14' title="bbox 1876 833 3118 902">
     <span class='ocr_line' id='line_1_14' title="bbox 1876 833 3118 902; baseline 0.001 -13"><span class='ocrx_word' id='word_1_89' title='bbox 1876 834 2033 890; x_wconf 89' lang='lat'><strong>1017.</strong></span> <span class='ocrx_word' id='word_1_90' title='bbox 2067 833 2163 902; x_wconf 85' lang='lat' dir='ltr'><strong>(A.</strong></span> <span class='ocrx_word' id='word_1_91' title='bbox 2196 835 2374 901; x_wconf 85' lang='lat' dir='ltr'><strong>Roth.)</strong></span> <span class='ocrx_word' id='word_1_92' title='bbox 2398 833 2539 888; x_wconf 91' lang='lat' dir='ltr'><strong>Obiit</strong></span> <span class='ocrx_word' id='word_1_93' title='bbox 2562 834 2751 889; x_wconf 83' lang='lat' dir='ltr'><strong>Judith</strong></span> <span class='ocrx_word' id='word_1_94' title='bbox 2784 865 2850 874; x_wconf 94' lang='lat'>—</span> <span class='ocrx_word' id='word_1_95' title='bbox 2878 835 3118 891; x_wconf 80' lang='lat' dir='ltr'><strong>Ricardi.</strong></span> 
     </span>
    </p>
   </div>
   <div class='ocr_carea' id='block_1_15' title="bbox 1877 924 3418 995">
    <p class='ocr_par' dir='ltr' id='par_1_15' title="bbox 1877 924 3418 995">
     <span class='ocr_line' id='line_1_15' title="bbox 1877 924 3418 995; baseline 0.005 -17"><span class='ocrx_word' id='word_1_96' title='bbox 1877 925 2035 979; x_wconf 73' lang='grc'>1024.</span> <span class='ocrx_word' id='word_1_97' title='bbox 2074 925 2276 995; x_wconf 80' lang='lat' dir='ltr'><strong>(Gemm</strong></span> <span class='ocrx_word' id='word_1_98' title='bbox 2299 967 2311 979; x_wconf 93' lang='lat'><strong>.</strong></span> <span class='ocrx_word' id='word_1_99' title='bbox 2335 941 2387 991; x_wconf 87' lang='lat' dir='ltr'><strong>v,</strong></span> <span class='ocrx_word' id='word_1_100' title='bbox 2417 927 2478 989; x_wconf 88' lang='lat'><strong>7;</strong></span> <span class='ocrx_word' id='word_1_101' title='bbox 2514 924 2587 980; x_wconf 91' lang='lat' dir='ltr'><strong>ib.</strong></span> <span class='ocrx_word' id='word_1_102' title='bbox 2618 942 2669 988; x_wconf 91' lang='lat' dir='ltr'><strong>v,</strong></span> <span class='ocrx_word' id='word_1_103' title='bbox 2698 926 2805 993; x_wconf 92' lang='lat'><strong>16.)</strong></span> <span class='ocrx_word' id='word_1_104' title='bbox 2828 925 2955 982; x_wconf 85' lang='lat' dir='ltr'><strong>Post</strong></span> <span class='ocrx_word' id='word_1_105' title='bbox 2973 935 3204 983; x_wconf 91' lang='lat' dir='ltr'><strong>mortem</strong></span> <span class='ocrx_word' id='word_1_106' title='bbox 3230 929 3418 986; x_wconf 83' lang='lat' dir='ltr'><strong>ludith</strong></span> 
     </span>
    </p>
   </div>
   <div class='ocr_carea' id='block_1_16' title="bbox 1805 1014 3419 1090">
    <p class='ocr_par' dir='ltr' id='par_1_16' title="bbox 1805 1014 3419 1090">
     <span class='ocr_line' id='line_1_16' title="bbox 1805 1014 3419 1090; baseline 0.004 -21"><span class='ocrx_word' id='word_1_107' title='bbox 1805 1046 1871 1055; x_wconf 89' lang='lat'><strong>—</strong></span> <span class='ocrx_word' id='word_1_108' title='bbox 1901 1015 1970 1070; x_wconf 91' lang='lat' dir='ltr'><strong>de</strong></span> <span class='ocrx_word' id='word_1_109' title='bbox 1999 1014 2207 1071; x_wconf 90' lang='lat' dir='ltr'><strong>Archis.</strong></span> <span class='ocrx_word' id='word_1_110' title='bbox 2242 1015 2389 1070; x_wconf 92' lang='lat' dir='ltr'><strong>ldem</strong></span> <span class='ocrx_word' id='word_1_111' title='bbox 2438 1014 2704 1070; x_wconf 83' lang='lat' dir='ltr'><strong>Ricardus</strong></span> <span class='ocrx_word' id='word_1_112' title='bbox 2733 1046 2804 1055; x_wconf 96' lang='lat'><strong>—</strong></span> <span class='ocrx_word' id='word_1_113' title='bbox 2829 1018 3029 1090; x_wconf 88' lang='lat' dir='ltr'><strong>coegit.</strong></span> <span class='ocrx_word' id='word_1_114' title='bbox 3066 1018 3225 1074; x_wconf 85' lang='lat' dir='ltr'><strong>Dedit</strong></span> <span class='ocrx_word' id='word_1_115' title='bbox 3255 1021 3419 1075; x_wconf 90' lang='lat' dir='ltr'><strong>etiam</strong></span> 
     </span>
    </p>
   </div>
   <div class='ocr_carea' id='block_1_17' title="bbox 1796 1107 3413 1180">
    <p class='ocr_par' dir='ltr' id='par_1_17' title="bbox 1796 1107 3413 1180">
     <span class='ocr_line' id='line_1_17' title="bbox 1796 1107 3413 1180; baseline 0.002 -18"><span class='ocrx_word' id='word_1_116' title='bbox 1796 1108 1943 1177; x_wconf 74' lang='lat' dir='ltr'><strong>idem</strong></span> <span class='ocrx_word' id='word_1_117' title='bbox 1991 1107 2270 1162; x_wconf 90' lang='lat' dir='ltr'><strong>secundus</strong></span> <span class='ocrx_word' id='word_1_118' title='bbox 2313 1107 2577 1161; x_wconf 76' lang='lat' dir='ltr'><strong>Ricardus</strong></span> <span class='ocrx_word' id='word_1_119' title='bbox 2634 1108 2770 1161; x_wconf 88' lang='lat' dir='ltr'><strong>duas</strong></span> <span class='ocrx_word' id='word_1_120' title='bbox 2850 1108 3007 1162; x_wconf 88' lang='lat' dir='ltr'><strong>villas</strong></span> <span class='ocrx_word' id='word_1_121' title='bbox 3061 1112 3301 1180; x_wconf 87' lang='lat' dir='ltr'><strong>optimas</strong></span> <span class='ocrx_word' id='word_1_122' title='bbox 3360 1112 3413 1165; x_wconf 90' lang='lat' dir='ltr'><strong>in</strong></span> 
     </span>
    </p>
   </div>
   <div class='ocr_carea' id='block_1_18' title="bbox 1796 1198 3421 1272">
    <p class='ocr_par' dir='ltr' id='par_1_18' title="bbox 1796 1198 3421 1272">
     <span class='ocr_line' id='line_1_18' title="bbox 1796 1198 3421 1272; baseline 0.003 -19"><span class='ocrx_word' id='word_1_123' title='bbox 1796 1199 2151 1265; x_wconf 82' lang='lat' dir='ltr'><strong>Normannia,</strong></span> <span class='ocrx_word' id='word_1_124' title='bbox 2183 1198 2393 1253; x_wconf 81' lang='lat' dir='ltr'><strong>scilicet</strong></span> <span class='ocrx_word' id='word_1_125' title='bbox 2448 1199 2742 1254; x_wconf 81' lang='lat' dir='ltr'><strong>Willebum</strong></span> <span class='ocrx_word' id='word_1_126' title='bbox 2791 1216 2959 1269; x_wconf 86' lang='lat' dir='ltr'><strong>super</strong></span> <span class='ocrx_word' id='word_1_127' title='bbox 2997 1201 3329 1272; x_wconf 75' lang='lat' dir='ltr'><strong>Sequanam,</strong></span> <span class='ocrx_word' id='word_1_128' title='bbox 3365 1212 3421 1258; x_wconf 89' lang='lat' dir='ltr'><strong>et</strong></span> 
     </span>
    </p>
   </div>
   <div class='ocr_carea' id='block_1_19' title="bbox 119 1291 3424 1378">
    <p class='ocr_par' dir='ltr' id='par_1_19' title="bbox 119 1291 3424 1378">
     <span class='ocr_line' id='line_1_19' title="bbox 119 1291 3424 1378; baseline 0 -18"><span class='ocrx_word' id='word_1_129' title='bbox 119 1306 281 1360; x_wconf 86' lang='lat' dir='ltr'><strong>rentia.</strong></span> <span class='ocrx_word' id='word_1_130' title='bbox 322 1304 649 1378; x_wconf 80' lang='lat' dir='ltr'><strong>Progeniem</strong></span> <span class='ocrx_word' id='word_1_131' title='bbox 682 1309 865 1358; x_wconf 92' lang='lat' dir='ltr'><strong>autem</strong></span> <span class='ocrx_word' id='word_1_132' title='bbox 896 1319 1087 1358; x_wconf 91' lang='lat' dir='ltr'><strong>eorum</strong></span> <span class='ocrx_word' id='word_1_133' title='bbox 1121 1309 1173 1358; x_wconf 91' lang='lat' dir='ltr'><strong>et</strong></span> <span class='ocrx_word' id='word_1_134' title='bbox 1196 1303 1429 1373; x_wconf 87' lang='lat' dir='ltr'><strong>patriam</strong></span> <span class='ocrx_word' id='word_1_135' title='bbox 1461 1313 1515 1357; x_wconf 89' lang='lat' dir='ltr'><strong>et</strong></span> <span class='ocrx_word' id='word_1_136' title='bbox 1538 1304 1702 1358; x_wconf 86' lang='lat' dir='ltr'><strong>vitam</strong></span> <span class='ocrx_word' id='word_1_137' title='bbox 1805 1292 2118 1362; x_wconf 72' lang='lat' dir='ltr'><strong>Cambajllm</strong></span> <span class='ocrx_word' id='word_1_138' title='bbox 2154 1293 2209 1346; x_wconf 73' lang='lat' dir='ltr'><strong>in</strong></span> <span class='ocrx_word' id='word_1_139' title='bbox 2239 1291 2512 1346; x_wconf 70' lang='grc' dir='ltr'><strong>Οκίῐηθηεῖ</strong></span> <span class='ocrx_word' id='word_1_140' title='bbox 2572 1309 2712 1367; x_wconf 71' lang='lat' dir='ltr'><strong>P330</strong></span> <span class='ocrx_word' id='word_1_141' title='bbox 2761 1293 2923 1362; x_wconf 63' lang='grc'><strong>(558),</strong></span> <span class='ocrx_word' id='word_1_142' title='bbox 2978 1298 3424 1352; x_wconf 71' lang='lat' dir='ltr'><strong>anlecessoribus</strong></span> 
     </span>
    </p>
   </div>
   <div class='ocr_carea' id='block_1_20' title="bbox 118 1380 1726 1469">
    <p class='ocr_par' dir='ltr' id='par_1_20' title="bbox 118 1394 1705 1469">
     <span class='ocr_line' id='line_1_20' title="bbox 118 1394 1705 1469; baseline -0.001 -16"><span class='ocrx_word' id='word_1_143' title='bbox 118 1407 161 1453; x_wconf 86' lang='lat' dir='ltr'><strong>et</strong></span> <span class='ocrx_word' id='word_1_144' title='bbox 186 1398 485 1469; x_wconf 84' lang='lat' dir='ltr'><strong>passionem</strong></span> <span class='ocrx_word' id='word_1_145' title='bbox 520 1396 658 1450; x_wconf 83' lang='lat' dir='ltr'><strong>libet</strong></span> <span class='ocrx_word' id='word_1_146' title='bbox 702 1394 944 1449; x_wconf 82' lang='lat' dir='ltr'><strong>breviter</strong></span> <span class='ocrx_word' id='word_1_147' title='bbox 981 1394 1254 1449; x_wconf 83' lang='lat' dir='ltr'><strong>intimare.</strong></span> <span class='ocrx_word' id='word_1_148' title='bbox 1318 1394 1705 1451; x_wconf 83' lang='lat' dir='ltr'><strong>Valentiniano</strong></span> 
     </span>
    </p>
   </div>
   <div class='ocr_carea' id='block_1_21' title="bbox 1896 1380 3426 1469">
    <p class='ocr_par' dir='ltr' id='par_1_21' title="bbox 1896 1380 3426 1450">
     <span class='ocr_line' id='line_1_21' title="bbox 1896 1380 3426 1450; baseline 0.005 -14"><span class='ocrx_word' id='word_1_149' title='bbox 1896 1381 2061 1436; x_wconf 87' lang='lat' dir='ltr'><strong>nonis</strong></span> <span class='ocrx_word' id='word_1_150' title='bbox 2090 1380 2311 1437; x_wconf 91' lang='lat' dir='ltr'><strong>comitis</strong></span> <span class='ocrx_word' id='word_1_151' title='bbox 2332 1381 2640 1450; x_wconf 83' lang='lat' dir='ltr'><strong>Wilcasini,</strong></span> <span class='ocrx_word' id='word_1_152' title='bbox 2675 1392 2734 1438; x_wconf 90' lang='lat' dir='ltr'><strong>ut</strong></span> <span class='ocrx_word' id='word_1_153' title='bbox 2753 1384 3259 1441; x_wconf 87' lang='lat' dir='ltr'><strong>liceretexercitum</strong></span> <span class='ocrx_word' id='word_1_154' title='bbox 3288 1388 3426 1443; x_wconf 88' lang='lat' dir='ltr'><strong>Nor—</strong></span> 
     </span>
    </p>
   </div>
   <div class='ocr_carea' id='block_1_22' title="bbox 122 1486 537 1557">
    <p class='ocr_par' dir='ltr' id='par_1_22' title="bbox 122 1486 537 1557">
     <span class='ocr_line' id='line_1_22' title="bbox 122 1486 537 1557; baseline -0.002 -16"><span class='ocrx_word' id='word_1_155' title='bbox 122 1520 169 1526; x_wconf 90' lang='lat'><strong>—-</strong></span> <span class='ocrx_word' id='word_1_156' title='bbox 194 1486 537 1557; x_wconf 85' lang='lat' dir='ltr'><strong>sepelierunt.</strong></span> 
     </span>
    </p>
   </div>
   <div class='ocr_carea' id='block_1_23' title="bbox 180 1572 1596 1647">
    <p class='ocr_par' dir='ltr' id='par_1_23' title="bbox 180 1572 1596 1647">
     <span class='ocr_line' id='line_1_23' title="bbox 180 1572 1596 1647; baseline -0.004 -16"><span class='ocrx_word' id='word_1_157' title='bbox 180 1577 382 1643; x_wconf 70' lang='lat' dir='ltr'><strong>(Grmm.</strong></span> <span class='ocrx_word' id='word_1_158' title='bbox 425 1591 497 1639; x_wconf 81' lang='lat' dir='ltr'><strong>iv,</strong></span> <span class='ocrx_word' id='word_1_159' title='bbox 532 1574 647 1644; x_wconf 91' lang='lat'><strong>18.)</strong></span> <span class='ocrx_word' id='word_1_160' title='bbox 692 1574 879 1627; x_wconf 87' lang='lat' dir='ltr'><strong>Emma</strong></span> <span class='ocrx_word' id='word_1_161' title='bbox 907 1572 1596 1647; x_wconf 80' lang='lat' dir='ltr'><strong>uxor—Rothomagensis.</strong></span> 
     </span>
    </p>
   </div>
   <div class='ocr_carea' id='block_1_24' title="bbox 176 1680 1707 1750">
    <p class='ocr_par' dir='ltr' id='par_1_24' title="bbox 176 1680 1707 1750">
     <span class='ocr_line' id='line_1_24' title="bbox 176 1680 1707 1750; baseline -0.002 -13"><span class='ocrx_word' id='word_1_162' title='bbox 176 1683 285 1737; x_wconf 83' lang='grc'>966.</span> <span class='ocrx_word' id='word_1_163' title='bbox 321 1682 428 1737; x_wconf 82' lang='grc'>1100</span> <span class='ocrx_word' id='word_1_164' title='bbox 456 1698 609 1736; x_wconf 89' lang='lat' dir='ltr'><strong>anno</strong></span> <span class='ocrx_word' id='word_1_165' title='bbox 648 1681 812 1750; x_wconf 90' lang='lat' dir='ltr'><strong>ejecit</strong></span> <span class='ocrx_word' id='word_1_166' title='bbox 852 1681 1116 1735; x_wconf 81' lang='lat' dir='ltr'><strong>Ricardus</strong></span> <span class='ocrx_word' id='word_1_167' title='bbox 1160 1681 1466 1736; x_wconf 89' lang='lat' dir='ltr'><strong>marchisus</strong></span> <span class='ocrx_word' id='word_1_168' title='bbox 1506 1690 1560 1735; x_wconf 87' lang='lat' dir='ltr'><strong>et</strong></span> <span class='ocrx_word' id='word_1_169' title='bbox 1599 1680 1707 1734; x_wconf 89' lang='lat' dir='ltr'><strong>dux</strong></span> 
     </span>
    </p>
   </div>
   <div class='ocr_carea' id='block_1_25' title="bbox 125 1771 1788 1858">
    <p class='ocr_par' dir='ltr' id='par_1_25' title="bbox 125 1771 1788 1858">
     <span class='ocr_line' id='line_1_25' title="bbox 125 1771 1788 1858; baseline -0.001 -30"><span class='ocrx_word' id='word_1_170' title='bbox 125 1776 532 1829; x_wconf 73' lang='lat' dir='ltr'><strong>Normannorum</strong></span> <span class='ocrx_word' id='word_1_171' title='bbox 566 1773 801 1828; x_wconf 89' lang='lat' dir='ltr'><strong>clericos</strong></span> <span class='ocrx_word' id='word_1_172' title='bbox 848 1771 1125 1827; x_wconf 87' lang='lat' dir='ltr'><strong>seculares</strong></span> <span class='ocrx_word' id='word_1_173' title='bbox 1171 1772 1240 1826; x_wconf 93' lang='lat' dir='ltr'><strong>de</strong></span> <span class='ocrx_word' id='word_1_174' title='bbox 1273 1773 1377 1828; x_wconf 91' lang='lat' dir='ltr'><strong>hoc</strong></span> <span class='ocrx_word' id='word_1_175' title='bbox 1423 1783 1608 1829; x_wconf 86' lang='lat' dir='ltr'><strong>monte</strong></span> <span class='ocrx_word' id='word_1_176' title='bbox 1657 1782 1788 1858; x_wconf 82' lang='lat' dir='ltr'><strong>etB</strong></span> 
     </span>
    </p>
   </div>
   <div class='ocr_carea' id='block_1_26' title="bbox 1807 1470 3426 1550">
    <p class='ocr_par' dir='ltr' id='par_1_26' title="bbox 1807 1470 3426 1550">
     <span class='ocr_line' id='line_1_26' title="bbox 1807 1470 3426 1550; baseline 0.006 -26"><span class='ocrx_word' id='word_1_177' title='bbox 1807 1470 2027 1525; x_wconf 89' lang='lat' dir='ltr'><strong>mannie</strong></span> <span class='ocrx_word' id='word_1_178' title='bbox 2061 1470 2288 1541; x_wconf 85' lang='lat' dir='ltr'><strong>paciﬁce</strong></span> <span class='ocrx_word' id='word_1_179' title='bbox 2320 1472 2558 1526; x_wconf 88' lang='lat' dir='ltr'><strong>transire</strong></span> <span class='ocrx_word' id='word_1_180' title='bbox 2592 1490 2688 1542; x_wconf 92' lang='lat' dir='ltr'><strong>per</strong></span> <span class='ocrx_word' id='word_1_181' title='bbox 2716 1483 2913 1529; x_wconf 88' lang='lat' dir='ltr'><strong>terram</strong></span> <span class='ocrx_word' id='word_1_182' title='bbox 2944 1491 3098 1530; x_wconf 90' lang='lat' dir='ltr'><strong>suam</strong></span> <span class='ocrx_word' id='word_1_183' title='bbox 3130 1477 3197 1531; x_wconf 89' lang='lat' dir='ltr'><strong>ad</strong></span> <span class='ocrx_word' id='word_1_184' title='bbox 3228 1494 3426 1550; x_wconf 89' lang='lat' dir='ltr'><strong>supra-</strong></span> 
     </span>
    </p>
   </div>
   <div class='ocr_carea' id='block_1_27' title="bbox 1809 1560 2890 1634">
    <p class='ocr_par' dir='ltr' id='par_1_27' title="bbox 1809 1560 2890 1634">
     <span class='ocr_line' id='line_1_27' title="bbox 1809 1560 2890 1634; baseline 0.005 -21"><span class='ocrx_word' id='word_1_185' title='bbox 1809 1560 2008 1614; x_wconf 89' lang='lat' dir='ltr'><strong>dictam</strong></span> <span class='ocrx_word' id='word_1_186' title='bbox 2043 1560 2454 1629; x_wconf 82' lang='lat' dir='ltr'><strong>expeditionem</strong></span> <span class='ocrx_word' id='word_1_187' title='bbox 2498 1564 2890 1634; x_wconf 82' lang='lat' dir='ltr'><strong>peragendam.</strong></span> 
     </span>
    </p>
   </div>
   <div class='ocr_carea' id='block_1_28' title="bbox 1884 1654 3422 1723">
    <p class='ocr_par' dir='ltr' id='par_1_28' title="bbox 1884 1654 3422 1723">
     <span class='ocr_line' id='line_1_28' title="bbox 1884 1654 3422 1723; baseline 0.006 -15"><span class='ocrx_word' id='word_1_188' title='bbox 1884 1654 2037 1708; x_wconf 74' lang='lat'><strong>1026.</strong></span> <span class='ocrx_word' id='word_1_189' title='bbox 2082 1655 2166 1723; x_wconf 81' lang='grc' dir='ltr'><strong>(Α.</strong></span> <span class='ocrx_word' id='word_1_190' title='bbox 2217 1657 2393 1723; x_wconf 72' lang='lat' dir='ltr'><strong>Roth.)</strong></span> <span class='ocrx_word' id='word_1_191' title='bbox 2440 1655 2649 1711; x_wconf 78' lang='lat' dir='ltr'><strong>Mortuo</strong></span> <span class='ocrx_word' id='word_1_192' title='bbox 2694 1657 2925 1713; x_wconf 83' lang='lat' dir='ltr'><strong>Ricardo</strong></span> <span class='ocrx_word' id='word_1_193' title='bbox 2982 1661 3229 1715; x_wconf 89' lang='lat' dir='ltr'><strong>secundo</strong></span> <span class='ocrx_word' id='word_1_194' title='bbox 3279 1662 3422 1717; x_wconf 89' lang='lat' dir='ltr'><strong>duce</strong></span> 
     </span>
    </p>
   </div>
   <div class='ocr_carea' id='block_1_29' title="bbox 1812 1743 3425 1815">
    <p class='ocr_par' dir='ltr' id='par_1_29' title="bbox 1812 1743 3425 1815">
     <span class='ocr_line' id='line_1_29' title="bbox 1812 1743 3425 1815; baseline 0.005 -18"><span class='ocrx_word' id='word_1_195' title='bbox 1812 1744 2270 1811; x_wconf 87' lang='lat' dir='ltr'><strong>Normannorum,</strong></span> <span class='ocrx_word' id='word_1_196' title='bbox 2304 1743 2417 1798; x_wconf 82' lang='lat' dir='ltr'><strong>tilio</strong></span> <span class='ocrx_word' id='word_1_197' title='bbox 2449 1745 2610 1815; x_wconf 85' lang='lat' dir='ltr'><strong>primi</strong></span> <span class='ocrx_word' id='word_1_198' title='bbox 2636 1745 2871 1811; x_wconf 81' lang='lat' dir='ltr'><strong>Ricardi,</strong></span> <span class='ocrx_word' id='word_1_199' title='bbox 2915 1748 3179 1802; x_wconf 81' lang='lat' dir='ltr'><strong>successit</strong></span> <span class='ocrx_word' id='word_1_200' title='bbox 3205 1751 3253 1803; x_wconf 92' lang='lat' dir='ltr'><strong>ei</strong></span> <span class='ocrx_word' id='word_1_201' title='bbox 3278 1750 3425 1806; x_wconf 85' lang='lat' dir='ltr'><strong>filius</strong></span> 
     </span>
    </p>
   </div>
   <div class='ocr_carea' id='block_1_30' title="bbox 123 1837 3428 1938">
    <p class='ocr_par' dir='ltr' id='par_1_30' title="bbox 123 1837 3428 1938">
     <span class='ocr_line' id='line_1_30' title="bbox 123 1837 3428 1938; baseline -0.001 -21"><span class='ocrx_word' id='word_1_202' title='bbox 123 1862 403 1938; x_wconf 79' lang='lat' dir='ltr'><strong>aggregavit</strong></span> <span class='ocrx_word' id='word_1_203' title='bbox 424 1861 502 1915; x_wconf 89' lang='lat' dir='ltr'><strong>ibi</strong></span> <span class='ocrx_word' id='word_1_204' title='bbox 533 1862 838 1916; x_wconf 86' lang='lat' dir='ltr'><strong>monachos</strong></span> <span class='ocrx_word' id='word_1_205' title='bbox 861 1861 965 1914; x_wconf 88' lang='lat' dir='ltr'><strong>sub</strong></span> <span class='ocrx_word' id='word_1_206' title='bbox 999 1860 1192 1931; x_wconf 77' lang='lat' dir='ltr'><strong>regula</strong></span> <span class='ocrx_word' id='word_1_207' title='bbox 1224 1861 1396 1916; x_wconf 88' lang='lat' dir='ltr'><strong>sancti</strong></span> <span class='ocrx_word' id='word_1_208' title='bbox 1428 1860 1711 1916; x_wconf 86' lang='lat' dir='ltr'><strong>Benedicti</strong></span> <span class='ocrx_word' id='word_1_209' title='bbox 1738 1837 1788 1858; x_wconf 68' lang='grc' dir='ltr'><em>υ</em></span> <span class='ocrx_word' id='word_1_210' title='bbox 1815 1838 1936 1938; x_wconf 40' lang='lat' dir='ltr'><strong>Clu}</strong></span> <span class='ocrx_word' id='word_1_211' title='bbox 1968 1837 2507 1938; x_wconf 33' lang='lat' dir='ltr'><strong>_Rica:‘l“s_.l‘3lr°i_“s-</strong></span> <span class='ocrx_word' id='word_1_212' title='bbox 2544 1838 2861 1938; x_wconf 29' lang='lat' dir='ltr'><strong>Hic‘g‘fm‘&quot;</strong></span> <span class='ocrx_word' id='word_1_213' title='bbox 2883 1841 3209 1938; x_wconf 34' lang='grc' dir='ltr'><strong>Ηίεωδὶηη.</strong></span> <span class='ocrx_word' id='word_1_214' title='bbox 3240 1852 3428 1938; x_wconf 62' lang='grc' dir='ltr'><strong>Ροδῖεξῖι</strong></span> 
     </span>
    </p>
   </div>
   <div class='ocr_carea' id='block_1_31' title="bbox 126 1949 985 2022">
    <p class='ocr_par' dir='ltr' id='par_1_31' title="bbox 126 1949 985 2022">
     <span class='ocr_line' id='line_1_31' title="bbox 126 1949 985 2022; baseline -0.003 -15"><span class='ocrx_word' id='word_1_215' title='bbox 126 1954 214 2007; x_wconf 85' lang='lat' dir='ltr'><strong>Deo</strong></span> <span class='ocrx_word' id='word_1_216' title='bbox 240 1957 500 2022; x_wconf 89' lang='lat' dir='ltr'><strong>perpetuo</strong></span> <span class='ocrx_word' id='word_1_217' title='bbox 527 1949 837 2004; x_wconf 71' lang='lat' dir='ltr'><strong>servientes</strong></span> <span class='ocrx_word' id='word_1_218' title='bbox 862 1949 985 2004; x_wconf 65' lang='lat'><strong>53“.</strong></span> 
     </span>
    </p>
   </div>
   <div class='ocr_carea' id='block_1_32' title="bbox 180 2062 1537 2136">
    <p class='ocr_par' dir='ltr' id='par_1_32' title="bbox 180 2062 1537 2136">
     <span class='ocr_line' id='line_1_32' title="bbox 180 2062 1537 2136; baseline -0.002 -16"><span class='ocrx_word' id='word_1_219' title='bbox 180 2068 288 2121; x_wconf 84' lang='lat'><strong>971.</strong></span> <span class='ocrx_word' id='word_1_220' title='bbox 316 2064 502 2134; x_wconf 70' lang='lat' dir='ltr'><strong>(Huxr.</strong></span> <span class='ocrx_word' id='word_1_221' title='bbox 540 2066 619 2130; x_wconf 91' lang='lat' dir='ltr'><strong>v.)</strong></span> <span class='ocrx_word' id='word_1_222' title='bbox 651 2062 862 2117; x_wconf 76' lang='lat' dir='ltr'><strong>Mortuo</strong></span> <span class='ocrx_word' id='word_1_223' title='bbox 892 2062 1103 2136; x_wconf 80' lang='lat' dir='ltr'><strong>Edgaro</strong></span> <span class='ocrx_word' id='word_1_224' title='bbox 1125 2092 1194 2101; x_wconf 96' lang='lat'>—</span> <span class='ocrx_word' id='word_1_225' title='bbox 1217 2070 1403 2117; x_wconf 88' lang='lat' dir='ltr'><strong>secuta</strong></span> <span class='ocrx_word' id='word_1_226' title='bbox 1432 2071 1537 2117; x_wconf 84' lang='lat' dir='ltr'><strong>est.</strong></span> 
     </span>
    </p>
   </div>
   <div class='ocr_carea' id='block_1_33' title="bbox 183 2144 1713 2228">
    <p class='ocr_par' dir='ltr' id='par_1_33' title="bbox 183 2144 1713 2228">
     <span class='ocr_line' id='line_1_33' title="bbox 183 2144 1713 2228; baseline -0.001 -18"><span class='ocrx_word' id='word_1_227' title='bbox 183 2151 289 2205; x_wconf 69' lang='grc'>972.</span> <span class='ocrx_word' id='word_1_228' title='bbox 322 2155 542 2225; x_wconf 81' lang='lat' dir='ltr'><strong>(Gemm.</strong></span> <span class='ocrx_word' id='word_1_229' title='bbox 570 2170 646 2221; x_wconf 81' lang='lat' dir='ltr'><strong>IV,</strong></span> <span class='ocrx_word' id='word_1_230' title='bbox 680 2154 734 2221; x_wconf 87' lang='lat'><strong>7,</strong></span> <span class='ocrx_word' id='word_1_231' title='bbox 766 2154 841 2223; x_wconf 85' lang='lat'><strong>8.)</strong></span> <span class='ocrx_word' id='word_1_232' title='bbox 875 2144 1425 2228; x_wconf 46' lang='lat' dir='ltr'><strong>VenitAigroldusL-</strong></span> <span class='ocrx_word' id='word_1_233' title='bbox 1450 2153 1713 2209; x_wconf 88' lang='lat' dir='ltr'><strong>corrobo-</strong></span> 
     </span>
    </p>
   </div>
   <div class='ocr_carea' id='block_1_34' title="bbox 131 2249 367 2299">
    <p class='ocr_par' dir='ltr' id='par_1_34' title="bbox 131 2249 367 2299">
     <span class='ocr_line' id='line_1_34' title="bbox 131 2249 367 2299; baseline 0.017 -4"><span class='ocrx_word' id='word_1_234' title='bbox 131 2249 253 2296; x_wconf 81' lang='lat' dir='ltr'><strong>ratus</strong></span> <span class='ocrx_word' id='word_1_235' title='bbox 272 2253 367 2299; x_wconf 89' lang='lat' dir='ltr'><strong>est.</strong></span> 
     </span>
    </p>
   </div>
   <div class='ocr_carea' id='block_1_35' title="bbox 187 2335 1622 2406">
    <p class='ocr_par' dir='ltr' id='par_1_35' title="bbox 187 2335 1622 2406">
     <span class='ocr_line' id='line_1_35' title="bbox 187 2335 1622 2406; baseline -0.003 -17"><span class='ocrx_word' id='word_1_236' title='bbox 187 2336 312 2403; x_wconf 77' lang='lat'><strong>(975.</strong></span> <span class='ocrx_word' id='word_1_237' title='bbox 344 2337 504 2391; x_wconf 69' lang='lat' dir='ltr'><strong>Hum.</strong></span> <span class='ocrx_word' id='word_1_238' title='bbox 538 2342 623 2406; x_wconf 72' lang='grc' dir='ltr'>γ.)</span> <span class='ocrx_word' id='word_1_239' title='bbox 656 2335 859 2391; x_wconf 87' lang='lat' dir='ltr'><strong>Omnes</strong></span> <span class='ocrx_word' id='word_1_240' title='bbox 888 2335 1183 2391; x_wconf 86' lang='lat' dir='ltr'><strong>obtimates</strong></span> <span class='ocrx_word' id='word_1_241' title='bbox 1204 2366 1253 2375; x_wconf 88' lang='lat'><strong>—</strong></span> <span class='ocrx_word' id='word_1_242' title='bbox 1277 2337 1622 2391; x_wconf 89' lang='lat' dir='ltr'><strong>conterendi.</strong></span> 
     </span>
    </p>
   </div>
   <div class='ocr_carea' id='block_1_36' title="bbox 186 2427 1461 2499">
    <p class='ocr_par' dir='ltr' id='par_1_36' title="bbox 186 2427 1461 2499">
     <span class='ocr_line' id='line_1_36' title="bbox 186 2427 1461 2499; baseline 0 -18"><span class='ocrx_word' id='word_1_243' title='bbox 186 2427 294 2482; x_wconf 89' lang='lat'><strong>977.</strong></span> <span class='ocrx_word' id='word_1_244' title='bbox 323 2432 442 2499; x_wconf 69' lang='grc' dir='ltr'>(ιδ.)</span> <span class='ocrx_word' id='word_1_245' title='bbox 474 2430 672 2485; x_wconf 90' lang='lat' dir='ltr'><strong>Occiso</strong></span> <span class='ocrx_word' id='word_1_246' title='bbox 690 2436 879 2484; x_wconf 86' lang='lat' dir='ltr'><strong>sancto</strong></span> <span class='ocrx_word' id='word_1_247' title='bbox 897 2429 1161 2483; x_wconf 79' lang='lat' dir='ltr'><strong>Edwardo</strong></span> <span class='ocrx_word' id='word_1_248' title='bbox 1175 2459 1237 2467; x_wconf 94' lang='lat'><strong><em>—</em></strong></span> <span class='ocrx_word' id='word_1_249' title='bbox 1252 2428 1461 2484; x_wconf 92' lang='lat' dir='ltr'><strong>labore.</strong></span> 
     </span>
    </p>
   </div>
   <div class='ocr_carea' id='block_1_37' title="bbox 189 2534 1723 2606">
    <p class='ocr_par' dir='ltr' id='par_1_37' title="bbox 189 2534 1723 2606">
     <span class='ocr_line' id='line_1_37' title="bbox 189 2534 1723 2606; baseline -0.001 -17"><span class='ocrx_word' id='word_1_250' title='bbox 189 2535 292 2591; x_wconf 84' lang='lat'><strong>989.</strong></span> <span class='ocrx_word' id='word_1_251' title='bbox 324 2538 413 2606; x_wconf 80' lang='grc' dir='ltr'><strong>(Α.</strong></span> <span class='ocrx_word' id='word_1_252' title='bbox 460 2536 650 2606; x_wconf 83' lang='lat' dir='ltr'><strong>Roth.)</strong></span> <span class='ocrx_word' id='word_1_253' title='bbox 691 2535 1029 2606; x_wconf 82' lang='lat' dir='ltr'><strong>Subrogatur</strong></span> <span class='ocrx_word' id='word_1_254' title='bbox 1068 2534 1340 2591; x_wconf 84' lang='lat' dir='ltr'><strong>Robertus</strong></span> <span class='ocrx_word' id='word_1_255' title='bbox 1386 2535 1514 2589; x_wconf 67' lang='lat' dir='ltr'><strong>Mus</strong></span> <span class='ocrx_word' id='word_1_256' title='bbox 1545 2535 1723 2590; x_wconf 89' lang='lat' dir='ltr'><strong>archi-</strong></span> 
     </span>
    </p>
   </div>
   <div class='ocr_carea' id='block_1_38' title="bbox 135 2626 900 2701">
    <p class='ocr_par' dir='ltr' id='par_1_38' title="bbox 135 2626 900 2701">
     <span class='ocr_line' id='line_1_38' title="bbox 135 2626 900 2701; baseline 0.005 -24"><span class='ocrx_word' id='word_1_257' title='bbox 135 2626 388 2698; x_wconf 85' lang='lat' dir='ltr'><strong>episcopus</strong></span> <span class='ocrx_word' id='word_1_258' title='bbox 411 2627 900 2701; x_wconf 77' lang='lat' dir='ltr'><strong>Rothomagensis.</strong></span> 
     </span>
    </p>
   </div>
   <div class='ocr_carea' id='block_1_39' title="bbox 193 2715 1724 2787">
    <p class='ocr_par' dir='ltr' id='par_1_39' title="bbox 193 2715 1724 2787">
     <span class='ocr_line' id='line_1_39' title="bbox 193 2715 1724 2787; baseline 0 -16"><span class='ocrx_word' id='word_1_259' title='bbox 193 2715 299 2783; x_wconf 84' lang='grc'>996,</span> <span class='ocrx_word' id='word_1_260' title='bbox 326 2718 442 2787; x_wconf 85' lang='lat' dir='ltr'><strong>(1b.)</strong></span> <span class='ocrx_word' id='word_1_261' title='bbox 492 2716 646 2772; x_wconf 88' lang='lat' dir='ltr'><strong>Obiit</strong></span> <span class='ocrx_word' id='word_1_262' title='bbox 678 2716 887 2786; x_wconf 90' lang='lat' dir='ltr'><strong>primus</strong></span> <span class='ocrx_word' id='word_1_263' title='bbox 918 2746 979 2755; x_wconf 90' lang='lat'><strong>-</strong></span> <span class='ocrx_word' id='word_1_264' title='bbox 1019 2715 1316 2770; x_wconf 83' lang='lat' dir='ltr'><strong>secundus.</strong></span> <span class='ocrx_word' id='word_1_265' title='bbox 1361 2716 1485 2786; x_wconf 76' lang='lat' dir='ltr'><strong>lpse</strong></span> <span class='ocrx_word' id='word_1_266' title='bbox 1541 2715 1724 2771; x_wconf 80' lang='lat' dir='ltr'><strong>Ricar-</strong></span> 
     </span>
    </p>
   </div>
   <div class='ocr_carea' id='block_1_40' title="bbox 142 2809 1727 2882">
    <p class='ocr_par' dir='ltr' id='par_1_40' title="bbox 142 2809 1727 2882">
     <span class='ocr_line' id='line_1_40' title="bbox 142 2809 1727 2882; baseline 0.002 -20"><span class='ocrx_word' id='word_1_267' title='bbox 142 2809 224 2863; x_wconf 89' lang='lat' dir='ltr'><strong>dus</strong></span> <span class='ocrx_word' id='word_1_268' title='bbox 248 2813 380 2882; x_wconf 90' lang='lat' dir='ltr'><strong>apud</strong></span> <span class='ocrx_word' id='word_1_269' title='bbox 413 2813 771 2877; x_wconf 84' lang='lat' dir='ltr'><strong>Fiscannum,</strong></span> <span class='ocrx_word' id='word_1_270' title='bbox 802 2818 956 2881; x_wconf 90' lang='lat' dir='ltr'><strong>pater</strong></span> <span class='ocrx_word' id='word_1_271' title='bbox 990 2811 1304 2866; x_wconf 88' lang='lat' dir='ltr'><strong>Willermus</strong></span> <span class='ocrx_word' id='word_1_272' title='bbox 1332 2818 1386 2865; x_wconf 91' lang='lat' dir='ltr'><strong>et</strong></span> <span class='ocrx_word' id='word_1_273' title='bbox 1414 2811 1569 2866; x_wconf 81' lang='lat' dir='ltr'><strong>Rollo</strong></span> <span class='ocrx_word' id='word_1_274' title='bbox 1596 2827 1727 2867; x_wconf 89' lang='lat' dir='ltr'><strong>avus</strong></span> 
     </span>
    </p>
   </div>
   <div class='ocr_carea' id='block_1_41' title="bbox 141 2899 1081 2971">
    <p class='ocr_par' dir='ltr' id='par_1_41' title="bbox 141 2899 1081 2971">
     <span class='ocr_line' id='line_1_41' title="bbox 141 2899 1081 2971; baseline 0.004 -22"><span class='ocrx_word' id='word_1_275' title='bbox 141 2899 257 2967; x_wconf 86' lang='lat' dir='ltr'><strong>apud</strong></span> <span class='ocrx_word' id='word_1_276' title='bbox 277 2899 1081 2971; x_wconf 50' lang='lat' dir='ltr'><strong>Rothomagumjequiescunt.</strong></span> 
     </span>
    </p>
   </div>
   <div class='ocr_carea' id='block_1_42' title="bbox 196 2991 1727 3065">
    <p class='ocr_par' dir='ltr' id='par_1_42' title="bbox 196 2991 1727 3065">
     <span class='ocr_line' id='line_1_42' title="bbox 196 2991 1727 3065; baseline 0.003 -22"><span class='ocrx_word' id='word_1_277' title='bbox 196 2991 334 3047; x_wconf 87' lang='lat'><strong>1001.</strong></span> <span class='ocrx_word' id='word_1_278' title='bbox 367 2994 486 3065; x_wconf 49' lang='lat' dir='ltr'><strong>(1b.)</strong></span> <span class='ocrx_word' id='word_1_279' title='bbox 518 2993 673 3049; x_wconf 91' lang='lat' dir='ltr'><strong>Obiit</strong></span> <span class='ocrx_word' id='word_1_280' title='bbox 712 2991 1026 3047; x_wconf 88' lang='lat' dir='ltr'><strong>Willermus</strong></span> <span class='ocrx_word' id='word_1_281' title='bbox 1057 2992 1269 3063; x_wconf 91' lang='lat' dir='ltr'><strong>primus</strong></span> <span class='ocrx_word' id='word_1_282' title='bbox 1308 2991 1480 3047; x_wconf 87' lang='lat' dir='ltr'><strong>abbas</strong></span> <span class='ocrx_word' id='word_1_283' title='bbox 1511 2992 1727 3048; x_wconf 87' lang='lat' dir='ltr'><strong>Fiscan—</strong></span> 
     </span>
    </p>
   </div>
   <div class='ocr_carea' id='block_1_43' title="bbox 144 3094 316 3137">
    <p class='ocr_par' dir='ltr' id='par_1_43' title="bbox 144 3094 316 3137">
     <span class='ocr_line' id='line_1_43' title="bbox 144 3094 316 3137; baseline 0.029 -5"><span class='ocrx_word' id='word_1_284' title='bbox 144 3094 316 3137; x_wconf 68' lang='lat' dir='ltr'><strong>DEHSIS.</strong></span> 
     </span>
    </p>
   </div>
   <div class='ocr_carea' id='block_1_44' title="bbox 202 3195 1722 3271">
    <p class='ocr_par' dir='ltr' id='par_1_44' title="bbox 202 3195 1722 3271">
     <span class='ocr_line' id='line_1_44' title="bbox 202 3195 1722 3271; baseline 0.003 -23"><span class='ocrx_word' id='word_1_285' title='bbox 202 3195 337 3252; x_wconf 39' lang='lat'><strong>10(‘6.</strong></span> <span class='ocrx_word' id='word_1_286' title='bbox 380 3198 574 3269; x_wconf 68' lang='lat' dir='ltr'><strong>(Hum.</strong></span> <span class='ocrx_word' id='word_1_287' title='bbox 620 3198 716 3267; x_wconf 73' lang='grc' dir='ltr'>γι.)</span> <span class='ocrx_word' id='word_1_288' title='bbox 759 3196 910 3252; x_wconf 89' lang='lat' dir='ltr'><strong>Circa</strong></span> <span class='ocrx_word' id='word_1_289' title='bbox 944 3198 1046 3251; x_wconf 87' lang='lat' dir='ltr'><strong>hoc</strong></span> <span class='ocrx_word' id='word_1_290' title='bbox 1072 3203 1291 3268; x_wconf 86' lang='lat' dir='ltr'><strong>tempus</strong></span> <span class='ocrx_word' id='word_1_291' title='bbox 1333 3228 1398 3237; x_wconf 91' lang='lat'>—</span> <span class='ocrx_word' id='word_1_292' title='bbox 1430 3197 1485 3251; x_wconf 91' lang='lat' dir='ltr'><strong>in</strong></span> <span class='ocrx_word' id='word_1_293' title='bbox 1513 3198 1722 3271; x_wconf 83' lang='lat' dir='ltr'><strong>Anglia.</strong></span> 
     </span>
    </p>
   </div>
   <div class='ocr_carea' id='block_1_45' title="bbox 147 3287 1728 3360">
    <p class='ocr_par' dir='ltr' id='par_1_45' title="bbox 147 3287 1728 3360">
     <span class='ocr_line' id='line_1_45' title="bbox 147 3287 1728 3360; baseline 0.003 -21"><span class='ocrx_word' id='word_1_294' title='bbox 147 3287 218 3348; x_wconf 71' lang='grc' dir='ltr'><strong>(Α.</strong></span> <span class='ocrx_word' id='word_1_295' title='bbox 248 3291 414 3360; x_wconf 80' lang='lat' dir='ltr'><strong>Roth.)</strong></span> <span class='ocrx_word' id='word_1_296' title='bbox 447 3290 601 3345; x_wconf 90' lang='lat' dir='ltr'><strong>Obiit</strong></span> <span class='ocrx_word' id='word_1_297' title='bbox 648 3289 1000 3344; x_wconf 87' lang='lat' dir='ltr'><strong>Hildebertus</strong></span> <span class='ocrx_word' id='word_1_298' title='bbox 1026 3287 1199 3343; x_wconf 86' lang='lat' dir='ltr'><strong>abbas</strong></span> <span class='ocrx_word' id='word_1_299' title='bbox 1239 3289 1424 3344; x_wconf 87' lang='lat' dir='ltr'><strong>Sancti</strong></span> <span class='ocrx_word' id='word_1_300' title='bbox 1454 3290 1728 3359; x_wconf 85' lang='lat' dir='ltr'><strong>Audoeni,</strong></span> 
     </span>
    </p>
   </div>
   <div class='ocr_carea' id='block_1_46' title="bbox 147 3380 1727 3453">
    <p class='ocr_par' dir='ltr' id='par_1_46' title="bbox 147 3380 1727 3453">
     <span class='ocr_line' id='line_1_46' title="bbox 147 3380 1727 3453; baseline 0.003 -20"><span class='ocrx_word' id='word_1_301' title='bbox 147 3380 221 3448; x_wconf 90' lang='lat' dir='ltr'><strong>qui</strong></span> <span class='ocrx_word' id='word_1_302' title='bbox 258 3382 420 3452; x_wconf 89' lang='lat' dir='ltr'><strong>ipsum</strong></span> <span class='ocrx_word' id='word_1_303' title='bbox 454 3384 639 3439; x_wconf 89' lang='lat' dir='ltr'><strong>locum</strong></span> <span class='ocrx_word' id='word_1_304' title='bbox 673 3383 1016 3438; x_wconf 79' lang='lat' dir='ltr'><strong>restauravit.</strong></span> <span class='ocrx_word' id='word_1_305' title='bbox 1047 3382 1209 3450; x_wconf 84' lang='lat' dir='ltr'><strong>Audi,</strong></span> <span class='ocrx_word' id='word_1_306' title='bbox 1240 3382 1389 3453; x_wconf 89' lang='lat' dir='ltr'><strong>quod</strong></span> <span class='ocrx_word' id='word_1_307' title='bbox 1420 3383 1727 3451; x_wconf 85' lang='lat' dir='ltr'><strong>nesciebas,</strong></span> 
     </span>
    </p>
   </div>
   <div class='ocr_carea' id='block_1_47' title="bbox 150 3474 1730 3545">
    <p class='ocr_par' dir='ltr' id='par_1_47' title="bbox 150 3474 1730 3545">
     <span class='ocr_line' id='line_1_47' title="bbox 150 3474 1730 3545; baseline 0.003 -20"><span class='ocrx_word' id='word_1_308' title='bbox 150 3474 387 3542; x_wconf 89' lang='lat' dir='ltr'><strong>quomodo</strong></span> <span class='ocrx_word' id='word_1_309' title='bbox 416 3475 705 3545; x_wconf 90' lang='lat' dir='ltr'><strong>conjuncti</strong></span> <span class='ocrx_word' id='word_1_310' title='bbox 762 3481 893 3529; x_wconf 91' lang='lat' dir='ltr'><strong>sunt</strong></span> <span class='ocrx_word' id='word_1_311' title='bbox 924 3474 1155 3529; x_wconf 85' lang='lat' dir='ltr'><strong>ducatus</strong></span> <span class='ocrx_word' id='word_1_312' title='bbox 1184 3474 1496 3545; x_wconf 79' lang='lat' dir='ltr'><strong>Aquitanie,</strong></span> <span class='ocrx_word' id='word_1_313' title='bbox 1542 3482 1597 3530; x_wconf 91' lang='lat' dir='ltr'><strong>et</strong></span> <span class='ocrx_word' id='word_1_314' title='bbox 1622 3475 1730 3530; x_wconf 81' lang='lat' dir='ltr'><strong>ou-</strong></span> 
     </span>
    </p>
   </div>
   <div class='ocr_carea' id='block_1_48' title="bbox 148 3568 1734 3640">
    <p class='ocr_par' dir='ltr' id='par_1_48' title="bbox 148 3568 1734 3640">
     <span class='ocr_line' id='line_1_48' title="bbox 148 3568 1734 3640; baseline 0.004 -21"><span class='ocrx_word' id='word_1_315' title='bbox 148 3573 271 3621; x_wconf 88' lang='lat' dir='ltr'><strong>catus</strong></span> <span class='ocrx_word' id='word_1_316' title='bbox 294 3569 521 3625; x_wconf 87' lang='lat' dir='ltr'><strong>Pictavie</strong></span> <span class='ocrx_word' id='word_1_317' title='bbox 554 3568 883 3624; x_wconf 82' lang='lat' dir='ltr'><strong>Willermus</strong></span> <span class='ocrx_word' id='word_1_318' title='bbox 916 3568 1061 3639; x_wconf 88' lang='lat' dir='ltr'><strong>pius,</strong></span> <span class='ocrx_word' id='word_1_319' title='bbox 1086 3570 1196 3624; x_wconf 88' lang='lat' dir='ltr'><strong>dux</strong></span> <span class='ocrx_word' id='word_1_320' title='bbox 1228 3568 1540 3640; x_wconf 82' lang='lat' dir='ltr'><strong>Aquitanie,</strong></span> <span class='ocrx_word' id='word_1_321' title='bbox 1568 3570 1734 3625; x_wconf 89' lang='lat' dir='ltr'><strong>habe-</strong></span> 
     </span>
    </p>
   </div>
   <div class='ocr_carea' id='block_1_49' title="bbox 152 3656 1732 3730">
    <p class='ocr_par' dir='ltr' id='par_1_49' title="bbox 152 3656 1732 3730">
     <span class='ocr_line' id='line_1_49' title="bbox 152 3656 1732 3730; baseline 0.003 -20"><span class='ocrx_word' id='word_1_322' title='bbox 152 3656 224 3713; x_wconf 88' lang='lat' dir='ltr'><strong>bat</strong></span> <span class='ocrx_word' id='word_1_323' title='bbox 259 3670 536 3730; x_wconf 85' lang='lat' dir='ltr'><strong>cognatum</strong></span> <span class='ocrx_word' id='word_1_324' title='bbox 574 3677 745 3715; x_wconf 90' lang='lat' dir='ltr'><strong>unum</strong></span> <span class='ocrx_word' id='word_1_325' title='bbox 797 3660 1121 3715; x_wconf 80' lang='lat' dir='ltr'><strong>Bainaldum</strong></span> <span class='ocrx_word' id='word_1_326' title='bbox 1169 3660 1426 3717; x_wconf 92' lang='lat' dir='ltr'><strong>comitem</strong></span> <span class='ocrx_word' id='word_1_327' title='bbox 1472 3660 1732 3729; x_wconf 89' lang='lat' dir='ltr'><strong>Pictavie,</strong></span> 
     </span>
    </p>
   </div>
   <div class='ocr_carea' id='block_1_50' title="bbox 151 3748 1730 3821">
    <p class='ocr_par' dir='ltr' id='par_1_50' title="bbox 151 3748 1730 3821">
     <span class='ocr_line' id='line_1_50' title="bbox 151 3748 1730 3821; baseline 0.002 -20"><span class='ocrx_word' id='word_1_328' title='bbox 151 3748 223 3815; x_wconf 88' lang='lat' dir='ltr'><strong>qui</strong></span> <span class='ocrx_word' id='word_1_329' title='bbox 250 3765 307 3801; x_wconf 77' lang='lat' dir='ltr'><strong>ex</strong></span> <span class='ocrx_word' id='word_1_330' title='bbox 337 3751 557 3821; x_wconf 87' lang='lat' dir='ltr'><strong>prepria</strong></span> <span class='ocrx_word' id='word_1_331' title='bbox 589 3764 759 3805; x_wconf 85' lang='lat' dir='ltr'><strong>uxore</strong></span> <span class='ocrx_word' id='word_1_332' title='bbox 781 3748 1020 3804; x_wconf 83' lang='lat' dir='ltr'><strong>habebat</strong></span> <span class='ocrx_word' id='word_1_333' title='bbox 1060 3749 1234 3804; x_wconf 84' lang='lat' dir='ltr'><strong>tilium</strong></span> <span class='ocrx_word' id='word_1_334' title='bbox 1256 3749 1479 3806; x_wconf 84' lang='lat' dir='ltr'><strong>nomine</strong></span> <span class='ocrx_word' id='word_1_335' title='bbox 1518 3750 1730 3804; x_wconf 85' lang='lat' dir='ltr'><strong>Eblum.</strong></span> 
     </span>
    </p>
   </div>
   <div class='ocr_carea' id='block_1_51' title="bbox 152 3836 1729 3913">
    <p class='ocr_par' dir='ltr' id='par_1_51' title="bbox 152 3836 1729 3913">
     <span class='ocr_line' id='line_1_51' title="bbox 152 3836 1729 3913; baseline 0.002 -21"><span class='ocrx_word' id='word_1_336' title='bbox 152 3836 312 3907; x_wconf 84' lang='lat' dir='ltr'><strong>Quem,</strong></span> <span class='ocrx_word' id='word_1_337' title='bbox 356 3858 477 3897; x_wconf 88' lang='lat' dir='ltr'><strong>eum</strong></span> <span class='ocrx_word' id='word_1_338' title='bbox 534 3848 699 3913; x_wconf 88' lang='lat' dir='ltr'><strong>pater</strong></span> <span class='ocrx_word' id='word_1_339' title='bbox 760 3841 881 3910; x_wconf 91' lang='lat' dir='ltr'><strong>ejus</strong></span> <span class='ocrx_word' id='word_1_340' title='bbox 933 3850 1259 3907; x_wconf 89' lang='lat' dir='ltr'><strong>moreretur,</strong></span> <span class='ocrx_word' id='word_1_341' title='bbox 1340 3839 1564 3895; x_wconf 87' lang='lat' dir='ltr'><strong>tradidit</strong></span> <span class='ocrx_word' id='word_1_342' title='bbox 1598 3857 1729 3895; x_wconf 88' lang='lat' dir='ltr'><strong>eum</strong></span> 
     </span>
    </p>
   </div>
   <div class='ocr_carea' id='block_1_52' title="bbox 153 3934 1729 4005">
    <p class='ocr_par' dir='ltr' id='par_1_52' title="bbox 153 3934 1729 4005">
     <span class='ocr_line' id='line_1_52' title="bbox 153 3934 1729 4005; baseline 0.003 -21"><span class='ocrx_word' id='word_1_343' title='bbox 153 3934 463 3990; x_wconf 80' lang='lat' dir='ltr'><strong>nutriendum</strong></span> <span class='ocrx_word' id='word_1_344' title='bbox 522 3945 751 3991; x_wconf 83' lang='lat' dir='ltr'><strong>sanctus</strong></span> <span class='ocrx_word' id='word_1_345' title='bbox 808 3935 1071 3990; x_wconf 82' lang='lat' dir='ltr'><strong>Geraldus</strong></span> <span class='ocrx_word' id='word_1_346' title='bbox 1104 3934 1383 3990; x_wconf 87' lang='lat' dir='ltr'><strong>Willermo</strong></span> <span class='ocrx_word' id='word_1_347' title='bbox 1436 3934 1548 4005; x_wconf 90' lang='lat' dir='ltr'><strong>pio,</strong></span> <span class='ocrx_word' id='word_1_348' title='bbox 1603 3934 1729 3989; x_wconf 92' lang='lat' dir='ltr'><strong>duci</strong></span> 
     </span>
    </p>
   </div>
   <div class='ocr_carea' id='block_1_53' title="bbox 152 4024 1731 4101">
    <p class='ocr_par' dir='ltr' id='par_1_53' title="bbox 152 4024 1731 4101">
     <span class='ocr_line' id='line_1_53' title="bbox 152 4024 1731 4101; baseline 0.004 -26"><span class='ocrx_word' id='word_1_349' title='bbox 152 4024 424 4096; x_wconf 76' lang='lat' dir='ltr'><strong>Aquitanie,</strong></span> <span class='ocrx_word' id='word_1_350' title='bbox 456 4033 696 4101; x_wconf 85' lang='lat' dir='ltr'><strong>cognato</strong></span> <span class='ocrx_word' id='word_1_351' title='bbox 744 4041 866 4081; x_wconf 93' lang='lat' dir='ltr'><strong>suo.</strong></span> <span class='ocrx_word' id='word_1_352' title='bbox 913 4026 1011 4081; x_wconf 90' lang='lat' dir='ltr'><strong>Hie</strong></span> <span class='ocrx_word' id='word_1_353' title='bbox 1067 4026 1383 4081; x_wconf 87' lang='lat' dir='ltr'><strong>Willermus</strong></span> <span class='ocrx_word' id='word_1_354' title='bbox 1438 4024 1731 4096; x_wconf 80' lang='lat' dir='ltr'><strong>Aquitanie</strong></span> 
     </span>
    </p>
   </div>
   <div class='ocr_carea' id='block_1_54' title="bbox 154 4115 1735 4187">
    <p class='ocr_par' dir='ltr' id='par_1_54' title="bbox 154 4115 1735 4187">
     <span class='ocr_line' id='line_1_54' title="bbox 154 4115 1735 4187; baseline 0.001 -18"><span class='ocrx_word' id='word_1_355' title='bbox 154 4115 243 4171; x_wconf 80' lang='lat' dir='ltr'><strong>dux</strong></span> <span class='ocrx_word' id='word_1_356' title='bbox 291 4118 411 4176; x_wconf 85' lang='lat' dir='ltr'><strong>fecit</strong></span> <span class='ocrx_word' id='word_1_357' title='bbox 465 4119 865 4176; x_wconf 87' lang='lat' dir='ltr'><strong>monasterium</strong></span> <span class='ocrx_word' id='word_1_358' title='bbox 926 4118 1316 4185; x_wconf 86' lang='lat' dir='ltr'><strong>Cluniacense;</strong></span> <span class='ocrx_word' id='word_1_359' title='bbox 1359 4125 1414 4173; x_wconf 90' lang='lat' dir='ltr'><strong>et</strong></span> <span class='ocrx_word' id='word_1_360' title='bbox 1448 4132 1588 4173; x_wconf 83' lang='lat' dir='ltr'><strong>uxor</strong></span> <span class='ocrx_word' id='word_1_361' title='bbox 1614 4118 1735 4187; x_wconf 88' lang='lat' dir='ltr'><strong>ejus</strong></span> 
     </span>
    </p>
   </div>
   <div class='ocr_carea' id='block_1_55' title="bbox 157 4198 1736 4278">
    <p class='ocr_par' dir='ltr' id='par_1_55' title="bbox 157 4198 1736 4278">
     <span class='ocr_line' id='line_1_55' title="bbox 157 4198 1736 4278; baseline 0.007 -27"><span class='ocrx_word' id='word_1_362' title='bbox 157 4198 240 4255; x_wconf 81' lang='lat' dir='ltr'><strong>Eva</strong></span> <span class='ocrx_word' id='word_1_363' title='bbox 262 4211 377 4274; x_wconf 88' lang='lat' dir='ltr'><strong>post</strong></span> <span class='ocrx_word' id='word_1_364' title='bbox 414 4206 817 4278; x_wconf 84' lang='lat' dir='ltr'><strong>aliquantulum</strong></span> <span class='ocrx_word' id='word_1_365' title='bbox 868 4206 1157 4277; x_wconf 88' lang='lat' dir='ltr'><strong>temporis,</strong></span> <span class='ocrx_word' id='word_1_366' title='bbox 1212 4221 1342 4261; x_wconf 89' lang='lat' dir='ltr'><strong>cum</strong></span> <span class='ocrx_word' id='word_1_367' title='bbox 1373 4205 1483 4260; x_wconf 87' lang='lat' dir='ltr'><strong>dux</strong></span> <span class='ocrx_word' id='word_1_368' title='bbox 1513 4204 1736 4261; x_wconf 88' lang='lat' dir='ltr'><strong>Willer-</strong></span> 
     </span>
    </p>
   </div>
   <div class='ocr_carea' id='block_1_56' title="bbox 158 4293 1737 4366">
    <p class='ocr_par' dir='ltr' id='par_1_56' title="bbox 158 4293 1737 4366">
     <span class='ocr_line' id='line_1_56' title="bbox 158 4293 1737 4366; baseline 0.003 -23"><span class='ocrx_word' id='word_1_369' title='bbox 158 4304 256 4345; x_wconf 87' lang='lat' dir='ltr'><strong>mus</strong></span> <span class='ocrx_word' id='word_1_370' title='bbox 282 4294 395 4364; x_wconf 86' lang='lat' dir='ltr'><strong>pius</strong></span> <span class='ocrx_word' id='word_1_371' title='bbox 422 4296 671 4350; x_wconf 88' lang='lat' dir='ltr'><strong>venisset</strong></span> <span class='ocrx_word' id='word_1_372' title='bbox 701 4294 768 4349; x_wconf 88' lang='lat' dir='ltr'><strong>ad</strong></span> <span class='ocrx_word' id='word_1_373' title='bbox 798 4301 1063 4361; x_wconf 83' lang='lat' dir='ltr'><strong>extrema,</strong></span> <span class='ocrx_word' id='word_1_374' title='bbox 1104 4293 1258 4348; x_wconf 88' lang='lat' dir='ltr'><strong>dedit</strong></span> <span class='ocrx_word' id='word_1_375' title='bbox 1286 4293 1543 4349; x_wconf 91' lang='lat' dir='ltr'><strong>ducatum</strong></span> <span class='ocrx_word' id='word_1_376' title='bbox 1573 4294 1737 4366; x_wconf 83' lang='lat' dir='ltr'><strong>Aqui-</strong></span> 
     </span>
    </p>
   </div>
   <div class='ocr_carea' id='block_1_57' title="bbox 1816 1926 3429 2001">
    <p class='ocr_par' dir='ltr' id='par_1_57' title="bbox 1816 1926 3429 2001">
     <span class='ocr_line' id='line_1_57' title="bbox 1816 1926 3429 2001; baseline 0.004 -20"><span class='ocrx_word' id='word_1_377' title='bbox 1816 1926 2073 1981; x_wconf 90' lang='lat' dir='ltr'><strong>abbatem</strong></span> <span class='ocrx_word' id='word_1_378' title='bbox 2105 1926 2286 1981; x_wconf 87' lang='lat' dir='ltr'><strong>Sancti</strong></span> <span class='ocrx_word' id='word_1_379' title='bbox 2318 1927 2563 1982; x_wconf 79' lang='lat' dir='ltr'><strong>Audoeni</strong></span> <span class='ocrx_word' id='word_1_380' title='bbox 2610 1934 2664 1981; x_wconf 90' lang='lat' dir='ltr'><strong>et</strong></span> <span class='ocrx_word' id='word_1_381' title='bbox 2704 1929 2839 1982; x_wconf 85' lang='lat' dir='ltr'><strong>duas</strong></span> <span class='ocrx_word' id='word_1_382' title='bbox 2879 1928 3039 1995; x_wconf 81' lang='lat' dir='ltr'><strong>ﬁlias,</strong></span> <span class='ocrx_word' id='word_1_383' title='bbox 3082 1930 3304 2001; x_wconf 87' lang='lat' dir='ltr'><strong>Papiam</strong></span> <span class='ocrx_word' id='word_1_384' title='bbox 3342 1934 3429 1988; x_wconf 86' lang='lat' dir='ltr'><strong>vi-</strong></span> 
     </span>
    </p>
   </div>
   <div class='ocr_carea' id='block_1_58' title="bbox 1818 2015 3435 2091">
    <p class='ocr_par' dir='ltr' id='par_1_58' title="bbox 1818 2015 3435 2091">
     <span class='ocr_line' id='line_1_58' title="bbox 1818 2015 3435 2091; baseline 0.006 -22"><span class='ocrx_word' id='word_1_385' title='bbox 1818 2015 2019 2069; x_wconf 88' lang='lat' dir='ltr'><strong>delicet</strong></span> <span class='ocrx_word' id='word_1_386' title='bbox 2061 2031 2288 2072; x_wconf 83' lang='lat' dir='ltr'><strong>uxorem</strong></span> <span class='ocrx_word' id='word_1_387' title='bbox 2347 2015 2591 2071; x_wconf 85' lang='lat' dir='ltr'><strong>Walterii</strong></span> <span class='ocrx_word' id='word_1_388' title='bbox 2645 2017 2714 2071; x_wconf 93' lang='lat' dir='ltr'><strong>de</strong></span> <span class='ocrx_word' id='word_1_389' title='bbox 2772 2020 2970 2074; x_wconf 88' lang='lat' dir='ltr'><strong>Sancto</strong></span> <span class='ocrx_word' id='word_1_390' title='bbox 3030 2020 3321 2091; x_wconf 87' lang='lat' dir='ltr'><strong>Walerico,</strong></span> <span class='ocrx_word' id='word_1_391' title='bbox 3380 2031 3435 2078; x_wconf 92' lang='lat' dir='ltr'><strong>et</strong></span> 
     </span>
    </p>
   </div>
   <div class='ocr_carea' id='block_1_59' title="bbox 1819 2106 3438 2180">
    <p class='ocr_par' dir='ltr' id='par_1_59' title="bbox 1819 2106 3438 2180">
     <span class='ocr_line' id='line_1_59' title="bbox 1819 2106 3438 2180; baseline 0.006 -20"><span class='ocrx_word' id='word_1_392' title='bbox 1819 2106 1974 2175; x_wconf 67' lang='lat' dir='ltr'><strong>Eliz,</strong></span> <span class='ocrx_word' id='word_1_393' title='bbox 2017 2122 2244 2162; x_wconf 85' lang='lat' dir='ltr'><strong>uxorem</strong></span> <span class='ocrx_word' id='word_1_394' title='bbox 2276 2106 2489 2162; x_wconf 84' lang='lat' dir='ltr'><strong>Ranulfi</strong></span> <span class='ocrx_word' id='word_1_395' title='bbox 2543 2108 2880 2164; x_wconf 85' lang='lat' dir='ltr'><strong>vicecomitis</strong></span> <span class='ocrx_word' id='word_1_396' title='bbox 2925 2110 2993 2165; x_wconf 92' lang='lat' dir='ltr'><strong>de</strong></span> <span class='ocrx_word' id='word_1_397' title='bbox 3053 2112 3283 2180; x_wconf 87' lang='lat' dir='ltr'><strong>Bajocis.</strong></span> <span class='ocrx_word' id='word_1_398' title='bbox 3343 2115 3438 2170; x_wconf 88' lang='grc'>1110</span> 
     </span>
    </p>
   </div>
   <div class='ocr_carea' id='block_1_60' title="bbox 1819 2195 3435 2267">
    <p class='ocr_par' dir='ltr' id='par_1_60' title="bbox 1819 2195 3435 2267">
     <span class='ocr_line' id='line_1_60' title="bbox 1819 2195 3435 2267; baseline 0.004 -14"><span class='ocrx_word' id='word_1_399' title='bbox 1819 2196 2028 2255; x_wconf 89' lang='lat' dir='ltr'><strong>tercius</strong></span> <span class='ocrx_word' id='word_1_400' title='bbox 2089 2196 2353 2251; x_wconf 77' lang='lat' dir='ltr'><strong>Hicardus</strong></span> <span class='ocrx_word' id='word_1_401' title='bbox 2395 2195 2591 2251; x_wconf 92' lang='lat' dir='ltr'><strong>eodem</strong></span> <span class='ocrx_word' id='word_1_402' title='bbox 2663 2197 2841 2267; x_wconf 90' lang='lat' dir='ltr'><strong>primo</strong></span> <span class='ocrx_word' id='word_1_403' title='bbox 2896 2215 3043 2253; x_wconf 88' lang='lat' dir='ltr'><strong>anno</strong></span> <span class='ocrx_word' id='word_1_404' title='bbox 3088 2201 3319 2257; x_wconf 88' lang='lat' dir='ltr'><strong>ducatus</strong></span> <span class='ocrx_word' id='word_1_405' title='bbox 3348 2205 3435 2259; x_wconf 91' lang='lat' dir='ltr'><strong>sui</strong></span> 
     </span>
    </p>
   </div>
   <div class='ocr_carea' id='block_1_61' title="bbox 1821 2288 3435 2362">
    <p class='ocr_par' dir='ltr' id='par_1_61' title="bbox 1821 2288 3435 2362">
     <span class='ocr_line' id='line_1_61' title="bbox 1821 2288 3435 2362; baseline 0.001 -17"><span class='ocrx_word' id='word_1_406' title='bbox 1821 2297 2069 2345; x_wconf 84' lang='lat' dir='ltr'><strong>mortuus</strong></span> <span class='ocrx_word' id='word_1_407' title='bbox 2126 2296 2209 2342; x_wconf 89' lang='lat' dir='ltr'><strong>est</strong></span> <span class='ocrx_word' id='word_1_408' title='bbox 2262 2296 2318 2343; x_wconf 87' lang='lat' dir='ltr'><strong>et</strong></span> <span class='ocrx_word' id='word_1_409' title='bbox 2369 2288 2638 2343; x_wconf 90' lang='lat' dir='ltr'><strong>successit</strong></span> <span class='ocrx_word' id='word_1_410' title='bbox 2688 2290 2738 2343; x_wconf 91' lang='lat' dir='ltr'><strong>ei</strong></span> <span class='ocrx_word' id='word_1_411' title='bbox 2770 2289 3042 2345; x_wconf 82' lang='lat' dir='ltr'><strong>Robertus</strong></span> <span class='ocrx_word' id='word_1_412' title='bbox 3098 2291 3263 2346; x_wconf 89' lang='lat' dir='ltr'><strong>frater</strong></span> <span class='ocrx_word' id='word_1_413' title='bbox 3296 2293 3435 2362; x_wconf 87' lang='lat' dir='ltr'><strong>ejus,</strong></span> 
     </span>
    </p>
   </div>
   <div class='ocr_carea' id='block_1_62' title="bbox 1822 2378 3437 2456">
    <p class='ocr_par' dir='ltr' id='par_1_62' title="bbox 1822 2378 3437 2456">
     <span class='ocr_line' id='line_1_62' title="bbox 1822 2378 3437 2456; baseline 0.004 -21"><span class='ocrx_word' id='word_1_414' title='bbox 1822 2381 1917 2453; x_wconf 90' lang='lat' dir='ltr'><strong>qui</strong></span> <span class='ocrx_word' id='word_1_415' title='bbox 1948 2380 2138 2455; x_wconf 81' lang='lat' dir='ltr'><strong>genuit</strong></span> <span class='ocrx_word' id='word_1_416' title='bbox 2169 2378 2510 2434; x_wconf 89' lang='lat' dir='ltr'><strong>Willermum</strong></span> <span class='ocrx_word' id='word_1_417' title='bbox 2543 2379 2611 2433; x_wconf 94' lang='lat' dir='ltr'><strong>de</strong></span> <span class='ocrx_word' id='word_1_418' title='bbox 2645 2379 2868 2435; x_wconf 87' lang='lat' dir='ltr'><strong>llerleva</strong></span> <span class='ocrx_word' id='word_1_419' title='bbox 2899 2397 3008 2436; x_wconf 93' lang='lat' dir='ltr'><strong>non</strong></span> <span class='ocrx_word' id='word_1_420' title='bbox 3038 2393 3318 2452; x_wconf 88' lang='lat' dir='ltr'><strong>sponsata,</strong></span> <span class='ocrx_word' id='word_1_421' title='bbox 3342 2387 3437 2456; x_wconf 90' lang='lat' dir='ltr'><strong>qui</strong></span> 
     </span>
    </p>
   </div>
   <div class='ocr_carea' id='block_1_63' title="bbox 1825 2471 3437 2546">
    <p class='ocr_par' dir='ltr' id='par_1_63' title="bbox 1825 2471 3437 2546">
     <span class='ocr_line' id='line_1_63' title="bbox 1825 2471 3437 2546; baseline 0.003 -18"><span class='ocrx_word' id='word_1_422' title='bbox 1825 2481 2015 2545; x_wconf 90' lang='lat' dir='ltr'><strong>postea</strong></span> <span class='ocrx_word' id='word_1_423' title='bbox 2050 2471 2298 2546; x_wconf 79' lang='lat' dir='ltr'><strong>Angliam</strong></span> <span class='ocrx_word' id='word_1_424' title='bbox 2327 2471 2678 2543; x_wconf 79' lang='lat' dir='ltr'><strong>conquisivit,</strong></span> <span class='ocrx_word' id='word_1_425' title='bbox 2719 2480 2773 2527; x_wconf 88' lang='lat' dir='ltr'><strong>et</strong></span> <span class='ocrx_word' id='word_1_426' title='bbox 2813 2489 2974 2527; x_wconf 90' lang='lat' dir='ltr'><strong>unam</strong></span> <span class='ocrx_word' id='word_1_427' title='bbox 3017 2474 3182 2529; x_wconf 86' lang='lat' dir='ltr'><strong>ﬁliam</strong></span> <span class='ocrx_word' id='word_1_428' title='bbox 3214 2478 3437 2533; x_wconf 91' lang='lat' dir='ltr'><strong>nomine</strong></span> 
     </span>
    </p>
   </div>
   <div class='ocr_carea' id='block_1_64' title="bbox 1824 2568 2558 2624">
    <p class='ocr_par' dir='ltr' id='par_1_64' title="bbox 1824 2568 2558 2624">
     <span class='ocr_line' id='line_1_64' title="bbox 1824 2568 2558 2624; baseline -0.001 0"><span class='ocrx_word' id='word_1_429' title='bbox 1824 2570 1959 2624; x_wconf 56' lang='lat' dir='ltr'><strong>[Eliz</strong></span> <span class='ocrx_word' id='word_1_430' title='bbox 1988 2570 2057 2624; x_wconf 90' lang='lat' dir='ltr'><strong>de</strong></span> <span class='ocrx_word' id='word_1_431' title='bbox 2084 2568 2189 2623; x_wconf 84' lang='lat' dir='ltr'><strong>alia</strong></span> <span class='ocrx_word' id='word_1_432' title='bbox 2229 2568 2558 2624; x_wconf 91' lang='lat' dir='ltr'><strong>concubina.</strong></span> 
     </span>
    </p>
   </div>
   <div class='ocr_carea' id='block_1_65' title="bbox 1900 2656 3442 2724">
    <p class='ocr_par' dir='ltr' id='par_1_65' title="bbox 1900 2656 3442 2724">
     <span class='ocr_line' id='line_1_65' title="bbox 1900 2656 3442 2724; baseline 0.004 -13"><span class='ocrx_word' id='word_1_433' title='bbox 1900 2658 2054 2712; x_wconf 89' lang='lat'><strong>1027.</strong></span> <span class='ocrx_word' id='word_1_434' title='bbox 2098 2656 2229 2712; x_wconf 82' lang='lat' dir='ltr'><strong>Oan.</strong></span> <span class='ocrx_word' id='word_1_435' title='bbox 2272 2656 2382 2710; x_wconf 78' lang='lat' dir='ltr'><strong>Vir.</strong></span> <span class='ocrx_word' id='word_1_436' title='bbox 2416 2657 2614 2713; x_wconf 83' lang='lat' dir='ltr'><strong>Gemm.</strong></span> <span class='ocrx_word' id='word_1_437' title='bbox 2667 2675 2759 2724; x_wconf 74' lang='grc' dir='ltr'><strong>γη,</strong></span> <span class='ocrx_word' id='word_1_438' title='bbox 2788 2658 2876 2714; x_wconf 80' lang='lat'><strong>21.</strong></span> <span class='ocrx_word' id='word_1_439' title='bbox 2914 2658 3122 2716; x_wconf 77' lang='lat' dir='ltr'><strong>Mortuo</strong></span> <span class='ocrx_word' id='word_1_440' title='bbox 3177 2662 3442 2718; x_wconf 87' lang='lat' dir='ltr'><strong>Balduino</strong></span> 
     </span>
    </p>
   </div>
   <div class='ocr_carea' id='block_1_66' title="bbox 1827 2744 3445 2814">
    <p class='ocr_par' dir='ltr' id='par_1_66' title="bbox 1827 2744 3445 2814">
     <span class='ocr_line' id='line_1_66' title="bbox 1827 2744 3445 2814; baseline 0.003 -14"><span class='ocrx_word' id='word_1_441' title='bbox 1827 2745 2030 2801; x_wconf 91' lang='lat' dir='ltr'><strong>comite</strong></span> <span class='ocrx_word' id='word_1_442' title='bbox 2088 2744 2438 2814; x_wconf 64' lang='lat' dir='ltr'><strong>Flandrensif,</strong></span> <span class='ocrx_word' id='word_1_443' title='bbox 2506 2746 2772 2801; x_wconf 87' lang='lat' dir='ltr'><strong>successit</strong></span> <span class='ocrx_word' id='word_1_444' title='bbox 2837 2747 2887 2802; x_wconf 88' lang='lat' dir='ltr'><strong>ei</strong></span> <span class='ocrx_word' id='word_1_445' title='bbox 2949 2748 3246 2804; x_wconf 89' lang='lat' dir='ltr'><strong>Balduinus</strong></span> <span class='ocrx_word' id='word_1_446' title='bbox 3302 2751 3445 2805; x_wconf 87' lang='lat' dir='ltr'><strong>lilius</strong></span> 
     </span>
    </p>
   </div>
   <div class='ocr_carea' id='block_1_67' title="bbox 1827 2836 3446 2915">
    <p class='ocr_par' dir='ltr' id='par_1_67' title="bbox 1827 2836 3446 2915">
     <span class='ocr_line' id='line_1_67' title="bbox 1827 2836 3446 2915; baseline 0.003 -24"><span class='ocrx_word' id='word_1_447' title='bbox 1827 2838 1945 2905; x_wconf 85' lang='lat' dir='ltr'><strong>ejus</strong></span> <span class='ocrx_word' id='word_1_448' title='bbox 1974 2853 2095 2891; x_wconf 92' lang='lat' dir='ltr'><strong>cum</strong></span> <span class='ocrx_word' id='word_1_449' title='bbox 2148 2836 2346 2901; x_wconf 87' lang='lat' dir='ltr'><strong>barba;</strong></span> <span class='ocrx_word' id='word_1_450' title='bbox 2406 2837 2497 2908; x_wconf 92' lang='lat' dir='ltr'><strong>qui</strong></span> <span class='ocrx_word' id='word_1_451' title='bbox 2553 2837 2709 2891; x_wconf 79' lang='lat' dir='ltr'><strong>duxit</strong></span> <span class='ocrx_word' id='word_1_452' title='bbox 2783 2838 2946 2892; x_wconf 86' lang='lat' dir='ltr'><strong>tiliam</strong></span> <span class='ocrx_word' id='word_1_453' title='bbox 3010 2840 3231 2895; x_wconf 80' lang='lat' dir='ltr'><strong>Roberti</strong></span> <span class='ocrx_word' id='word_1_454' title='bbox 3295 2842 3446 2915; x_wconf 86' lang='lat' dir='ltr'><strong>regis</strong></span> 
     </span>
    </p>
   </div>
   <div class='ocr_carea' id='block_1_68' title="bbox 1831 2927 3441 3000">
    <p class='ocr_par' dir='ltr' id='par_1_68' title="bbox 1831 2927 3441 3000">
     <span class='ocr_line' id='line_1_68' title="bbox 1831 2927 3441 3000; baseline 0.004 -20"><span class='ocrx_word' id='word_1_455' title='bbox 1831 2927 2180 2994; x_wconf 85' lang='lat' dir='ltr'><strong>Francorum,</strong></span> <span class='ocrx_word' id='word_1_456' title='bbox 2222 2942 2287 2980; x_wconf 83' lang='lat' dir='ltr'><strong>ex</strong></span> <span class='ocrx_word' id='word_1_457' title='bbox 2336 2943 2443 2997; x_wconf 93' lang='lat' dir='ltr'><strong>qua</strong></span> <span class='ocrx_word' id='word_1_458' title='bbox 2473 2927 2666 3000; x_wconf 85' lang='lat' dir='ltr'><strong>genuit</strong></span> <span class='ocrx_word' id='word_1_459' title='bbox 2707 2929 3029 2984; x_wconf 86' lang='lat' dir='ltr'><strong>Balduinum</strong></span> <span class='ocrx_word' id='word_1_460' title='bbox 3057 2938 3111 2985; x_wconf 90' lang='lat' dir='ltr'><strong>et</strong></span> <span class='ocrx_word' id='word_1_461' title='bbox 3149 2932 3441 2988; x_wconf 84' lang='lat' dir='ltr'><strong>Robertum</strong></span> 
     </span>
    </p>
   </div>
   <div class='ocr_carea' id='block_1_69' title="bbox 1830 3018 3447 3091">
    <p class='ocr_par' dir='ltr' id='par_1_69' title="bbox 1830 3018 3447 3091">
     <span class='ocr_line' id='line_1_69' title="bbox 1830 3018 3447 3091; baseline 0.004 -18"><span class='ocrx_word' id='word_1_462' title='bbox 1830 3018 2133 3074; x_wconf 87' lang='lat' dir='ltr'><strong>Frisionem</strong></span> <span class='ocrx_word' id='word_1_463' title='bbox 2167 3025 2221 3072; x_wconf 89' lang='lat' dir='ltr'><strong>et</strong></span> <span class='ocrx_word' id='word_1_464' title='bbox 2252 3018 2587 3088; x_wconf 88' lang='lat' dir='ltr'><strong>Mathildem,</strong></span> <span class='ocrx_word' id='word_1_465' title='bbox 2611 3036 2773 3091; x_wconf 90' lang='lat' dir='ltr'><strong>quam</strong></span> <span class='ocrx_word' id='word_1_466' title='bbox 2810 3020 3127 3077; x_wconf 88' lang='lat' dir='ltr'><strong>Willermus</strong></span> <span class='ocrx_word' id='word_1_467' title='bbox 3163 3021 3270 3078; x_wconf 84' lang='lat' dir='ltr'><strong>dux</strong></span> <span class='ocrx_word' id='word_1_468' title='bbox 3309 3025 3447 3080; x_wconf 80' lang='lat' dir='ltr'><strong>Nor-</strong></span> 
     </span>
    </p>
   </div>
   <div class='ocr_carea' id='block_1_70' title="bbox 1753 3086 3439 3188">
    <p class='ocr_par' dir='ltr' id='par_1_70' title="bbox 1753 3086 3439 3188">
     <span class='ocr_line' id='line_1_70' title="bbox 1753 3086 3439 3188; baseline 0.004 -23"><span class='ocrx_word' id='word_1_469' title='bbox 1753 3086 1803 3154; x_wconf 76' lang='lat' dir='ltr'>C</span> <span class='ocrx_word' id='word_1_470' title='bbox 1826 3110 2049 3166; x_wconf 89' lang='lat' dir='ltr'><strong>mannie</strong></span> <span class='ocrx_word' id='word_1_471' title='bbox 2080 3110 2270 3175; x_wconf 84' lang='lat' dir='ltr'><strong>duxit;</strong></span> <span class='ocrx_word' id='word_1_472' title='bbox 2302 3110 2394 3181; x_wconf 86' lang='lat' dir='ltr'><strong>(H.</strong></span> <span class='ocrx_word' id='word_1_473' title='bbox 2426 3086 2591 3166; x_wconf 77' lang='lat' dir='ltr'><strong>Henr.</strong></span> <span class='ocrx_word' id='word_1_474' title='bbox 2629 3086 2727 3181; x_wconf 70' lang='lat'><strong>3-1)</strong></span> <span class='ocrx_word' id='word_1_475' title='bbox 2762 3112 2832 3167; x_wconf 90' lang='lat' dir='ltr'><strong>de</strong></span> <span class='ocrx_word' id='word_1_476' title='bbox 2863 3130 2970 3184; x_wconf 92' lang='lat' dir='ltr'><strong>qua</strong></span> <span class='ocrx_word' id='word_1_477' title='bbox 3000 3114 3194 3188; x_wconf 87' lang='lat' dir='ltr'><strong>genuit</strong></span> <span class='ocrx_word' id='word_1_478' title='bbox 3225 3115 3439 3172; x_wconf 63' lang='grc'>1101101*-</span> 
     </span>
    </p>
   </div>
   <div class='ocr_carea' id='block_1_71' title="bbox 1830 3205 3445 3276">
    <p class='ocr_par' dir='ltr' id='par_1_71' title="bbox 1830 3205 3445 3276">
     <span class='ocr_line' id='line_1_71' title="bbox 1830 3205 3445 3276; baseline 0.003 -16"><span class='ocrx_word' id='word_1_479' title='bbox 1830 3212 1965 3272; x_wconf 88' lang='lat' dir='ltr'><strong>tum,</strong></span> <span class='ocrx_word' id='word_1_480' title='bbox 2026 3205 2391 3271; x_wconf 88' lang='lat' dir='ltr'><strong>Willermum,</strong></span> <span class='ocrx_word' id='word_1_481' title='bbox 2448 3206 2763 3271; x_wconf 84' lang='lat' dir='ltr'><strong>Ricardum,</strong></span> <span class='ocrx_word' id='word_1_482' title='bbox 2808 3208 3121 3276; x_wconf 90' lang='lat' dir='ltr'><strong>llenricum,</strong></span> <span class='ocrx_word' id='word_1_483' title='bbox 3194 3219 3248 3264; x_wconf 91' lang='lat' dir='ltr'><strong>et</strong></span> <span class='ocrx_word' id='word_1_484' title='bbox 3304 3208 3445 3266; x_wconf 81' lang='lat' dir='ltr'><strong>ﬁlias</strong></span> 
     </span>
    </p>
   </div>
   <div class='ocr_carea' id='block_1_72' title="bbox 1831 3294 3449 3370">
    <p class='ocr_par' dir='ltr' id='par_1_72' title="bbox 1831 3294 3449 3370">
     <span class='ocr_line' id='line_1_72' title="bbox 1831 3294 3449 3370; baseline 0.002 -19"><span class='ocrx_word' id='word_1_485' title='bbox 1831 3295 2113 3362; x_wconf 90' lang='lat' dir='ltr'><strong>Ceciliam,</strong></span> <span class='ocrx_word' id='word_1_486' title='bbox 2158 3294 2547 3361; x_wconf 87' lang='lat' dir='ltr'><strong>Constantiam,</strong></span> <span class='ocrx_word' id='word_1_487' title='bbox 2589 3296 2775 3363; x_wconf 68' lang='lat' dir='ltr'><strong>Ailith,</strong></span> <span class='ocrx_word' id='word_1_488' title='bbox 2835 3297 3079 3365; x_wconf 78' lang='lat' dir='ltr'><strong>Adelam,</strong></span> <span class='ocrx_word' id='word_1_489' title='bbox 3126 3316 3231 3369; x_wconf 92' lang='lat' dir='ltr'><strong>que</strong></span> <span class='ocrx_word' id='word_1_490' title='bbox 3263 3300 3449 3370; x_wconf 91' lang='lat' dir='ltr'><strong>nupsit</strong></span> 
     </span>
    </p>
   </div>
   <div class='ocr_carea' id='block_1_73' title="bbox 1833 3387 3446 3461">
    <p class='ocr_par' dir='ltr' id='par_1_73' title="bbox 1833 3387 3446 3461">
     <span class='ocr_line' id='line_1_73' title="bbox 1833 3387 3446 3461; baseline 0.004 -20"><span class='ocrx_word' id='word_1_491' title='bbox 1833 3387 2116 3458; x_wconf 88' lang='lat' dir='ltr'><strong>Stephano</strong></span> <span class='ocrx_word' id='word_1_492' title='bbox 2147 3387 2335 3442; x_wconf 89' lang='lat' dir='ltr'><strong>comiti</strong></span> <span class='ocrx_word' id='word_1_493' title='bbox 2369 3388 2638 3443; x_wconf 89' lang='lat' dir='ltr'><strong>Blesensi.</strong></span> <span class='ocrx_word' id='word_1_494' title='bbox 2671 3388 2855 3455; x_wconf 67' lang='lat' dir='ltr'><strong>(Hum.</strong></span> <span class='ocrx_word' id='word_1_495' title='bbox 2894 3394 2961 3459; x_wconf 80' lang='lat' dir='ltr'><strong>vi)</strong></span> <span class='ocrx_word' id='word_1_496' title='bbox 3004 3391 3078 3445; x_wconf 89' lang='lat' dir='ltr'><strong>De</strong></span> <span class='ocrx_word' id='word_1_497' title='bbox 3109 3392 3351 3461; x_wconf 84' lang='lat' dir='ltr'><strong>potentia</strong></span> <span class='ocrx_word' id='word_1_498' title='bbox 3383 3423 3446 3433; x_wconf 91' lang='lat'><strong>-</strong></span> 
     </span>
    </p>
   </div>
   <div class='ocr_carea' id='block_1_74' title="bbox 1836 3476 2211 3549">
    <p class='ocr_par' dir='ltr' id='par_1_74' title="bbox 1836 3476 2211 3549">
     <span class='ocr_line' id='line_1_74' title="bbox 1836 3476 2211 3549; baseline -0.003 -18"><span class='ocrx_word' id='word_1_499' title='bbox 1836 3476 1980 3549; x_wconf 78' lang='lat' dir='ltr'><strong>regis</strong></span> <span class='ocrx_word' id='word_1_500' title='bbox 2009 3477 2211 3548; x_wconf 75' lang='lat' dir='ltr'><strong>magni.</strong></span> 
     </span>
    </p>
   </div>
   <div class='ocr_carea' id='block_1_75' title="bbox 1906 3563 3449 3637">
    <p class='ocr_par' dir='ltr' id='par_1_75' title="bbox 1906 3563 3449 3637">
     <span class='ocr_line' id='line_1_75' title="bbox 1906 3563 3449 3637; baseline 0.005 -19"><span class='ocrx_word' id='word_1_501' title='bbox 1906 3563 2065 3619; x_wconf 90' lang='lat'><strong>1030.</strong></span> <span class='ocrx_word' id='word_1_502' title='bbox 2107 3563 2258 3624; x_wconf 88' lang='lat'><strong>(1031</strong></span> <span class='ocrx_word' id='word_1_503' title='bbox 2297 3595 2363 3604; x_wconf 96' lang='lat'><strong><em>—</em></strong></span> <span class='ocrx_word' id='word_1_504' title='bbox 2412 3566 2481 3619; x_wconf 82' lang='grc' dir='ltr'><strong>Α.</strong></span> <span class='ocrx_word' id='word_1_505' title='bbox 2517 3566 2696 3633; x_wconf 83' lang='lat' dir='ltr'><strong>Roth.)</strong></span> <span class='ocrx_word' id='word_1_506' title='bbox 2729 3565 2871 3620; x_wconf 91' lang='lat' dir='ltr'><strong>Obiit</strong></span> <span class='ocrx_word' id='word_1_507' title='bbox 2898 3566 3123 3623; x_wconf 87' lang='lat' dir='ltr'><strong>Gonnor</strong></span> <span class='ocrx_word' id='word_1_508' title='bbox 3150 3568 3449 3637; x_wconf 89' lang='lat' dir='ltr'><strong>eomitissa,</strong></span> 
     </span>
    </p>
   </div>
   <div class='ocr_carea' id='block_1_76' title="bbox 1835 3656 3029 3727">
    <p class='ocr_par' dir='ltr' id='par_1_76' title="bbox 1835 3656 3029 3727">
     <span class='ocr_line' id='line_1_76' title="bbox 1835 3656 3029 3727; baseline -0.001 -16"><span class='ocrx_word' id='word_1_509' title='bbox 1835 3672 1973 3712; x_wconf 84' lang='lat' dir='ltr'><strong>uxor</strong></span> <span class='ocrx_word' id='word_1_510' title='bbox 1997 3656 2157 3727; x_wconf 90' lang='lat' dir='ltr'><strong>primi</strong></span> <span class='ocrx_word' id='word_1_511' title='bbox 2199 3656 2436 3711; x_wconf 82' lang='lat' dir='ltr'><strong>Rieardi.</strong></span> <span class='ocrx_word' id='word_1_512' title='bbox 3020 3682 3029 3687; x_wconf 96' lang='lat'><strong><em>-</em></strong></span> 
     </span>
    </p>
   </div>
   <div class='ocr_carea' id='block_1_77' title="bbox 1906 3742 3454 3814">
    <p class='ocr_par' dir='ltr' id='par_1_77' title="bbox 1906 3742 3454 3814">
     <span class='ocr_line' id='line_1_77' title="bbox 1906 3742 3454 3814; baseline 0.003 -15"><span class='ocrx_word' id='word_1_513' title='bbox 1906 3743 2065 3799; x_wconf 72' lang='grc'>1032.</span> <span class='ocrx_word' id='word_1_514' title='bbox 2101 3742 2435 3798; x_wconf 82' lang='lat' dir='ltr'><strong>Lanfrancus</strong></span> <span class='ocrx_word' id='word_1_515' title='bbox 2492 3744 2778 3814; x_wconf 85' lang='lat' dir='ltr'><strong>Papiensis</strong></span> <span class='ocrx_word' id='word_1_516' title='bbox 2823 3754 2877 3799; x_wconf 91' lang='lat' dir='ltr'><strong>et</strong></span> <span class='ocrx_word' id='word_1_517' title='bbox 2931 3748 3225 3803; x_wconf 86' lang='lat' dir='ltr'><strong>Garnerius</strong></span> <span class='ocrx_word' id='word_1_518' title='bbox 3268 3750 3454 3806; x_wconf 91' lang='lat' dir='ltr'><strong>socius</strong></span> 
     </span>
    </p>
   </div>
   <div class='ocr_carea' id='block_1_78' title="bbox 1835 3835 3453 3913">
    <p class='ocr_par' dir='ltr' id='par_1_78' title="bbox 1835 3835 3453 3913">
     <span class='ocr_line' id='line_1_78' title="bbox 1835 3835 3453 3913; baseline 0.002 -19"><span class='ocrx_word' id='word_1_519' title='bbox 1835 3838 1976 3907; x_wconf 89' lang='lat' dir='ltr'><strong>ejus,</strong></span> <span class='ocrx_word' id='word_1_520' title='bbox 2002 3835 2237 3908; x_wconf 87' lang='lat' dir='ltr'><strong>repertis</strong></span> <span class='ocrx_word' id='word_1_521' title='bbox 2257 3837 2404 3906; x_wconf 89' lang='lat' dir='ltr'><strong>apud</strong></span> <span class='ocrx_word' id='word_1_522' title='bbox 2433 3836 2736 3891; x_wconf 90' lang='lat' dir='ltr'><strong>Dononiam</strong></span> <span class='ocrx_word' id='word_1_523' title='bbox 2765 3837 2981 3912; x_wconf 85' lang='lat' dir='ltr'><strong>legibus</strong></span> <span class='ocrx_word' id='word_1_524' title='bbox 3007 3838 3291 3905; x_wconf 77' lang='lat' dir='ltr'><strong>Romanis,</strong></span> <span class='ocrx_word' id='word_1_525' title='bbox 3316 3859 3453 3913; x_wconf 86' lang='lat' dir='ltr'><strong>quas</strong></span> 
     </span>
    </p>
   </div>
   <div class='ocr_carea' id='block_1_79' title="bbox 1832 3928 3448 3999">
    <p class='ocr_par' dir='ltr' id='par_1_79' title="bbox 1832 3928 3448 3999">
     <span class='ocr_line' id='line_1_79' title="bbox 1832 3928 3448 3999; baseline 0.001 -13"><span class='ocrx_word' id='word_1_526' title='bbox 1832 3928 2174 3986; x_wconf 85' lang='lat' dir='ltr'><strong>Justinianus</strong></span> <span class='ocrx_word' id='word_1_527' title='bbox 2215 3928 2516 3999; x_wconf 88' lang='lat' dir='ltr'><strong>imperator</strong></span> <span class='ocrx_word' id='word_1_528' title='bbox 2545 3928 2910 3983; x_wconf 81' lang='lat' dir='ltr'><strong>Romanorum</strong></span> <span class='ocrx_word' id='word_1_529' title='bbox 2972 3946 3116 3985; x_wconf 89' lang='lat' dir='ltr'><strong>anno</strong></span> <span class='ocrx_word' id='word_1_530' title='bbox 3147 3932 3215 3984; x_wconf 90' lang='lat' dir='ltr'><strong>ab</strong></span> <span class='ocrx_word' id='word_1_531' title='bbox 3257 3932 3448 3989; x_wconf 89' lang='lat' dir='ltr'><strong>incar-</strong></span> 
     </span>
    </p>
   </div>
   <div class='ocr_carea' id='block_1_80' title="bbox 1835 4019 3447 4086">
    <p class='ocr_par' dir='ltr' id='par_1_80' title="bbox 1835 4019 3447 4086">
     <span class='ocr_line' id='line_1_80' title="bbox 1835 4019 3447 4086; baseline 0.001 -9"><span class='ocrx_word' id='word_1_532' title='bbox 1835 4021 2061 4077; x_wconf 88' lang='lat' dir='ltr'><strong>natione</strong></span> <span class='ocrx_word' id='word_1_533' title='bbox 2108 4019 2323 4074; x_wconf 88' lang='lat' dir='ltr'><strong>Domini</strong></span> <span class='ocrx_word' id='word_1_534' title='bbox 2379 4019 2485 4076; x_wconf 81' lang='grc'><strong>530</strong></span> <span class='ocrx_word' id='word_1_535' title='bbox 2520 4019 2867 4075; x_wconf 87' lang='lat' dir='ltr'><strong>abbreviatas</strong></span> <span class='ocrx_word' id='word_1_536' title='bbox 2905 4022 3312 4086; x_wconf 89' lang='lat' dir='ltr'><strong>emcndaverat,</strong></span> <span class='ocrx_word' id='word_1_537' title='bbox 3363 4024 3447 4080; x_wconf 87' lang='lat' dir='ltr'><strong>his</strong></span> 
     </span>
    </p>
   </div>
   <div class='ocr_carea' id='block_1_81' title="bbox 1837 4110 3445 4187">
    <p class='ocr_par' dir='ltr' id='par_1_81' title="bbox 1837 4110 3445 4187">
     <span class='ocr_line' id='line_1_81' title="bbox 1837 4110 3445 4187; baseline 0.001 -19"><span class='ocrx_word' id='word_1_538' title='bbox 1837 4114 2059 4184; x_wconf 86' lang='lat' dir='ltr'><strong>inquam</strong></span> <span class='ocrx_word' id='word_1_539' title='bbox 2093 4110 2325 4183; x_wconf 83' lang='lat' dir='ltr'><strong>repertis</strong></span> <span class='ocrx_word' id='word_1_540' title='bbox 2354 4126 2575 4181; x_wconf 89' lang='lat' dir='ltr'><strong>Operam</strong></span> <span class='ocrx_word' id='word_1_541' title='bbox 2607 4111 2881 4166; x_wconf 88' lang='lat' dir='ltr'><strong>dederunt</strong></span> <span class='ocrx_word' id='word_1_542' title='bbox 2912 4129 3006 4167; x_wconf 89' lang='lat' dir='ltr'><strong>eas</strong></span> <span class='ocrx_word' id='word_1_543' title='bbox 3034 4113 3218 4187; x_wconf 91' lang='lat' dir='ltr'><strong>legere</strong></span> <span class='ocrx_word' id='word_1_544' title='bbox 3246 4124 3299 4169; x_wconf 89' lang='lat' dir='ltr'><strong>et</strong></span> <span class='ocrx_word' id='word_1_545' title='bbox 3321 4116 3445 4171; x_wconf 90' lang='lat' dir='ltr'><strong>aliis</strong></span> 
     </span>
    </p>
   </div>
   <div class='ocr_carea' id='block_1_82' title="bbox 1837 4201 3447 4275">
    <p class='ocr_par' dir='ltr' id='par_1_82' title="bbox 1837 4201 3447 4275">
     <span class='ocr_line' id='line_1_82' title="bbox 1837 4201 3447 4275; baseline 0 -16"><span class='ocrx_word' id='word_1_546' title='bbox 1837 4217 2146 4275; x_wconf 85' lang='lat' dir='ltr'><strong>exponere;</strong></span> <span class='ocrx_word' id='word_1_547' title='bbox 2173 4201 2269 4255; x_wconf 86' lang='lat' dir='ltr'><strong>sed</strong></span> <span class='ocrx_word' id='word_1_548' title='bbox 2291 4201 2586 4256; x_wconf 83' lang='lat' dir='ltr'><strong>Carnerius</strong></span> <span class='ocrx_word' id='word_1_549' title='bbox 2644 4202 2698 4256; x_wconf 89' lang='lat' dir='ltr'><strong>in</strong></span> <span class='ocrx_word' id='word_1_550' title='bbox 2740 4202 2841 4256; x_wconf 89' lang='lat' dir='ltr'><strong>hoc</strong></span> <span class='ocrx_word' id='word_1_551' title='bbox 2873 4203 3268 4273; x_wconf 76' lang='lat' dir='ltr'><strong>perseveravit;</strong></span> <span class='ocrx_word' id='word_1_552' title='bbox 3301 4204 3447 4259; x_wconf 86' lang='lat' dir='ltr'><strong>Lan-</strong></span> 
     </span>
    </p>
   </div>
   <div class='ocr_carea' id='block_1_83' title="bbox 1836 4290 3451 4360">
    <p class='ocr_par' dir='ltr' id='par_1_83' title="bbox 1836 4290 3451 4360">
     <span class='ocr_line' id='line_1_83' title="bbox 1836 4290 3451 4360; baseline 0.002 -14"><span class='ocrx_word' id='word_1_553' title='bbox 1836 4292 2055 4346; x_wconf 87' lang='lat' dir='ltr'><strong>francus</strong></span> <span class='ocrx_word' id='word_1_554' title='bbox 2083 4306 2212 4345; x_wconf 86' lang='lat' dir='ltr'><strong>vero</strong></span> <span class='ocrx_word' id='word_1_555' title='bbox 2245 4290 2568 4360; x_wconf 90' lang='lat' dir='ltr'><strong>disciplinas</strong></span> <span class='ocrx_word' id='word_1_556' title='bbox 2614 4290 2871 4346; x_wconf 88' lang='lat' dir='ltr'><strong>liberales</strong></span> <span class='ocrx_word' id='word_1_557' title='bbox 2901 4298 2955 4346; x_wconf 91' lang='lat' dir='ltr'><strong>et</strong></span> <span class='ocrx_word' id='word_1_558' title='bbox 3000 4292 3208 4347; x_wconf 90' lang='lat' dir='ltr'><strong>litteras</strong></span> <span class='ocrx_word' id='word_1_559' title='bbox 3236 4293 3451 4350; x_wconf 86' lang='lat' dir='ltr'><strong>divinas</strong></span> 
     </span>
    </p>
   </div>
   <div class='ocr_carea' id='block_1_84' title="bbox 159 4383 3453 4463">
    <p class='ocr_par' dir='ltr' id='par_1_84' title="bbox 159 4383 3453 4463">
     <span class='ocr_line' id='line_1_84' title="bbox 159 4383 3453 4463; baseline 0.003 -29"><span class='ocrx_word' id='word_1_560' title='bbox 159 4383 280 4438; x_wconf 88' lang='lat' dir='ltr'><strong>tanie</strong></span> <span class='ocrx_word' id='word_1_561' title='bbox 308 4385 431 4442; x_wconf 84' lang='lat' dir='ltr'><strong>Eblo</strong></span> <span class='ocrx_word' id='word_1_562' title='bbox 474 4404 578 4443; x_wconf 92' lang='lat' dir='ltr'><strong>suo</strong></span> <span class='ocrx_word' id='word_1_563' title='bbox 616 4395 868 4463; x_wconf 78' lang='lat' dir='ltr'><strong>COgnato,</strong></span> <span class='ocrx_word' id='word_1_564' title='bbox 912 4386 1099 4444; x_wconf 90' lang='lat' dir='ltr'><strong>comiti</strong></span> <span class='ocrx_word' id='word_1_565' title='bbox 1126 4385 1392 4453; x_wconf 90' lang='lat' dir='ltr'><strong>Pictavie;</strong></span> <span class='ocrx_word' id='word_1_566' title='bbox 1443 4393 1498 4441; x_wconf 90' lang='lat' dir='ltr'><strong>et</strong></span> <span class='ocrx_word' id='word_1_567' title='bbox 1535 4394 1734 4443; x_wconf 79' lang='lat' dir='ltr'><strong>extune</strong></span> <span class='ocrx_word' id='word_1_568' title='bbox 1758 4387 1894 4463; x_wconf 58' lang='grc' dir='ltr'><strong>πίῃ</strong></span> <span class='ocrx_word' id='word_1_569' title='bbox 1911 4386 2099 4443; x_wconf 84' lang='lat' dir='ltr'><strong>Galliis</strong></span> <span class='ocrx_word' id='word_1_570' title='bbox 2127 4385 2328 4441; x_wconf 92' lang='lat' dir='ltr'><strong>multos</strong></span> <span class='ocrx_word' id='word_1_571' title='bbox 2357 4386 2620 4453; x_wconf 91' lang='lat' dir='ltr'><strong>edocens,</strong></span> <span class='ocrx_word' id='word_1_572' title='bbox 2653 4387 2875 4443; x_wconf 88' lang='lat' dir='ltr'><strong>tandem</strong></span> <span class='ocrx_word' id='word_1_573' title='bbox 2926 4387 3155 4442; x_wconf 89' lang='lat' dir='ltr'><strong>Beccum</strong></span> <span class='ocrx_word' id='word_1_574' title='bbox 3196 4389 3367 4456; x_wconf 88' lang='lat' dir='ltr'><strong>venit,</strong></span> <span class='ocrx_word' id='word_1_575' title='bbox 3399 4397 3453 4444; x_wconf 92' lang='lat' dir='ltr'><strong>et</strong></span> 
     </span>
    </p>
   </div>
   <div class='ocr_carea' id='block_1_85' title="bbox 162 4438 3455 4550">
    <p class='ocr_par' dir='ltr' id='par_1_85' title="bbox 162 4438 3455 4550">
     <span class='ocr_line' id='line_1_85' title="bbox 162 4438 3455 4550; baseline 0.002 -23"><span class='ocrx_word' id='word_1_576' title='bbox 162 4486 251 4526; x_wconf 87' lang='lat' dir='ltr'><strong>una</strong></span> <span class='ocrx_word' id='word_1_577' title='bbox 293 4493 519 4546; x_wconf 90' lang='lat' dir='ltr'><strong>persona</strong></span> <span class='ocrx_word' id='word_1_578' title='bbox 575 4486 660 4533; x_wconf 89' lang='lat' dir='ltr'><strong>est</strong></span> <span class='ocrx_word' id='word_1_579' title='bbox 683 4438 817 4533; x_wconf 63' lang='lat' dir='ltr'><strong>0dux</strong></span> <span class='ocrx_word' id='word_1_580' title='bbox 877 4477 1169 4550; x_wconf 79' lang='lat' dir='ltr'><strong>Aquitanie</strong></span> <span class='ocrx_word' id='word_1_581' title='bbox 1206 4482 1263 4532; x_wconf 89' lang='lat' dir='ltr'><strong>et</strong></span> <span class='ocrx_word' id='word_1_582' title='bbox 1313 4492 1501 4532; x_wconf 92' lang='lat' dir='ltr'><strong>comes</strong></span> <span class='ocrx_word' id='word_1_583' title='bbox 1554 4438 1817 4533; x_wconf 85' lang='lat' dir='ltr'><strong>Picta-D</strong></span> <span class='ocrx_word' id='word_1_584' title='bbox 1843 4477 1918 4532; x_wconf 89' lang='lat' dir='ltr'><strong>ibi</strong></span> <span class='ocrx_word' id='word_1_585' title='bbox 1947 4475 2252 4530; x_wconf 89' lang='lat' dir='ltr'><strong>monachus</strong></span> <span class='ocrx_word' id='word_1_586' title='bbox 2283 4473 2456 4529; x_wconf 82' lang='lat' dir='ltr'><strong>factus</strong></span> <span class='ocrx_word' id='word_1_587' title='bbox 2484 4481 2571 4530; x_wconf 91' lang='lat' dir='ltr'><strong>est</strong></span> <span class='ocrx_word' id='word_1_588' title='bbox 2602 4474 2743 4531; x_wconf 90' lang='lat' dir='ltr'><strong>sicut</strong></span> <span class='ocrx_word' id='word_1_589' title='bbox 2790 4476 2845 4530; x_wconf 94' lang='lat' dir='ltr'><strong>in</strong></span> <span class='ocrx_word' id='word_1_590' title='bbox 2875 4476 3244 4548; x_wconf 82' lang='lat' dir='ltr'><strong>sequentibus</strong></span> <span class='ocrx_word' id='word_1_591' title='bbox 3273 4438 3455 4548; x_wconf 72' lang='lat' dir='ltr'><strong>potest</strong></span> 
     </span>
    </p>
   </div>
   <div class='ocr_carea' id='block_1_86' title="bbox 160 4559 488 4630">
    <p class='ocr_par' dir='ltr' id='par_1_86' title="bbox 160 4559 488 4630">
     <span class='ocr_line' id='line_1_86' title="bbox 160 4559 488 4630; baseline 0 0"><span class='ocrx_word' id='word_1_592' title='bbox 160 4559 231 4614; x_wconf 66' lang='lat' dir='ltr'><strong>&quot;ie</strong></span> <span class='ocrx_word' id='word_1_593' title='bbox 252 4564 309 4598; x_wconf 74' lang='grc'><strong>⁸⁸⁷</strong></span> <span class='ocrx_word' id='word_1_594' title='bbox 326 4565 488 4630; x_wconf 81' lang='lat'><strong>(557).</strong></span> 
     </span>
    </p>
   </div>
   <div class='ocr_carea' id='block_1_87' title="bbox 220 4565 1739 4727">
    <p class='ocr_par' dir='ltr' id='par_1_87' title="bbox 220 4565 1739 4727">
     <span class='ocr_line' id='line_1_87' title="bbox 220 4565 488 4630; baseline 0 -33"><span class='ocrx_word' id='word_1_595' title='bbox 220 4565 309 4614; x_wconf 55' lang='grc' dir='ltr'><strong>,δεῖ</strong></span> <span class='ocrx_word' id='word_1_596' title='bbox 346 4567 443 4620; x_wconf 74' lang='lat'><strong>557</strong></span> <span class='ocrx_word' id='word_1_597' title='bbox 471 4611 488 4630; x_wconf 53' lang='lat'><strong><em>’</em></strong></span> 
     </span>
     <span class='ocr_line' id='line_1_88' title="bbox 220 4565 1739 4727; baseline 0.004 -22"><span class='ocrx_word' id='word_1_598' title='bbox 220 4565 361 4710; x_wconf 58' lang='grc'>1011.</span> <span class='ocrx_word' id='word_1_599' title='bbox 396 4570 614 4726; x_wconf 46' lang='lat' dir='ltr'><strong>(genam.</strong></span> <span class='ocrx_word' id='word_1_600' title='bbox 636 4674 689 4726; x_wconf 87' lang='lat' dir='ltr'><strong>v,</strong></span> <span class='ocrx_word' id='word_1_601' title='bbox 718 4658 780 4712; x_wconf 88' lang='lat'><strong>13</strong></span> <span class='ocrx_word' id='word_1_602' title='bbox 810 4658 824 4727; x_wconf 91' lang='lat'>)</span> <span class='ocrx_word' id='word_1_603' title='bbox 858 4656 1127 4712; x_wconf 81' lang='lat' dir='ltr'><strong>Ricardus</strong></span> <span class='ocrx_word' id='word_1_604' title='bbox 1148 4656 1256 4710; x_wconf 86' lang='lat' dir='ltr'><strong>dux</strong></span> <span class='ocrx_word' id='word_1_605' title='bbox 1280 4655 1739 4724; x_wconf 89' lang='lat' dir='ltr'><strong>Normannorum,</strong></span> 
     </span>
    </p>
   </div>
   <div class='ocr_carea' id='block_1_88' title="bbox 164 4743 1739 4821">
    <p class='ocr_par' dir='ltr' id='par_1_88' title="bbox 164 4743 1739 4821">
     <span class='ocr_line' id='line_1_89' title="bbox 164 4743 1739 4821; baseline 0.006 -26"><span class='ocrx_word' id='word_1_606' title='bbox 164 4743 240 4812; x_wconf 86' lang='lat' dir='ltr'><strong>qui</strong></span> <span class='ocrx_word' id='word_1_607' title='bbox 268 4750 531 4804; x_wconf 79' lang='lat' dir='ltr'><strong>secundus</strong></span> <span class='ocrx_word' id='word_1_608' title='bbox 562 4749 764 4805; x_wconf 88' lang='lat' dir='ltr'><strong>dicitur</strong></span> <span class='ocrx_word' id='word_1_609' title='bbox 800 4780 870 4788; x_wconf 92' lang='lat'><strong><em>—</em></strong></span> <span class='ocrx_word' id='word_1_610' title='bbox 919 4747 1272 4821; x_wconf 90' lang='lat' dir='ltr'><strong>repatriando</strong></span> <span class='ocrx_word' id='word_1_611' title='bbox 1314 4747 1609 4803; x_wconf 82' lang='lat' dir='ltr'><strong>defunctus</strong></span> <span class='ocrx_word' id='word_1_612' title='bbox 1637 4759 1739 4804; x_wconf 91' lang='lat' dir='ltr'><strong>est.</strong></span> 
     </span>
    </p>
   </div>
   <div class='ocr_carea' id='block_1_89' title="bbox 165 4834 1747 4916">
    <p class='ocr_par' dir='ltr' id='par_1_89' title="bbox 165 4834 1747 4916">
     <span class='ocr_line' id='line_1_90' title="bbox 165 4834 1747 4916; baseline 0.006 -28"><span class='ocrx_word' id='word_1_613' title='bbox 165 4834 327 4902; x_wconf 67' lang='lat' dir='ltr'><strong>(llum.</strong></span> <span class='ocrx_word' id='word_1_614' title='bbox 364 4845 434 4909; x_wconf 72' lang='lat' dir='ltr'><strong>vr)</strong></span> <span class='ocrx_word' id='word_1_615' title='bbox 472 4841 682 4897; x_wconf 81' lang='lat' dir='ltr'><strong>Mortuo</strong></span> <span class='ocrx_word' id='word_1_616' title='bbox 711 4840 1271 4897; x_wconf 86' lang='lat' dir='ltr'><strong>Adelredo—occisus</strong></span> <span class='ocrx_word' id='word_1_617' title='bbox 1317 4847 1400 4897; x_wconf 86' lang='lat' dir='ltr'><strong>est</strong></span> <span class='ocrx_word' id='word_1_618' title='bbox 1427 4842 1584 4910; x_wconf 90' lang='lat' dir='ltr'><strong>cujus</strong></span> <span class='ocrx_word' id='word_1_619' title='bbox 1614 4857 1747 4916; x_wconf 85' lang='lat' dir='ltr'><strong>cog-</strong></span> 
     </span>
    </p>
   </div>
   <div class='ocr_carea' id='block_1_90' title="bbox 1843 4570 2342 4642">
    <p class='ocr_par' dir='ltr' id='par_1_90' title="bbox 1843 4570 2342 4642">
     <span class='ocr_line' id='line_1_91' title="bbox 1843 4570 2342 4642; baseline -0.012 -14"><span class='ocrx_word' id='word_1_620' title='bbox 1843 4570 2070 4642; x_wconf 88' lang='lat' dir='ltr'><strong>reperiri</strong></span> <span class='ocrx_word' id='word_1_621' title='bbox 2094 4570 2161 4603; x_wconf 76' lang='grc'><strong>⁵³⁸</strong></span> <span class='ocrx_word' id='word_1_622' title='bbox 2196 4570 2342 4636; x_wconf 75' lang='grc' dir='ltr'>(ὅ59.</span> 
     </span>
    </p>
   </div>
   <div class='ocr_carea' id='block_1_91' title="bbox 1916 4660 3449 4731">
    <p class='ocr_par' dir='ltr' id='par_1_91' title="bbox 1916 4660 3449 4731">
     <span class='ocr_line' id='line_1_92' title="bbox 1916 4660 3449 4731; baseline 0.002 -17"><span class='ocrx_word' id='word_1_623' title='bbox 1916 4660 2072 4716; x_wconf 65' lang='grc'>1034.</span> <span class='ocrx_word' id='word_1_624' title='bbox 2128 4661 2333 4731; x_wconf 84' lang='lat' dir='ltr'><strong>(Gemm</strong></span> <span class='ocrx_word' id='word_1_625' title='bbox 2384 4674 2459 4726; x_wconf 70' lang='lat' dir='ltr'><strong>vx,</strong></span> <span class='ocrx_word' id='word_1_626' title='bbox 2508 4660 2589 4729; x_wconf 89' lang='lat'><strong>9.)</strong></span> <span class='ocrx_word' id='word_1_627' title='bbox 2639 4660 2931 4716; x_wconf 87' lang='lat' dir='ltr'><strong>Herluinus</strong></span> <span class='ocrx_word' id='word_1_628' title='bbox 2975 4691 3043 4700; x_wconf 89' lang='lat'>—</span> <span class='ocrx_word' id='word_1_629' title='bbox 3098 4661 3449 4719; x_wconf 89' lang='lat' dir='ltr'><strong>dimittimus.</strong></span> 
     </span>
    </p>
   </div>
   <div class='ocr_carea' id='block_1_92' title="bbox 1847 4751 2992 4824">
    <p class='ocr_par' dir='ltr' id='par_1_92' title="bbox 1847 4751 2992 4824">
     <span class='ocr_line' id='line_1_93' title="bbox 1847 4751 2992 4824; baseline 0 -17"><span class='ocrx_word' id='word_1_630' title='bbox 1847 4754 2037 4824; x_wconf 70' lang='lat' dir='ltr'><strong>(Hum.</strong></span> <span class='ocrx_word' id='word_1_631' title='bbox 2069 4757 2144 4822; x_wconf 76' lang='lat' dir='ltr'><strong>vi)</strong></span> <span class='ocrx_word' id='word_1_632' title='bbox 2183 4751 2392 4808; x_wconf 84' lang='lat' dir='ltr'><strong>Mortuo</strong></span> <span class='ocrx_word' id='word_1_633' title='bbox 2423 4751 2629 4808; x_wconf 86' lang='lat' dir='ltr'><strong>Canuto</strong></span> <span class='ocrx_word' id='word_1_634' title='bbox 2651 4784 2719 4794; x_wconf 89' lang='lat'><strong>—-</strong></span> <span class='ocrx_word' id='word_1_635' title='bbox 2748 4753 2992 4810; x_wconf 89' lang='lat' dir='ltr'><strong>domina.</strong></span> 
     </span>
    </p>
   </div>
   <div class='ocr_carea' id='block_1_93' title="bbox 1920 4841 3453 4912">
    <p class='ocr_par' dir='ltr' id='par_1_93' title="bbox 1920 4841 3453 4912">
     <span class='ocr_line' id='line_1_94' title="bbox 1920 4841 3453 4912; baseline 0.003 -16"><span class='ocrx_word' id='word_1_636' title='bbox 1920 4841 2058 4899; x_wconf 86' lang='lat'><strong>1035</strong></span> <span class='ocrx_word' id='word_1_637' title='bbox 2117 4842 2339 4909; x_wconf 79' lang='lat' dir='ltr'><strong>(Gemm.</strong></span> <span class='ocrx_word' id='word_1_638' title='bbox 2379 4858 2451 4909; x_wconf 87' lang='lat' dir='ltr'><strong>vl,</strong></span> <span class='ocrx_word' id='word_1_639' title='bbox 2484 4842 2591 4912; x_wconf 88' lang='grc'><strong>13.)</strong></span> <span class='ocrx_word' id='word_1_640' title='bbox 2633 4843 2775 4898; x_wconf 87' lang='lat' dir='ltr'><strong>Obiit</strong></span> <span class='ocrx_word' id='word_1_641' title='bbox 2806 4844 3079 4900; x_wconf 81' lang='lat' dir='ltr'><strong>Roberlus</strong></span> <span class='ocrx_word' id='word_1_642' title='bbox 3117 4876 3183 4885; x_wconf 95' lang='lat'><em>—</em></span> <span class='ocrx_word' id='word_1_643' title='bbox 3216 4845 3453 4903; x_wconf 73' lang='lat' dir='ltr'><strong>llenrici.</strong></span> 
     </span>
    </p>
   </div>
   <div class='ocr_carea' id='block_1_94' title="bbox 1403 4971 2050 5030">
    <p class='ocr_par' dir='ltr' id='par_1_94' title="bbox 1403 4971 2050 5030">
     <span class='ocr_line' id='line_1_95' title="bbox 1403 4971 2050 5030; baseline 0.003 -5"><span class='ocrx_word' id='word_1_644' title='bbox 1403 4971 1621 5026; x_wconf 71' lang='lat' dir='ltr'><strong>VARIAE</strong></span> <span class='ocrx_word' id='word_1_645' title='bbox 1661 4971 2050 5030; x_wconf 81' lang='lat' dir='ltr'><strong>LECTIONES.</strong></span> 
     </span>
    </p>
   </div>
   <div class='ocr_carea' id='block_1_95' title="bbox 230 5076 3465 5156">
    <p class='ocr_par' dir='ltr' id='par_1_95' title="bbox 230 5076 3465 5156">
     <span class='ocr_line' id='line_1_96' title="bbox 230 5076 3465 5156; baseline 0.002 -21"><span class='ocrx_word' id='word_1_646' title='bbox 230 5076 445 5156; x_wconf 61' lang='grc' dir='ltr'><strong>’ξθἨωσ</strong></span> <span class='ocrx_word' id='word_1_647' title='bbox 484 5084 601 5137; x_wconf 83' lang='lat' dir='ltr'><strong>alia</strong></span> <span class='ocrx_word' id='word_1_648' title='bbox 636 5098 826 5137; x_wconf 84' lang='lat' dir='ltr'><strong>manus</strong></span> <span class='ocrx_word' id='word_1_649' title='bbox 856 5098 880 5137; x_wconf 90' lang='lat' dir='ltr'><strong>s</strong></span> <span class='ocrx_word' id='word_1_650' title='bbox 942 5083 1039 5137; x_wconf 79' lang='lat' dir='ltr'><strong>XII</strong></span> <span class='ocrx_word' id='word_1_651' title='bbox 1059 5097 1146 5156; x_wconf 47' lang='lat' dir='ltr'><strong>etc.</strong></span> <span class='ocrx_word' id='word_1_652' title='bbox 1177 5083 1403 5156; x_wconf 76' lang='lat' dir='ltr'><strong>scripsit</strong></span> <span class='ocrx_word' id='word_1_653' title='bbox 1424 5084 1483 5135; x_wconf 89' lang='lat' dir='ltr'><strong>in</strong></span> <span class='ocrx_word' id='word_1_654' title='bbox 1510 5084 1757 5156; x_wconf 62' lang='lat' dir='ltr'><strong>margine</strong></span> <span class='ocrx_word' id='word_1_655' title='bbox 1802 5087 2005 5138; x_wconf 81' lang='lat' dir='ltr'><strong>Desunt</strong></span> <span class='ocrx_word' id='word_1_656' title='bbox 2029 5083 2255 5156; x_wconf 75' lang='lat' dir='ltr'><strong>reliquis</strong></span> <span class='ocrx_word' id='word_1_657' title='bbox 2286 5082 2550 5137; x_wconf 86' lang='lat' dir='ltr'><strong>omnibus.</strong></span> <span class='ocrx_word' id='word_1_658' title='bbox 2624 5083 2936 5156; x_wconf 81' lang='grc' dir='ltr'>⁵³⁷Λο(11-</span> <span class='ocrx_word' id='word_1_659' title='bbox 2964 5084 3207 5139; x_wconf 89' lang='lat' dir='ltr'><strong>Pictavie</strong></span> <span class='ocrx_word' id='word_1_660' title='bbox 3228 5089 3277 5140; x_wconf 86' lang='lat' dir='ltr'><strong>et</strong></span> <span class='ocrx_word' id='word_1_661' title='bbox 3305 5085 3465 5156; x_wconf 87' lang='lat' dir='ltr'><strong>cujus</strong></span> 
     </span>
    </p>
   </div>
   <div class='ocr_carea' id='block_1_96' title="bbox 173 5147 3466 5227">
    <p class='ocr_par' dir='ltr' id='par_1_96' title="bbox 173 5147 3466 5227">
     <span class='ocr_line' id='line_1_97' title="bbox 173 5147 3466 5227; baseline 0.003 -27"><span class='ocrx_word' id='word_1_662' title='bbox 173 5173 227 5184; x_wconf 79' lang='lat'><em>—</em></span> <span class='ocrx_word' id='word_1_663' title='bbox 253 5147 378 5227; x_wconf 89' lang='lat' dir='ltr'><strong>latus</strong></span> <span class='ocrx_word' id='word_1_664' title='bbox 405 5156 463 5207; x_wconf 87' lang='lat' dir='ltr'><strong>in</strong></span> <span class='ocrx_word' id='word_1_665' title='bbox 505 5157 754 5222; x_wconf 67' lang='lat' dir='ltr'><strong>margine</strong></span> <span class='ocrx_word' id='word_1_666' title='bbox 774 5156 991 5222; x_wconf 78' lang='lat' dir='ltr'><strong>scripsit</strong></span> <span class='ocrx_word' id='word_1_667' title='bbox 1010 5153 1266 5227; x_wconf 67' lang='lat' dir='ltr'><strong>Roberlus</strong></span> <span class='ocrx_word' id='word_1_668' title='bbox 1284 5147 1500 5207; x_wconf 63' lang='lat' dir='ltr'><strong>calamo</strong></span> <span class='ocrx_word' id='word_1_669' title='bbox 1528 5147 1706 5207; x_wconf 76' lang='lat' dir='ltr'><strong>eodem</strong></span> <span class='ocrx_word' id='word_1_670' title='bbox 1732 5171 1835 5223; x_wconf 87' lang='lat' dir='ltr'><strong>quo</strong></span> <span class='ocrx_word' id='word_1_671' title='bbox 1859 5171 2057 5209; x_wconf 81' lang='lat' dir='ltr'><strong>annum</strong></span> <span class='ocrx_word' id='word_1_672' title='bbox 2084 5147 2241 5209; x_wconf 47' lang='lat'><strong>11-85.</strong></span> <span class='ocrx_word' id='word_1_673' title='bbox 2276 5158 2476 5227; x_wconf 79' lang='lat' dir='ltr'><strong>Desunt</strong></span> <span class='ocrx_word' id='word_1_674' title='bbox 2498 5156 2743 5225; x_wconf 74' lang='lat' dir='ltr'><strong>reliquis.</strong></span> <span class='ocrx_word' id='word_1_675' title='bbox 2812 5155 2881 5190; x_wconf 75' lang='grc'><strong>⁵³⁸</strong></span> <span class='ocrx_word' id='word_1_676' title='bbox 2898 5159 3015 5211; x_wconf 75' lang='grc' dir='ltr'><strong>11ωο</strong></span> <span class='ocrx_word' id='word_1_677' title='bbox 3048 5158 3311 5212; x_wconf 78' lang='lat' dir='ltr'><strong>Robertus</strong></span> <span class='ocrx_word' id='word_1_678' title='bbox 3350 5147 3466 5227; x_wconf 59' lang='lat' dir='ltr'><strong>ipse</strong></span> 
     </span>
    </p>
   </div>
   <div class='ocr_carea' id='block_1_97' title="bbox 174 5224 3461 5300">
    <p class='ocr_par' dir='ltr' id='par_1_97' title="bbox 174 5224 3461 5300">
     <span class='ocr_line' id='line_1_98' title="bbox 174 5224 3461 5300; baseline 0.004 -30"><span class='ocrx_word' id='word_1_679' title='bbox 174 5226 393 5300; x_wconf 65' lang='lat' dir='ltr'><strong>exarauit</strong></span> <span class='ocrx_word' id='word_1_680' title='bbox 415 5228 630 5300; x_wconf 12' lang='lat' dir='ltr'><strong>calamo!</strong></span> <span class='ocrx_word' id='word_1_681' title='bbox 651 5227 848 5300; x_wconf 73' lang='lat' dir='ltr'><strong>eodem,</strong></span> <span class='ocrx_word' id='word_1_682' title='bbox 877 5240 981 5300; x_wconf 75' lang='lat' dir='ltr'><strong>quo</strong></span> <span class='ocrx_word' id='word_1_683' title='bbox 1019 5241 1072 5300; x_wconf 65' lang='grc' dir='ltr'><strong>(ξ.</strong></span> <span class='ocrx_word' id='word_1_684' title='bbox 1118 5224 1475 5300; x_wconf 68' lang='lat' dir='ltr'><strong>1165,_era§is</strong></span> <span class='ocrx_word' id='word_1_685' title='bbox 1501 5240 1621 5300; x_wconf 66' lang='lat' dir='ltr'><strong>quia</strong></span> <span class='ocrx_word' id='word_1_686' title='bbox 1640 5228 1795 5294; x_wconf 80' lang='lat' dir='ltr'><strong>prius</strong></span> <span class='ocrx_word' id='word_1_687' title='bbox 1817 5230 2020 5296; x_wconf 76' lang='lat' dir='ltr'><strong>scripta</strong></span> <span class='ocrx_word' id='word_1_688' title='bbox 2048 5228 2271 5293; x_wconf 82' lang='lat' dir='ltr'><strong>fuerant</strong></span> <span class='ocrx_word' id='word_1_689' title='bbox 2302 5226 2567 5292; x_wconf 77' lang='lat' dir='ltr'><strong>Sigebcrti</strong></span> <span class='ocrx_word' id='word_1_690' title='bbox 2586 5224 2778 5282; x_wconf 66' lang='lat' dir='ltr'><strong>verbis:</strong></span> <span class='ocrx_word' id='word_1_691' title='bbox 2815 5227 2974 5281; x_wconf 90' lang='lat' dir='ltr'><strong>lslius</strong></span> <span class='ocrx_word' id='word_1_692' title='bbox 3003 5227 3152 5283; x_wconf 89' lang='lat' dir='ltr'><strong>modi</strong></span> <span class='ocrx_word' id='word_1_693' title='bbox 3186 5256 3255 5267; x_wconf 93' lang='lat'>—</span> <span class='ocrx_word' id='word_1_694' title='bbox 3285 5224 3461 5300; x_wconf 72' lang='lat' dir='ltr'><strong>repli-</strong></span> 
     </span>
    </p>
   </div>
   <div class='ocr_carea' id='block_1_98' title="bbox 177 5295 1667 5367">
    <p class='ocr_par' dir='ltr' id='par_1_98' title="bbox 177 5295 1667 5367">
     <span class='ocr_line' id='line_1_99' title="bbox 177 5295 1667 5367; baseline 0.003 -23"><span class='ocrx_word' id='word_1_695' title='bbox 177 5301 301 5345; x_wconf 80' lang='lat' dir='ltr'><strong>care.</strong></span> <span class='ocrx_word' id='word_1_696' title='bbox 334 5296 525 5352; x_wconf 83' lang='lat' dir='ltr'><strong>Desunt</strong></span> <span class='ocrx_word' id='word_1_697' title='bbox 554 5298 800 5367; x_wconf 75' lang='lat' dir='ltr'><strong>reliquis,</strong></span> <span class='ocrx_word' id='word_1_698' title='bbox 832 5299 933 5367; x_wconf 73' lang='lat' dir='ltr'><strong>qui</strong></span> <span class='ocrx_word' id='word_1_699' title='bbox 957 5295 1156 5350; x_wconf 81' lang='lat' dir='ltr'><strong>habent</strong></span> <span class='ocrx_word' id='word_1_700' title='bbox 1178 5295 1344 5349; x_wconf 80' lang='lat' dir='ltr'><strong>verba</strong></span> <span class='ocrx_word' id='word_1_701' title='bbox 1380 5297 1667 5363; x_wconf 80' lang='lat' dir='ltr'><strong>Sigeberti.</strong></span> 
     </span>
    </p>
   </div>
   <div class='ocr_carea' id='block_1_99' title="bbox 1703 5391 1912 5447">
    <p class='ocr_par' dir='ltr' id='par_1_99' title="bbox 1703 5391 1912 5447">
     <span class='ocr_line' id='line_1_100' title="bbox 1703 5391 1912 5447; baseline 0.005 -1"><span class='ocrx_word' id='word_1_702' title='bbox 1703 5391 1912 5447; x_wconf 57' lang='lat' dir='ltr'><strong>NOTXE.</strong></span> 
     </span>
    </p>
   </div>
   <div class='ocr_carea' id='block_1_100' title="bbox 239 5482 1173 5563">
    <p class='ocr_par' dir='ltr' id='par_1_100' title="bbox 239 5482 1173 5563">
     <span class='ocr_line' id='line_1_101' title="bbox 239 5482 1173 5563; baseline -0.009 -10"><span class='ocrx_word' id='word_1_703' title='bbox 394 5488 727 5563; x_wconf 74' lang='lat' dir='ltr'><strong>InDachery</strong></span> <span class='ocrx_word' id='word_1_704' title='bbox 759 5492 908 5563; x_wconf 90' lang='lat' dir='ltr'><strong>Spic.</strong></span> <span class='ocrx_word' id='word_1_705' title='bbox 949 5492 1017 5553; x_wconf 86' lang='lat' dir='ltr'><strong>ll,</strong></span> <span class='ocrx_word' id='word_1_706' title='bbox 1048 5492 1173 5546; x_wconf 87' lang='lat'><strong>286.</strong></span> 
     </span>
    </p>
   </div>
   <div class='ocr_carea' id='block_1_101' title="bbox 240 5555 1752 5628">
    <p class='ocr_par' dir='ltr' id='par_1_101' title="bbox 240 5555 1752 5628">
     <span class='ocr_line' id='line_1_102' title="bbox 240 5555 1752 5628; baseline -0.001 -10"><span class='ocrx_word' id='word_1_707' title='bbox 240 5555 370 5628; x_wconf 74' lang='lat'><strong>(557)</strong></span> <span class='ocrx_word' id='word_1_708' title='bbox 410 5561 487 5617; x_wconf 77' lang='lat' dir='ltr'><strong>Ci.</strong></span> <span class='ocrx_word' id='word_1_709' title='bbox 543 5555 757 5617; x_wconf 77' lang='lat' dir='ltr'><strong>Martini</strong></span> <span class='ocrx_word' id='word_1_710' title='bbox 796 5555 1082 5618; x_wconf 87' lang='lat' dir='ltr'><strong>Historiam</strong></span> <span class='ocrx_word' id='word_1_711' title='bbox 1129 5562 1447 5618; x_wconf 87' lang='lat' dir='ltr'><strong>monasterii</strong></span> <span class='ocrx_word' id='word_1_712' title='bbox 1500 5562 1632 5618; x_wconf 88' lang='lat' dir='ltr'><strong>Novi</strong></span> <span class='ocrx_word' id='word_1_713' title='bbox 1672 5562 1752 5616; x_wconf 78' lang='lat' dir='ltr'><strong>Pi-</strong></span> 
     </span>
    </p>
   </div>
   <div class='ocr_carea' id='block_1_102' title="bbox 182 5627 1742 5751">
    <p class='ocr_par' dir='ltr' id='par_1_102' title="bbox 182 5627 1742 5751">
     <span class='ocr_line' id='line_1_103' title="bbox 182 5627 1742 5751; baseline 0.012 -70"><span class='ocrx_word' id='word_1_714' title='bbox 182 5627 423 5751; x_wconf 41' lang='lat' dir='ltr'><strong>ﬁgenda</strong></span> <span class='ocrx_word' id='word_1_715' title='bbox 449 5633 501 5687; x_wconf 91' lang='lat' dir='ltr'><strong>in</strong></span> <span class='ocrx_word' id='word_1_716' title='bbox 531 5634 773 5690; x_wconf 78' lang='lat' dir='ltr'><strong>Martene</strong></span> <span class='ocrx_word' id='word_1_717' title='bbox 815 5635 1021 5691; x_wconf 92' lang='lat' dir='ltr'><strong>Anecd.</strong></span> <span class='ocrx_word' id='word_1_718' title='bbox 1058 5635 1147 5701; x_wconf 91' lang='lat' dir='ltr'><strong>lll,</strong></span> <span class='ocrx_word' id='word_1_719' title='bbox 1195 5635 1360 5702; x_wconf 83' lang='lat'><strong>1211,</strong></span> <span class='ocrx_word' id='word_1_720' title='bbox 1406 5634 1578 5705; x_wconf 86' lang='lat' dir='ltr'><strong>Bouq.</strong></span> <span class='ocrx_word' id='word_1_721' title='bbox 1631 5634 1742 5700; x_wconf 71' lang='grc' dir='ltr'><strong>ΧΗ,</strong></span> 
     </span>
    </p>
   </div>
   <div class='ocr_carea' id='block_1_103' title="bbox 1933 5492 3255 5563">
    <p class='ocr_par' dir='ltr' id='par_1_103' title="bbox 1933 5492 3255 5563">
     <span class='ocr_line' id='line_1_104' title="bbox 1933 5492 3255 5563; baseline 0.007 -19"><span class='ocrx_word' id='word_1_722' title='bbox 1933 5492 2074 5562; x_wconf 78' lang='grc'>(558)</span> <span class='ocrx_word' id='word_1_723' title='bbox 2118 5493 2252 5563; x_wconf 89' lang='lat' dir='ltr'><strong>Pays</strong></span> <span class='ocrx_word' id='word_1_724' title='bbox 2285 5492 2555 5548; x_wconf 81' lang='lat' dir='ltr'><strong>d’Yemes.</strong></span> <span class='ocrx_word' id='word_1_725' title='bbox 3240 5514 3255 5526; x_wconf 71' lang='lat'>‘</span> 
     </span>
    </p>
   </div>
   <div class='ocr_carea' id='block_1_104' title="bbox 1932 5563 3468 5637">
    <p class='ocr_par' dir='ltr' id='par_1_104' title="bbox 1932 5563 3468 5637">
     <span class='ocr_line' id='line_1_105' title="bbox 1932 5563 3468 5637; baseline -0.001 -21"><span class='ocrx_word' id='word_1_726' title='bbox 1932 5564 2073 5637; x_wconf 75' lang='grc'>(559)</span> <span class='ocrx_word' id='word_1_727' title='bbox 2117 5563 2244 5628; x_wconf 81' lang='lat' dir='ltr'><strong>Quae</strong></span> <span class='ocrx_word' id='word_1_728' title='bbox 2274 5564 2500 5637; x_wconf 77' lang='lat' dir='ltr'><strong>dubium</strong></span> <span class='ocrx_word' id='word_1_729' title='bbox 2549 5572 2803 5637; x_wconf 86' lang='lat' dir='ltr'><strong>moveant</strong></span> <span class='ocrx_word' id='word_1_730' title='bbox 2858 5566 2908 5618; x_wconf 91' lang='lat' dir='ltr'><strong>in</strong></span> <span class='ocrx_word' id='word_1_731' title='bbox 2954 5563 3468 5637; x_wconf 47' lang='grc'>1111011000111000-</span> 
     </span>
    </p>
   </div>
   <div class='ocr_carea' id='block_1_105' title="bbox 1848 5631 3472 5776">
    <p class='ocr_par' dir='ltr' id='par_1_105' title="bbox 1848 5631 3472 5776">
     <span class='ocr_line' id='line_1_106' title="bbox 1855 5631 3472 5761; baseline -0.004 -73"><span class='ocrx_word' id='word_1_732' title='bbox 1855 5631 2325 5761; x_wconf 54' lang='lat' dir='ltr'><strong>ration§7expoi21i1t</strong></span> <span class='ocrx_word' id='word_1_733' title='bbox 2347 5634 2586 5708; x_wconf 77' lang='lat' dir='ltr'><strong>Savigny</strong></span> <span class='ocrx_word' id='word_1_734' title='bbox 2612 5636 2932 5690; x_wconf 83' lang='lat' dir='ltr'><strong>Geschichte</strong></span> <span class='ocrx_word' id='word_1_735' title='bbox 2951 5637 3051 5690; x_wconf 84' lang='lat' dir='ltr'><strong>des</strong></span> <span class='ocrx_word' id='word_1_736' title='bbox 3073 5634 3225 5689; x_wconf 83' lang='lat' dir='ltr'><strong>Rom.</strong></span> <span class='ocrx_word' id='word_1_737' title='bbox 3251 5631 3472 5687; x_wconf 77' lang='lat' dir='ltr'><strong>Rechtis</strong></span> 
     </span>
     <span class='ocr_line' id='line_1_107' title="bbox 1848 5721 2333 5776; baseline 0.004 -17"><span class='ocrx_word' id='word_1_738' title='bbox 1848 5722 1920 5776; x_wconf 85' lang='grc' dir='ltr'><strong>ιν,</strong></span> <span class='ocrx_word' id='word_1_739' title='bbox 1946 5721 1993 5761; x_wconf 92' lang='lat' dir='ltr'><strong>c.</strong></span> <span class='ocrx_word' id='word_1_740' title='bbox 2103 5746 2118 5773; x_wconf 92' lang='lat'><strong>,</strong></span> <span class='ocrx_word' id='word_1_741' title='bbox 2151 5724 2208 5776; x_wconf 93' lang='lat' dir='ltr'><strong>p.</strong></span> <span class='ocrx_word' id='word_1_742' title='bbox 2319 5746 2333 5760; x_wconf 93' lang='lat'><strong>.</strong></span> 
     </span>
    </p>
   </div>
  </div>
