3858 6206
414 342 519 395 419

1635 342 1979 397 SIGEBERTI
2022 343 2531 400 GEMBLACENSIS.
3658 359 3749 414 420

486 472 619 529 1037
674 472 982 538 (1036-A.
1012 472 1785 543 Roth.)0biitRobertus,cui
1812 491 2028 530 succes-
2052 480 2101 547 Α
2131 483 2185 530 et
2239 477 2497 548 princeps
2538 477 3000 545 Normannorum,
3061 481 3151 536 die
3208 492 3402 541 sancto
3450 488 3660 558 pasche
3701 492 3747 544 in

411 569 479 623 sit
515 568 805 642 Malgcrius
834 582 1007 638 nepos
1036 567 1159 635 ejus
1184 568 1311 622 45m
1339 568 1793 640 archiepiscopus
1823 571 2027 626 Rotho—

414 658 713 731 magensis.

485 747 644 800 1038.
690 747 877 817 (llum.
914 746 986 815 vn)
1018 746 1282 801 llaraldus
1310 778 1380 786 —
1424 747 1716 819 episcopus
1750 750 2023 824 Estangle,

416 840 611 909 (Genu.
646 856 738 903 vn,
762 840 873 909 17.)
902 839 1046 893 Obiit
1078 839 1228 913 Hugo
1264 839 1576 910 Bajocensis
1615 842 1931 913 episcOpus,
1974 851 2027 898 et

414 930 680 984 successit
711 929 823 984 0do
850 930 1011 998 (560).

388 1020 400 1031 ’
483 1018 640 1071 1040.
693 1017 881 1088 (Hum.
945 1022 1033 1079 v1.)
1085 1017 1458 1072 Fundamenta
1512 1021 1774 1076 aecclesiae
1840 1031 2027 1078 sancte

416 1106 578 1160 Mario
620 1106 676 1158 in
730 1105 1066 1159 Gemmetico
1119 1105 1374 1159 innovata
1413 1115 1539 1161 sunt
1564 1108 1632 1162 ab
1661 1109 1860 1164 abbate
1921 1111 2027 1166 Ro—

412 1202 591 1265 berto,
625 1207 814 1269 postea
862 1198 1268 1255 Cantuariorum
1320 1202 1757 1273 archiepiscopo.
1818 1203 2026 1259 Mortuo

411 1323 479 1332 -—
511 1293 581 1344 24
610 1289 787 1345 annis.
1532 1350 1535 1354 ,
1746 1306 1751 1311 ’

388 1386 399 1391 ‘
482 1383 641 1437 1441.
667 1381 790 1453 (10.)
824 1381 1118 1437 Edwardus
1144 1414 1208 1423 -—
1254 1385 1640 1440 Flandrensem
1672 1386 1951 1441 comitem.

481 1471 640 1527 1042.
675 1472 977 1539 ((‘emm.v1,
1008 1473 1088 1542 9.)
1120 1473 1455 1529 Lanfrancus
1474 1505 1536 1513 —
1564 1476 1798 1529 inveniri
1825 1482 2022 1547 potest.

485 1561 639 1615 1046.
680 1560 851 1630 (llum
897 1565 996 1629 vi.)
1032 1561 1141 1616 Hoc
1172 1579 1318 1617 anno
1360 1580 1678 1635 --οοιροιε⁵
1701 1566 1918 1621 minuit.

483 1648 640 1703 1049.
671 1651 750 1714 (lb
776 1653 795 1718 )
827 1650 898 1703 Eo
940 1657 1186 1720 tempore
1212 1682 1271 1690 —
1291 1668 1578 1707 successor
1602 1654 1741 1722 ejus.

482 1737 638 1794 1051.
684 1738 804 1807 (16.)
833 1738 1021 1791 Emma
1055 1738 1292 1792 luerunt.

483 1833 641 1887 1052.
678 1834 795 1901 (11).)
830 1832 1461 1888 Edwardus—Haraldi.

487 1924 646 1979 1054.
678 1925 893 1994 (Gemm.
930 1941 1024 1991 vn,
1054 1926 1144 1990 21,
1170 1926 1282 1995 22.)
1324 1927 1398 1979 Ex
1427 1942 1535 1997 quo
1567 1959 1631 1967 —
1660 1929 1876 1983 Pratelli
1906 1930 2027 1984 edi-

412 2014 614 2069 ficavit.

484 2103 642 2158 1055.
705 2102 803 2171 (Ib.
854 2120 951 2170 vn,
1018 2104 1132 2175 25.)
1174 2104 1435 2176 Deposito
1492 2106 1748 2181 Malgerio
1791 2139 1857 2149 —
1899 2110 2029 2164 (lan-

413 2194 723 2249 tuariensis.

488 2287 637 2343 1060.
694 2288 770 2357 (Ib
830 2303 906 2354 vr,
956 2288 1030 2357 9.)
1082 2288 1314 2343 Sanctus
1383 2290 1669 2345 Anselmus
1750 2324 1798 2333 -
1871 2293 2026 2349 inve-

413 2385 637 2525 rM12163.
674 2470 812 2541 (1b.;
866 2470 1032 2525 Hum.
1076 2472 1168 2538 vr,)
1222 2472 1557 2528 Lanfraneus
1595 2505 1664 2513 —
1693 2474 2019 2545 prolatione.

408 2562 539 2617 (.um
570 2563 680 2633 jam
711 2595 777 2603 —
804 2562 1008 2617 crimen
1049 2564 1234 2637 elegit.

478 2651 636 2704 1064.
673 2653 791 2721 (Ιὸ.)
826 2652 1142 2707 Dominator
1164 2683 1233 2690 —
1264 2652 1524 2723 perdidit.

480 2738 637 2795 1065.
683 2741 801 2810 (Ιὸ.)
835 2740 948 2794 Dux
992 2740 1454 2797 Normannorum.
1485 2775 1550 2782 —
1581 2744 1670 2797 21.
1701 2762 1867 2801 anno.

476 2829 635 2886 1067.
671 2832 806 2900 (1b.;
867 2833 935 2886 Α.
972 2832 1154 2902 Roth.)
1200 2832 1345 2888 Obiit
1405 2834 1662 2890 Conanus
1692 2868 1759 2877 —
1789 2839 2022 2895 ecclesie

464 2918 556 2969 ius,
1862 2972 1867 2977 .

464 2918 556 2968 ,ηδ’
1862 2972 1867 2977 ¹

407 2918 636 3058 4b1070.
682 3005 936 3074 Deposito
982 3006 1246 3080 Stigando
1303 3017 1569 3079 apostata,
1603 3011 1696 3083 qui
1730 3014 1881 3084 prius
1912 3014 2024 3070 fue-

407 3105 488 3153 rat
516 3098 812 3169 episc0pus
842 3099 1201 3168 lialmeensis,
1234 3119 1340 3174 que
1370 3104 1530 3158 sedes
1562 3114 1751 3176 postea
1795 3109 1863 3161 ad
1894 3109 2022 3165 Nor-

407 3194 546 3248 wich
591 3193 849 3248 translata
870 3202 972 3262 est,
1014 3203 1068 3250 et
1107 3204 1298 3267 postea
1325 3199 1619 3270 episc0pus
1645 3202 2021 3260 Wincestren-
2052 3180 2101 3249 (ἶ

406 3282 505 3346 sis,
539 3282 608 3336 ad
632 3282 885 3337 ultimum
919 3284 1216 3355 episcopus
1246 3286 1675 3358 Cantuariensis,
1708 3299 1763 3346 et
1787 3292 1883 3347 hos
1912 3303 2023 3349 tres

404 3372 653 3427 honores
691 3387 799 3426 non
853 3388 1017 3427 causa
1057 3375 1344 3448 religionis
1370 3376 1467 3431 sed
1508 3379 1828 3449 cupiditatis
1858 3382 2020 3438 simul

408 3461 652 3526 tenebat,
686 3461 833 3515 unde
862 3478 893 3515 a
932 3478 1074 3531 papa
1108 3463 1355 3519 Romano
1395 3468 1867 3524 excommunicato
1898 3470 2022 3526 fue-

408 3558 517 3606 rat:
560 3553 623 3607 V.
666 3553 886 3621 Lanfr.)
916 3552 1251 3609 Lanfrancus
1299 3584 1356 3593 —
1384 3557 1452 3613 18
1482 3559 1661 3614 annis.

484 3639 639 3696 1071.
714 3641 904 3711 (Hum.
988 3644 1079 3711 v1.)
1134 3641 1245 3697 Rex
1298 3646 1596 3718 Anglorum
1636 3679 1708 3691 α-
1750 3652 2020 3709 subdide-

409 3739 555 3788 runt.

477 3825 636 3881 1072.
681 3826 765 3895 (Η.
811 3828 978 3883 Henr.
1015 3826 1123 3896 14.)
1147 3827 1433 3885 Secundus
1464 3831 1858 3889 Balduinus—
1896 3839 2019 3894 obi-

407 3922 522 3970 tum
556 3914 821 3986 possedit.

481 4009 635 4064 1073.
666 4008 916 4064 Monachi
948 4010 1105 4065 Becci
1134 4011 1189 4064 in
1219 4012 1407 4086 vigilia
1438 4013 1748 4073 festivitatis
1774 4022 2019 4078 omnium

403 4112 720 4161 sanctorum
770 4105 839 4158 de
872 4105 1047 4175 prima
1085 4108 1257 4161 veteri
1311 4110 1544 4165 ecclesia
1601 4114 1856 4170 sollemni
1889 4135 2019 4189 pro-

402 4197 661 4253 cessione
715 4204 769 4251 et
813 4214 1011 4271 magne
1041 4198 1244 4269 gaudio
1275 4201 1585 4258 devotionis
1639 4216 1908 4264 venerunt
1956 4211 2012 4266 in

403 4313 622 4363 novam,
655 4313 817 4368 quam
874 4297 1069 4352 beatus
1108 4298 1403 4356 Herluinus
1442 4303 1688 4371 ejusdem
1743 4308 1847 4363 loci
1890 4311 2013 4386 glo-

402 4386 584 4442 riosus
613 4384 807 4451 abbas,
841 4384 1176 4441 Lanfrancus
1219 4393 1273 4442 et
1307 4390 1617 4460 Anselmus,
1662 4394 1762 4450 viri
1823 4384 2020 4472 magne

403 4473 770 4541 auctoritatis,
801 4473 1197 4530 editicaverunt
1225 4476 1386 4545 (561).

476 4568 634 4621 1074.
685 4567 779 4637 (Α.
836 4568 1018 4639 Both.)
1048 4567 1448 4643 Congregatum
1504 4580 1586 4628 est
1624 4578 1921 4635 concilium
1949 4613 2019 4624 —

405 4656 688 4730 Sagiensi;
750 4656 806 4710 in
865 4656 1104 4728 quodam
1179 4657 1249 4712 de
1302 4660 1539 4730 negotiis
1604 4665 2015 4740 ecclesiasticis,

405 4766 568 4822 quam
585 4751 652 4805 de
686 4752 842 4823 regni
872 4752 1201 4808 utilitatibus
1231 4754 1527 4828 diligenter
1558 4766 1942 4820 tractaverunt.

476 4842 635 4897 1075.
682 4843 1045 4914 (Cad.1074.)
1092 4844 1409 4901 Willet-mus
1457 4849 1544 4915 ‘39,
1589 4866 1681 4905 rex
1720 4852 2014 4926 Anglorum

2128 564 2362 619 ecclesia
2396 565 2644 619 Fiseanni
2684 565 2885 622 obtulit
2923 566 3089 623 ﬁliam
3148 587 3303 627 suam
3363 573 3624 631 Ceciliam
3667 595 3749 649 per

2129 674 2327 712 manus
2365 659 2632 713 Johannis
2664 661 3068 734 archiepiscopi
3131 665 3603 741 Rot'nomagensis
3655 673 3747 729 Deo

2127 750 2581 805 consecrandam.
2616 749 2755 803 inibi
2788 768 3026 824 namque
3055 755 3234 829 legem
3268 758 3529 827 instituit,
3564 779 3637 816 ne
3669 763 3749 817 ali-

2131 842 2254 912 quis
2284 842 2497 897 scilicet
2537 843 2814 898 hominem
2855 846 3125 902 assalliret
3167 866 3265 919 pro
3299 862 3477 908 morte
3523 854 3748 923 alicujus

2129 932 2213 985 sui
2245 933 2511 1002 parentis,
2566 934 2674 987 nisi
2730 942 2940 1004 patrem
2995 946 3090 993 aut
3130 938 3301 994 ﬁlium
3358 943 3745 1012 interfecisset,

2130 1023 2323 1089 (Hum.
2356 1025 2458 1095 γι.)
2492 1024 2734 1080 Instituit
2790 1042 3013 1098 quoque
3050 1027 3155 1084 alia
3185 1031 3456 1088 aecelesiaa
3492 1041 3550 1089 et
3582 1052 3744 1108 regno

2128 1118 2287 1172 valde
2319 1119 2496 1174 utilia.
2533 1120 2680 1174 [dem
2705 1137 2797 1179 rex
2818 1138 3024 1177 —cum
3053 1141 3139 1180 eo.

2205 1204 2357 1260 1077.
2383 1207 2546 1276 (Gem.
2573 1225 2642 1275 νι,
2672 1210 2750 1278 9.)
2784 1210 3025 1266 Ecclesia
3058 1214 3211 1269 Becci
3251 1247 3310 1255 —
3351 1224 3643 1287 peractum
3676 1229 3744 1274 est

2129 1296 2263 1352 Huic
2315 1300 2480 1353 etiam
2534 1300 2873 1357 dedicationi
2936 1304 3306 1362 interfuerunt
3345 1308 3598 1381 episcopi
3643 1310 3743 1366 Odo

2134 1385 2467 1456 Bajocensis,
2550 1391 2889 1447 Gislebertus
2972 1395 3348 1461 Luxoviensis,
3412 1397 3744 1456 Gislebertus

2131 1478 2501 1544 Ebroicensis,
2536 1478 2807 1535 Robertus
2836 1481 3136 1556 Sagiensis,
3160 1486 3429 1543 Arnaldus
3453 1488 3746 1545 Cenoman-

2132 1570 2338 1623 nensis.
2376 1570 2450 1623 De
2492 1570 2661 1624 letitia
2685 1603 2753 1611 —
2791 1572 3086 1630 disserere.

2201 1662 2357 1717 1078.
2415 1663 2555 1729 (1b.;
2598 1663 2729 1718 Ono.
2773 1665 2881 1720 Vir.
2917 1684 2971 1733 v,
3014 1668 3166 1739 549.)
3199 1671 3399 1726 Beatus
3456 1673 3740 1729 Herluinus

2054 1756 2105 1823 Β
2132 1750 2335 1805 -—licet
2365 1768 2429 1804 ex
2462 1752 2695 1806 meritis.
2734 1754 2998 1811 Defuncto
3027 1757 3212 1829 itaque
3251 1791 3320 1801 —-
3351 1762 3679 1818 Gisleberto.

2207 1843 2361 1896 1079.
2407 1843 2497 1912 (A.
2528 1845 2707 1916 Roth.)
2741 1844 3012 1902 Successit
3048 1875 3117 1888 ιο-
3170 1849 3555 1907 Cadomensis.
3614 1855 3739 1908 Anni

2131 1932 2200 1986 ab
2231 1932 2449 2007 origine
2476 1935 2667 1989 mundi
2699 1939 3005 1993 secundum
3039 1942 3390 2016 septuaginta
3421 1944 3739 2016 interpretes

2133 2022 2292 2077 5664.

2203 2114 2356 2172 1080.
2402 2117 2591 2188 (llum.
2626 2119 2720 2192 γι.)
2751 2120 2970 2177 Factum
3005 2129 3088 2179 est
3118 2126 3412 2181 concilium
3442 2130 3595 2199 apud
3627 2130 3735 2183 Lis-

2126 2204 2383 2260 lebonam
2416 2207 2471 2261 in
2523 2210 2804 2279 presentia
2856 2210 3127 2267 Willermi
3176 2214 3321 2290 regis
3350 2217 3654 2290 Anglorum
3680 2250 3738 2258 —

2122 2303 2411 2350 servantur
2464 2298 2697 2353 maxime
2729 2299 2786 2354 in
2835 2300 3188 2358 Normannia.
3237 2304 3391 2360 Idem
3422 2322 3517 2362 rex
3550 2338 3621 2347 —
3647 2323 3735 2378 po-

2122 2390 2252 2444 suit.

2194 2485 2351 2541 1083.
2385 2490 2507 2559 (1b.)
2521 2488 2664 2546 Obiit
2688 2490 2966 2547 Mathildis
2994 2525 3062 2532 —
3086 2493 3311 2566 incepit.

2197 2575 2352 2631 1084.
2389 2579 2514 2649 (10.)
2533 2579 2852 2635 Willermus
2881 2598 2975 2637 rex
3004 2615 3075 2624 —
3104 2585 3339 2640 distulit.

2195 2670 2351 2725 1085.
2387 2672 2506 2743 (ιὸ.)
2542 2674 2652 2730 Hoc
2680 2692 2825 2731 anno
2846 2708 2916 2717 —-
2947 2680 3243 2734 reservavit
3262 2681 3349 2734 5‘0.

2196 2763 2356 2819 1087.
2381 2767 2544 2833 (Gem.
2594 2786 2687 2837 vn,
2728 2770 2843 2841 44.)
2875 2771 3020 2826 Obiit
3053 2773 3371 2828 Willermus
3431 2791 3526 2829 rex
3560 2776 3735 2849 Anglo-

2125 2868 2243 2905 rum
2268 2884 2331 2892 —
2350 2864 2405 2908 et
2427 2856 2534 2910 dux
2566 2858 3005 2915 Normannorum
3024 2893 3092 2901 —
3123 2864 3399 2934 completo
3460 2864 3559 2935 (Η.
3582 2868 3727 2921 Henr.

2122 2941 2196 3009 2.)
2232 2942 2341 2998 Hoc
2371 2944 2655 3002 Willermo
2685 2948 2851 3003 rebus
2894 2950 3151 3007 humanis
3177 2953 3458 3010 subtracto
3510 2986 3583 2995 —
3605 2956 3729 3026 apud

2126 3035 2701 3094 Westmonasterium.
2753 3042 2947 3109 (Hum.
2993 3046 3090 3117 vi.)
3134 3047 3225 3101 llis
3253 3064 3384 3104 vero
3417 3079 3491 3089 —
3522 3050 3728 3104 Fiscan-

2125 3125 2202 3180 ni.
2237 3128 2329 3194 (Η.
2367 3130 2534 3183 Ilenr.
2567 3130 2643 3197 2.)
2677 3131 2950 3187 Robertus
2978 3151 3217 3207 namque
3247 3137 3650 3212 primogenitus
3673 3170 3730 3179 —

2122 3220 2553 3277 contradictione
2585 3225 2847 3295 suscepit.
2882 3227 3052 3297 (Gem.
3084 3246 3180 3292 vn,
3219 3230 3328 3301 43.)
3372 3231 3578 3289 Eodem
3604 3250 3727 3289 anno

2122 3313 2261 3368 obiit
2294 3347 2356 3354 —
2394 3316 2658 3372 tredecim
2690 3320 2872 3375 annis.

2194 3404 2352 3459 1088.
2399 3406 2591 3472 (Hum.
2624 3412 2744 3477 vn.)
2788 3409 2988 3466 Omnes
3041 3413 3345 3470 nobiliores
3392 3446 3463 3456 -—
3491 3418 3710 3473 exulavit

2194 3492 2354 3549 1089.
2399 3495 2543 3550 Obiit
2574 3498 2676 3567 piae
2723 3531 2791 3539 —
2831 3501 3130 3560 miseratio.
3162 3505 3256 3576 (V.
3299 3509 3501 3575 Lanfr.
3535 3526 3621 3577 xx,
3650 3510 3724 3573 31,

2122 3584 2190 3638 36
2237 3584 2423 3657 [562].)
2477 3587 2677 3643 Versus
2727 3590 2970 3645 Anselmi
3024 3594 3433 3668 archiepisc0pi
3493 3599 3561 3654 de
3612 3600 3726 3653 Lan-

2122 3671 2309 3728 franco
2330 3674 2624 3731 decessore
2649 3693 2774 3734 suo.
2806 3679 3241 3753 Archiepisc0pii
3270 3713 3341 3725 ——
3369 3686 3598 3741 sedulus
3622 3687 3723 3757 ipse

2125 3760 2337 3816 laborat
2397 3762 2590 3831 (Hum.
2620 3768 2738 3833 vn.)
2795 3765 2907 3822 Hoc
2950 3783 3097 3823 anno
3128 3775 3465 3826 terremotus
3492 3772 3589 3828 fuit
3630 3780 3723 3829 ter-

2122 3851 2320 3916 ribilis,
2354 3854 2691 3923 portendens
2735 3856 2877 3911 mala
2914 3857 3141 3914 forsitan
3190 3868 3447 3934 ventura,
3481 3879 3588 3934 que
3613 3877 3722 3934 pro-

2125 3954 2247 4017 pter
2271 3948 2558 4004 hominum
2590 3950 2909 4023 iniquorum
2941 3962 3167 4024 peccata
3183 3955 3297 4024 jam
3332 3958 3512 4013 nostri
3538 3965 3723 4028 tempo-

2120 4060 2239 4097 rum
2269 4044 2508 4100 vidimus
2535 4047 2782 4118 impleta.

2191 4135 2347 4189 1090.
2374 4136 2476 4207 Ib.)
2506 4136 2822 4192 Willermus
2848 4170 2915 4179 —
2948 4139 3297 4196 Fiscannum.

2185 4223 2342 4278 1091.
2376 4226 2505 4295 {Ib.)
2530 4226 2645 4281 Rex
2665 4228 2961 4301 Anglorum
2994 4260 3061 4270 —-
3086 4243 3461 4288 remanerent.

2184 4316 2342 4371 1092.
2373 4317 2497 4389 (Ιὸ.)
2530 4319 2642 4375 Rex
2662 4321 2959 4392 Anglorum
2990 4354 3062 4362 --
3086 4325 3407 4380 transmisit.

2190 4409 2347 4466 1093.
2384 4412 2534 4482 (Ean.
2576 4416 2638 4471 V.
2669 4417 2824 4488 Ans).
2868 4417 3093 4473 Sublato
3125 4419 3193 4474 de
3217 4421 3319 4475 hac
3350 4421 3463 4477 vita
3483 4453 3549 4462 —
3574 4422 3720 4477 abba-

2044 4490 2233 4559 Dtem
2281 4502 2540 4573 primum.
2579 4505 2721 4574 (MIL,
2766 4508 2825 4562 V.
2886 4510 3063 4581 Wilt.)
3104 4510 3198 4565 Cui
3237 4516 3508 4598 successit
3544 4515 3597 4569 in
3644 4530 3721 4568 ea—

2120 4593 2244 4647 dem
2297 4595 2534 4649 ecclesia
2573 4597 2731 4652 Becci
2776 4631 2847 4639 —
2894 4601 3199 4658 Willermo.
3261 4593 3431 4661 Hum.
3466 4610 3583 4676 vn.)
3633 4606 3719 4660 Eo—

2120 4684 2244 4737 dem
2273 4699 2419 4739 anno
2448 4716 2517 4724 —
2546 4686 2888 4744 occiderunt.

2189 4772 2326 4826 1094
2370 4774 2495 4844 (1b,)
2526 4774 2638 4829 Rex
2663 4778 2961 4851 Anglorum
2991 4811 3061 4819 —
3085 4780 3427 4856 Philippum.

2197 4860 2346 4915 1095.
2374 4862 2501 4933 (Ιὸ.)
2528 4863 2641 4919 Rex
2666 4867 2966 4940 Anglorum
2994 4899 3064 4908 —
3094 4882 3460 4943 expugnaret.

1753 4960 1970 5016 VARUE
2001 4963 2376 5021 LECTlONES.

475 5050 544 5084 539

579 5054 685 5105 Hoc
713 5066 907 5139 uergere
938 5056 996 5107 in
1020 5054 1719 5139 Rusemperabbfwigtnpz
1769 5063 2027 5119 scribitur
2074 5064 2338 5123 Cuillmus
2378 5070 2459 5124 vel
2510 5070 2800 5139 Willmus;
2860 5077 2977 5129 sine
3012 5076 3413 5132 abbreviatione
3453 5078 3604 5133 semel
3628 5090 3713 5129 an-

407 5125 526 5175 tum
551 5124 610 5175 in
634 5138 687 5174 (ι.
724 5122 889 5188 1183,
923 5127 1118 5205 scribit
1136 5122 1389 5205 ῌρῡενίιιε
1412 5132 1529 5205 ipse
1554 5131 1917 5201 Guillermus;
1950 5122 2296 5205 quamobrem
2324 5122 2504 5197 rubivis
2530 5122 2800 5198 ‘ziiéiaiiz’
2825 5162 2849 5198 r
2876 5149 3231 5202 restituimus.
3312 5151 3385 5183 ⁵³⁰
3411 5150 3709 5204 Provocave-

405 5199 754 5292 Iratnamque
784 5197 1355 5292 eumirexdfblilippus
1386 5197 1617 5292 dicens;
1649 5197 1938 5292 'l‘uvjaces,
1958 5197 1977 5205 ’
1998 5209 2198 5292 inquit,
2231 5213 2387 5292 quasi
2419 5197 3012 5292 mulieripuerpueriar
3043 5218 3259 5292 biberat
3287 5220 3437 5274 enim
3455 5220 3708 5292 potionem

402 5264 542 5360 quia,
564 5272 807 5360 aegrotus
827 5270 1057 5360 eratLAt
1086 5264 1423 5360 il’ljel'rernisit
1453 5274 1687 5330 nuncios
1716 5264 1941 5333 di'eens':
1995 5264 2525 5356 Dicite're‘gi‘vestro
2556 5264 2887 5360 quarudorad
2916 5290 3139 5343 missam
3172 5290 3290 5346 iero
3312 5264 3533 5348 centan
3580 5288 3708 5345 milia

1954 5418 2165 5477 NOT/E.

473 5508 614 5579 (560)
638 5508 858 5591 Annum
887 5506 1088 5591 densuo
1134 5510 1404 5591 Robertus
1450 5514 1636 5591 addit;
1670 5517 1993 5576 Guillelmus
2100 5527 2355 5579 monachi
2392 5532 2668 5585 Beccenses
2705 5532 2767 5585 de
2795 5538 2959 5586 vetera
2988 5538 3318 5591 ιηθηαδιθνὶο
3343 5538 3405 5590 in
3428 5550 3614 5591 novam
3634 5547 3709 5588 ec—

403 5336 673 5390 candelas
706 5336 807 5390 tibi
848 5336 1030 5393 libabo
1061 5341 1225 5396 addit.
1257 5342 1308 5395 2.

403 5579 863 5659 Gemmeticensis
893 5579 1089 5659 habet:
1123 5583 1275 5659 Circa
1304 5584 1415 5659 haec
1445 5590 1567 5659 tem!
1588 5579 1680 5659 ora
1711 5595 1859 5659 Hugo
1882 5600 1988 5649 etc.

468 5651 618 5724 (551)
645 5651 886 5724 Annales
904 5650 1159 5724 Lirenses
1189 5651 1246 5704 in
1275 5654 1468 5709 codice
1499 5650 1647 5714 civit.
1676 5650 1977 5718 Ebroicen-

399 5721 560 5799 siin.
594 5721 691 5799 60,4
726 5721 1114 5799 scripti‘paulo
1144 5730 1271 5792 post
1311 5739 1360 5779 a.
1398 5726 1556 5799 1136,
1586 5729 1704 5786 haec
1734 5732 1977 5799 habent;

397 5796 536 5851 4074
562 5797 749 5867 vigilia
784 5796 1032 5850 omnium
1059 5800 1392 5861 sanctorum,
1424 5798 1458 5849 5
1485 5799 1645 5866 feria,
1684 5796 1969 5859 venerunt.

2100 5595 2341 5650 0185mm.

2160 5666 2557 5744 (562)6armen
2587 5673 2829 5728 Anselmi
2870 5674 3017 5744 apud
3045 5674 3249 5731 Mabill.
3292 5678 3425 5734 Acta
3474 5677 3561 5733 SS.
3587 5676 3702 5729 Ben.

2092 5736 2178 5804 Vl,
2218 5736 2430 5796 2.659.
