3858 6206
133 357 230 412 421

201 481 363 536 1096.
382 485 468 550 (Η.
501 485 666 537 Henr.
691 480 810 550 vn.)
862 481 1464 537 Robertus—reddidit.

203 572 361 626 1097.
396 571 593 639 (Ilum,
621 575 741 640 vn.)
770 571 900 626 Cum
933 572 1539 644 igitur—Antiochiam.

207 666 364 722 1098.
398 667 519 737 (1b.)
550 666 683 721 Cum
737 667 1058 721 Willermus
1111 684 1204 722 rex
1244 668 1611 740 Anglorum—
1646 667 1752 722 Ro-

131 758 325 814 bertus
355 758 426 813 de
470 759 722 814 Belesme
779 759 946 814 frater
1009 760 1151 828 ejus.
1187 759 1349 830 (Orig.
1381 759 1532 829 Cist.)
1574 759 1754 815 Ceno-

132 848 282 904 bium
324 846 1162 904 Cistercicnse—emanaverunt
1198 850 1287 904 ³⁸³.

200 938 365 993 1099.
430 937 567 1010 (νιτ.
637 956 709 1003 ιχ,
765 940 914 1008 759.)
969 939 1165 996 Comes
1240 941 1754 998 Normannorum—

993 356 1343 412 CHRONICA.
1385 387 1454 396 -—
1493 355 1879 412 AUCTARIUM
1920 355 2205 411 ROBERTI
2246 355 2328 409 DE
2368 353 2610 409 MONTE.

3363 359 3469 413 422

1783 487 1829 552 Α
1857 481 2158 536 bizanteos.
2190 479 2517 550 Optulerunt
2583 479 3134 552 igitur—perseverat
3163 483 3253 538 5".
3273 483 3464 552 (Hum.

1856 587 1926 624 vn
1956 588 1971 635 ;
2006 571 2268 625 FULcuua.
2335 567 2499 639 [363])
2552 567 2763 622 Primus
2818 567 2891 622 ibi
2910 577 3460 626 tunc—conservata.

1854 663 2196 734 (Hour.vu.)
2253 662 2360 715 Rex
2417 659 2732 714 Willermus
2782 689 2852 698 —
2911 659 3245 716 Salesberie.
3312 661 3468 732 (Fur.-

1853 757 2040 823 casn.)
2063 755 2138 808 De
2168 752 2400 808 consilio
2423 752 2752 807 Arveruensi
2783 781 2849 791 —
2877 751 3166 808 exaltetur.

1932 849 2082 907 1100.
2125 849 2311 921 (Hum.
2344 847 2462 918 vu.)
2498 845 3156 921 Willermus—agebant.

1590 1092 2017 1105 _———-———

169 1193 450 1258 INCIPIT
496 1193 888 1259 PROLOGUS
931 1195 1256 1260 ROBERTI
1300 1196 1375 1260 IN
1421 1199 1521 1260 EA
1563 1199 1712 1274 QUE
1756 1198 2188 1272 SECUNTUR,
2238 1197 2332 1258 DE
2375 1197 2796 1260 TEMPOBUM
2842 1197 3388 1262 DESCRIPTIONE
3414 1246 3430 1271 ,

1287 1304 1532 1379 USQUE
1574 1306 1675 1367 AD
1721 1306 1876 1368 1184
1919 1304 2186 1366 ANNUM
2233 1305 2324 1364 “3.

197 1444 271 1493 De
306 1439 755 1507 chronographia,
807 1439 863 1492 id
897 1445 974 1494 est
1031 1445 1327 1510 temporum
1383 1441 1750 1511 descriptione,
1779 1444 2128 1512 BGregorius
2159 1442 2473 1495 Turonensis
2519 1442 2809 1508 episcOpus,
2865 1446 2914 1492 et
2964 1446 3028 1494 ut
3079 1441 3150 1494 ad
3193 1442 3468 1495 modernos

130 1534 187 1584 in
208 1528 657 1598 subsequentibus
717 1530 968 1596 locuturi,
1025 1533 1201 1600 primo
1250 1532 1637 1588 detractoribus
1666 1536 1755 1588 in-

131 1619 264 1672 vidis
289 1624 346 1672 et
369 1625 619 1673 nostrum
657 1619 890 1674 laborem
943 1623 1177 1691 inanem
1230 1622 1607 1690 reputantibus
1635 1623 1752 1678 bre-

133 1715 268 1766 viter
287 1711 728 1780 respondebimus
756 1729 774 1779 ;
805 1712 928 1766 dein
957 1713 1269 1768 amantibus
1294 1714 1607 1783 beninvolis,
1635 1716 1756 1770 etid

134 1803 569 1872 expectantibus,
601 1805 765 1857 immo
793 1804 1275 1872 expostulantibus,
1306 1820 1493 1860 rerum
1514 1807 1756 1861 ordinem

129 1896 369 1964 presenti
401 1895 616 1963 prologo
670 1897 940 1950 succincte
989 1898 1311 1964 aperiemus,
1363 1899 1464 1960 Qui
1521 1898 1752 1953 dicunt:

136 1982 273 2048 Quid
308 1998 546 2038 necesse
584 1992 669 2038 est
699 1983 836 2039 vitas
864 1985 950 2039 vel
980 1994 1186 2041 mortes
1212 1986 1298 2041 vel
1320 1986 1570 2042 diversos
1599 2003 1760 2042 casus

135 2078 430 2133 hominum
461 2077 657 2132 litteris
680 2079 962 2147 mandare,
986 2080 1238 2155 prodigia
1269 2080 1372 2136 celi
1391 2090 1447 2136 et
1467 2089 1631 2148 terre,
1672 2081 1758 2136 vel

135 2170 370 2226 aliorum
402 2170 809 2227 elementorum
841 2173 1058 2244 scriptis
1085 2174 1353 2245 impressa
1378 2181 1705 2246 perpetuare
1732 2175 1760 2228 ?

129 2267 399 2332 noverint,
427 2265 628 2320 bonam
648 2267 818 2319 vitam
846 2272 897 2320 et
923 2281 1094 2321 mores
1119 2269 1519 2336 procedentium
1541 2269 1612 2321 ad
1638 2270 1758 2322 imi-

131 2359 392 2410 tationem
416 2357 1121 2427 subsequentiumproponi;
1144 2360 1416 2415 malorum
1442 2375 1564 2414 vero
1580 2375 1755 2414 exem-

121 2449 231 2516 pla,
264 2463 378 2504 non
402 2455 466 2502 ut
495 2451 794 2518 imitemur,
819 2451 907 2505 sed
960 2457 1023 2505 ut
1049 2454 1311 2518 vitentur,
1343 2452 1587 2506 describi.
1619 2457 1749 2507 Pro—

123 2537 267 2605 digia
282 2542 474 2591 autem
485 2537 824 2606 velportenta
836 2541 1118 2607 preterita,
1147 2555 1250 2610 que
1276 2541 1481 2607 famem
1501 2541 1582 2595 vel
1609 2556 1752 2595 mor-

126 2628 399 2682 talitatem
423 2629 508 2683 vel
536 2629 723 2698 aliqua
751 2630 864 2684 alia
890 2632 1107 2700 ﬂagella
1131 2648 1363 2701 superne
1398 2633 1630 2687 vindicte
1654 2649 1751 2702 pro

364 2721 606 2785 ﬁliorum
631 2723 932 2791 hominum,
963 2740 1091 2778 cum
1113 2726 1385 2794 videntur,
1415 2729 1747 2795 signiﬁcant,

126 2793 236 2864 ideo
259 2825 362 2879 per
389 2810 600 2864 litteras
627 2814 882 2866 memorie
909 2793 1382 2883 commendantur,
1413 2793 1476 2869 ut
1497 2817 1546 2868 si
1569 2831 1750 2883 quan-

125 2903 185 2956 do
210 2904 421 2957 similia
449 2907 745 2970 evenerint,
799 2911 1118 2974 peccatores,
1157 2909 1253 2976 qui
1287 2922 1344 2961 se
1388 2910 1532 2961 iram
1582 2910 1674 2962 Dei
1692 2910 1752 2961 in

129 2996 308 3063 aliqua
340 2997 634 3050 incurrisse
668 3000 1035 3066 meminerint,
1087 3014 1213 3054 mox
1241 3000 1311 3053 ad
1338 3000 1573 3054 remedia
1594 3003 1754 3070 peni-

128 3091 292 3142 tentie
320 3093 374 3142 et
399 3089 766 3158 confessionis,
792 3107 888 3160 per
913 3094 1008 3147 hec
1034 3096 1202 3146 Deum
1230 3093 1527 3161 placaturi,
1586 3095 1746 3159 festi-

125 3183 276 3232 nent.
304 3180 420 3230 Ilac
443 3177 505 3232 de
541 3194 730 3246 causa,
773 3181 894 3235 licet
947 3182 1052 3234 alie
1098 3197 1208 3236 non
1235 3181 1428 3248 desint,
1463 3185 1651 3250 Moyses
1679 3183 1754 3237 le-

124 3270 348 3336 gislator
373 3272 434 3324 in
461 3271 649 3326 diviua
700 3274 923 3328 historia
972 3275 1342 3330 innocentiam
1390 3275 1536 3340 Abel,
1603 3279 1753 3329 Cai-m

123 3363 412 3429 invidiam,
467 3365 872 3434 simplicitatem
944 3366 1125 3432 Jacob,
1201 3367 1533 3421 dolositatem
1585 3371 1750 3434 Esau,

125 3459 407 3512 maliciam
435 3459 687 3514 undecim
731 3462 972 3526 ﬁliorum
1021 3462 1206 3528 Israel,
1234 3461 1528 3516 bonitatem
1553 3463 1752 3518 duode-

129 3550 259 3600 cimi
275 3549 481 3601 scilicet
539 3551 747 3618 Joseph,
796 3565 997 3619 penam
1042 3553 1278 3620 quinque
1323 3553 1611 3606 civitatum
1653 3567 1750 3620 per

129 3637 600 3703 consumptionem
625 3638 767 3705 ignis
790 3639 1147 3707 etsulphuris,
1195 3641 1516 3704 manifestat
1547 3657 1562 3704 ;
1601 3655 1745 3709 qua-

132 3730 278 3781 tinus
303 3727 468 3783 bonos
497 3731 778 3784 imitemur
799 3748 816 3782 :
848 3731 1120 3786 malorum
1149 3746 1257 3786 esse
1279 3731 1541 3799 pedisecos
1569 3733 1755 3787 exhor-

131 3834 370 3886 reamus,
397 3821 762 3890 prodigiosum
810 3828 996 3876 autem
1046 3824 1360 3878 incendium
1410 3827 1618 3893 peccati
1661 3826 1754 3890 fu-

132 3909 320 3976 giendo
369 3910 595 3975 fetorem
645 3911 958 3967 devitemus.
998 3917 1104 3968 Hoc
1164 3928 1276 3968 non
1310 3914 1484 3968 solum
1542 3917 1754 3982 Moyses,

132 4001 216 4054 sed
243 4007 298 4056 et
322 4016 507 4057 omnes
531 4002 712 4058 divine
735 4007 932 4074 pagine
997 4010 1333 4072 tractatores,
1373 4011 1426 4060 et
1454 4009 1513 4060 in
1537 4007 1755 4060 histori-

1852 1536 2150 1601 deveniam,
2180 1538 2455 1588 Marianas
2508 1535 2693 1588 Scotus
2747 1535 3016 1588 I’uldensis
3071 1539 3387 1604 monachus,
3421 1544 3470 1591 et

1851 1632 2145 1700 Sigibertus
2168 1630 2574 1693 Gemblacensis,
2600 1643 2779 1684 omnes
2811 1644 2918 1683 non
2949 1631 3217 1685 inutiliter
3253 1635 3471 1688 cronica

1853 1723 2151 1776 ediderant.
2184 1726 2439 1775 Fecerunt
2477 1721 2571 1773 hoc
2615 1725 2665 1772 et
2721 1720 2818 1772 alii
2859 1720 3042 1787 plures
3095 1727 3207 1774 tam
3237 1723 3471 1790 religiosi

1855 1830 2021 1883 quam
2073 1813 2356 1874 seculares,
2406 1826 2532 1879 quos
2571 1825 2736 1864 causa
2763 1809 3037 1864 breuitatis
3090 1818 3343 1880 pretereo.
3379 1816 3473 1867 llis

1859 1910 2046 1959 contra
2083 1905 2413 1973 obloquentes
2440 1902 2616 1969 dictis,
2648 1901 2958 1956 beninvollis
2987 1907 3345 1958 attentionem
3374 1920 3473 1958 no—

1861 2004 2004 2052 tram
2033 2001 2363 2066 aperiamus.

1928 2092 2182 2146 Omnibus
2205 2091 2472 2145 modernis
2497 2090 2910 2158 chronographis
2937 2089 3286 2158 Sigisbertum
3311 2090 3468 2145 Gem-

1859 2181 2159 2236 blacensem
2181 2181 2454 2250 preferens
2482 2184 2533 2232 et
2556 2182 2672 2248 ejus
2722 2179 2966 2233 studium
3007 2181 3342 2235 vehementer
3366 2182 3472 2234 ad-

1853 2271 2085 2334 mirans,
2113 2270 2257 2323 illius
2294 2269 2712 2336 chronographie
2767 2268 2832 2321 de
2882 2271 3017 2322 serie
3047 2274 3345 2337 temporum
3370 2269 3476 2324 ali-

1851 2358 1980 2424 quid
2006 2359 2326 2411 continuare
2349 2356 2596 2410 conabor.
2633 2357 2725 2409 Ille
2781 2357 3040 2424 siquidem
3066 2355 3337 2426 :chronica
3363 2363 3472 2413 Eu-

1849 2447 1998 2512 sebii,
2030 2463 2133 2516 que
2159 2449 2429 2515 incipiunt
2457 2463 2489 2499 a
2547 2449 2680 2502 Nino
2707 2463 2826 2515 rege
2878 2451 3055 2517 pri-mo
3096 2450 3466 2517 Assyriorum,

1850 2544 2006 2609 cujus
2034 2539 2101 2594 43
2133 2542 2344 2608 imperii
2373 2555 2520 2594 anno
2546 2546 2710 2594 natus
2738 2547 2815 2594 est
2866 2541 3169 2606 Abraham,
3204 2548 3255 2596 et
3281 2549 3470 2596 exten-

1849 2630 2060 2684 duntur
2076 2645 2240 2698 usque
2267 2630 2338 2682 ad
2364 2628 2434 2683 ΞΟ
2462 2644 2678 2685 annum
2702 2632 2914 2698 imperii
2942 2633 3284 2685 Constantini
3316 2635 3465 2700 piis-

1849 2721 1975 2772 simi
1988 2722 2273 2788 principis,
2301 2719 2597 2774 secundum
2642 2722 2975 2774 veracissimi
3009 2722 3342 2789 exemplaria
3371 2723 3470 2775 de-

1849 2811 2101 2876 scribens,
2129 2817 2179 2865 et
2209 2812 2312 2865 illis
2340 2813 2721 2865 niehilomiuus
2748 2813 3020 2866 chronica.
3037 2814 3300 2866 Jeronimi
3333 2813 3467 2866 sub-

1845 2904 2102 2970 jungens,
2131 2901 2370 2954 videlicet
2403 2916 2438 2953 a
2460 2899 2532 2953 ‘20
2576 2915 2722 2954 anno
2747 2901 2978 2970 predicti
3018 2904 3276 2972 principis
3312 2917 3475 2972 usque

1854 2996 1924 3049 ad
1963 2995 2020 3048 I3
2054 2996 2280 3048 Valentis
2309 2997 2548 3062 augusti,
2581 2995 2780 3048 addens
2808 2997 2974 3048 etiam
3001 3010 3070 3049 ea:
3097 2997 3284 3051 ordine
3311 2997 3438 3051 chro
3455 3026 3477 3037 -

1853 3087 1980 3140 nica
2004 3087 2264 3154 Prosperi,
2293 3085 2347 3138 id
2375 3091 2451 3139 est
2478 3101 2512 3138 a
2532 3087 2708 3154 primo
2753 3100 2899 3140 anno
2927 3083 3182 3140 Gratiani
3213 3101 3377 3155 usque
3405 3087 3476 3141 ad

1851 3179 2109 3245 quintum
2127 3191 2342 3230 annum
2363 3177 2728 3230 Valentiniani
2752 3182 2804 3230 et
2821 3179 3078 3230 Martiani
3093 3183 3471 3246 augustorum,

1855 3267 2071 3320 tandem
2105 3270 2326 3336 propria
2379 3269 2704 3336 supposuit;
2759 3266 3036 3335 noluitque
3087 3268 3324 3336 incipere
3380 3269 3474 3323 ubi

1852 3359 2072 3424 Prosper
2093 3357 2334 3424 ﬁnierat,
2363 3358 2452 3411 sed
2482 3358 2576 3411 ubi
2593 3359 2886 3425 inceperat,
2914 3357 2968 3410 id
2991 3363 3072 3412 est
3097 3373 3130 3410 a
3173 3359 3284 3422 ﬁne
3316 3359 3474 3412 chro-

1852 3449 2099 3503 nicoram
2125 3451 2403 3515 Jeronimi,
2431 3450 2671 3504 videlicet
2695 3449 2762 3502 ab
2801 3464 2948 3504 anno
2975 3449 3259 3504 dominica:
3283 3451 3472 3504 incar-

1850 3547 2090 3598 nationis
2112 3543 2401 3607 381.Qu0d
2451 3551 2729 3614 propterea
2785 3546 2931 3610 fecit,
2995 3547 3125 3614 quia
3181 3546 3381 3612 multa,
3413 3551 3479 3600 ut

1845 3639 1966 3702 pote
1991 3635 2278 3688 modernus
2305 3641 2354 3689 et
2374 3637 2677 3689 multarum
2740 3638 3092 3690 historiarum
3121 3637 3348 3705 diligens
3380 3639 3467 3691 in-

1851 3725 2214 3791 quisitor,que
2235 3727 2453 3790 Prosper
2495 3723 2723 3777 necdum
2769 3724 2985 3791 quando
3009 3725 3104 3778 hec
3130 3729 3344 3794 scripsit
3383 3742 3481 3781 au-

1853 3812 2048 3880 dierat,
2079 3813 2270 3866 addere
2293 3812 2622 3880 disponebat.
2671 3815 2827 3866 Ponit
2873 3819 3060 3868 autem
3088 3816 3148 3866 in
3185 3816 3368 3880 fronte
3385 3833 3484 3884 pa-

1855 3903 1980 3970 gine
2005 3901 2131 3955 libri
2155 3904 2244 3956 sui
2280 3904 2524 3970 primum
2553 3903 2778 3957 nomina
2808 3917 3102 3970 regnorum
3132 3903 3488 3970 diversorum,

1856 3997 2096 4051 videlicet
2136 4002 2518 4064 Romanorum,
2573 4001 2883 4063 Persarum,
2945 3997 3306 4066 Francorum,
3363 4001 3483 4053 Bri-

131 4095 199 4146 cis
227 4100 280 4147 et
313 4095 376 4146 in
403 4094 700 4150 moralibus
739 4096 891 4151 libris
919 4099 1156 4164 faciunt,
1209 4101 1438 4153 virtutes
1475 4113 1753 4154 commen-

1928 4104 2178 4156 nnorum,
2249 4089 2650 4156 Wandalorum,
2739 4091 3163 4157 Wisigotharum,
3242 4092 3478 4159 Ostrogo-

130 4183 327 4250 dando,
359 4187 495 4238 vitia
522 4185 852 4254 detestanda,
881 4150 1048 4242 Deum
1075 4150 1261 4244 timere
1286 4189 1453 4244 simul
1480 4195 1532 4244 et
1569 4204 1756 4243 amare
1783 4150 1838 4218 Β
1865 4183 2099 4248 thorum,
2139 4185 2442 4237 Hunorum.
2501 4186 2686 4236 Postea
2741 4185 2992 4250 supponit
3049 4184 3228 4251 regnis
3265 4184 3489 4236 nomina

133 4286 220 4325 nos
249 4273 610 4329 admonendo.
643 4281 755 4330 Non
797 4278 966 4344 igitur
987 4283 1119 4332 sunt
1171 4278 1446 4346 audiendi,
1479 4281 1574 4348 qui
1601 4279 1762 4334 libros
1858 4277 2079 4344 prapria
2105 4289 2295 4344 regum
2326 4291 2340 4341 ;
2371 4275 2619 4330 deorsum
2669 4289 2791 4330 vero
2845 4289 2941 4344 per
2963 4275 3200 4328 mediam
3227 4276 3491 4343 paginam

135 4357 532 4430 chronicorum,
562 4367 804 4420 maxime
835 4382 870 4420 a
894 4368 1168 4422 catholicis
1195 4368 1380 4434 editos,
1413 4368 1758 4436 neglegendos

137 4451 326 4508 dicunt
353 4472 372 4521 ;
405 4457 467 4509 in
495 4457 690 4524 quibus
721 4464 833 4511 tam
886 4459 1036 4513 utilis
1069 4461 1318 4526 intentio,
1345 4462 1486 4515 sicut
1514 4466 1565 4514 et
1590 4463 1651 4514 in
1675 4476 1763 4516 ce—

139 4545 260 4597 teris
292 4543 642 4613 tractatibus,
676 4549 1001 4614 generaliter
1029 4548 1277 4604 habetur.

1865 4383 2035 4422 annos
2062 4369 2402 4437 singulorum
2425 4369 2740 4437 principum
2767 4371 2855 4432 ;in
2874 4371 3123 4437 margine
3149 4369 3375 4421 nomina
3398 4372 3492 4422 Ro—

1864 4470 2156 4513 manorum
2179 4460 2524 4527 pontiﬁcum,
2577 4464 2627 4513 et
2675 4474 2846 4514 annos
2876 4461 3090 4515 Domiui
3117 4459 3488 4528 respondentes

1873 4556 2021 4604 recta
2048 4551 2226 4616 fronte
2254 4553 2416 4606 annis
2440 4551 2804 4620 predictorum
2855 4566 3065 4621 regum,
3097 4556 3168 4605 De
3195 4566 3358 4620 regno
3385 4568 3488 4606 au-

208 4641 316 4692 Hoc
340 4654 454 4693 non
501 4641 808 4708 ignorantes
865 4645 1166 4712 Cyprianus
1218 4646 1618 4713 Cartaginensis
1650 4647 1767 4714 epi-
1873 4647 1980 4695 tem
1998 4643 2281 4696 Britonum
2317 4643 2523 4707 faciens
2550 4643 2898 4708 mentionem,
2929 4644 3044 4708 fere
3055 4657 3153 4711 per
3177 4657 3348 4697 annos
3368 4658 3488 4697 cen-

143 4740 334 4795 soopus
364 4733 418 4782 et
475 4735 706 4798 martyr,
756 4731 1014 4786 Eusebius
1065 4735 1406 4799 Cesariensis,
1462 4736 1768 4790 Jeronimus
1870 4738 1989 4787 tum
2014 4731 2292 4787 duodecim
2319 4731 2536 4786 nultum
2558 4745 2748 4799 regum
2776 4731 3013 4800 ejusdem
3026 4733 3200 4786 insule
3215 4735 3483 4799 nominat,

139 4815 420 4882 presbiter,
453 4817 726 4887 Sulpicius
780 4822 999 4876 Severus
1047 4825 1228 4876 sancti
1269 4824 1492 4876 Martini
1515 4823 1759 4888 familia-

139 4905 234 4971 ris,
263 4910 490 4976 Prosper
529 4909 844 4977 Aquitanus
887 4915 1068 4966 sancti
1107 4915 1290 4967 Leonis
1315 4929 1460 4983 papa
1489 4915 1756 4980 notarius,

1865 4823 1975 4876 nisi
2000 4822 2281 4874 Aurelium
2317 4819 2673 4874 Ambrosium.
2728 4819 2990 4876 Simi'iter
3033 4821 3096 4874 de
3145 4821 3359 4890 Anglis,
3390 4824 3485 4891 qui

1857 4919 2225 4968 successerunt
2297 4912 2621 4980 Britonibus,
2687 4914 2960 4969 nonnutla
3017 4913 3141 4968 locis
3204 4915 3481 4983 oportunis

1489 5036 1708 5091 VARIIE
1746 5037 2128 5094 LECTIONES.

213 5131 442 5212 “"1120
465 5149 558 5212 “ea:
612 5134 928 5212 Originibus
979 5137 1191 5212 ordinis
1242 5137 1607 5212 Cisterciensis
1659 5139 1828 5210 (apud
1870 5143 2070 5196 Tissier
2105 5144 2156 5195 et
2194 5141 2612 5212 inﬂMonasiico
2673 5141 2993 5212 Anglicano)
3056 5146 3328 5211 exempta,
3393 5156 3482 5197 eoo

149 5198 338 5283 dem}:
365 5198 906 5283 multum‘arnpliora
943 5209 1160 5283 euhibet
1210 5210 1385 5265 verbis
1429 5250 1442 5265 .
1493 5198 1728 5282 diuqu‘c‘
1759 5212 1937 5266 locum
1991 5243 2058 5252 —
2101 5211 2381 5283 Benedicti
2431 5198 2783 5283 persolvunt:
2820 5228 2887 5266 ea:
2918 5198 3098 5268 eodem
3147 5198 3477 5282 fonte'peti-

154 5275 338 5363 tisi".
419 5277 644 5363 Omissis
695 5275 889 5363 comes
941 5281 1518 5363 N.ormannorum__.—-.
1570 5275 2104 5363 perseveratncodem.
2145 5282 2178 5336 2
2223 5275 2444 5363 .habet}
2520 5275 2765 5363 Quidam
2811 5283 2974 5363 hujus
3048 5275 3274 5363 victorie
3336 5275 3478 5338 tem-

154 5359 256 5424 pus
288 5345 372 5400 his
400 5349 912 5434 quatu'orlvcrsibu's
935 5351 1030 5434 Isic
1049 5351 1342 5434 expressit:
1366 5345 1614 5434 .Virgiuis
1642 5371 1674 5408 a
1705 5360 1869 5434 partu
1894 5353 2108 5434 Domini
2141 5353 2235 5434 qui
2265 5354 2460 5434 claruit
2507 5345 2628 5434 ortu
2661 5355 2816 5434 Auno
2849 5345 3348 5434 millenoicenteiuo
3369 5370 3478 5434 quo

154 5415 513 5497 mipusnu'uo.
551 5418 820 5497 Undecies
861 5421 1007 5478 Julio
1039 5415 1152 5492 jam
1208 5423 1380 5478 Phebi
1411 5415 1622 5479 lumine
1654 5415 1797 5481 tacto
1845 5415 2378 5480 Jerusalem-Franci
2413 5426 2637 5495 capiunt
2665 5426 2864 5480 virtute
2897 5425 3126 5497 potenti.

3225 5426 3293 5458 ⁵⁵³
3320 5423 3479 5478 ιι.ἐιὰ

151 5483 197 5567 Il
225 5485 522 5545 LXXXIIII.
557 5505 764 5567 annum
787 5496 844 5546 in
862 5483 1062 5567 rasura
1089 5497 1281 5564 sripsit
1308 5497 1425 5551 alia
1439 5511 1656 5565 manus,
1678 5497 1862 5552 eadem
1885 5513 2005 5566 quae
2032 5497 2184 5562 infra
2209 5511 2378 5551 annos
2413 5483 2742 5563 1182-1184,
2765 5502 2816 5552 et
2831 5483 3098 5567 ptiginam
3143 5496 3318 5550 codici
3324 5510 3474 5564 prte-

148 5558 323 5621 ﬁxam
349 5563 625 5628 exaravit,
655 5565 828 5632 ipsius
859 5566 1062 5622 scilicet
1091 5558 1326 5623 Roberti.

1705 5665 1913 5722 NOT/E.

223 5755 367 5828 (563)
386 5755 708 5814 Fulcherius
724 5759 1096 5830 Carnotensis,
1120 5761 1266 5835 apud
1296 5761 1658 5835 Bongarsium
1685 5764 1730 5830 Ι,
1753 5761 1878 5819 402.
1913 5762 2040 5828 399.
