3858 6206
390 320 496 382 423

1605 308 1950 364 SlGEBERTI
1997 301 2518 360 GEMBLACENSIS.

3632 300 3727 357 423.

391 460 834 512 commemorans,
872 445 935 499 de
963 443 1068 498 illis
1096 441 1308 510 regibus
1337 441 1706 494 tantummodo
1751 440 2004 508 loquitur,
2030 439 2088 507 Α
2109 441 2199 488 rat
2222 448 2400 488 omnes
2431 445 2574 500 reges
2595 432 2879 484 Britonum
2922 445 2956 482 a
2984 434 3147 484 Bruto
3195 445 3363 500 usque
3392 431 3464 484 ad
3491 429 3726 484 Cadwal-

390 560 518 614 quos
557 543 694 597 Beda
719 540 990 610 presbyter
1016 544 1068 592 et
1096 537 1275 592 doctor
1329 535 1623 604 Anglorum
1681 535 1742 587 in
1788 531 2010 586 historia

392 651 496 690 sua
522 635 790 698 nominat,
819 645 944 685 cum
963 629 1141 698 plures
1159 629 1380 696 regesin
1410 627 1594 681 eadem
1623 630 1778 692 gente
1803 624 2010 689 fuerint

389 731 508 796 post
534 729 761 779 mortem
789 720 939 786 Bede,
973 733 1138 788 quam
1165 723 1309 770 ante.
1372 721 1444 770 De
1479 715 1700 769 ducibus
1747 719 2008 768 Norman-

395 833 593 874 norum
612 815 780 870 nichil
805 819 904 868 aut
932 827 1131 882 parum
1185 799 1334 864 dicit.
1395 815 1506 864 Non
1546 815 1730 862 tamen
1759 809 1855 862 hoc
1882 807 2010 874 fecit

394 913 741 980 negligenter,
763 907 852 962 sed
879 907 1007 974 quia
1037 903 1253 958 carebat
1281 904 1361 956 his
1393 902 1562 956 tribus
1592 901 1844 954 historiis.

467 1005 570 1067 Ego
597 1013 718 1052 vero
743 997 871 1064 quia
897 995 977 1047 his
1015 991 1283 1056 habundo,
1315 992 1537 1043 nomina
1568 993 1620 1042 et
1661 988 2012 1043 successiones

396 1095 446 1142 et
477 1085 766 1154 aliquando
796 1084 946 1148 facta
974 1079 1332 1132 eminentiora
1381 1075 1687 1128 eorumdem
1732 1073 1935 1125 ducum
1961 1075 2011 1122 et

397 1183 578 1237 omnia
599 1180 824 1246 nomina
844 1175 1356 1241 archiepiscOporum
1420 1168 1942 1234 Rothomagensium,
1959 1170 2011 1217 et

396 1269 460 1320 de
483 1267 731 1334 episcopis
779 1262 1015 1331 ejusdem
1053 1261 1326 1328 provincie
1375 1258 1700 1326 aliquantos,
1738 1255 1862 1308 locis
1889 1265 2010 1306 con-

395 1351 750 1416 venientibus,
809 1361 975 1416 usque
1022 1347 1090 1399 ad
1141 1345 1284 1398 1100
1347 1344 1562 1398 annum
1613 1343 2009 1399 incarnationis

395 1445 677 1507 dominice,
709 1442 970 1494 chronicis
1001 1442 1167 1506 ipsius
1197 1441 1537 1502 interserens,
1591 1434 1840 1489 similiter
1875 1440 1926 1487 et
1948 1434 2012 1488 de

391 1533 604 1603 regibus
629 1532 954 1598 Anglorum,
995 1529 1059 1582 de
1075 1527 1268 1596 quibus
1315 1527 1528 1580 nullam
1573 1527 1901 1578 mentionem
1927 1524 2009 1589 fa-

2109 527 2304 590 lonem,
2334 526 2428 592 qui
2455 524 2565 590 fuit
2625 523 2850 576 ultimus
2888 527 3170 590 potentum
3198 536 3388 590 regum
3419 524 3724 587 Britonum,

2109 620 2319 686 fuitque
2345 621 2500 684 pater
2557 613 2938 680 Gadwalladri,
2994 627 3151 682 quem
3221 613 3358 667 Beda
3413 612 3727 668 Cedwallam

2108 715 2279 764 vocat.
2308 711 2478 771 Quam
2505 706 2801 774 epistolam,
2851 708 2994 760 sicut
3042 707 3101 759 in
3157 720 3222 758 ea
3269 707 3564 774 reperitur,
3610 719 3728 757 cum

2111 803 2333 854 Romam
2356 796 2495 850 idem
2525 796 2784 848 Henricus
2821 800 3078 862 pergeret,
3127 807 3214 847 me
3265 797 3318 848 ei
3365 793 3627 862 prebente
3651 808 3727 848 co-

2108 893 2260 960 piam
2289 887 2610 954 exe-mplaris
2637 887 2798 940 totius
2843 885 3064 939 historic
3105 887 3408 951 Britonum,
3431 884 3582 952 apud
3612 887 3729 936 Bec-

2112 997 2238 1036 cum
2264 979 2544 1046 excerpsit.

2185 1071 2358 1136 Igitur
2380 1069 2522 1120 sicut
2533 1067 2656 1133 jam
2679 1064 2885 1117 dictum
2913 1069 3012 1130 est,
3070 1067 3199 1133 quia
3243 1063 3517 1133 predictus
3567 1065 3726 1130 Sigis-

2111 1164 2288 1218 bertus
2301 1163 2518 1216 cronica
2541 1175 2643 1214 sua
2671 1160 2860 1227 incipit
2901 1157 2966 1211 ab
3017 1173 3164 1212 anno
3208 1159 3616 1211 incarnationis
3645 1156 3727 1212 do-

2109 1248 2455 1306 minieaz381.
2478 1253 2526 1301 et
2552 1247 2804 1315 perduxit
2828 1260 2950 1300 eam
2970 1261 3136 1314 usque
3167 1247 3236 1298 ad
3258 1260 3474 1299 annum
3496 1245 3727 1314 ejusdem

2109 1345 2288 1397 divine
2315 1341 2710 1394 incarnationis
2769 1336 2952 1393 “00:
2987 1353 3076 1406 ego
3129 1338 3340 1403 exinde,
3387 1340 3730 1407 permittente

2109 1443 2161 1490 et
2189 1435 2496 1489 auxiliante
2520 1437 2639 1497 Deo,
2670 1433 2788 1486 sine
2809 1445 2910 1499 quo
2936 1431 3075 1484 nihil
3103 1444 3382 1500 possumus
3409 1430 3617 1495 facere,
3647 1443 3730 1483 us-

2108 1546 2209 1600 que
2238 1530 2306 1584 ad
2339 1525 2472 1582 H82
2499 1527 2594 1561 ειν
2620 1541 2853 1591 annum,
2881 1541 2944 1580 ea
2967 1539 3069 1595 que
3089 1527 3149 1579 in
3176 1525 3396 1580 diversis
3419 1527 3729 1594 provindis,

397 1631 490 1693 εἰει
519 1641 606 1680 τηε
633 1627 915 1691 Maurum
943 1637 1053 1677 ηοη
1095 1622 1322 1688 ίῑθερϐνοο
1355 1620 1498 1682 Quod
1546 1624 1594 1672 ει
1641 1619 1706 1671 de
1734 1618 2015 1671 Βνὶιοηιιτη
2113 1631 2165 1678 et
2191 1625 2430 1677 maxime
2453 1623 2512 1675 in
2529 1621 2869 1686 Normannia
2895 1625 2946 1674 et
3003 1618 3217 1687 Anglia,
3265 1623 3566 1672 evenerunt
3593 1621 3646 1671 et
3669 1619 3730 1670 ad

397 1716 608 1784 regibus
634 1713 1042 1786 [proposueram
1083 1712 1280 1775 facere,
1328 1710 1376 1761 si
1432 1705 1803 1760 tantummodo
1863 1707 1928 1771 in,

2149 1734 2291 1774 team
2315 1720 2573 1776 noticiam
2599 1703 2980 1785 pervenerunt,
3010 1713 3110 1769 sub
3131 1716 3296 1768 annis
3343 1713 3614 1768 dominice
3642 1715 3727 1766 in-

400 1813 617 1864 cronica
639 1806 912 1876 Sigisberti
965 1807 1321 1872 competenter
1358 1801 1474 1855 illos
1522 1800 1754 1853 valerem
1785 1812 2014 1866 compre-
2037 1811 2088 1878 B
2114 1809 2448 1864 εανηαιίοηίε
2477 1807 2718 1873 caligare
2775 1803 3076 1872 aggrediar,
3099 1807 3160 1856 ει
3185 1803 3282 1857 hoc
3309 1802 3425 1856 ideo
3453 1801 3726 1870 libentius,

402 1901 650 1956 hendere.
678 1899 779 1953 Sed
805 1899 933 1966 quia
963 1899 1162 1948 Brutus
1188 1905 1442 1962 pronepos
1466 1895 1624 1956 Enee,
1663 1907 1697 1944 a
1727 1904 1829 1958 quo
1855 1895 1906 1943 et
1930 1891 2014 1944 in-

400 1993 522 2046 sula
548 1991 836 2043 Britannia
863 1993 1047 2041 vocata
1077 1991 1173 2050 est,
1194 1987 1401 2052 primus
1442 1982 1517 2036 ibi
1539 1983 1808 2050 regnavit,
1839 1983 1888 2033 si
1913 1980 2016 2034 vel-

402 2085 506 2138 lem
529 2095 709 2138 omnes
737 2093 880 2148 reges
907 2078 1011 2132 sibi
1058 2075 1392 2130 succedentes
1445 2073 1630 2127 ordine
1667 2085 1901 2140 congruo
1924 2085 2019 2139 po-

402 2193 548 2244 nere,
576 2190 784 2231 necesse
810 2179 941 2228 esset
969 2174 1134 2226 michi
1149 2185 1258 2225 non
1308 2171 1482 2226 solum
1503 2183 1600 2238 per
1629 2167 1828 2222 librum
1856 2167 2021 2234 Sigis-

403 2269 556 2336 berti,
588 2269 952 2322 verumetiam
972 2279 1070 2334 per
1111 2269 1283 2317 totum
1325 2276 1514 2330 corpus
1544 2261 1920 2316 chronicorum
1941 2261 2024 2312 Je-

401 2363 619 2418 ronimi.
655 2366 705 2414 et
725 2373 820 2428 per
849 2372 1108 2425 magnam
1144 2360 1356 2424 partem
1415 2351 1834 2420 ehronographie
1858 2353 2024 2404 Euse-

405 2455 498 2521 bii,
526 2453 710 2507 eadem
762 2451 989 2504 nomina
1015 2461 1282 2516 spargere.
1347 2449 1538 2500 Verum
1587 2443 1846 2512 quoniam
1869 2439 2023 2494 inde-

404 2561 526 2602 cens
549 2551 646 2610 est,
677 2544 890 2611 scriptis
918 2543 1162 2594 virorum
1219 2543 1387 2591 tanta:
1411 2535 1778 2599 authoritatis,
1812 2531 2024 2586 Eusebii

403 2645 454 2692 et
482 2638 743 2692 Jeronimi
768 2634 903 2700 dico,
953 2632 1156 2700 aliquid
1210 2636 1535 2684 extraneum
1587 2627 1821 2692 addere;
1858 2630 1918 2679 ut
1941 2640 2027 2680 sa-

2114 1901 2241 1968 quia
2277 1897 2392 1950 volo
2417 1902 2564 1964 gesta
2591 1895 2758 1963 primi
2785 1894 3022 1958 Henrici,
3040 1892 3405 1946 strenuissimi
3433 1893 3577 1959 regis
3617 1893 3728 1945 An-

2116 1991 2324 2060 glorum
2349 1994 2401 2042 et
2437 1987 2588 2042 ducis
2617 1991 3068 2050 Normannorum,
3101 1999 3136 2038 a
3159 1998 3262 2052 quo
3285 1981 3452 2039 habeo
3479 1985 3724 2052 incipere,

2118 2080 2436 2133 summatim
2459 2090 2556 2145 per
2578 2075 2818 2142 singulos
2848 2087 3020 2128 annos
3049 2078 3334 2127 annotare.
3351 2071 3428 2125 Ad
3447 2071 3588 2141 quod
3611 2085 3728 2141 opus

2119 2183 2207 2223 me
2229 2167 2568 2237 adjuvabunt
2591 2171 2643 2220 et
2667 2165 2913 2230 historia,
2955 2178 3123 2233 quam
3174 2162 3238 2217 de
3257 2164 3369 2232 ipso
3392 2175 3518 2231 rege
3541 2162 3737 2216 nouiter

2121 2259 2374 2325 defuncto
2388 2256 2540 2310 'edidi
2562 2261 2614 2310 et
2649 2256 2805 2322 gestis
2854 2254 3057 2308 ducum
3112 2253 3441 2308 Normannie
3470 2249 3662 2320 adjeci,
3690 2255 3733 2304 et

2124 2351 2346 2405 historia
2371 2348 2598 2417 predicti
2624 2348 2842 2401 Henrici
2888 2345 3273 2410 archidiaconi,
3337 2357 3508 2412 quam
3531 2356 3729 2411 compo-

2121 2441 2232 2494 suit
2259 2438 2321 2492 de
2347 2437 2503 2492 rebus
2534 2437 2742 2505 Anglic,
2771 2437 3032 2504 incipiens
3079 2448 3200 2488 eam
3230 2449 3264 2486 a
3283 2432 3430 2487 Julia
3459 2434 3664 2496 Cesare,
3686 2436 3732 2486 et

2127 2536 2306 2584 texens
2333 2528 2628 2582 ordinatim
2644 2539 2810 2594 usque
2837 2524 2907 2578 ad
2921 2529 3149 2578 mortem
3186 2523 3418 2592 predicti
3445 2524 3586 2590 regis
3599 2524 3727 2574 Hen-

2125 2622 2246 2686 rici,
2277 2619 2332 2672 id
2358 2625 2434 2671 est
2463 2629 2626 2684 usque
2666 2614 2736 2668 ad
2792 2612 2926 2668 M35
2973 2628 3188 2668 annum
3237 2613 3510 2668 dominice
3553 2615 3724 2666 incar-

407 2731 681 2796 tisfaciam
705 2727 950 2790 curiosis,
991 2725 1118 2777 huic
1143 2723 1354 2792 prologo
1381 2720 1671 2789 subjiciam
1702 2731 1874 2772 unam
1913 2717 2030 2785 epi-
2129 2712 2384 2765 nationis.

403 2821 600 2874 stolam
628 2819 850 2872 Henrico
875 2814 1261 2879 archidiaconi,
1316 2829 1376 2866 in
1418 2826 1525 2880 qua
1555 2810 1784 2864 breviter
1809 2821 2031 2862 enume-

1675 2904 1972 2962 EXPLlClT
2020 2896 2362 2958 PROLOGUS
2393 2895 2482 2950 ⁵⁵⁸.

1869 3036 2279 3054 #-

659 3130 930 3194 INCIPI'I‘
995 3127 1364 3190 EPISTULA
1429 3120 1738 3187 HENBICI
1805 3115 2348 3183 ABCHlDlACONI
2419 3115 2519 3176 AD
2579 3110 2948 3176 WABINUM
3015 3108 3110 3170 DE
3171 3107 3498 3170 REGIBUS

1874 3225 2285 3290 BRITONUM.

481 3386 674 3454 Queris
704 3403 734 3442 a
759 3404 871 3455 me,
902 3385 1126 3458 Warinc
1182 3383 1352 3449 Brito,
1411 3381 1498 3436 vir
1550 3380 1722 3436 comis
1749 3386 1803 3434 et
1832 3377 2026 3445 facete,
2051 3381 2100 3450 Ο
2127 3393 2251 3432 cum
2283 3377 2352 3431 de
2385 3373 2578 3432 ordine
2607 3370 2837 3428 historie
2890 3367 2960 3423 de
3001 3367 3224 3441 regibus
3254 3365 3563 3439 Anglorum
3593 3379 3620 3416 a
3659 3375 3732 3416 me

409 3493 509 3533 cur
535 3476 712 3548 patrie
741 3483 923 3532 nostre
984 3481 1138 3548 gesta
1176 3486 1422 3532 narrans,
1454 3487 1486 3526 a
1513 3468 1854 3540 temporibus
1898 3465 2025 3522 Julii

411 3567 627 3622 Cesaris
673 3567 1000 3638 inceperim,
1061 3571 1114 3620 et
1163 3561 1551 3618 ﬂorentissima
1607 3577 1795 3635 regna,
1857 3574 2026 3630 quea

410 3657 576 3712 Bruto
604 3673 780 3728 usque
811 3656 877 3710 ad
906 3654 1109 3710 Julium
1141 3651 1384 3718 fuerunt,
1435 3649 1737 3706 omiserim.
1771 3649 2023 3718 Respon-

410 3749 515 3804 deo
535 3748 702 3820 igitur
738 3747 858 3816 tibi,
892 3746 1040 3818 quod
1092 3761 1194 3800 nec
1248 3758 1380 3800 voce
1436 3757 1538 3797 nec
1589 3741 1794 3812 scripto
1827 3739 2023 3794 horum

410 3844 718 3906 temporum
784 3833 1076 3906 sepissime
1161 3831 1409 3886 notitiam
1467 3845 1710 3901 querens
1779 3826 2025 3882 invenire

411 3927 586 3999 potui.
607 3927 777 3982 Tanta
799 3924 1074 3996 pernicies
1103 3921 1402 3978 oblivionis
1431 3921 1742 3977 mortalium
1795 3918 2022 3994 gloriam

409 4033 668 4076 successu
700 4015 1074 4072 diuturnitatis
1125 4013 1449 4070 obrumhrat
1493 4019 1548 4067 et
1590 4011 1882 4086 extinguit.
1917 4009 2027 4064 Hoc

411 4118 598 4167 tamen
629 4124 796 4174 anno,
825 4109 918 4181 qui
952 4115 1035 4162 est
1065 4107 1132 4162 ab
1191 4105 1569 4161 incarnatione
1616 4102 1834 4160 Domini
1884 4100 2026 4156 1129

408 4200 499 4268 δι”,
531 4215 656 4254 cum
681 4197 906 4254 Romam
953 4195 1338 4266 proﬁciscerer
1396 4209 1520 4249 cum
1549 4191 1869 4248 Theobaldo
1893 4189 2030 4245 Can-

411 4292 657 4350 tuarensi
711 4290 1153 4360 archiepiscOpo,
1212 4287 1360 4360 apud
1415 4288 1672 4352 Beccum,
1719 4286 1816 4343 ubi
1881 4285 2026 4340 idem

414 4387 872 4458 archiepiscopus
903 4384 1073 4438 abbas
1125 4382 1322 4449 fuerat,
1375 4381 1578 4452 scripta
1631 4395 1807 4436 rerum
1842 4377 2030 4450 prodi-

416 4484 628 4532 ctarum
654 4481 883 4545 stupens
935 4471 1146 4528 inveni.
1177 4469 1458 4542 Siquidem
1493 4467 1792 4524 Bobertum
1825 4467 1893 4522 de
1924 4467 2032 4524 1‘0-

416 4563 656 4630 rinncio,
689 4561 937 4632 ejusdem
987 4559 1095 4616 loci
1155 4558 1504 4624 monachum,
1537 4557 1714 4614 virum
1745 4562 1853 4611 tam
1885 4554 2030 4611 divi-

417 4672 613 4713 norum
637 4671 799 4727 quam
856 4651 1187 4708 secularium
1243 4650 1506 4706 librorum
1563 4649 1945 4722 inquisitorem
1978 4654 2032 4704 et

2129 3467 2276 3524 edite
2333 3482 2420 3522 me
2458 3465 2842 3537 interrogaret,
2875 3467 2930 3515 et
2959 3458 3015 3514 id
3047 3457 3196 3530 quod
3223 3473 3256 3511 a
3311 3471 3404 3511 me
3462 3453 3730 3526 querebat,

2126 3557 2308 3612 libens
2338 3555 2581 3611 audisset
2613 3571 2626 3608 :
2659 3550 2861 3608 obtulit
2887 3547 3058 3604 michi
3105 3547 3302 3602 librum
3331 3545 3402 3600 ad
3449 3542 3728 3617 legendum

2127 3649 2197 3704 de
2219 3647 2446 3722 regibus
2476 3645 2776 3710 Britonum,
2810 3639 2903 3712 qui
2931 3647 3059 3696 ante
3085 3637 3289 3712 Anglos
3313 3644 3564 3692 nostram
3596 3635 3732 3688 insu-

2125 3741 2232 3796 lam
2273 3747 2567 3795 tenuerunt
2623 3754 2638 3802 ;
2697 3749 2934 3808 quorum
2993 3740 3270 3802 excerpta,
3331 3737 3393 3785 ut
3425 3729 3483 3784 in
3516 3725 3728 3800 epistola

2126 3830 2306 3896 decet,
2337 3827 2661 3884 brevissime
2714 3823 2942 3889 scilicet,
2979 3821 3100 3889 .tibi
3154 3819 3544 3882 dilectissime,
3572 3817 3729 3872 mitto.

2127 3917 2715 3990 Aineas——reperies
2759 3915 2908 3971 Vale.

2200 4067 2334 4123 Item
2363 4065 2432 4120 de
2461 4061 2656 4120 eadem
2684 4059 2947 4132 hystoria.
2986 4057 3177 4112 Adhuc
3207 4055 3276 4110 ad
3308 4055 3578 4126 majorem
3623 4049 3722 4106 evi-

2129 4157 2372 4214 dentiam
2404 4171 2587 4210 rcrum
2643 4152 2912 4208 dicturum
2971 4161 3025 4204 et
3077 4147 3445 4204 dicendarum
3479 4158 3728 4218 ponemus

2129 4249 2406 4323 quandam
2454 4253 2664 4320 partem
2720 4241 2950 4298 historic
2992 4239 3211 4296 Henrici
3243 4239 3642 4301 archidiaconi,
3671 4235 3728 4289 de

2129 4359 2236 4416 qua
2257 4343 2370 4412 jam
2405 4338 2694 4412 epistolam
2733 4343 2862 4391 ante
2886 4334 3119 4406 positam
3167 4332 3573 4406 excerpsimus.
3606 4327 3728 4384 Dicit

2129 4431 2385 4506 itaquein
2417 4429 2597 4503 primo
2625 4427 2762 4482 libro
2791 4423 3040 4496 ejusdem
3093 4423 3364 4480 historic:
3413 4421 3537 4477 Erat
3564 4427 3725 4476 autem

2132 4519 2415 4576 Britannia
2430 4513 2740 4572 ——invenitu
2750 4530 2790 4569 r.

2205 4647 2278 4702 Ex
2304 4647 2496 4702 eadem
2548 4645 2752 4717 ystoria
2809 4645 2880 4700 de
2931 4640 3218 4698 modernis
3255 4642 3467 4697 sanctis
3517 4637 3727 4711 Anglic:

418 4755 861 4804 coacervatorem
890 4743 1380 4810 studiosissimum,
1414 4741 1620 4798 ibidem
1643 4739 1896 4798 conveni.
1929 4739 2030 4806 Qui
2050 4715 2108 4784 D
2132 4736 2256 4808 quis
2279 4715 2566 4792 Cantuarie
2596 4764 2662 4774 —
2704 4733 3018 4789 luculenter
3043 4731 3322 4786 eradiant.

1168 4981 1786 5067 INCIPIUNT
1867 4977 2385 5062 CRONICA
2465 4970 3021 5058 ROBERTI.

598 5182 955 5226 ROMANORUAI.
1111 5182 1451 5223 FRANCORUM.
1601 5181 1892 5222 ANGLORUM

2135 5166 2432 5241 Anglorum
2465 5172 2519 5222 et
2556 5165 2713 5221 ducis
2760 5163 3220 5228 Normannorum,
3265 5159 3456 5216 occiso
3500 5147 3722 5213 secundo

493 5259 689 5332 (llum.
721 5260 842 5331 vn.)
871 5258 1157 5326 Henricus,
1187 5257 1334 5314 ﬁlius
1389 5258 1552 5330 primi
1595 5256 1862 5315 Willermi
1894 5258 2038 5334 regis
2136 5256 2422 5314 Willermo
2449 5256 2618 5312 fratre
2644 5271 2744 5312 suo
2776 5271 2905 5330 rege
2935 5251 3256 5328 Anglorum,
3289 5258 3345 5306 et
3383 5246 3626 5322 sequenti
3650 5241 3726 5298 die

1768 5385 1990 5440 VARl/E
2031 5385 2408 5443 LECTIONES.

491 5489 586 5526 “3*
607 5491 700 5571 ita
727 5487 1008 5571 Robertus,
1037 5489 1258 5571 postea,
1277 5487 1395 5571 alio.
1413 5491 1734 5552 atramento,
1765 5489 2004 5571 correxit
2017 5503 2046 5571 ᾗ.
2091 5490 2330 5571 primum
2357 5489 2545 5554 fuerat
2581 5487 2740 5568 MQL.
2773 5487 2915 5571 quod
2943 5485 3150 5571 habent.
3169 5487 3336 5565 etiam
3365 5472 3734 5571 3,.7h..8d._‘5“

419 5564 500 5644 ita
527 5561 700 5644 rubro
728 5551 1016 5644 scriptum,
1037 5551 1258 5644 ilo-beru
1268 5559 1514 5638 fortasse
1536 5551 1726 5644 manu,
1752 5573 1872 5638 qua:
1891 5551 2050 5644 addit
2077 5551 2271 5644 etiam;
2294 5551 2751 5644 consequentiam
2779 5551 3228 5638 chronographie
3259 5553 3514 5610 invenies
3532 5551 3732 5644 insulae:

419 5633 476 5688 in
509 5619 856 5688 duodecimo
881 5619 1033 5683 folio.
1069 5627 1164 5682 llic
1191 5619 1338 5700 enim
1365 5627 1508 5684 vicio
1547 5619 1840 5699 scriptoris
1861 5629 2118 5700 quedam,
2145 5629 2278 5684 licet
2327 5647 2438 5686 non
2480 5619 2709 5700 indigna
2755 5619 3042 5700 memoria,
3084 5619 3512 5700 interponuntur
3540 5619 3736 5700 (sciliff‘

416 5687 630 5762 libellus
669 5703 736 5757 de
772 5701 1158 5775 immutatione
1169 5699 1384 5775 prdinis
1421 5687 1826 5775 mango/torum.
1877 5687 2054 5757 editus
2083 5687 2118 5754 ά
2147 5702 2406 5760 Dacherio
2428 5717 2490 5775 p.
2523 5687 2632 5758 811'
2659 5716 2784 5772 sqq.
2811 5687 3060 5756 Eundem
3097 5699 3185 5754 8b.
3217 5687 3302 5754 hic
3332 5687 3561 5757 exhibet,
3587 5689 3636 5748 3.
3661 5687 3726 5740 8⁸-

418 5796 460 5835 e.
493 5781 614 5850 post
644 5771 978 5840 chronicon),
1012 5770 1082 5804 5‘5
1116 5769 1299 5825 MXXX
1319 5785 1501 5824 nonus
1531 5770 1590 5824 Ε.
