3858 6206
104 277 204 332 425
964 269 1308 327 CHRONICA.
1351 299 1420 308 —
1459 267 1838 324 AUCTAHIUM
1884 268 2163 325 ROBERTI
2207 271 2288 325 DE
2334 271 2576 330 MONTE.

3345 282 3450 336 L26

1749 409 1797 475 Α
1825 401 2106 455 consulem
2136 403 2535 474 nequissimum
2594 412 2648 458 et
2704 405 2998 475 perﬁdum,
3029 408 3326 468 Robertum
3368 413 3442 468 de

1829 491 2098 558 Belesme,
2142 492 2266 560 jure
2325 494 2379 546 in
2420 510 2544 548 eum
2604 511 2877 569 exurgens
2903 499 3168 555 exulavit.
3225 501 3451 556 Obsedit

1830 600 2073 655 namque
2124 585 2278 656 prius
2306 585 2587 640 castellum
2648 587 2887 642 Arundcl
2924 606 2939 655 ;
2975 592 3123 661 quod
3167 609 3291 648 cum
3321 611 3450 668 gra-

241 421 608 462 ROIANORUM.
758 419 1110 460 FRANCORUﬂ.
1260 416 1572 456 ANGLORUM.

103 500 160 553 in
197 498 431 553 ecclesia
470 496 647 552 sancti
701 496 843 552 Petri
905 496 1053 567 apud
1107 495 1443 548 Winceastre
1483 492 1719 562 sepulto,

103 591 312 645 ibidem
375 589 432 644 in
465 605 653 660 regem
713 589 943 654 electus,
977 587 1131 640 dedit
1169 587 1547 656 cpiscOpatum
1572 583 1724 636 Win-

99 681 334 739 ceastrie
358 679 644 736 Willermo
675 678 897 734 Giti'ard.
932 679 1287 752 Pergensque
1354 674 1723 739 Lundoniam,
1829 671 2113 728 vissimum
2158 681 2306 730 esset
2364 675 2430 728 ad
2501 675 2967 746 conquirendum,
3023 681 3265 734 castellis
3318 672 3449 736 ante

101 780 349 829 sacratus
389 780 472 828 est
513 773 588 826 ibi
621 789 651 826 a
700 770 964 826 Mauricio
1021 767 1393 825 Londoniensi
1437 767 1725 838 episcopo,
1833 762 1965 816 illud
1997 763 2343 830 constructis,
2386 763 2483 818 ivit
2513 772 2566 819 et
2624 763 2846 820 obsedit
2902 767 3104 840 Bruge,
3153 785 3450 842 quousque

102 865 491 920 melioratione
524 865 706 936 legum
761 872 816 917 et
869 860 1332 917 consuetudinum
1383 857 1611 928 Optabili
1644 875 1732 911 re-
1833 853 2117 907 castellum
2147 853 2419 908 redditum
2450 865 2535 909 est
2562 855 2634 911 ei.
2671 856 2734 910 Et
2774 856 3044 914 Hobertus
3073 858 3143 913 de
3204 859 3452 914 Belesme

103 956 397 1027 promissa;
471 954 561 1009 His
615 953 840 1017 auditis,
905 952 1195 1006 Anselmus
1247 947 1726 1017 archiepiscopus,
1832 945 2293 1018 gemebundusin
2325 947 2713 1003 Normanniam
2771 950 3042 1023 migravit.
3080 951 3280 1007 Eodem
3304 968 3455 1008 anno

107 1046 330 1098 rediens
355 1045 408 1098 in
443 1043 713 1116 Angliam,
775 1039 1128 1111 desponsavit
1181 1037 1459 1091 Malildem
1495 1035 1728 1105 puellam
1835 1035 1901 1088 ad
1930 1035 2124 1090 festum
2165 1036 2338 1091 sancti
2393 1037 2675 1092 Michaelis
2716 1039 2893 1093 tenuit
2949 1041 3240 1095 Ansclmus
3269 1043 3456 1097 archi-

106 1133 379 1196 nobilem,
424 1130 591 1184 ﬁliam
633 1129 828 1184 Melcol
885 1129 1032 1202 regis
1099 1127 1281 1181 Scotie
1339 1132 1393 1178 et
1447 1122 1731 1197 Margarite
1836 1129 2132 1198 episcopus
2163 1130 2456 1185 concilium
2479 1132 2623 1202 apud
2657 1131 2998 1187 Lundoniam
3026 1133 3235 1206 ;inquo
3269 1136 3458 1206 prohi-

103 1225 319 1298 regine,
351 1221 582 1277 Henrico
615 1235 756 1276 novo
785 1220 922 1293 regi.
956 1221 1038 1289 (Il.
1073 1217 1260 1284 Henr.)
1295 1217 1506 1281 Quante
1548 1223 1729 1267 autem

1947 1231 1956 1274 ι
1987 1237 2183 1276 uxores
2223 1223 2606 1278 sacerdotibus
2637 1223 2937 1298 Anglorum
2979 1233 3137 1280 antea
3173 1241 3280 1280 non
3315 1243 3449 1297 pro-

101 1313 413 1368 sanctitatis
445 1321 676 1382 utraque
718 1309 908 1383 regina
969 1315 1021 1362 et
1060 1307 1292 1362 scientie
1325 1312 1500 1358 mater
1529 1310 1582 1356 et
1624 1301 1736 1356 filia
1840 1310 2060 1364 hibitas.
2088 1312 2216 1378 (Ιὸ.)
2247 1311 2399 1376 Quod
2449 1312 2777 1382 quibusdam
2814 1314 3241 1369 mundissimum
3272 1316 3452 1370 visum

104 1405 337 1468 fuerint,
362 1403 504 1458 liber
533 1403 627 1473 qui
669 1401 738 1456 de
766 1400 875 1454 vita
916 1400 1157 1470 ipsarum
1205 1397 1442 1468 scriptus
1469 1403 1550 1450 est
1574 1394 1736 1464 plano
1839 1409 1940 1464 est,
1997 1400 2326 1470 quibusdam
2356 1401 2748 1472 periculosum.
2810 1401 2908 1468 Ne,
2958 1402 3088 1456 dum
3148 1404 3461 1459 mundicias

104 1511 368 1550 sermone
409 1492 698 1548 describit.
751 1490 952 1544 Genuit
1002 1496 1186 1544 autem
1244 1504 1311 1541 ex
1352 1502 1419 1540 ea
1462 1485 1605 1539 idem
1642 1499 1734 1536 rex
1839 1493 2048 1548 viribus
2081 1493 2313 1564 majores
2366 1501 2711 1564 appeterent,
2770 1493 2824 1548 in
2864 1493 3250 1550 immundicjas
3280 1496 3463 1552 ιιοιτί-

104 1587 377 1642 Henricus
398 1584 571 1638 tilium
604 1598 792 1646 unum,
822 1581 1048 1636 nomine
1082 1580 1452 1645 \Villermum,
1478 1584 1532 1631 et
1566 1575 1735 1629 tiliam
1843 1589 1981 1643 biles
2011 1589 2078 1643 ad
2119 1588 2435 1643 ριπίειίειηίε
2462 1589 2703 1644 nominis
2731 1605 3009 1644 summum
3042 1589 3288 1645 dedecus
3321 1591 3460 1647 inci-

103 1693 294 1742 unum,
341 1675 484 1730 είουῑ
512 1672 760 1740 nomine,
794 1671 866 1726 ίιᾶ
917 1672 1209 1726 honestam
1271 1677 1503 1722 matrem
1538 1681 1731 1737 repre-
1757 1726 1806 1752 η
1836 1678 2048 1732 derent.
2087 1679 2145 1732 In
2204 1678 2296 1733 illo
2335 1687 2516 1732 autem
2580 1677 2817 1732 concilio
2872 1678 3029 1732 multi
3083 1678 3331 1744 abbates,
3365 1681 3459 1752 qui

561 1726 568 1728 -
748 1726 760 1740 ,
1603 1726 1617 1737 .
1839 1726 2048 1732 --η--η
2204 1726 2291 1733 --η
2337 1726 2516 1732 ww..-
2584 1726 2812 1732 ---------
3083 1726 3331 1744 ww"--.
3367 1726 3459 1752 -ιμ-

103 1774 444 1822 sentantem.
480 1764 628 1818 Hanc
649 1761 1174 1834 deniquevirginem
1207 1761 1294 1815 vix
1317 1759 1734 1831 quinquennem
1757 1726 1810 1794 Β
1836 1768 2249 1840 adquisiverant
2277 1768 2524 1822 abbatias
2565 1768 2708 1824 sicut
2745 1769 2890 1824 Deus
2922 1769 3118 1837 noluit,
3153 1770 3466 1826 amiserunt

107 1860 381 1914 Henricus
408 1864 640 1928 quam”
699 1855 1000 1925 imperator
1059 1855 1427 1910 Romanorum
1465 1856 1734 1923 ﬂugustus
1836 1877 1930 1915 eas
1976 1861 2117 1915 sicut
2167 1861 2312 1914 Deus
2357 1860 2548 1915 voluit.
2593 1861 2810 1929 (51688.)
2873 1861 3113 1917 Robcrto
3154 1861 3460 1918 Flandreno

1835 1953 1976 2007 sium
1999 1952 2202 2007 comite
2231 1951 2425 2006 urbem
2459 1951 2814 2006 Cameracum
2841 1951 3154 2019 obsidente,
3194 1953 3462 2009 Henricus

1837 2041 2134 2111 imperator
2185 2047 2375 2095 contra
2424 2056 2550 2094 eum
2610 2039 3000 2110 proﬁciscitur,
3065 2049 3120 2097 et
3182 2041 3463 2114 aliquibus

1835 2131 1955 2199 ejus
1979 2131 2222 2186 castellis
2252 2131 2602 2204 expugnatis,
2628 2131 2926 2202 asperitate
2988 2133 3242 2188 instantis
3269 2133 3466 2190 hiemis

1841 2220 2019 2275 redire
2049 2219 2416 2290 compellitur.
2463 2219 2780 2291 (Fabellam)
2835 2221 3058 2275 Occisus
3113 2223 3464 2294 estStepha-

1843 2326 1946 2364 nus
2010 2325 2198 2366 comes
2240 2308 2517 2364 Blesensis
2583 2311 2667 2366 15.
2736 2309 3008 2366 Kalendas
3057 2311 3287 2385 Augusti
3318 2312 3466 2384 apud

1843 2401 2146 2456 Ramnlam.
2180 2403 2422 2458 Mortuus
2467 2409 2552 2458 est
2589 2409 2644 2457 et
2701 2402 2854 2475 Hugo
2895 2403 3125 2478 Magnus
3159 2403 3307 2474 apud
3335 2403 3468 2458 Tar-

1841 2506 1959 2545 sum
1994 2510 2009 2556 ;
2042 2491 2434 2546 etsucccssitei
2464 2491 2732 2548 Rodulfus
2764 2491 2912 2547 tilius
2943 2493 3084 2564 ejus.

1847 2585 1980 2638 1103
2417 2584 2506 2640 47.
2903 2584 2992 2640 43.
3409 2587 3464 2644 3.

1915 2672 2081 2742 (Hum
2142 2676 2260 2741 vn.)
2319 2672 2589 2728 Robertus
2645 2673 2755 2728 dux
2823 2673 3267 2732 Normannorum
3320 2675 3473 2731 venit

1845 2765 1899 2818 in
1929 2765 2198 2839 Angliam,
2232 2773 2285 2820 et
2314 2765 2494 2820 causis
2523 2765 2686 2821 variis
2705 2767 3198 2833 intercedentibus,
3228 2775 3285 2824 et
3313 2775 3472 2824 cauta

183 2873 264 2938 (Ib
298 2872 316 2941 )
355 2869 621 2924 Henricus
662 2884 752 2922 rex
812 2865 1126 2939 Anglorum,
1169 2880 1290 2918 cum
1320 2862 1389 2916 ad
1446 2860 1626 2915 natale
1659 2868 1744 2914 te-
1847 2858 1993 2932 regis
2025 2857 2317 2928 prudentia
2370 2857 2704 2915 condonavit
2758 2861 2808 2914 ei
2870 2860 3012 2917 3000
3053 2861 3307 2916 marchas
3336 2876 3474 2932 quas

120 2961 337 3014 nuisset
366 2957 575 3013 curiam
603 2972 759 3011 suam
791 2955 938 3026 apud
992 2952 1322 3016 Wcmoster,
1354 2961 1410 3006 et
1435 2951 1504 3004 ad
1546 2949 1749 3020 pascha
1849 2967 1940 3004 rex
1965 2950 2203 3005 debebat
2231 2950 2280 3005 ei
2314 2965 2411 3022 per
2462 2966 2690 3005 annum.
2741 2951 2948 3007 Eodem
2989 2965 3136 3007 anno
3195 2950 3350 3006 visus
3388 2957 3475 3004 est

119 3046 260 3117 apud
308 3043 677 3108 Winceastre,
727 3040 988 3097 commoti
1044 3047 1171 3095 sunt
1223 3039 1502 3110 principes
1555 3037 1748 3110 Anglic
1783 3096 1825 3118 Π
1849 3045 2073 3117 sanguis
2094 3045 2328 3100 ebullire
2381 3061 2413 3100 τι
2459 3052 2604 3101 terra
2657 3045 2714 3101 in
2773 3046 3053 3118 Beschyre
3111 3044 3258 3117 apud
3285 3043 3477 3100 Hams-

121 3154 245 3210 erga
280 3152 500 3211 regem,
541 3150 707 3190 causa
730 3133 908 3188 fratris
962 3131 1050 3187 sui
1096 3130 1319 3187 Roberti
1352 3147 1475 3185 cum
1504 3129 1749 3184 exercitu
1780 3129 1828 3165 υ
1850 3137 1980 3191 inde
2005 3136 2234 3206 ($1633.)
2269 3137 2537 3192 Robcrtus
2585 3153 2775 3194 comes
2801 3136 3224 3194 Flandrensium
3260 3136 3317 3192 in
3344 3151 3477 3210 gra-

126 3223 508 3280 advenicntis.
544 3222 690 3277 Misit
722 3222 887 3295 igitur
913 3237 1002 3276 rex
1031 3221 1261 3274 inmare
1293 3219 1483 3272 navale
1515 3219 1748 3288 prelium
1849 3227 1978 3280 (iam
2008 3227 2356 3297 imperatoris
2405 3227 2668 3298 recipitur
2727 3228 3031 3298 ([αὐιρηειη
3086 3227 3256 3297 Capta
3303 3232 3391 3282 est
3437 3239 3468 3278 ε

132 3331 396 3394 gesturos
426 3326 619 3372 contra
649 3316 829 3370 fratris
859 3315 945 3370 sui
982 3315 1276 3370 adventum
1311 3331 1324 3380 ;
1385 3313 1481 3368 sed
1515 3313 1751 3384 quedam
1852 3320 2167 3375 christianis
2221 3321 2350 3375 urbs
2395 3321 2636 3388 Acchon,
2685 3338 2796 3394 que
2828 3320 3136 3392 antiquitus
3187 3315 3484 3374 dicebatur

131 3428 252 3482 pars
283 3425 485 3465 eorum
525 3407 775 3462 subdidit
806 3424 866 3462 se
899 3407 1135 3462 lloberto
1169 3406 1430 3460 venienti.
1465 3406 1595 3460 Cum
1619 3422 1752 3480 ergo
1854 3408 2256 3473 Ptholomaida,
2285 3425 2448 3480 quam
2505 3409 2729 3481 quidam
2781 3417 2976 3480 putant
3041 3423 3164 3464 esse
3203 3408 3483 3472 Accaron,

131 3500 446 3572 appulisset
472 3497 621 3570 apud
652 3496 1030 3552 Portesmuthe
1057 3501 1183 3549 ante
1208 3495 1476 3549 Kalendas
1506 3495 1753 3567 Augusti,
1855 3499 1952 3553 sed
1984 3514 2093 3556 non
2123 3508 2222 3554 est.
2268 3499 2364 3554 llla
2405 3500 2554 3554 enim
2612 3499 2912 3555 Philistea:
2958 3499 3063 3554 ista
3093 3513 3224 3554 vero
3258 3497 3487 3553 Ptholo—

132 3603 180 3648 et
210 3610 308 3649 rex
345 3590 600 3646 tenderet
645 3596 835 3645 contra
891 3604 1017 3643 eum
1057 3603 1183 3644 cum
1232 3587 1486 3642 maximis
1525 3587 1700 3658 copiis
1742 3604 1754 3641 :
1860 3588 2039 3642 maida
2069 3587 2270 3642 dicitur
2339 3589 2580 3645 Accaron
2639 3589 2774 3643 urbs
2831 3596 2914 3644 est
2971 3587 3258 3655 Philistea,
3314 3601 3488 3658 prope

135 3685 419 3756 principes
437 3682 698 3753 utrinque
731 3680 957 3736 fratrum
998 3683 1206 3738 bellum
1266 3699 1374 3738 non
1396 3680 1757 3752 perferentes,
1860 3680 2182 3735 Ascalonem
2217 3679 2450 3744 ;Accon
2514 3695 2668 3745 vero,
2729 3679 2784 3732 id
2837 3686 2920 3735 est
2964 3678 3376 3744 Ptholomaida,
3417 3677 3487 3734 ab

133 3773 434 3831 concordie
459 3772 620 3826 fedus
651 3772 794 3826 inter
825 3772 948 3827 illos
971 3783 1287 3829 statuerunt
1319 3789 1386 3828 eo
1419 3772 1762 3843 pacto,quod
1863 3778 2048 3824 austro
2082 3767 2248 3822 habet
2271 3768 2500 3824 Carmeli
2531 3774 2794 3824 montem.
2821 3768 3174 3823 Boamundus
3204 3782 3491 3822 commen-

105 1951 158 2003 in
186 1948 492 2019 conjugem
526 1962 622 2015 per
663 1943 1020 1999 honorabiles
1082 1943 1293 2014 legatos
1339 1939 1644 2012 requisivit,
1675 1945 1730 1992 et

102 2053 336 2092 uxorem
361 2033 599 2105 accepit.
644 2033 828 2104 (Hum.
863 2035 986 2102 vn.)
1021 2032 1185 2102 Capta
1221 2031 1354 2085 urbe
1403 2028 1730 2092 Jerusalem,

106 2139 162 2184 ut
190 2128 466 2192 diximus,
499 2134 554 2180 et
585 2123 793 2198 ingenti
824 2125 997 2196 prclio
1063 2132 1256 2194 postea
1312 2121 1607 2178 victoriose
1637 2135 1735 2191 pa-

110 2231 248 2278 trato
281 2229 482 2278 contra
550 2220 850 2276 exercitum
907 2217 1138 2272 amiralii
1209 2212 1515 2276 Babilonie,
1574 2210 1737 2266 rediit

111 2318 394 2373 Robertus
421 2316 533 2371 dux
587 2317 641 2370 in
694 2313 1084 2370 Normanniam
1142 2327 1334 2366 mense
1381 2312 1645 2383 Augusto,
1686 2314 1742 2362 et

112 2429 227 2467 cum
254 2412 452 2468 leticia
481 2417 772 2481 susceptus
811 2416 892 2464 est
958 2408 1027 2463 ab
1058 2407 1207 2463 omni
1249 2405 1475 2477 populo.
1509 2403 1741 2457 Thomas

115 2503 484 2561 Eboracensis
513 2501 987 2572 archiepiscopus,
1018 2498 1102 2554 vir
1142 2497 1348 2571 ingenii
1406 2493 1655 2550 ﬂorentis
1686 2501 1740 2548 et

115 2595 398 2651 Musarum
429 2611 459 2648 a
483 2593 730 2653 secretis,
768 2590 1088 2647 hominibus
1117 2602 1384 2658 apparere
1423 2584 1607 2640 desiit.
1645 2583 1739 2637 Cui

114 2684 390 2740 successit
415 2681 678 2736 Girardus
715 2689 909 2736 cantor
935 2675 1420 2750 Hothomagensis.

182 2777 356 2832 1101.
461 2777 722 2830 Henricus
769 2773 858 2828 45.
939 2772 1211 2839 Philippus
1239 2770 1328 2823 41.
1406 2768 1666 2821 Henricus
1699 2763 1740 2817 l.

133 3866 413 3920 Robertus
444 3877 781 3933 unoquoque
810 3876 956 3916 anno
982 3861 1122 3917 3000
1173 3877 1385 3915 marcas
1411 3861 1623 3934 argenti
1659 3862 1762 3914 ha-

136 3956 289 4009 beret
323 3951 397 4006 ab
431 3950 648 4026 Anglia,
683 3957 737 4005 et
767 3950 858 4022 qui
892 3949 1106 4004 diutius
1168 3950 1402 4018 viveret,
1436 3950 1595 4004 heres
1625 3965 1772 4015 esset

136 4046 386 4108 alterius,
421 4043 466 4098 si
499 4042 639 4097 alter
663 4041 870 4112 absque
899 4041 1010 4096 filio
1045 4048 1372 4096 moreretur.
1447 4041 1562 4096 Hoc
1593 4043 1773 4091 autem

134 4139 467 4207 juraverunt
493 4132 788 4188 duodecim
819 4133 1116 4188 eximiores
1146 4148 1435 4204 procerum
1491 4130 1773 4200 utrinque-

144 4231 426 4286 Robertus
460 4227 628 4301 igitur
667 4225 720 4279 in
767 4240 902 4296 pace
954 4225 1338 4296 perendinavit
1390 4239 1568 4295 usque
1599 4222 1667 4276 ad
1700 4220 1779 4275 fe-

143 4329 282 4376 stum
315 4319 499 4375 sancti
530 4317 812 4373 Michaelis
843 4316 898 4371 in
933 4332 1105 4392 regno
1139 4317 1318 4371 fratris
1348 4317 1455 4386 sui,
1485 4324 1538 4370 et
1567 4314 1635 4370 ad
1660 4328 1782 4385 pro-

150 4416 262 4485 pria
325 4413 515 4470 rediit.
552 4411 860 4468 Rannulfus
898 4420 1081 4468 autem
1133 4429 1424 4484 pervorsus
1481 4411 1776 4482 cpiscOpus

153 4508 468 4572 Dunelmie,
487 4523 653 4580 quem
679 4523 771 4562 rex
817 4508 1086 4562 Henricus
1141 4515 1400 4578 posuerat
1429 4506 1483 4562 in
1517 4506 1773 4574 vinculis,

154 4605 398 4660 concilio
418 4603 601 4673 gentis
627 4603 948 4675 Anglorum,
1000 4619 1124 4659 cum
1155 4621 1185 4657 a
1241 4619 1462 4658 carcere
1491 4602 1776 4668 evasisset,

157 4695 524 4753 clamdestine
559 4704 876 4766 perrexerat
925 4695 978 4750 in
1031 4695 1440 4761 Normanniam,
1473 4695 1706 4751 consilio
1727 4702 1781 4749 et

156 4784 562 4841 ammonitione
609 4800 710 4838 sua
756 4784 1053 4842 Robertum
1109 4785 1308 4840 ducem
1350 4800 1684 4857 promovens
1724 4783 1779 4838 in

158 4876 388 4932 fratrem
423 4891 606 4929 suum.
642 4874 859 4945 (Sict-:3.)
920 4876 1204 4932 Conradus
1264 4875 1410 4932 ﬁlius
1440 4875 1655 4932 Henrici
1685 4875 1790 4929 im-

163 4963 458 5034 peratoris,
487 4963 670 5018 adhuc
713 4964 849 5034 patri
920 4963 1165 5027 rebellis,
1207 4965 1263 5018 in
1325 4964 1483 5020 Italia
1537 4965 1784 5020 moritur.

166 5054 434 5109 Henricus
450 5052 750 5123 imperator
771 5052 1064 5108 Henricum
1097 5051 1568 5126 Lemburgensem
1596 5053 1792 5108 adver-

165 5151 379 5198 santem
412 5141 518 5198 sibi
569 5142 833 5210 debellat,
890 5149 944 5197 et
997 5142 1326 5218 expugnatis
1368 5143 1489 5211 ejus
1526 5142 1788 5210 castellis,

169 5248 296 5286 eum
327 5231 398 5287 ad
438 5230 790 5286 dedicionem
831 5231 978 5304 cogit
1009 5251 1024 5296 ε
1057 5231 1154 5285 sed
1187 5230 1489 5303 imperator
1529 5230 1579 5285 ei
1622 5232 1792 5287 multa

171 5342 388 5380 summa
445 5324 675 5400 gratiam
732 5341 887 5379 suam
943 5324 1258 5390 redimenti,
1311 5324 1477 5380 etiam
1533 5325 1793 5380 ducatum

171 5415 531 5490 Lotharingie
553 5415 605 5470 ei
643 5415 829 5482 donat,
863 5425 919 5472 et
949 5417 1030 5471 sic
1061 5413 1442 5487 paciﬁcantur.
1480 5417 1750 5488 (FULCHER
1781 5419 1793 5485 )

178 5506 345 5578 Capta
371 5516 455 5563 est
483 5505 622 5561 urbs
645 5505 874 5562 Cesarca
905 5525 936 5562 a
962 5507 1294 5563 christianis.

247 5593 408 5649 1102.
771 5594 860 5648 46.
1295 5599 1386 5652 42.
1737 5599 1791 5652 2.

251 5683 446 5752 (Henr.
507 5689 629 5756 vn.)
685 5685 953 5743 Henricus
998 5704 1090 5745 rex
1162 5689 1456 5764 Anglorum
1517 5689 1796 5760 quendam

513 5799 813 5864 PATROL.
870 5799 1066 5865 CLX.

1873 3857 2020 3913 davit
2049 3857 2419 3929 principatum
2473 3856 2762 3912 Antiochie
2808 3855 3090 3912 Tancredo
3143 3854 3337 3925 nepoti
3363 3871 3489 3921 suo,

1875 3961 1929 4007 et
1962 3953 2078 4024 ipse
2100 3951 2377 4024 navigavit
2403 3952 2455 4006 in
2488 3951 2760 4023 Apuliam,
2811 3949 3015 4006 deinde
3042 3949 3194 4006 venit
3231 3948 3286 4004 in
3319 3949 3494 4006 Fran-

1875 4042 2038 4098 ciam.
2074 4041 2410 4096 Ebremadus
2466 4039 2735 4096 successit
2764 4040 3026 4095 Daiberto
3059 4039 3240 4111 primo
3264 4040 3497 4111 patriar-

1879 4134 2315 4190 cheJerusalem.

1883 4228 2040 4285 1104.
2441 4229 2528 4284 48.
2922 4227 3012 4282 44.
3439 4227 3495 4280 4.

1955 4316 2170 4387 (Henr)
2231 4316 2497 4372 Henricus
2551 4331 2644 4370 rex
2692 4316 3011 4391 Anglorum,
3075 4322 3131 4371 et
3171 4315 3341 4370 trater
3365 4329 3501 4370 suus

1887 4409 2156 4465 Robertus
2179 4409 2288 4464 dux
2326 4409 2746 4474 Normanorum,
2800 4408 2983 4464 causis
3028 4406 3502 4465 intercedentibus

1879 4498 2173 4554 discordati
2203 4506 2349 4554 sunt.
2378 4499 2520 4553 Misit
2550 4497 2716 4572 igitur
2745 4513 2836 4552 rex
2879 4497 3086 4552 milites
3142 4496 3196 4551 in
3235 4494 3504 4551 Norman-

1881 4591 2050 4658 niam,
2082 4589 2176 4662 qui
2214 4605 2245 4643 a
2283 4589 2663 4661 proditoribus
2719 4588 2876 4643 ducis
2907 4587 3138 4660 recepti,
3195 4587 3398 4660 praedis
3448 4593 3506 4641 et

1881 4683 2357 4742 combustionibus
2387 4698 2497 4738 non
2529 4683 2812 4737 minimam
2860 4682 3074 4738 cladem
3106 4681 3274 4738 rebus
3302 4697 3505 4738 consu-

1884 4779 2092 4834 laribus
2121 4777 2476 4851 ingesserunt
2519 4776 2834 4832 Willermus
2866 4793 2996 4834 vero
3027 4776 3221 4832 consul
3258 4774 3507 4832 Moretuil

1886 4890 2052 4930 causa
2083 4872 2315 4944 perlidie
2362 4872 2431 4926 ab
2479 4873 2674 4945 Anglia
2729 4872 3166 4940 exhereditatus,
3207 4887 3240 4928 a
3295 4887 3425 4948 rege
3452 4869 3508 4926 in

1888 4963 2277 5021 Normanniam
2307 4963 2624 5031 discedens,
2658 4964 2844 5020 animo
2872 4963 3118 5036 perfecto
3149 4967 3204 5019 et
3235 4963 3508 5020 exercicio

1888 5054 2120 5110 ferventi
2145 5054 2228 5109 vir
2257 5053 2619 5124 probissimus
2661 5053 2855 5109 indixit
2903 5061 2958 5108 et
3024 5052 3201 5108 infixit
3233 5052 3512 5128 regalibus

1891 5142 2086 5199 turmis
2117 5159 2344 5198 werram
2403 5141 2712 5197 calamitate
2782 5142 3062 5198 refertam.
3115 5143 3513 5214 Apparuerunt

1894 5235 2040 5290 circa
2066 5235 2238 5290 solem
2280 5234 2334 5289 in
2365 5235 2601 5291 meridie
2665 5241 2900 5309 quatuor
2946 5235 3136 5291 circuli
3169 5235 3280 5290 albi
3313 5234 3515 5292 coloris

1898 5325 1973 5379 rei
1998 5324 2219 5397 signum
2259 5331 2508 5380 venture.

1899 5417 2054 5472 1105.
2451 5418 2539 5472 49.
2973 5416 3063 5472 45.
3458 5414 3515 5469 5.

1971 5508 2090 5581 (1b.)
2119 5507 2386 5564 Henricus
2410 5525 2503 5563 rex
2533 5508 2831 5582 Anglorum
2895 5508 3137 5581 perrexit
3168 5509 3221 5564 in
3251 5509 3517 5564 Norman-

1898 5601 2046 5656 niam
2075 5606 2266 5656 contra
2303 5599 2526 5655 fratrem
2567 5616 2726 5656 suum
2780 5609 3092 5656 certaturus
3131 5618 3145 5655 :
3181 5595 3519 5670 conquisivit

1901 5693 2064 5765 igitur
2103 5691 2396 5748 Cadomum
2429 5692 2685 5763 pecunia,
2720 5693 2976 5760 Bajocum
3012 5692 3182 5747 armis
3209 5697 3261 5748 et
3316 5684 3516 5743 auxilio

3123 5802 3199 5861 14
