3858 6206
376 298 480 353 427

519 440 871 482 ROMANORUM.
1032 436 1370 475 FHANCORUM.
1531 434 1836 472 ANGLOBUN.

376 519 632 575 Fulconis
659 513 1347 587 consulisAndcgavensis.
1397 511 1550 581 Cepit
1576 525 1795 581 quoque
1837 508 1992 578 plura

376 609 481 664 alia
507 614 703 671 castra,
734 614 999 661 etomncs
1040 604 1149 657 fere
1184 602 1461 672 principes
1505 599 1837 653 Normannie
1872 596 1987 667 regi

375 716 434 755 se
464 698 784 754 subdidere.
816 694 908 748 His
930 694 1085 753 aclis,
1118 709 1307 746 mense
1339 698 1581 761 Augusto
1606 688 1765 741 rediit
1795 688 1848 740 in
1883 690 1992 738 An-

378 791 564 865 gliam.
599 787 821 858 ($1623.)
876 785 1241 841 Jerosolimite
1312 781 1768 836 innumerabilem
1825 794 1992 848 paga-

384 900 578 939 norum
637 878 1048 935 multitudinem
1094 873 1334 948 gloriosa
1384 870 1617 924 victoria
1672 874 1968 922 conterunt

382 971 549 1026 Filius
582 965 928 1038 imperatoris
988 961 1203 1016 Heurici
1248 978 1278 1014 a
1329 967 1485 1029 patre
1540 974 1786 1021 aversus,
1821 970 1992 1026 quos-

381 1073 599 1129 cunque
633 1062 810 1127 potest
829 1054 897 1109 ab
930 1067 996 1107 eo
1050 1050 1267 1116 avertit,
1301 1057 1356 1102 et
1387 1048 1488 1101 sub
1538 1048 1767 1101 obtentu
1800 1044 1995 1097 melio-

382 1147 553 1201 randc
611 1144 687 1199 rei
726 1142 945 1214 publice
982 1147 1036 1194 et
1083 1137 1440 1192 rcstaurande
1507 1134 1741 1189 ecclesic
1782 1132 1834 1185 in
1866 1148 1991 1185 cum

378 1236 634 1291 insurgit.

854 1319 942 1375 50.
1050 1318 1323 1386 Philippus
1344 1314 1431 1369 46.
1526 1313 1785 1367 Henricus
1818 1314 1839 1362 ι
1868 1308 1919 1362 6.

455 1418 640 1488 (Hum.
702 1418 814 1482 vn.)
873 1411 1145 1467 Robertus
1198 1409 1309 1462 dux
1359 1406 1794 1460 Normannorum
1841 1398 1991 1452 venit

380 1515 449 1569 ad
482 1530 666 1589 regem
702 1509 992 1565 llcnricum
1058 1506 1278 1559 fratrem
1329 1518 1514 1567 suum,
1558 1498 1705 1569 apud
1746 1495 1995 1549 Norban-

387 1618 539 1677 tunc,
572 1605 940 1664 amicabiliter
966 1602 1034 1655 ab
1063 1615 1130 1654 eo
1161 1606 1359 1669 petens
1412 1602 1472 1649 ut
1525 1593 1705 1647 ablata
1734 1590 1841 1644 sibi
1883 1588 1995 1641 fra—

385 1712 539 1758 terna
568 1699 827 1755 redderet
882 1693 1076 1770 gratia.
1118 1690 1251 1746 Cum
1282 1703 1412 1744 vero
1469 1688 1610 1741 Deus
1639 1699 1829 1738 eorum
1859 1696 1995 1734 con-

1600 281 1940 338 SltiEBERTI
1982 280 2488 334 GEMBLACENSIS.

3609 274 3715 327 428

2016 422 2061 487 Α
2094 412 2233 467 Rufo
2266 428 2495 485 regnum
2523 407 2736 481 Anglic,
2771 408 2920 463 unde
2970 412 3027 461 et
3053 405 3346 477 epistolam
3378 404 3452 459 de
3483 417 3554 459 co
3588 419 3719 477 rege

2096 501 2479 557 constituendo
2535 515 2632 570 per
2678 497 2918 551 eundem
2957 495 3105 550 misit
3162 493 3468 549 Lanfranco
3534 492 3722 548 archi-

2093 595 2279 664 cpisco
2314 611 2326 645 :
2364 592 2626 645 Henricus
2665 607 2787 645 cum
2817 588 3059 643 lacrimis
3089 588 3157 641 ad
3189 595 3399 657 patrem
3431 586 3605 642 dixit:
3644 589 3721 641 Et

2092 686 2242 749 mihi,
2274 690 2447 754 pater,
2481 684 2615 752 quid
2642 679 2881 735 tribuis?
2911 679 3005 733 Cui
3035 696 3127 733 rex
3150 678 3225 733 ait
3255 680 3539 748 ;Quinque
3560 680 3721 732 milia

2091 779 2263 831 libras
2289 778 2503 843 argenti
2530 776 2595 827 de
2626 775 2877 827 thesauro
2902 788 3015 827 meo
3056 772 3156 826 tibi
3183 771 3250 825 do
3324 771 3402 824 Ad
3433 772 3535 824 hec
3566 771 3717 824 Hen-

2094 866 2238 919 ricus
2279 865 2431 918 dixit.
2460 864 2602 930 Quid
2638 865 2839 928 factum
2865 862 2931 915 de
2958 863 3231 926 thesauro,
3274 862 3326 913 si
3352 861 3527 914 locum
3557 861 3722 913 habi-

2096 960 2317 1012 tationis
2370 972 2475 1009 non
2512 957 2749 1009 habuero
2782 953 2810 1005 7
2845 953 2939 1007 Cui
2984 960 3139 1024 pater
3172 970 3184 1005 :
3220 954 3545 1022 Equanimis
3585 956 3719 1017 esto,

2094 1052 2196 1119 ﬁli,
2224 1053 2272 1103 et
2311 1050 2615 1114 confortare
2662 1049 2719 1099 in
2747 1049 2989 1100 Domino.
3028 1047 3248 1113 Puc-iﬁce
3274 1050 3487 1113 patere,
3515 1050 3576 1098 ut
3606 1060 3724 1097 ma-

2091 1145 2237 1212 jores
2264 1145 2469 1209 fratres
2492 1144 2573 1196 tui
2598 1141 2886 1210 precedent
2916 1145 2982 1194 te.
3008 1140 3266 1196 Robertus
3288 1140 3714 1203 Normanniam,

2104 1235 2412 1289 Willermus
2449 1248 2571 1288 vero
2624 1235 2787 1287 totius
2841 1233 3032 1300 Anglic
3060 1232 3432 1285 monarchiam
3473 1230 3719 1283 habebit.

2102 1326 2178 1378 Tu
2209 1329 2384 1376 autem
2413 1327 2649 1391 tempore
2705 1326 2797 1375 tuo
2852 1325 3022 1374 totum
3087 1321 3366 1384 honorem,
3409 1334 3567 1388 quem
3627 1334 3718 1384 ego

2092 1417 2282 1467 nactus
2310 1428 2447 1478 sum,
2482 1412 2740 1474 habebis;
2772 1415 2823 1465 et
2848 1411 3119 1477 fratribus
3158 1412 3264 1463 tuis
3310 1409 3527 1462 divitiis
3553 1414 3722 1477 etpo-

2096 1510 2280 1559 testate
2304 1505 2613 1573 praestabis.
2681 1503 2907 1573 (SIGEB.)
2964 1501 3166 1566 Quarto
3197 1501 3379 1555 Nonas
3427 1500 3714 1555 Februarii

2095 1596 2255 1651 stella
2282 1612 2380 1666 per
2409 1595 2553 1649 diem
2577 1596 2689 1649 visa
2737 1602 2820 1648 est
2848 1595 2903 1647 in
2934 1594 3075 1660 celo,
3119 1594 3345 1666 longum
3370 1608 3435 1645 ex
3459 1608 3523 1646 se
3547 1592 3708 1646 emit-

2100 1695 2220 1740 tcns
2248 1685 2479 1747 radium,
2512 1684 2581 1738 ab
2616 1684 2746 1738 hora
2798 1684 2851 1736 3.
2900 1697 3076 1753 usque
3125 1681 3193 1735 ad
3227 1682 3417 1736 horam
3448 1683 3503 1748 9,
3550 1682 3708 1753 quasi

387 1790 577 1846 cordie
597 1803 709 1843 non
754 1751 1066 1847 assciitiret,
1100 1781 1206 1834 dux
1253 1779 1422 1832 iratus
1474 1772 1714 1846 perrexit
1765 1771 1817 1824 in
1869 1769 1959 1823 N01

2170 1778 2280 1832 bito
2322 1775 2584 1831 distansa
2641 1776 2776 1831 sole.
2840 1773 3103 1829 Henricus
3153 1773 3299 1829 ﬁlius
3357 1774 3716 1845 imperatoris

387 1877 665 1933 manniam
700 1884 793 1929 :et
817 1889 910 1928 rex
954 1876 1080 1924 ante
1121 1872 1421 1941 Augustum
1481 1870 1703 1918 secutus
1732 1866 1816 1915 est
1845 1873 1991 1912 cum.

387 1970 520 2025 Cum
580 1983 712 2043 ergo
773 1981 866 2020 rex
927 1961 1238 2017 obsedisset
1277 1963 1511 2013 castrum
1566 1948 1993 2013 Tcncrchebrai,

387 2040 676 2134 vcniﬂdux
731 2059 1195 2119 Normannorum,
1250 2058 1305 2108 et
1361 2066 1485 2105 cum
1529 2063 1595 2102 co
1627 2045 1897 2101 Robcrtus
1928 2040 1997 2095 de

392 2152 664 2218 Belcsmc,
697 2155 753 2204 et
781 2145 975 2203 consul
1007 2145 1074 2200 de
1130 2141 1400 2205 Morctuil,
1433 2146 1487 2195 et
1537 2152 1731 2193 omnes
1758 2134 2000 2187 fautores

389 2242 529 2311 ejus.
556 2240 665 2295 Rex
699 2252 834 2292 vero
863 2250 1051 2291 secum
1102 2246 1297 2288 omnes
1348 2245 1605 2301 proceres
1644 2220 1996 2285 Normannie,

392 2310 447 2388 et
467 2330 636 2386 robur
666 2327 857 2401 Anglic
887 2333 943 2379 et
973 2320 1281 2395 Andcgavis
1341 2325 1395 2373 et
1444 2315 1744 2380 Britannic,
1780 2326 1889 2366 non
1914 2310 2000 2362 in-

387 2424 651 2498 providus
671 2419 925 2475 habebat.
956 2416 1127 2489 lgitur
1149 2429 1272 2470 cum
1313 2426 1517 2467 cornua
1537 2422 1701 2462 rauco
1729 2401 2001 2473 strepuis-

387 2497 510 2574 sent
541 2520 724 2580 cantu,
767 2513 876 2566 dux
938 2506 1271 2563 Normannic
1302 2520 1426 2559 cum
1469 2499 1657 2573 paucis
1689 2497 1858 2551 multo
1890 2511 1994 2548 au-

388 2606 685 2662 dacissime
703 2615 998 2677 aggressus
1026 2606 1128 2652 est.
1164 2598 1534 2663 Assuetusque
1601 2588 1760 2642 bellis
1778 2586 1997 2641 Jcroso-

386 2701 672 2764 limitanis,
697 2698 869 2754 aciem
901 2693 1142 2767 regalem
1201 2690 1413 2747 fortiter
1443 2696 1498 2742 et
1545 2684 1789 2748 horride,
1830 2688 1887 2734 ut
1918 2678 1998 2733 vir

385 2790 707 2849 admirando
739 2785 1136 2856 etjamdudum
1152 2782 1376 2854 probate
1391 2777 1702 2851 probitatis,
1738 2774 1997 2828 audacter

387 2883 646 2956 reppulit.
702 2880 1017 2934 Willermus
1081 2889 1304 2947 quoque
1356 2872 1545 2927 consul
1588 2870 1655 2923 de
1711 2864 1994 2922 Moretolio

383 2982 557 3036 aciem
590 2976 885 3048 Anglorum
911 2973 980 3026 de
1017 2972 1139 3026 loco
1192 2970 1246 3023 in
1306 2969 1484 3021 locum
1517 2966 1743 3020 turbans
1774 2977 1995 3033 promo-

381 3073 474 3126 vit.
497 3070 649 3125 Tunc
677 3066 825 3122 acies
851 3063 1123 3135 equestris
1172 3061 1556 3115 Britannorum
1598 3090 1607 3095 -
1635 3072 1725 3109 rex
1759 3067 1995 3122 namque

2095 1867 2390 1933 contraius
2422 1875 2615 1921 nature
2647 1872 2701 1920 et
2738 1866 2819 1919 fas
2842 1864 3024 1939 legum
3057 1862 3115 1918 in
3142 1873 3353 1934 patrem
3383 1863 3715 1935 insurgens,

2096 1972 2259 2026 quam
2285 1956 2512 2029 indigne
2538 1971 2663 2009 eum
2696 1956 3025 2019 tractaverit,
3080 1956 3326 2011 declarat
3387 1955 3629 2027 epistola
3656 1972 3716 2009 cx

2098 2065 2194 2104 ore
2222 2048 2394 2118 ipsius
2422 2048 2594 2119 patris
2623 2047 2826 2118 scripta
2850 2047 2920 2102 ad
2963 2046 3272 2119 Philippum
3322 2063 3514 2122 regem
3549 2047 3723 2101 Fran-

2100 2155 2308 2195 corum.
2344 2142 2683 2211 lmperatore
2746 2139 2978 2195 Henrico
3027 2147 3277 2195 morante
3332 2139 3525 2205 Leodi,
3577 2137 3721 2192 ﬁlius

2102 2232 2222 2301 ejus
2239 2232 2641 2305 Aquisgranum
2692 2231 2867 2297 venit,
2898 2238 2953 2285 et
3007 2232 3199 2287 volens
3237 2232 3430 2287 venire
3454 2231 3719 2286 Lcodium

2100 2331 2291 2377 contra
2322 2330 2530 2393 patrem
2576 2337 2758 2385 suum,
2814 2320 3007 2392 quinta
3052 2320 3189 2375 feria
3240 2320 3524 2375 dominicc
3552 2336 3715 2383 cene,

2103 2414 2355 2483 prcmisit
2394 2429 2528 2467 suos
2567 2427 2944 2483 preoccupare
2977 2415 3197 2481 pontem
3248 2410 3395 2480 apud
3429 2408 3717 2477 Wisatum,

2102 2518 2169 2556 nc
2199 2502 2324 2573 quis
2348 2502 2452 2555 sibi
2486 2501 2729 2556 venienti
2773 2500 3036 2555 obstaret.
3096 2498 3204 2553 Sed
3235 2498 3510 2553 militibus
3549 2500 3720 2569 patris

2101 2590 2559 2644 concurrentibus
2606 2590 2673 2643 ad
2734 2587 3188 2659 cxoccupandum
3230 2594 3479 2657 pontem,
3523 2586 3726 2643 milites

2104 2681 2199 2736 ﬁlii
2230 2699 2260 2737 a
2299 2690 2464 2753 ponte
2489 2682 2848 2753 repelluntur,
2886 2680 3011 2735 aliis
3051 2695 3238 2735 eorum
3272 2679 3467 2749 captis,
3496 2680 3625 2733 aliis
3673 2680 3725 2734 in

2102 2773 2329 2828 Morsam
2372 2774 2647 2835 dimersis,
2699 2773 2819 2826 aliis
2862 2771 3098 2836 occisis;
3162 2771 3305 2826 inter
3338 2758 3495 2842 quos
3552 2771 3717 2825 etiam

2095 2868 2277 2924 Bruno
2308 2884 2494 2924 comes
2536 2870 2754 2925 occisus
2801 2878 2904 2924 est.
2963 2868 3052 2924 Sic
3102 2867 3247 2925 ﬁlius
3276 2877 3469 2927 centra
3500 2879 3713 2940 patrem

2095 2956 2347 3023 veniens,
2375 2956 2537 3011 rediit
2568 2957 2859 3032 inglorius.
2887 2956 3316 3012 Coloniensibus
3339 2955 3509 3013 ﬁdem
3541 2959 3718 3028 impc-

2097 3044 2258 3100 ratori
2305 3045 2672 3110 servantibus,
2725 3052 2780 3099 at
2833 3046 3039 3101 eorum'
3078 3044 3501 3117 archiepiscopo
3534 3045 3710 3101 ﬁlium

384 3172 437 3219 et
465 3163 574 3219 dux
606 3166 661 3216 et
684 3158 831 3214 acies
853 3121 1035 3212 cetere
1093 3153 1311 3225 pedites
1364 3156 1539 3216 erant,
1564 3157 1623 3201 ut
1654 3144 1959 3202 constantiu

2180 3133 2443 3202 peratoris
2472 3140 2661 3188 contra
2694 3141 2903 3204 patrem
2954 3149 3113 3188 suum
3142 3133 3447 3200 animante,
3486 3133 3717 3189 Colonia

382 3259 696 3328 pugnarent
754 3280 819 3290 —
860 3247 1031 3302 aciem
1083 3244 1242 3299 ducis
1299 3258 1364 3297 ex
1421 3241 1650 3296 adverso
1706 3253 1992 3309 proruens,

383 3324 565 3400 subito
593 3339 796 3397 difﬁdit
837 3356 851 3403 ;
883 3344 937 3392 et
968 3335 1113 3390 mole
1138 3330 1541 3407 magnitudinis
1573 3330 1626 3383 in
1681 3324 1830 3382 brevi
1864 3326 1996 3380 satis

383 3432 561 3505 spatio
588 3445 726 3506 gens
753 3427 908 3481 ducis
965 3438 1250 3494 Oppressa,
1309 3418 1578 3473 dissoluta
1632 3424 1714 3470 est
1752 3425 1805 3470 et
1830 3415 1990 3470 victa.

384 3522 517 3576 Mira
546 3516 666 3574 resl
699 3515 788 3572 cui
819 3511 1109 3584 patcrcjus
1140 3508 1515 3571 maledixcrat,
1548 3513 1604 3561 ct
1635 3506 1729 3577 qui
1765 3520 1994 3578 regnum

387 3608 690 3667 Jerusalem
721 3607 996 3668 renuerat,
1064 3600 1258 3655 durare
1314 3614 1423 3654 non
1479 3596 1674 3667 potuit.
1728 3595 1997 3650 Robcrtus

388 3716 519 3756 vero
549 3699 617 3753 de
650 3696 895 3751 Belesmc
924 3690 1086 3746 simul
1135 3690 1239 3745 hoc
1295 3687 1526 3759 aspexit,
1581 3687 1707 3756 fuga
1736 3684 1839 3739 sibi
1864 3699 1997 3739 con-

388 3789 573 3845 suluit.
608 3786 804 3856 Captus
829 3779 1098 3854 estigitur
1141 3779 1250 3832 dux
1289 3775 1619 3832 fortissimus
1651 3776 1995 3829 Normanno-

384 3898 526 3949 rum,
567 3888 621 3935 et
645 3875 838 3933 consul
883 3873 954 3928 de
990 3870 1263 3928 Morctuil.
1316 3870 1684 3941 Reddiditque
1731 3867 1995 3922 Dominus

380 3971 556 4027 vicem
574 3965 701 4023 duci
732 3964 970 4020 Robcrto
1005 3975 1020 4028 ;
1060 3960 1188 4033 Quia
1240 3976 1363 4015 cum
1393 3958 1692 4031 gloriosum
1718 3956 1993 4010 reddidis-

382 4072 616 4120 sctcum
672 4058 730 4112 in
777 4056 993 4112 actibus
1035 4051 1517 4112 Jerosolimitanis,
1553 4066 1781 4125 regnum
1832 4051 1991 4105 Jeru-

380 4155 556 4210 salem
586 4149 693 4205 sibi
716 4147 962 4203 oblatum
1004 4142 1212 4211 renuit,
1260 4141 1435 4215 magis
1471 4139 1685 4216 eligens
1733 4138 1907 4211 quieti
1936 4147 1990 4193 et

381 4245 595 4303 desidie
622 4244 678 4297 in
709 4236 1042 4296 Normannia
1072 4234 1351 4291 deservire
1366 4250 1532 4306 quam
1557 4232 1787 4289 Domino
1806 4248 1993 4304 regum

376 4340 433 4394 in
454 4342 643 4394 sancta
663 4331 884 4389 civitate
931 4328 1222 4383 desudare.
1279 4326 1602 4396 Dampnavit
1655 4325 1820 4400 igitur
1864 4341 1988 4379 eum

2097 3226 2322 3280 obsessa
2379 3233 2748 3299 oppugnatur,
2796 3225 2896 3280 sed
2955 3240 3065 3280 non
3120 3232 3491 3297 expugnatur.
3551 3225 3716 3300 igitur

2101 3321 2360 3375 Henricus
2387 3321 2682 3391 imperator
2736 3321 2900 3376 Lcodi
2958 3321 3208 3386 moritur,
3226 3320 3463 3391 ejusque
3492 3318 3638 3374 ﬁlius
3664 3319 3715 3374 ei

2099 3413 2361 3469 Henricus
2386 3413 2634 3468 succedit
2665 3431 2678 3479 ;
2713 3414 2803 3485 qui
2839 3420 3033 3484 postea
3062 3412 3219 3466 duxit
3240 3411 3543 3467 Maltildcm
3572 3412 3725 3483 pucl-

2098 3507 2203 3560 lam
2234 3506 2497 3571 nobilem,
2530 3505 2618 3559 vix
2675 3506 3113 3576 quinquennem,
3173 3502 3320 3577 regis
3356 3502 3580 3559 Henrici
3604 3503 3717 3556 An-

2096 3596 2310 3669 glorum
2342 3594 2532 3649 ﬁliam.
2573 3594 2689 3648 Dux
2720 3593 3006 3659 Henricus,
3035 3591 3128 3664 qui
3161 3592 3231 3646 ab
3284 3591 3623 3663 imperatore
3652 3591 3717 3646 ad

2102 3685 2270 3738 tilium
2300 3685 2419 3751 ejus
2475 3683 2661 3737 animo
2714 3683 3009 3745 transiens,
3087 3697 3213 3736 eum
3271 3691 3470 3737 contra
3509 3688 3717 3752 patrem

2098 3793 2255 3831 suum
2289 3775 2522 3831 consilio
2552 3789 2651 3830 suo
2674 3775 2924 3837 armavit,
2980 3780 3033 3829 et
3057 3790 3088 3828 a
3134 3771 3250 3829 ﬁlio
3282 3773 3355 3827 ad
3384 3782 3602 3845 patrem
3629 3790 3718 3829 rc-

2095 3869 2276 3934 diens,
2304 3873 2484 3937 partes
2514 3864 2613 3919 ﬁlii
2643 3864 2941 3919 debellavit
2964 3881 2976 3918 :
3001 3870 3217 3918 mortuo
3245 3863 3611 3933 imperatore,
3654 3880 3711 3918 sc

2094 3968 2152 4015 ut
2180 3976 2330 4013 reum
2353 3959 2425 3993 5“
2453 3956 2758 4025 majestatis
2806 3954 2919 4011 ﬁlio
2958 3956 3107 4029 regis
3154 3952 3371 4009 dedidit
3406 3971 3422 4007 :
3466 3963 3525 4010 et
3553 3954 3621 4009 ab
3649 3970 3713 4009 eo

2091 4059 2282 4122 captus
2296 4050 2544 4104 custodie
2572 4049 2823 4102 traditur.
2853 4048 2930 4103 De
2960 4063 3069 4119 qua
3101 4047 3219 4117 ipse
3252 4062 3355 4117 per
3381 4046 3712 4102 industriam

2094 4155 2249 4194 suam
2281 4138 2472 4203 evasit,
2496 4137 2728 4190 ducatus
2771 4151 2901 4190 vero
2938 4135 3067 4203 ejus
3105 4134 3267 4189 datus
3306 4134 3714 4191 estGodet‘rido

2095 4225 2515 4285 Lovanicnsium
2541 4224 2750 4281 comiti.

2170 4322 2323 4380 1107.
2684 4322 2731 4376 1.
3156 4320 3245 4375 47.
3663 4322 3710 4377 7.

378 4429 645 4487 Dominus
675 4423 890 4480 desidia
938 4420 1209 4493 perhenni
1274 4426 1328 4473 et
1377 4433 1596 4473 carcere
1625 4417 1984 4488 sempiterno.
2020 4388 2074 4454 D
2165 4420 2351 4490 (ilusr.
2383 4436 2455 4472 vn
2488 4418 2504 4489 )
2532 4416 2799 4472 Henricus
2853 4431 2946 4472 rex
2978 4416 3297 4491 Anglorum,
3333 4432 3488 4484 cum,
3522 4417 3713 4473 deletis

380 4525 552 4595 Hujus
568 4522 646 4578 rei
678 4520 898 4594 signum
944 4516 1000 4571 in
1040 4515 1238 4571 eodem
1292 4528 1438 4569 anno
1468 4519 1683 4569 cometa
1712 4529 1989 4584 apparue-

378 4624 481 4674 rat.
507 4616 637 4672 Vise
658 4618 783 4669 sunt
823 4610 984 4667 etiam
1018 4609 1072 4663 in
1096 4623 1234 4665 cena
1262 4605 1480 4661 Domini
1508 4606 1617 4661 due
1644 4606 1772 4661 lunc
1800 4605 1983 4676 plene,

378 4725 490 4765 una
510 4708 578 4763 ad
610 4706 880 4762 orientem
921 4710 975 4757 ct
1022 4700 1128 4755 alia
1149 4688 1225 4754 ad
1273 4697 1640 4754 occidentem.
1697 4695 1843 4763 (0rd.
1874 4698 1985 4752 Vrr.

380 4795 642 4863 vn,659.)
674 4794 786 4848 Hoc
830 4806 977 4847 anno
1020 4790 1308 4861 impletum
1356 4793 1441 4842 est
1493 4787 1640 4858 quod
1671 4786 1991 4842 Willermus

380 4902 495 4950 rex,
528 4881 707 4955 pridie
748 4896 909 4951 quam
946 4884 1275 4940 moreretur,
1343 4876 1558 4931 dixerat
1617 4873 1730 4929 ﬁlio
1762 4890 1864 4929 suo
1887 4876 1984 4943 ju-

380 4976 525 5034 niori
584 4974 835 5041 Henrico,
863 4974 934 5028 de
989 4988 1098 5045 quo
1149 4972 1206 5026 in
1238 4969 1480 5043 presenti
1512 4968 1806 5040 loquimur.
1858 4967 1986 5024 Cum

378 5070 525 5125 enim
559 5083 655 5122 rex
708 5065 1123 5137 potentissimus
1158 5064 1448 5119 thesauros
1484 5076 1616 5117 suos
1654 5061 1908 5115 ecclesiis
1932 5069 1989 5117 et

379 5155 716 5231 pauperibus
733 5154 947 5209 dandos
976 5159 1101 5208 ante
1141 5168 1201 5208 se
1231 5168 1263 5207 a
1292 5151 1525 5207 notariis
1555 5148 1871 5206 describere
1906 5149 1987 5205 fa-

375 5251 615 5311 ceret,ct
642 5244 788 5300 clero
818 5241 1160 5297 Medantcnsi
1189 5240 1423 5311 supplex
1478 5238 1728 5316 ingentia
1759 5254 1987 5295 munera

376 5338 790 5405 transmitteret,
821 5343 884 5392 ut
914 5333 1041 5389 inde
1089 5340 1526 5389 rcstaurarcntur
1574 5334 1810 5390 ecclesia
1849 5351 1987 5406 quas

375 5431 716 5491 conbuxerat
743 5445 758 5498 ;
781 5437 837 5484 et
865 5425 1111 5481 Roberto
1150 5426 1520 5501 primogenito
1550 5427 1808 5503 ducatum
1840 5427 1982 5483 Nor-

375 5527 624 5594 mannic,
655 5526 786 5583 licet
838 5521 1079 5590 absenti,
1134 5521 1469 5596 designaret,
1514 5522 1799 5579 Willcrmo
1855 5539 1984 5579 vero

2088 4511 2454 4579 velsubjcctis
2474 4509 2750 4574 hostibus,
2811 4508 3201 4563 Normanniam
3238 4523 3340 4579 pro
3374 4508 3543 4565 libitu
3597 4510 3711 4565 dis-

2089 4605 2383 4676 posuisset,
2409 4603 2572 4658 rediit
2598 4603 2653 4658 in
2708 4602 2957 4677 Angliam
2989 4619 3004 4667 ;
3036 4600 3374 4674 fratremque
3402 4620 3572 4660 suum
3608 4606 3710 4659 du—

2092 4715 2208 4753 cem
2244 4695 2615 4769 magnificum,
2659 4702 2714 4749 et
2760 4695 3046 4751 consulem
3074 4695 3143 4749 dc
3175 4695 3426 4751 Moretuil
3463 4713 3711 4754 carcera-

2094 4787 2238 4843 tibus
2270 4787 2501 4862 ingessit
2549 4785 2818 4841 tenebris.
2880 4786 3057 4861 Igitur
3109 4785 3466 4855 victoriosus,
3511 4798 3568 4844 et
3589 4797 3713 4845 tunc

2090 4880 2323 4951 primum
2354 4895 2446 4934 rex
2504 4878 2682 4943 fortis,
2713 4878 2894 4933 tenuit
2949 4878 3156 4933 curiam
3191 4893 3347 4933 suam
3379 4880 3448 4935 ad
3505 4882 3707 4951 pascha

2088 4972 2231 5040 apud
2264 4970 2673 5034 Winleshores;
2707 4968 2889 5041 inqua
2921 4983 3179 5040 proceres
3223 4969 3419 5044 Anglic
3458 4970 3627 5025 simul
3656 4977 3707 5024 et

2090 5061 2421 5118 Normannie
2451 5076 2575 5116 cum
2599 5060 2796 5114 timore
2827 5068 2883 5114 et
2933 5066 3173 5114 tremore
3199 5057 3503 5115 affuerunt.
3540 5063 3704 5116 Antea

2090 5172 2349 5227 namque,
2404 5164 2459 5209 et
2515 5155 2647 5210 dum
2685 5152 2908 5222 juvenis
2937 5150 3135 5207 fuisset
3186 5161 3241 5208 et
3287 5160 3587 5225 postquam
3623 5170 3705 5209 rex

2086 5248 2282 5311 fuerat,
2301 5247 2356 5301 in
2375 5246 2610 5302 maximo
2637 5244 2946 5300 habebatur
2964 5245 3228 5317 despectu
3261 5246 3398 5309 ;sed
3424 5247 3704 5307 Dominus,

2086 5337 2180 5411 qui
2209 5338 2375 5408 longe
2405 5338 2565 5393 aliter
2596 5337 2809 5405 judicat
2868 5352 3033 5407 quam
3089 5335 3185 5391 ﬁlii
3242 5338 3558 5403 hominum,
3614 5336 3702 5408 qui

2085 5431 2285 5485 exaltat
2342 5430 2577 5485 humiles
2621 5436 2677 5485 et
2751 5429 3012 5499 deprimit
3067 5435 3343 5500 potentes,
3410 5430 3701 5485 Robertum

2085 5525 2329 5581 omnium
2367 5524 2549 5581 favore
2604 5523 3023 5581 celeberrimum
3085 5524 3347 5595 deposuit
3408 5531 3464 5581 et
3497 5515 3702 5580 Henrici

1729 5630 1950 5686 VABl/E
1978 5629 2352 5686 LECTIONES.

447 5705 519 5742 ⁵η
536 5721 719 5763 rerum
761 5707 827 5760 E.
