3858 6206
139 246 229 300 429

289 381 649 422 ΠΟᾋΑΝΟΒὉΜ.
799 384 1137 424 FRANCORUM.
1251 385 1560 424 ANGLORUH.

139 457 363 526 despecti
396 456 601 512 famam
630 473 730 529 per
757 458 948 513 orbem
985 465 1248 514 terrarum
1289 458 1593 514 clarescere
1632 476 1731 515 vo-

137 552 238 604 luit.
292 550 563 621 Deditque
604 550 773 623 gratis
816 551 866 605 ei
909 550 1011 605 tria
1060 551 1325 605 Dominus
1382 552 1735 622 omnipotens

138 656 366 705 munera,
408 640 765 710 sapientiam,
807 640 1120 705 victoriam,
1155 640 1400 704 divitias;
1435 641 1635 711 quibus
1667 642 1734 695 ad

136 731 297 786 omnia
326 747 687 802 prosperans,
715 746 911 785 omnes
940 746 1071 785 suos
1096 737 1470 785 antecessores
1503 748 1733 802 preces—

133 822 209 876 sit.
240 822 399 888 Cujus
429 820 702 876 bonitatis
733 827 787 875 et
824 820 1292 895 magnanimitatis
1332 821 1473 875 fama
1518 822 1572 875 in
1614 839 1730 877 om-

134 910 277 964 nibus
308 925 452 980 pene
485 909 751 985 gentibus
777 909 951 980 patuit
988 909 1229 963 dilatata.
1264 908 1407 964 Obiit
1448 910 1734 966 Mauricius

133 1005 358 1073 inceptor
388 1004 799 1059 Londoniensis
826 1005 1079 1060 ecclesie.
1116 1013 1171 1059 et
1208 1005 1449 1079 Edgarus
1480 1022 1568 1061 rex
1602 1008 1735 1063 Sco-

135 1095 214 1161 tie,
259 1094 343 1148 cui
387 1095 661 1150 successit
705 1095 1018 1150 Alexander
1061 1094 1229 1149 frater
1272 1111 1423 1161 suus,
1468 1112 1733 1151 concessu

133 1189 257 1261 regis
280 1188 519 1245 Henrici.
560 1190 779 1258 (Sicca)
820 1190 1172 1246 Boamundus
1207 1190 1466 1245 remeavit
1497 1191 1564 1245 de
1610 1190 1735 1244 Gal-

136 1281 194 1335 lia
219 1280 272 1335 in
295 1282 558 1353 Apuliam
588 1299 711 1338 cum
740 1299 939 1357 magno
980 1283 1241 1347 exercitu,
1265 1289 1319 1336 et
1348 1283 1494 1351 cepit
1524 1290 1732 1337 vastare

133 1372 513 1427 tcrramAlexii
576 1373 925 1453 imperatoris
954 1372 1269 1427 Grecorum.
1319 1372 1583 1427 Henricus
1638 1388 1733 1426 ex-

134 1464 225 1518 dux
263 1464 528 1521 aﬁ'ectans
569 1475 817 1538 repetere
850 1467 1132 1533 ducatum,
1174 1473 1407 1537 occupat
1464 1466 1729 1537 oppidum

134 1559 436 1631 Aquisgrani
468 1564 664 1614 contra
703 1558 1055 1614 Godefridum
1096 1558 1313 1614 ducem.
1346 1558 1452 1612 Sed
1486 1558 1592 1613 hoc
1623 1574 1730 1613 non

133 1649 297 1706 ferens
327 1651 682 1718 Godefridus,
716 1651 980 1722 oppidum
1012 1653 1266 1723 Aquense
1292 1650 1566 1707 violenter
1589 1652 1731 1705 irru-

989 245 1337 302 CHHONICA.
1383 277 1440 284 —
1487 246 1864 302 AUCTAHIUM
1908 248 2187 304 ROBEHTI
2233 251 2313 305 DE
2357 252 2599 310 MONTE.

3355 268 3461 325 430

1762 377 1807 440 Α
1839 371 1941 437 nit,
1982 381 2035 426 et
2065 373 2215 443 quod
2245 391 2372 428 vera
2414 375 2549 431 ﬁdes
2580 379 2647 433 de
2681 380 2790 435 Deo
2813 385 2997 452 sentit,
3035 386 3338 445 invincibili
3372 408 3462 446 ra-

1842 461 1990 516 tione
2048 462 2127 517 sic
2174 480 2276 519 nec
2305 466 2465 521 aliter
2510 484 2631 523 esse
2694 488 2855 541 posse
2911 476 3104 545 probat
3149 487 3203 535 et
3242 483 3457 537 astruit.

1840 552 2154 624 Composuit
2206 557 2368 611 etiam
2430 558 2629 615 librum
2678 571 2911 631 sextum,
2968 568 3095 624 licet
3145 574 3456 642 parvulum,

1837 642 1932 696 sed
1995 647 2390 701 sententiarum
2448 665 2510 704 ac
2558 651 2916 709 subtilissime
2974 662 3458 731 contemplationis

1841 735 2087 803 pondere
2117 754 2400 808 magnum,
2435 758 2598 812 quem
2628 746 2929 814 proslogion
2952 749 3275 809 nominavit.
3303 754 3454 809 Allo-

1837 828 2024 898 quitur
2073 833 2216 886 cnim
2253 833 2304 888 in
2363 852 2429 891 eo
2466 853 2633 907 Opere
2664 847 2756 894 aut
2801 857 2859 896 se
2900 842 3076 912 ipsum
3112 853 3204 900 aut
3261 847 3432 901 Deum

1835 916 2062 988 Scripsit
2093 928 2145 975 et
2181 923 2479 993 septimum
2512 927 2711 983 librum
2752 930 3106 1000 epistolarum
3161 936 3226 989 ad
3264 936 3455 991 diver-

1835 1024 1946 1076 sos,
1981 1011 2211 1068 diversis
2242 1032 2432 1072 eorum
2469 1020 2705 1093 negotiis
2733 1025 3098 1094 respondens,
3131 1028 3218 1083 vel
3256 1044 3320 1083 ea
3350 1046 3457 1101 que

1836 1118 1933 1157 sua
1968 1103 2268 1162 intererant
2300 1128 2593 1180 procurare
2625 1117 2911 1173 mandans.
2951 1120 3099 1175 Fecit
3129 1132 3182 1177 et
3203 1133 3452 1178 octavum

1836 1195 1903 1248 de
1936 1195 2312 1255 incarnatione
2354 1203 2542 1271 Verbi;
2593 1208 2741 1277 quod
2781 1224 2923 1281 opus
2976 1212 3258 1283 epistolari
3314 1216 3453 1287 stle

1833 1289 2222 1360 conscriptum,
2266 1303 2452 1350 sancte
2495 1298 2736 1353 Romane
2776 1302 3010 1357 ecclesic
3069 1320 3283 1361 summo
3315 1323 3455 1378 pon-

1836 1375 1964 1431 tiﬁci
1998 1378 2213 1437 Urbano
2247 1384 2467 1454 dicavit,
2501 1386 2819 1444 destinavit.
2861 1390 3075 1448 Nonum
3106 1375 3453 1452 librum—edi-

1834 1469 1933 1538 dit,
1987 1490 2147 1544 quem
2179 1480 2288 1531 Cur
2310 1484 2445 1534 Deus
2496 1483 2646 1536 homo
2669 1484 2995 1555 :appellavit,
3059 1488 3340 1545 Decimum
3383 1491 3451 1545 de

1833 1576 2100 1634 conceptu
2137 1567 2419 1643 Virginali.
2458 1572 2819 1630 Undecimum
2853 1578 2921 1632 de
2952 1580 3296 1637 orationibus
3316 1599 3449 1639 con-

1834 1655 2184 1724 templavitis,
2220 1649 2379 1731 quem
2431 1664 2653 1733 plurimi
2698 1669 3068 1726 meditationes
3107 1681 3337 1740 vocant;
3394 1677 3448 1730 in

133 1744 216 1813 pit,
249 1743 562 1814 oppidanos
615 1760 646 1798 a
686 1718 873 1799 favore
907 1718 1123 1800 Henrici
1181 1744 1411 1799 exducis
1442 1745 1727 1810 exterruit,
1759 1718 2037 1812 Bqnibus
2090 1718 2404 1821 legentibus
2433 1718 2622 1808 Ifacile
2681 1767 2909 1827 apparet
2949 1768 3153 1830 quanta
3213 1718 3448 1821 dulcedo

133 1832 320 1903 aliquos
346 1840 608 1903 potentes
654 1833 885 1888 comites
916 1841 971 1888 et
1019 1834 1223 1889 multos
1282 1834 1501 1889 nobiles
1556 1838 1720 1907 cepit.

135 1922 237 1992 Ipse
263 1922 525 1980 Henricus
554 1940 680 1980 cum
710 1922 838 1979 ﬁliis
886 1924 1004 1978 suis
1042 1925 1128 1979 vix
1183 1925 1308 1997 fuga
1348 1926 1539 1982 evasit.
1585 1927 1720 1983 Uxo-

131 2029 224 2068 rem
256 2014 369 2082 ejus
406 2031 614 2087 capere
672 2016 782 2070 dux
821 2016 1107 2091 indignum
1165 2017 1337 2073 duxit.
1398 2018 1631 2076 Comites
1669 2027 1723 2076 et

133 2103 488 2160 honoratiores
519 2120 714 2161 eorum
766 2122 907 2177 quos
948 2116 1191 2178 ceperat,
1222 2124 1319 2179 per
1347 2110 1721 2165 conditionem

130 2194 215 2248 sub
237 2212 291 2251 se
313 2196 587 2252 militandi
619 2198 724 2253 sibi
758 2199 1098 2267 conciliatos,
1131 2200 1198 2255 ad
1224 2200 1544 2258 ﬁdelitatem
1568 2221 1719 2259 suam

134 2285 344 2342 adduxit.

190 2376 327 2432 1108.
378 2381 647 2434 Henricus
681 2379 737 2432 2.
806 2381 1079 2450 Philippus
1119 2382 1207 2437 48.
1264 2386 1524 2438 Henricus
1578 2388 1605 2436 Ι
1663 2384 1714 2437 8.

190 2466 359 2533 (Hum.
403 2470 516 2534 vn.)
557 2466 823 2522 Henricus
858 2486 950 2522 rex
972 2470 1269 2543 Anglorum
1348 2487 1469 2526 cum
1521 2471 1717 2527 deces-

133 2555 264 2611 sisset
290 2557 575 2629 Philippus
607 2575 698 2612 rex
734 2560 1093 2627 Francorum,
1119 2563 1331 2616 transiit
1362 2562 1416 2617 in
1446 2563 1716 2618 Norman-

135 2648 274 2715 niam,
326 2656 513 2704 contra
582 2650 919 2705 Ludovicum
970 2650 1141 2707 ﬁlium
1214 2653 1469 2725 Philippi,
1527 2671 1711 2730 regem

132 2752 301 2792 novum
336 2738 590 2805 Francie,
620 2756 851 2794 werram
895 2756 1224 2812 promovens
1266 2745 1576 2799 maximam.
1607 2746 1714 2799 Ge-

134 2828 265 2883 rardo
301 2828 630 2884 Eboracensi
661 2829 1080 2902 archiepisc0po
1138 2833 1421 2901 defuncto,
1479 2834 1715 2889 Thomas

135 2927 294 2987 postea
330 2921 615 2976 successit.
650 2922 875 2993 (SIGEB.)
907 2922 1169 2979 Henricus
1200 2925 1498 2996 imperator
1524 2936 1715 2982 contra

134 3009 390 3067 Robertum
432 3013 827 3069 Flandrensem
868 3016 1034 3085 vadit,
1068 3025 1122 3070 et
1161 3024 1319 3087 pacto
1360 3019 1511 3089 pacis
1542 3020 1716 3092 magis

132 3106 351 3177 utrinque
403 3107 667 3162 simulato
697 3123 859 3179 quam
893 3109 1219 3179 composito,
1262 3127 1405 3181 pene
1459 3111 1713 3167 inefﬁcax

133 3194 285 3250 rediit.
318 3196 672 3252 Boamundus
711 3197 821 3251 dux
870 3197 1063 3268 Apulie
1103 3206 1380 3255 contracto
1426 3202 1712 3257 undecun-

133 3302 220 3355 que
253 3289 479 3345 exercitu
520 3289 835 3361 accingitur
881 3289 948 3343 ad
990 3289 1359 3347 invadendum
1401 3292 1714 3349 Constanti-

134 3380 473 3449 n0politanum
514 3381 830 3453 imperium.

148 3494 155 3499 -
191 3471 326 3525 1109.
619 3471 676 3527 3.

1740 3072 1787 3137 (ἶ

963 3472 1050 3528 49.

191 3561 359 3632 (llum.
385 3569 501 3636 vn.)
530 3566 683 3621 Missi
712 3576 843 3622 sunt
895 3583 926 3621 a
958 3566 1192 3623 Henrico
1247 3569 1575 3640 imperatore
1607 3571 1716 3627 Ro-

139 3670 271 3711 mano
300 3659 494 3725 nuntii,
536 3658 687 3714 mole
716 3660 962 3730 corporis
1000 3669 1054 3714 et
1095 3661 1274 3715 cultus
1323 3663 1715 3733 splendoribus

137 3746 450 3812 excellentes,
480 3748 653 3803 ﬁliam
683 3750 829 3821 regis
855 3749 1153 3824 Anglorum
1182 3752 1469 3807 llenriciin
1500 3753 1709 3808 domini

136 3833 202 3885 sui
241 3837 548 3911 coniugium
605 3837 964 3907 postulantes.
1012 3839 1228 3895 Tenens
1285 3840 1454 3916 igitur
1504 3842 1707 3897 curiam

136 3925 251 3993 apud
281 3926 640 3996 Londoniam,
682 3946 790 4001 qua
840 3946 1117 4002 nunquam
1155 3931 1588 4003 splendidiorem
1624 3940 1708 3988 te-

131 4022 310 4083 nuerat,
337 4027 682 4074 sacramenta
724 4019 1084 4090 dcpostulans
1122 4020 1190 4076 ab
1247 4020 1594 4093 imperatoris
1624 4040 1710 4079 re-

131 4106 249 4175 cepit
294 4108 482 4185 legatis
533 4111 604 4166 ad
645 4118 1024 4183 pentecosten.
1062 4115 1281 4181 (Gemm.
1334 4130 1410 4183 vi,
1460 4115 1538 4186 9.)
1567 4114 1711 4170 Obiit

132 4200 423 4258 venerabilis
442 4203 711 4259 memorie
743 4204 962 4259 donnus
983 4205 1272 4261 Anselmus
1302 4206 1710 4262 Cantuariensis

131 4286 543 4364 archiepiscopus
587 4293 674 4348 11.
733 4292 1005 4348 Kalendas
1069 4293 1214 4363 Maii,
1271 4294 1407 4350 feria
1464 4297 1519 4361 4,
1578 4303 1705 4351 ante

132 4387 287 4433 cenam
314 4381 548 4438 Domini.
583 4382 708 4453 Ipso
749 4398 895 4438 anno
922 4382 1023 4438 fuit
1063 4383 1313 4439 ultimum
1348 4386 1572 4456 pascha,
1607 4386 1708 4442 hoc

131 4468 240 4521 est?
271 4470 374 4527 Kal.
408 4473 535 4528 Mai.
593 4473 820 4545 Scripsit
865 4490 997 4530 vero
1046 4474 1192 4530 idem
1242 4477 1325 4531 vir
1375 4479 1708 4534 reverendus

132 4566 365 4621 nonnulla
392 4566 662 4623 memorie
691 4567 880 4642 digna,
913 4584 1023 4640 que
1053 4570 1249 4625 subtus
1288 4581 1584 4627 annectere
1608 4589 1708 4627 cu-

132 4654 354 4714 ravimus.
386 4661 523 4716 Dum
553 4660 733 4718 adhuc
762 4662 914 4732 prior
939 4668 1084 4717 esset
1131 4662 1185 4716 in
1238 4664 1497 4718 Beccensi
1538 4680 1707 4720 ceno-

131 4740 223 4813 bio,
274 4751 480 4822 scripsit
527 4759 794 4809 tractatus
832 4762 970 4808 tres:
1033 4754 1270 4825 primum
1327 4755 1397 4810 de
1455 4757 1704 4823 veritate,

130 4840 391 4896 secundum
432 4844 499 4898 de
532 4844 783 4900 libertate
804 4844 1038 4912 arbitrii,
1066 4846 1294 4901 tercium
1328 4846 1395 4901 de
1423 4863 1551 4905 casu
1584 4848 1706 4903 dia-

132 4920 237 4979 boli.
264 4928 482 5002 Scripsit
513 4939 567 4987 et
595 4941 867 5004 quartum,
912 4951 1076 5005 quem
1119 4935 1352 4990 tilulavit
1405 4941 1473 4990 De
1527 4954 1708 5006 gram-

134 5020 320 5085 matico;
353 5021 402 5074 in
436 5037 544 5093 quo
569 5022 864 5093 discipulo,
917 5039 1079 5095 quem
1114 5039 1300 5079 secum
1333 5025 1701 5096 disputantem

131 5097 409 5175 introducit,
441 5112 752 5180 respondit,
792 5119 847 5167 et
878 5112 1075 5167 multas
1125 5114 1441 5170 dialecticas
1470 5115 1538 5150 5‘7
1569 5132 1704 5187 que-

131 5191 306 5251 stiones
322 5202 575 5272 proponit
595 5204 842 5261 etsolvit.
866 5204 1252 5277 Fecitquoque
1271 5204 1519 5259 libellum
1539 5206 1703 5278 quin-

132 5284 242 5349 tum,
267 5304 417 5358 quem
472 5293 1163 5366 monologionappellavit;
1220 5294 1372 5351 solus
1424 5298 1571 5351 enim
1637 5314 1703 5354 eo

132 5372 174 5418 et
193 5384 355 5430 secum
377 5379 638 5452 loquitur,
672 5398 736 5437 ac
768 5381 932 5438 tacita
958 5383 1108 5439 omni
1158 5383 1486 5439 auctoritate
1520 5386 1707 5442 divine

131 5458 384 5534 scripture,
415 5470 563 5541 quod
590 5471 734 5527 Deus
761 5471 852 5539 sit,
879 5472 1000 5528 sola
1020 5470 1236 5527 ratione
1257 5473 1511 5543 queritet
1541 5475 1704 5531 inve--

1338 3475 1373 3528 9

1729 4351 1782 4417 D

1827 1851 2195 1907 supernorum
2235 1851 2477 1900 mentem
2526 1848 2646 1916 ejus
2689 1851 3015 1921 repleverat.
3058 1856 3445 1926 Duodecimus,

1826 1925 1919 1996 qui
1976 1936 2030 1981 et
2068 1929 2292 1986 ultimus
2336 1933 2412 1989 illi
2469 1943 2731 1994 tractatus
2781 1940 2902 2009 fuit,
2959 1943 3028 1998 de
3089 1925 3446 2014 processione

1824 2014 2057 2085 Spiritus
2088 2022 2282 2075 sancti.
2326 2022 2711 2082 Confutaverat
2760 2030 2909 2084 enim
2974 2031 3174 2088 Grecos
3234 2035 3290 2088 in
3342 2038 3444 2090 Ba-

1828 2111 1969 2162 rensi
2022 2112 2280 2181 concilio,
2340 2126 2604 2189 negantes
2644 2120 2907 2190 Spiritum
2948 2132 3197 2179 sanctum
3231 2144 3260 2181 a
3309 2127 3444 2182 Filio

1826 2202 2152 2270 procedere;
2179 2207 2325 2262 unde
2347 2218 2565 2280 sumpta
2585 2214 2831 2280 materia,
2860 2225 3051 2289 rogatu
3080 2216 3342 2273 lldeberti
3372 2223 3443 2258 δη

1826 2290 2250 2351 Cinomanorum
2291 2300 2537 2371 episc0pi
2584 2303 2731 2358 hunc
2775 2304 2975 2360 librum
3018 2311 3346 2379 composuit.
3384 2314 3437 2367 Si

1823 2385 1891 2439 de
1925 2389 2147 2443 natione
2177 2390 2317 2458 ejus,
2359 2392 2469 2447 vita
2518 2400 2571 2448 et
2603 2396 2850 2451 moribus
2880 2398 3085 2468 qucris,
3119 2400 3440 2471 aliquantu-

1821 2474 1927 2528 lum
1984 2484 2127 2532 retro
2170 2479 2436 2533 invenies.
2482 2482 2698 2550 (διαεη.)
2732 2485 2790 2537 In
2841 2486 3128 2555 parrochia
3185 2489 3435 2561 Legiensi

1818 2579 1982 2632 porca
2011 2566 2169 2619 enixa
2208 2575 2289 2620 est
2326 2568 2626 2637 porcellum
2680 2572 2975 2627 habentem
3018 2574 3214 2630 faciem
3252 2579 3435 2634 homi-

1817 2673 1902 2710 ms
1966 2658 2129 2712 Natus
2158 2667 2238 2713 est
2269 2661 2431 2714 etiam
2470 2663 2652 2732 pullus
2690 2664 2895 2738 galline
2939 2669 3274 2741 quadrupes.
3323 2674 3434 2727 lm-

1817 2753 2038 2814 perator
2070 2747 2333 2803 Henricus
2364 2760 2556 2805 contra
2597 2752 2879 2826 Hungaros
2935 2757 3107 2824 vadit,
3157 2760 3254 2814 sed
3292 2762 3434 2819 facto

1816 2846 1975 2906 pacto
2003 2839 2185 2895 rediit.
2220 2841 2363 2897 Obiit
2391 2843 2631 2898 domnus
2656 2845 2805 2918 Hugo
2831 2847 3000 2902 abbas
3035 2848 3430 2918 Cluniacensis,

1817 2929 1904 2982 cui
1937 2932 2198 2985 successit
2232 2933 2473 2990 Pontius.
2533 2937 2645 2992 Hoc
2692 2953 2837 2993 anno
2879 2955 3035 2995 sacro
3090 2941 3215 3015 igne
3274 2947 3430 3001 multi

1815 3018 2211 3085 accenduntur,
2246 3023 2509 3078 membris
2539 3025 2710 3080 instar
2759 3028 3060 3084 carbonum
3107 3032 3431 3107 nigrescen-

1816 3104 1983 3160 tibus.
2038 3107 2324 3179 Philippus
2382 3128 2475 3165 rex
2529 3113 2857 3170 Francorum
2908 3117 3061 3184 obit;
3119 3104 3430 3176 Ludovicus

1814 3198 1960 3257 ﬁlius
1989 3203 2111 3271 ejus
2136 3215 2258 3275 post
2288 3222 2412 3262 eum
2435 3216 2628 3281 regnat
2649 3211 2809 3266 annis
2838 3211 3031 3287 viginti
3064 3230 3283 3271 novem.

1885 3290 2047 3347 1110.
2237 3295 2289 3347 4.
2474 3298 2763 3354 Ludovicus
2802 3299 2851 3353 1.
3076 3303 3162 3358 10.

1886 3381 2072 3447 (Hum.
2137 3386 2254 3456 vn.)
2294 3387 2426 3442 Data
2460 3399 2545 3444 est
2575 3388 2688 3445 ﬁlia
2721 3393 2866 3466 regis
2905 3393 3224 3467 Anglorum,
3284 3396 3433 3453 Mati-

1816 3471 1901 3526 dis
1946 3475 2190 3543 nomine,
2233 3477 2552 3549 imperatori
2596 3482 2851 3551 Henrico,
2910 3494 2970 3540 ut
3014 3487 3162 3542 brevi
3227 3488 3429 3558 dicam,

1815 3565 1958 3621 sicut
1985 3567 2189 3624 decuit.
2224 3570 2370 3624 Idem
2403 3588 2495 3626 rex
2526 3574 2823 3648 Anglorum
2852 3576 3118 3634 Henricus
3166 3582 3314 3652 cepit
3359 3583 3427 3636 ab

1816 3673 2149 3730 unaquaque
2176 3660 2304 3714 hida
2333 3662 2520 3731 Anglic
2553 3672 2660 3717 tres
2688 3666 2913 3721 solidos.
2950 3668 3193 3741 Cumque
3221 3673 3426 3727 curiam

1811 3768 1961 3807 suam
1993 3752 2260 3808 tenuisset
2286 3755 2351 3808 ad
2387 3764 2743 3826 pentecosten
2776 3760 2921 3829 apud
2963 3777 3157 3817 novam
3189 3764 3430 3821 Winles-

1814 3842 1996 3907 horcs,
2038 3857 2198 3913 quam
2232 3842 2351 3913 ipse
2380 3842 2750 3913 ediﬁcaverat,
2784 3849 3185 3906 cxhereditavit
3215 3869 3312 3908 eos
3333 3857 3426 3925 qui

1810 3931 1860 3985 ei
1884 3941 2208 4000 nocuerant,
2242 3935 2461 3990 scilicet
2491 3935 2800 4007 Philippum
2845 3938 2912 3994 de
2947 3941 3171 4009 Branse,
3204 3951 3259 3999 et
3289 3945 3428 4000 Wil-

1810 4022 2046 4078 lermum
2080 4024 2258 4091 Malet,
2315 4032 2369 4081 et
2398 4026 2743 4083 Willcrmum
2780 4030 3030 4086 Bainard.
3066 4032 3246 4089 Helias
3293 4052 3425 4092 vero

1811 4118 2011 4171 consul
2052 4117 2406 4185 Cenomanib,
2444 4120 2539 4191 qui
2568 4132 2685 4175 eam
2719 4123 2821 4176 sub
2855 4123 3087 4180 Henrico
3114 4141 3243 4200 rege
3270 4136 3425 4184 tene-

1812 4204 1923 4269 bat,
1950 4206 2060 4260 vita
2091 4207 2333 4277 privatus
2364 4216 2465 4263 est.
2489 4210 2550 4263 At
2580 4210 2773 4264 consul
2799 4212 3209 4287 Andegavensis
3238 4215 3421 4281 Fulco,

1810 4303 1963 4365 pater
2010 4296 2276 4365 Gaufridi,
2331 4299 2576 4370 suscepit
2633 4299 3060 4358 Conomanniam
3129 4320 3252 4361 cum
3312 4307 3425 4363 ﬁlia

1810 4388 1952 4456 ejus,
2001 4392 2056 4443 et
2098 4391 2273 4445 tenuit
2301 4407 2420 4445 eam
2450 4399 2639 4447 contra
2671 4410 2856 4468 regem
2892 4396 3206 4455 Henricum.
3253 4402 3427 4472 Appa-

1811 4476 1918 4531 ruit
1951 4477 2187 4548 quedam
2237 4487 2447 4534 cometa
2496 4496 2648 4536 more
2701 4482 2940 4538 insolito.
3002 4483 3132 4540 Cum
3167 4500 3314 4540 enim
3358 4486 3426 4541 ab

1809 4569 2021 4625 oriente
2055 4571 2345 4645 insurgens
2376 4574 2427 4627 in
2476 4573 2883 4631 ﬁrmamentum
2938 4579 3297 4647 ascendisset,
3339 4596 3428 4636 rc-

1807 4663 1963 4737 gredi
1991 4662 2296 4719 videbatur.
2348 4666 2440 4732 (A.
2494 4670 2643 4721 Roth.
2677 4667 2867 4740 1109.)
2896 4669 3039 4726 Obiit
3086 4670 3421 4739 Willermus,

1810 4762 1864 4809 et
1901 4756 2166 4810 successit
2198 4756 2486 4812 Gaufridus
2504 4757 2973 4817 Cenomannensis
3006 4763 3267 4827 decanus,
3297 4766 3427 4820 49'18

1810 4847 2259 4918 archiepiscopus
2288 4849 2744 4924 Rothomagensis
2796 4855 3115 4927 (FULcni-zn.)
3150 4856 3260 4912 ilex
3304 4858 3427 4913 Bal-

1811 4933 2013 4988 duinus
2041 4934 2520 4991 Jerosolimitanus
2572 4939 2720 5008 cepit
2775 4942 2940 4996 urbes
2976 4943 3241 5013 Beritum,
3272 4945 3425 5003 Sido-

1812 5038 1957 5078 nem.
2021 5022 2309 5080 Gibelinus
2348 5024 2409 5080 ﬁt
2469 5027 2670 5081 tercius
2726 5030 3039 5099 patriarcha
3092 5033 3421 5092 Jerusalem.

1809 5116 2031 5185 (SIGEB.)
2061 5117 2118 5170 In
2165 5134 2352 5173 mense
2392 5118 2555 5175 Junio
2603 5129 2851 5181 cometea
2905 5126 3181 5195 apparuit,
3239 5128 3425 5184 radios

1806 5207 2048 5280 dirigens
2072 5209 2140 5263 ad
2167 5218 2432 5279 austrum,
2458 5212 2646 5267 multis
2674 5214 3094 5285 conitientibus,
3128 5218 3230 5273 hoc
3266 5220 3425 5293 signo

1810 5295 2062 5365 portendi
2096 5296 2331 5354 futuram
2364 5301 2511 5374 regis
2542 5300 2759 5358 Heurici
2777 5304 3188 5375 expeditionem
3214 5307 3423 5362 Italiam

1809 5405 2022 5446 VCPSUS.

1444 5598 1662 5653 VARI/13
1702 5600 2078 5657 LECTIONES.

197 5653 249 5686 ⁵⁸⁷
275 5657 553 5718 Dialcticas
578 5669 637 5719 E.
735 5666 801 5699 δ”θ
833 5664 1067 5722 Ιάθδοτιί
1097 5672 1157 5725 Ε·
