3858 6206
395 273 495 326 431

550 418 903 460 ROIANORUM.
1052 417 1370 459 FRANCORUI
1539 417 1849 459 ANGLORUM.

463 494 625 549 1111.
667 495 946 547 Henricus.
979 490 1033 545 5.
1113 492 1422 547 Ludovicus.
1448 490 1501 544 2.
1578 495 1839 547 Henricus
1864 492 1894 545 Ι
1918 490 1999 545 tl.

461 580 645 652 (Hum.
676 582 796 651 vn.)
825 578 1091 635 Henricus
1135 595 1230 634 rex
1260 580 1560 652 Anglorum
1605 586 1660 635 et
1691 580 1798 634 dux
1863 580 2001 634 Nor-

387 684 740 736 mancorum,
769 682 1030 742 pergens,
1060 666 1115 720 in
1149 666 1536 723 Normanniam
1584 676 1775 723 contra
1801 683 2005 723 consu-

388 764 498 819 lem
519 762 973 838 Andegavensem
1011 760 1329 829 Fuleonem,
1370 762 1463 835 qui
1516 761 1906 818 Cenomaniam
1934 777 2000 818 eo

1607 271 1947 327 SIGEBERTI
1998 271 2505 330 GEMBLACENSIS.

3622 290 3723 347 432

2030 406 2078 473 Α
2105 403 2477 461 celebratione
2510 408 2676 463 misse
2708 410 2948 466 traderet
2985 412 3036 466 ei
3072 428 3278 484 corpus
3311 420 3366 470 et
3405 417 3726 488 sanguinem

2105 493 2318 549 Domini
2353 497 2523 552 nostri
2571 499 2702 553 Jesu
2735 498 2963 556 Christi:
2997 507 3217 559 Domine
3274 509 3592 575 imperator,
3643 512 3732 565 hoc

2103 602 2290 656 corpus
2334 594 2547 645 Domini
2574 599 2771 647 natum
2798 609 2866 648 es:
2916 599 3087 650 Maria
3120 600 3349 666 virgine,
3402 615 3630 669 passum
3677 605 3734 656 in

2103 694 2260 734 cruce
2294 696 2390 749 pro
2418 682 2587 748 nobis,
2636 686 2775 738 sicut
2801 692 2997 741 sancta
3021 693 3073 741 et
3118 689 3410 756 apostolica
3461 695 3609 745 tenet
3653 706 3736 745 ec—

2109 774 2287 839 c’esia,
2319 775 2510 830 damus
2538 776 2636 831 tibi
2672 780 2732 832 in
2768 781 3237 845 conﬁrmationem
3264 796 3389 837 vere
3414 786 3571 853 pacis
3597 786 3737 840 inter

392 856 619 912 tenebat
650 854 845 922 invito,
889 869 1066 910 werre
1090 854 1243 927 leges
1286 854 1342 908 in
1375 870 1502 910 eum
1534 854 1680 911 ferro
1707 863 1762 911 et
1792 855 2008 910 flamma
2106 878 2194 918 me
2214 871 2265 918 et
2292 871 2359 919 te.
2393 865 2581 920 Datum
2622 873 2707 922 est
2737 868 2867 923 ldus
2899 869 3119 941 Aprilis,
3152 870 3463 928 indictione
3494 874 3551 930 4.

390 954 713 1003 constanter
744 944 1271 1002 exercuit.Decessit
1298 951 1480 999 autem
1516 944 1786 1001 Robertus
1814 945 2008 1001 consul

391 1038 665 1101 Flandrie,
719 1038 813 1109 qui
851 1036 1297 1092 Jerosolimitano
1329 1036 1666 1091 clarissimus
1689 1035 2008 1091 interfuerat

389 1133 569 1189 itineri
628 1132 783 1187 Unde
811 1130 1079 1186 memoria
1105 1130 1227 1198 ejus
1269 1146 1381 1186 non
1414 1130 1745 1201 perlransiet
1783 1132 1838 1185 in
1870 1139 2009 1187 eter-

388 1239 538 1279 num.
573 1222 699 1277 Post
727 1238 890 1293 quem
926 1219 1241 1282 Bulduinus,
1277 1220 1424 1274 filius
1474 1221 1614 1289 ejus,
1646 1220 1839 1276 consul
1872 1219 2004 1275 eﬂ'e-

385 1322 504 1371 etus
557 1312 907 1382 est,juvenis
959 1312 1186 1368 omnino
1234 1319 1492 1367 strenuus
1542 1312 1708 1367 armis
1770 1312 1998 1383 (SIGEB)

386 1406 647 1462 Henricus
676 1406 974 1476 imperator
1000 1404 1222 1460 Romam
1257 1403 1403 1459 vadit
1431 1410 1661 1475 propter
1691 1403 1992 1459 sedandam

385 1494 742 1561 discordiam,
771 1509 881 1565 que
912 1499 1029 1547 erat
1050 1493 1194 1549 inter
1243 1508 1477 1568 regnum
1510 1499 1566 1547 et
1608 1492 1995 1548 sacerdotium.

388 1587 503 1652 Que
532 1594 741 1656 ceptaa
781 1585 941 1640 beato
981 1584 1245 1658 Gregorio
1282 1585 1516 1655 septimo
1548 1600 1689 1655 papa
1730 1584 1995 1651 Romano,

385 1679 551 1751 quiet
573 1677 996 1741 Hildebrandus,
1019 1684 1074 1731 et
1090 1676 1360 1750 exagitata
1380 1692 1411 1729 a
1441 1676 1856 1731 successoribus
1882 1677 2002 1747 ejus

385 1771 601 1826 Victore
644 1777 699 1824 et
721 1768 961 1835 Urbano,
980 1777 1035 1823 et
1058 1784 1153 1838 pre
1175 1767 1434 1825 omnibus
1452 1783 1481 1820 a
1511 1767 1782 1835 Paschali,
1806 1784 2004 1844 magna

2254 956 2411 1011 1112.
2665 958 2698 1013 6
2975 962 3029 1017 3.
3289 964 3379 1020 12.

2179 1045 2497 1113 (Perenna)
2532 1047 2774 1104 Mortuus
2802 1057 2886 1105 est
2917 1050 3274 1107 Tanchredus
3304 1054 3470 1108 miles
3501 1053 3735 1110 fortissi-

2108 1157 2249 1203 mus,
2282 1143 2376 1212 qui
2415 1149 2621 1197 tantam
2650 1144 2798 1199 auxit
2830 1146 3198 1217 principatum
3243 1149 3653 1205 Antiochenum
3682 1158 3735 1206 et

2109 1229 2372 1298 dilatavit,
2406 1232 2555 1303 quod
2592 1248 2788 1288 omnes
2835 1251 3187 1292 successores
3228 1239 3611 1310 nequiverunt
3650 1257 3736 1296 re—

2106 1318 2305 1387 linere,
2337 1322 2485 1392 quod
2514 1322 2604 1377 ille
2635 1325 2947 1397 acquisivit.
2989 1326 3122 1383 Huic
3158 1328 3426 1383 successit
3466 1328 3735 1401 Rogerius

2103 1411 2247 1466 filius
2278 1412 2518 1481 Ricardi,
2548 1416 2896 1488 prepinquus
2930 1418 3071 1487 ejus.
3097 1419 3323 1486 (Sicca)
3349 1419 3461 1475 Deo
3490 1423 3737 1491 peccatis

2101 1499 2384 1556 hominum
2419 1502 2651 1572 oﬂ'enso,
2684 1507 2919 1562 ecclesia
2950 1509 3126 1563 sancti
3159 1508 3444 1565 Michaelis
3471 1510 3545 1565 de
3577 1511 3729 1581 peri-

2098 1589 2223 1645 culo
2266 1592 2435 1646 maris
2481 1591 2753 1665 fulgurata
2808 1595 3073 1651 divinitus
3126 1597 3261 1652 arsit
3318 1613 3444 1652 cum
3492 1597 3732 1654 ediﬁeiis

2029 1728 2079 1796 Β
2101 1684 2379 1741 omnibus.
2410 1686 2597 1742 lHUNT.
2637 1689 2768 1759 vn.)
2807 1689 2921 1745 Rex
2946 1691 3243 1764 Anglorum
3292 1690 3569 1749 Henricus
3603 1710 3732 1750 exu-

2105 1776 2233 1830 lavit
2259 1777 2540 1833 consulem
2583 1779 2969 1837 Ebroieensem
3012 1790 3066 1837 et
3112 1782 3458 1840 Willermum
3516 1786 3727 1858 Crispi-

384 1861 646 1916 scandalo
686 1866 803 1914 erat
833 1859 930 1914 toti
972 1858 1199 1915 mundo.
1239 1859 1350 1914 Rex
1381 1858 1525 1913 enim
1560 1859 1636 1912 uti
1668 1859 1859 1915 volens
1902 1876 2002 1915 au-
2103 1885 2233 1923 num
2275 1870 2628 1938 Nox-mammia,
2682 1874 2942 1945 cepitque
2994 1874 3292 1931 Robermm
3352 1877 3422 1932 de
3453 1877 3727 1947 Βεειεςηηρν

384 1955 635 2012 ctoritate
663 1960 718 2009 et
754 1953 1160 2010 consuetudine
1191 1963 1246 2008 et
1302 1954 1673 2009 auctoralibus
1701 1954 2002 2030 privilegiis
2102 1958 2169 2012 de
2201 1974 2309 2032 qno
2337 1976 2502 2030 supra
2529 1960 2786 2015 diximus.
2837 1961 3063 2032 (SIGEB.)
3093 1962 3375 2019 Valdricus
3426 1967 3729 2039 episcopus

384 2051 800 2121 imperatorum,
840 2049 935 2120 qui
975 2064 1006 2102 a
1038 2047 1237 2103 Karolo
1277 2046 1495 2120 Magno,
1548 2049 1641 2121 qui
1683 2049 1892 2119 primus
1931 2050 1999 2105 de
2102 2050 2500 2119 Laudunensis,
2533 2052 2682 2108 cives
2723 2052 2898 2124 ipsius
2942 2053 3098 2109 urbis
3128 2071 3160 2111 a
3209 2066 3563 2115 sacramento
3594 2075 3725 2131 per-

384 2140 608 2213 regibus
640 2138 965 2193 Francorum
1001 2136 1291 2207 imperavit
1324 2136 1602 2201 Romanis,
1626 2138 1739 2207 jam
1775 2147 2001 2208 pertre-

380 2237 572 2286 centos
602 2238 656 2285 et
691 2244 757 2284 eo
788 2227 1026 2299 amplius
1049 2243 1227 2282 annos
1270 2228 1674 2298 imperaverant
1700 2229 1801 2283 sub
1832 2246 1995 2286 sexa—

378 2323 533 2397 ginta
558 2320 735 2375 tribus
772 2319 1114 2390 apostolicis,
1147 2319 1314 2375 dabat
1360 2319 1510 2375 licite
1550 2320 1906 2393 episcopatus
1945 2329 1998 2377 et

379 2414 650 2479 abbatias,
684 2419 737 2467 et
770 2428 866 2483 per
895 2412 1121 2467 anulum
1150 2421 1203 2466 et
1235 2428 1334 2483 per
1364 2412 1591 2486 virgam.
1629 2414 1827 2469 (.ontra
1860 2416 1997 2470 hanc

378 2511 648 2579 majorum
672 2507 1053 2564 auctoritatem
1094 2507 1398 2563 censebant
1445 2524 1585 2579 pape
1616 2511 1868 2580 synodali
1895 2512 1994 2583 ju-

378 2603 543 2666 dicio,
577 2617 682 2656 nec
709 2615 868 2670 posse
910 2615 1015 2654 nec
1041 2599 1247 2654 debere
1277 2599 1393 2657 dari
1421 2616 1519 2675 per
1543 2601 1750 2674 virgam
1782 2602 1866 2657 vel
1901 2619 2000 2673 per

376 2696 600 2752 anulum
623 2695 1005 2767 episc0patum
1037 2701 1131 2748 aut
1160 2693 1398 2765 aliquam
1438 2694 1864 2750 ecclesiasticam
1906 2695 1994 2749 in-

375 2789 698 2843 vestituram
726 2804 757 2841 a
789 2785 970 2842 laieali
1010 2801 1196 2840 manu.
1231 2787 1294 2839 At
1322 2786 1641 2858 quicunque
1674 2787 1745 2842 ita
1774 2787 1990 2857 episco-

375 2889 563 2952 patum
591 2886 685 2935 aut
712 2879 876 2934 aliam
907 2877 1263 2934 ecclesiastici
1303 2879 1444 2945 juris
1484 2879 1866 2934 investituram
1899 2896 1991 2936 ac-

372 2972 675 3043 cipiebant,
717 2968 1357 3025 excommunicabantur.
1412 2968 1639 3038 Propter
1671 2970 1810 3025 hanc
1857 2986 1986 3040 pre-

368 3060 532 3130 cipue
572 3074 795 3114 causam
834 3058 1135 3128 imperator
1152 3056 1378 3111 Romam
1407 3057 1688 3111 tendebat.
1727 3058 1785 3112 Et
1814 3058 1860 3112 si
1890 3059 1982 3130 qui

2100 2160 2287 2214 peram
2315 2144 2499 2211 jurate
2530 2145 2939 2201 communionis
2998 2163 3254 2203 revocare
3284 2149 3460 2218 nisus,
3508 2168 3543 2206 a
3580 2152 3733 2207 sedi-

2099 2237 2256 2291 tiosis
2280 2238 2347 2291 ad
2365 2254 2516 2292 arma
2545 2239 3006 2295 concurrentibus
3047 2241 3219 2312 (quod
3249 2241 3400 2298 dictu
3439 2244 3601 2300 nefas
3627 2247 3730 2315 est)

2099 2328 2284 2400 gladio
2312 2327 2604 2383 confossus
2630 2328 2860 2396 interiit,
2896 2330 3033 2386 feria
3065 2332 3112 2387 5.
3150 2332 3464 2388 ebdomade
3498 2337 3731 2405 pascha-

2100 2417 2165 2471 lis
2209 2420 2259 2471 7.
2328 2417 2439 2471 Kal.
2477 2417 2600 2484 Mai,
2665 2418 2721 2472 in
2789 2418 2994 2473 letania
3050 2420 3275 2488 majore.
3336 2422 3730 2480 Tumultuante

2100 2505 2260 2559 etiam
2307 2505 2518 2575 impetu
2550 2504 2777 2560 confuse
2819 2507 3211 2574 multitudinis,
3252 2509 3453 2565 domus
3481 2514 3732 2583 episcopi

2098 2598 2476 2663 succenditur;
2516 2598 2663 2653 unde
2694 2599 2859 2654 etiam
2890 2600 3010 2671 ipsa
3054 2607 3230 2657 mater
3268 2603 3510 2659 ecclesia
3539 2613 3730 2661 sancte
3804 2617 3810 2623 ‘

2097 2690 2281 2745 Marie.
2312 2697 2368 2745 et
2391 2690 2566 2744 sancti
2598 2690 2865 2745 Johannis
2892 2691 3130 2763 baptiste
3159 2693 3395 2749 ecclesia
3423 2695 3481 2749 in
3509 2696 3729 2753 abbatis

2092 2779 2615 2839 sanctimonialium.
2648 2796 2770 2833 eum
2800 2779 2923 2834 aliis
2962 2780 3218 2836 ecclesiis
3243 2783 3512 2839 omnibus
3565 2801 3597 2840 e
3636 2786 3724 2841 vi-

2090 2873 2215 2928 cino
2243 2871 2711 2943 appendcntibns,
2743 2879 3183 2930 concrementur.
3222 2873 3279 2928 In
3308 2883 3528 2931 actores
3557 2877 3716 2933 sedi-

2088 2964 2254 3019 tionis
2292 2980 2322 3016 a
2362 2979 2491 3035 rege
2522 2963 2850 3018 Francorum
2888 2969 2996 3017 tam
3021 2979 3212 3020 severe
3240 2973 3325 3021 est
3353 2966 3719 3038 vindicatum,

2086 3060 2146 3107 ut
2186 3059 2292 3106 tam
2327 3062 2612 3122 presentes
2643 3069 2805 3124 quam
2848 3052 3063 3110 futuros
3091 3071 3123 3109 a
3153 3055 3321 3110 simili
3354 3058 3573 3115 scelere
3613 3060 3715 3115 de-

370 3150 856 3226 Langobardorum
887 3162 1111 3220 quoquo
1140 3146 1306 3202 modo
1338 3147 1389 3202 ei
1420 3147 1675 3203 resistere
1706 3148 1986 3219 volebant,
2016 3142 2063 3168 υ
2091 3153 2297 3201 terrere
2333 3144 2507 3217 pessit
2531 3146 2844 3218 exemplum
2874 3148 2963 3202 “9.

369 3247 627 3312 potenter
652 3254 749 3294 eos
803 3234 1143 3308 proterebat.
1191 3236 1250 3289 ln
1284 3236 1737 3291 reconciliatione
1778 3245 1986 3306 autem,

368 3344 476 3400 que
530 3326 672 3382 facta
702 3335 787 3382 est
826 3325 972 3379 inter
1010 3324 1400 3394 imperatorem
1442 3332 1497 3380 et
1534 3342 1734 3396 papam
1771 3357 1825 3365 —
1860 3344 1984 3382 nam

369 3421 548 3493 ipsum
580 3434 778 3491 papam
811 3413 935 3474 eum
956 3416 1237 3488 episc0pis
1276 3426 1331 3471 et
1359 3417 1736 3497 eardinalibus
1767 3428 1986 3491 ceperat

366 3545 438 3556 —
487 3513 580 3567 die
620 3511 826 3583 pasche
874 3509 1105 3564 Henrico
1149 3508 1203 3562 in
1262 3509 1648 3580 imperatorem
1703 3510 1987 3577 coronato,

370 3611 498 3677 post
536 3604 736 3659 lectum
767 3600 1130 3675 ewangelium
1163 3600 1388 3655 tradidit
1430 3601 1480 3656 ei
1515 3617 1657 3673 papa
1687 3602 1986 3669 Paschalis,

370 3694 465 3767 qui
498 3701 554 3748 et
582 3690 925 3766 Raginerius,
959 3696 1085 3744 ante
1115 3690 1287 3744 altare
1318 3690 1692 3761 apostolorum
1737 3691 1877 3747 Petri
1932 3703 1988 3749 et

369 3783 520 3840 Pauli
554 3783 610 3837 in
640 3780 815 3838 oculis
856 3779 1102 3835 omnium
1146 3778 1482 3850 principum,
1526 3780 1876 3852 privilegium
1910 3781 1980 3837 de

365 3876 687 3931 investitura
732 3872 1150 3944 episcopatuum
1196 3872 1284 3926 vel
1345 3871 1706 3937 abbatiarum,
1741 3881 1848 3927 tam
1883 3889 1982 3945 per

363 3967 589 4021 anulum
621 3978 782 4035 quam
813 3978 913 4034 per
941 3961 1170 4032 virgam,
1193 3958 1408 4015 scilicet
1431 3970 1489 4015 ut
1521 3961 1676 4034 regni
1706 3962 1826 4028 ejus
1849 3962 1978 4034 epi-

361 4056 545 4127 scopis
570 4056 655 4110 vel
680 4052 987 4112 abbatibus.
1029 4050 1205 4105 libere
1238 4050 1773 4120 preterviolentiam
1807 4059 1861 4107 et
1899 4053 1978 4108 si-

359 4145 600 4202 moniam
631 4141 846 4206 electis,
878 4139 1260 4196 investituram
1293 4138 1444 4213 virge
1503 4146 1558 4193 et
1605 4140 1755 4194 anuli
1788 4140 1980 4196 confe-

360 4248 473 4306 rat;
503 4246 627 4311 post
649 4236 1013 4293 investionem
1043 4249 1175 4289 vero
1204 4233 1470 4288 canonice
1499 4235 1975 4293 consecrationem

359 4331 599 4405 accipiat
626 4330 695 4385 ab
719 4328 1008 4400 episc0po,
1035 4326 1104 4381 ad
1131 4341 1295 4398 quem
1323 4325 1647 4397 pertinuerit
1674 4326 1973 4386 confirma-

2233 3233 2374 3287 1113
2650 3234 2703 3288 7.
2958 3235 3013 3289 4.
3269 3235 3359 3294 13.

2161 3324 2347 3395 (Hum.
2378 3343 2451 3379 vu
2480 3325 2493 3397 )
2520 3326 2673 3381 Anno
2705 3327 2979 3397 sequenti.
3012 3341 3123 3382 non
3156 3329 3429 3399 presenti,
3462 3329 3722 3387 Henricus

2089 3434 2181 3471 rex
2212 3402 2507 3492 Anglorum
2530 3417 2685 3472 dedit
2714 3418 3255 3490 archiepiscopatum
3278 3420 3577 3478 Cantuarie
3606 3423 3717 3479 Ro-

2092 3505 2243 3561 dulfo
2282 3507 2544 3577 episcopo
2596 3507 2997 3562 ReveCeastrie.
3040 3508 3191 3564 Tunc
3231 3525 3463 3582 quoque
3511 3513 3717 3568 Thema

2092 3601 2424 3658 Eboracensi
2473 3602 2892 3672 archiepiscopo
2943 3601 3227 3670 defuncto,
3271 3604 3553 3660 Tustanus
3590 3622 3718 3662 suc-

2089 3693 2286 3759 cessit;
2322 3692 2465 3747 inter
2495 3691 2788 3747 Rodulfum
2829 3706 2958 3746 vero
2986 3699 3040 3746 et
3089 3692 3388 3747 Tustanum
3431 3695 3715 3766 archiepi—

2086 3799 2283 3855 sc0pos
2314 3791 2432 3838 orta
2472 3789 2554 3837 est
2592 3799 2789 3858 magna
2845 3782 3141 3847 dissensio,
3184 3783 3317 3854 quia
3347 3785 3719 3841 Eboracensis

2083 3871 2465 3931 Cantuariensi
2506 3872 2576 3927 de
2617 3886 2767 3927 more
2800 3871 3001 3941 subjici
3028 3871 3271 3927 nolebat.
3325 3873 3504 3930 Causa
3534 3882 3715 3932 autem

2081 3980 2212 4035 sepe
2234 3980 2415 4024 coram
2440 3980 2590 4035 rege,
2613 3979 2746 4034 sepe
2769 3979 2948 4019 coram
2973 3963 3280 4034 apostolico
3303 3967 3574 4022 ventilata
3610 3976 3717 4035 est,

2081 4056 2179 4110 sed
2210 4054 2447 4109 necdum
2483 4052 2728 4108 deﬁnita.
2766 4053 3033 4108 Henricus
3066 4069 3156 4108 rex
3199 4054 3505 4128 Anglorum
3563 4057 3719 4112 duxit

2080 4143 2380 4199 exercitum
2409 4144 2465 4197 in
2490 4141 2744 4209 Waliam,
2778 4149 2833 4196 et
2856 4142 3143 4197 Walenses
3168 4142 3384 4198 subditi
3400 4155 3537 4200 sunt
3556 4146 3608 4201 ei
3629 4162 3721 4201 se-

2078 4235 2321 4291 cundum
2350 4232 2812 4307 magnificentiam
2834 4233 3029 4288 lihitus
3044 4233 3151 4289 sui.
3176 4235 3406 4291 Cometa
3434 4236 3637 4312 ingens
3658 4238 3715 4293 in

2079 4331 2189 4388 fine
2219 4330 2322 4386 Mai
2348 4328 2621 4401 apparuit.
2656 4328 2769 4383 Rex
2796 4344 2924 4384 vero
2951 4329 3163 4384 transiit
3192 4329 3247 4383 in
3282 4330 3708 4387 Normanniam.

361 4430 439 4488 tio
469 4426 624 4501 pacis
652 4425 796 4479 inter
818 4420 1184 4494 apostolicum
1224 4427 1279 4475 et
1313 4421 1721 4492 imperatorem,
1754 4422 1886 4480 dum
1917 4426 1972 4481 in
1993 4405 2051 4475 D
2072 4427 2220 4498 (ltus.
2251 4423 2479 4491 GEMBL.)
2510 4420 2693 4475 Mense
2726 4419 2864 4475 Maio
2892 4420 3156 4494 siligenes
3192 4428 3249 4475 et
3275 4421 3514 4478 arbores
3555 4438 3715 4480 sacro

1708 4532 1928 4589 VARUE
1971 4531 2348 4591 LECTIONES.

1510 4648 1606 4689 ore
1649 4634 1920 4716 magister
1950 4631 2448 4716 .Guillelmuscde
2518 4629 2815 4716 Campellis
2900 4630 2994 4702 qui
3073 4629 3253 4687 fuerat
3353 4634 3709 4716 archidiaco-

3231 4720 3363 4759 cum
3433 4706 3714 4778 aliquibus

431 4636 501 4674 “’
530 4642 650 4693 Post
703 4637 815 4691 haec
862 4633 919 4689 2.
968 4632 1152 4688 addit:
1196 4631 1310 4687 Hoc
1356 4638 1465 4688 tem

431 4650 501 4674 ’δ’
530 4650 650 4693 Post
703 4650 815 4691 haec
862 4650 919 4689 ι.
968 4650 1152 4688 aaau:
1197 4650 1310 4687 nec
1356 4650 1465 4688 tem
1510 4650 1606 4689 ore
1649 4650 1914 4708 magwter
1992 4650 2314 4692 uuiuetmus
2377 4650 2448 4687 ue
2518 4650 2815 4713 Lampems
2900 4650 2994 4702 qui
3073 4650 3253 4687 ruerat
3353 4650 3679 4716 archidiaco

362 4725 471 4763 nus
548 4704 895 4764 Parisiensis.
960 4704 1043 4758 vir
1096 4703 1429 4788 admodum.
1471 4650 1762 4788 litteratus.
1834 4703 2406 4788 habitum‘canonici
2475 4703 2747 4788 regularis
2809 4717 3102 4788 assumens
3137 4745 3164 4785 ο,
3231 4720 3363 4788 cum
3433 4706 3685 4788 aliquiin

362 4778 660 4858 discipulis.
685 4778 802 4833 suis
839 4783 993 4858 extra
1028 4774 1634 4858 urbemParisiushin
1690 4776 1810 4858 loco
1858 4779 1955 4858 ubi
2014 4776 2430 4858 erat___qued_am
2470 4773 2685 4858 capella
2731 4774 2928 4858 sancti
2952 4773 3184 4858 Pictoris.
3222 4773 3713 4858 martyrisfeepit

361 4844 759 4928 monasterium
817 4846 1076 4929 edificare
1104 4844 1454 4929 clericorum
1525 4848 1817 4929 Assumpto
1870 4855 2055 4929 autem
2124 4844 2223 4906 illo
2276 4847 2345 4929 ad
2399 4844 2783 4929 episcopatum
2818 4845 3286 4929 .Catalanensi'un‘i
3322 4844 3708 4929 ,.'venerabi-

364 4920 435 4975 lis
466 4918 1188 5001 Qeldpvinus.ndisc‘ipulus
1211 4916 1338 4999 ejus
1374 4917 1604 5001 primus,
1658 4915 1832 5001 abbas
1877 4920 1956 5001 ibi
1994 4920 2197 5001 factus.
2221 4927 2327 5001 est,
2382 4915 2487 4999 sub
2516 4915 2673 4983 cujus
2716 4915 2990 5001 regimine
3040 4917 3196 4971 multi
3231 4915 3427 5001 clerici
3468 4919 3708 5001 nobiles,

361 4989 707 5070 secularibus
733 4999 792 5043 et
827 4986 1256 5070 divinis'litteris
1283 4986 1560 5070 instructi,
1604 4989 1860 5070 ad_illum
1893 4992 2072 5048 locum
2115 4989 2425 5070 habitatur:
2457 4986 3199 5070 con‘venerunt.'l_nter‘quos
3230 4989 3502 5070 magister
3552 4990 3708 5063 Hugo

365 5059 744 5139 Lethariensis
791 5066 844 5114 et
866 5059 1099 5139 scientia
1120 5060 1423 5139 litterarum
1447 5067 1502 5114 et
1530 5059 1721 5139 humili
1758 5062 2306 5139 religionemaxime
2336 5058 2616 5123 efﬂoruit;
2649 5058 3165 5139 hic.multos_libro_s
3194 5058 3394 5113 edidit.
3438 5058 3707 5117 Hocanﬁo

361 5130 1154 5216 etiam'exordium.§avigneji
1194 5130 1325 5216 fuit.
1348 5135 1489 5216 litae,
1520 5127 2216 5216 omnia'exceptisultimis.
2253 5133 2365 5216 Hoc
2392 5147 2444 5185 a.
2473 5145 2524 5184 e.
2565 5144 2617 5212 e.
2653 5129 2710 5216 Si:
2742 5127 2879 5216 fuit,”
2906 5130 2987 5214 'ad
3033 5130 3258 5216 uerbum
3303 5140 3533 5202 excepta
3560 5142 3708 5216 rvunt

361 5220 430 5260 ea:
461 5204 668 5259 Roberti
690 5205 861 5256 nostri
885 5201 1107 5257 tibro’de
1126 5205 1508 5258 immutatione
1534 5204 1737 5258 ordinis
1763 5201 2153 5261 monachorum
2180 5208 2242 5259 in
2279 5203 2635 5259 Normannia.
2672 5204 2807 5256 Cum
2859 5202 2940 5255 his
2985 5202 3055 5255 ad
3082 5201 3309 5258 verbum
3336 5201 3697 5271 conueniunt,

361 5292 479 5345 ιιιιαε
506 5279 567 5329 in
584 5274 1197 5355 rmecaeiitienés
1219 5275 1912 5355 .Rothecaamisarerum
1933 5279 1996 5355 .S-
2032 5278 2268 5355 ημρρηίδ
2321 5276 2459 5355 anei
2499 5272 2669 5355 1648-
2712 5274 3024 5355 ξιπιῖνῖτιῖιιμν
3167 5288 3446 5355 “coam
3472 5276 3703 5355 σαράαηε

360 5341 818 5427 ὀθπυηθξὶοεηδίε.
850 5343 962 5427 ξιιμ)
993 5343 1233 5424 Gilduini
1263 5341 1533 5419 regimine
1572 5341 1732 5427 multi
1758 5347 1944 5402 clerici
1967 5341 2624 5427 "nobileshseeularibus
2680 5349 2765 5427 et"
2791 5342 2994 5427 divinis
3053 5341 3251 5427 litteris
3304 5341 3586 5427 instructi,
3629 5348 3704 5427 ad

363 5419 529 5474 istum
585 5417 765 5471 locum
808 5414 1101 5495 habitaturi
1152 5412 1550 5495 convenerunt.
1604 5416 1752 5495 Inter
1787 5433 1927 5495 quos
1967 5415 2543 5495 Hugo__l_.othariensis.
2579 5412 2660 5468 sic
2713 5413 2895 5495 dictus
2946 5429 2977 5467 a
3013 5412 3256 5495 conﬁnio
3306 5414 3588 5495 saxoque,
3647 5426 3705 5473 et

362 5489 595 5546 scientia
626 5487 930 5570 litterarum
957 5495 1011 5540 et
1040 5486 1232 5539 humili
1268 5486 1548 5570 religione
1562 5484 2082 5570 max‘ime'efﬂoruitl
2120 5489 2225 5570 Hic.
2245 5487 2447 5570 multos
2477 5484 3074 5570 libres'ediditnqulos,’
3100 5485 3236 5556 quia
3274 5486 3455 5570 vulgo.
3490 5489 3704 5570 haben-

364 5571 472 5628 tur,
503 5562 863 5642 non_opqrtet
911 5555 1572 5642 commemorarehuivis
1603 5560 1766 5629 videt,
1808 5562 1932 5642 hare
1957 5574 2066 5615 esse
2111 5560 2274 5614 verba
2299 5562 2573 5642 tractatus
2611 5557 2757 5642 titius
2801 5555 3092 5642 Robertini,
3123 5555 3704 5642 ’except'is'sicdictus

362 5647 393 5686 a
430 5627 696 5688 confinio
732 5627 1034 5711 Saxoniaah
1057 5642 1176 5696 quae
1203 5628 1399 5711 acrba,
1428 5643 1589 5711 sensu
1631 5627 1897 5711 carentia,
1924 5633 2388 5711 _enmumns_iste
2422 5631 2849 5711 gemmeticensis
2894 5627 2958 5682 de
2997 5641 3095 5682 suo
3147 5628 3417 5684 addidisse
3450 5630 3695 5711 μωρίαν.

363 5706 457 5759 ωε
485 5705 655 5782 igua
681 5714 988 5782 αηοηςιτηιιε
1012 5700 1156 5782 inter
1194 5702 1501 5782 ςεειίνηοηξα
1520 5701 1590 5782 ,ἀε
1612 5705 1798 5782 patria
1829 5705 1892 5782 δε
1914 5705 2154 5782 aegonis.
2176 5702 2364 5782 ιιξιξξενί
2384 5704 2480 5782 vis
2498 5705 2691 5769 ροιαδί»
2712 5699 2907 5782 quiete
2927 5712 3057 5782 sse
3080 5706 3465 5782 answer:
3488 5716 3697 5782 ωητξεξι

358 5779 452 5843 qui
478 5767 543 5831 eo
587 5775 653 5829 de
688 5788 748 5828 re
773 5767 1124 5841 scripserunt,
1154 5775 1208 5824 et
1254 5767 1628 5825 recentissima
1654 5775 1820 5826 etiam
1867 5767 2085 5828 Liebner
2133 5777 2194 5827 in
2219 5773 2383 5828 libro:
2422 5767 2573 5844 [iugo
2622 5784 2752 5825 von.
2805 5768 2886 5825 St.
2927 5767 3108 5823 Victor
3148 5772 3285 5839 Lips.
3321 5770 3461 5826 1832
3512 5788 3574 5840 ρ.
3606 5772 3697 5827 18.
