3858 6206
143 363 239 418 433

262 507 627 549 ΚΟΙΔΝΟΒυΙ.
774 505 1114 547 FRANCORUI.
1261 502 1548 547 ANOLORUI
1557 529 1571 544 .

141 591 257 665 igne
282 588 504 654 aduste,
528 587 739 643 fructus
765 587 849 642 sui
880 602 1036 658 spem
1061 593 1189 641 sunt
1220 586 1481 649 mentite;
1523 593 1578 640 et
1608 600 1755 656 que-

140 680 253 735 dam
275 679 666 751 silveinsupcr
692 679 950 735 aretacte.
980 678 1331 751 Subsequuta
1352 686 1436 735 est
1464 678 1752 734 hominum

993 359 1338 414 CHRONICA.
1380 387 1449 398 —
1490 354 1877 413 AUCTARIUM
1917 352 2200 409 ROBERTI
2239 351 2322 406 DE
2363 350 2600 405 MONTE.

1775 489 1826 557 Α
1854 500 1989 540 auro
2036 490 2092 538 et
2134 487 2362 554 argento
2414 487 2470 534 et
2513 476 2747 551 gemmis
2812 476 3163 541 choruscum,
3215 477 3477 545 presente

3373 342 3483 400 434

1857 570 2169 626 Alexandro
2209 568 2471 639 episcOpo
2521 563 2879 631 Lincoliensi,
2912 578 3058 619 anno
3103 562 3201 618 29.
3256 559 3472 616 Henrici

1857 663 2023 738 regis.
2059 662 2154 717 Hic
2198 668 2282 716 est
2326 657 2438 716 Oﬂ'a
2469 673 2561 713 rex
2593 657 2686 729 qui
2718 655 2873 711 dedit
2904 654 3108 710 vicario
3136 654 3283 709 beati
3331 652 3475 707 Petri

138 767 364 824 valitudo
391 743 587 840 gravis
612 774 668 821 et
696 766 960 822 diuturna
990 782 1114 821 cum
1148 743 1417 837 proﬂuvio
1455 767 1666 822 ventris
1697 774 1754 823 et
1855 754 2100 810 Romane
2147 751 2302 807 urbis
2346 748 2594 823 ροηιίῦοἰ
2649 747 3265 840 Γθάάίίξυῖηηδῐδῐυῑυπιτ
3320 743 3471 840 Ἧι(ξά

138 855 478 910 mortalitate.
528 854 722 925 (llum.
769 856 882 923 νη.)
927 855 1037 911 Hoc
1096 870 1241 909 anno
1295 871 1394 911 rex
1447 855 1747 930 Anglorum

142 951 392 1007 Henricus
431 951 662 1006 rediens
710 951 767 1005 in
814 950 1086 1026 Angliam,
1116 950 1300 1022 posuit
1350 950 1650 1006 Robertum
1679 951 1747 1007 de

142 1040 371 1095 Belesme
401 1040 460 1094 in
486 1055 764 1095 carcerem
786 1040 1125 1112 perhennem
1153 1039 1300 1111 apud
1327 1040 1585 1096 Warhan.
1612 1040 1747 1111 (An-

140 1132 299 1195 seu.)
330 1127 480 1183 Obiit
518 1128 860 1202 Sigisbcrtus
883 1128 1222 1184 venerabilis
1250 1131 1554 1184 monachus
1586 1129 1749 1184 Gem-

141 1219 400 1275 blacensis
439 1220 689 1286 cenobii,
734 1221 817 1275 vir
856 1220 910 1274 in
941 1220 1089 1275 omni
1144 1220 1379 1276 scientia
1436 1221 1744 1276 litterarum

140 1312 569 1382 incomparibilis
601 1311 834 1386 ingenii,
866 1313 1177 1383 descriptor
1214 1312 1271 1366 in
1302 1313 1407 1368 hoc
1435 1311 1580 1367 libro
1621 1329 1751 1384 pre-

134 1403 440 1459 cedentium
482 1411 819 1475 temporum,
870 1404 919 1461 3.
956 1406 1137 1460 Nonas
1185 1404 1467 1472 Octobris;
1527 1413 1582 1461 et
1635 1405 1751 1461 suis

141 1492 516 1567 gravissimum
551 1494 800 1549 absentic
830 1510 929 1549 suc
963 1493 1187 1565 reliquit
1208 1493 1480 1549 dolorem.

202 1583 354 1637 1114.
374 1585 646 1638 Henricus
666 1582 717 1637 8.
796 1584 1087 1638 Ludovicus
1114 1583 1166 1638 5.
1211 1587 1470 1639 Henricus
1495 1586 1525 1639 Ι
1547 1584 1634 1640 14.

204 1675 314 1735 (An.
346 1674 537 1744 1107.)
584 1672 798 1729 Mortuo
831 1673 1067 1729 Ricardo
1090 1673 1205 1730 tilio
1240 1675 1481 1743 Ricardi,
1516 1673 1610 1729 filii
1650 1690 1749 1732 co-

1849 852 2077 903 vocatur
2106 838 2418 909 Romescot,
2443 842 2512 896 de
2540 839 2776 915 singulis
2808 837 3064 894 domibus
3112 834 3264 910 regni
3295 835 3379 889 sui
3417 835 3476 888 in

1849 941 2123 990 eternum.
2167 932 2331 985 Erant
2362 937 2547 984 autem
2593 929 2687 985 illo
2751 936 3004 998 tempore
3036 927 3088 981 in
3128 924 3322 997 Anglia
3374 939 3472 978 sa-

1850 1021 2106 1077 cerdotes
2134 1018 2273 1073 adeo
2295 1017 2364 1072 ab
2390 1017 2616 1072 avaritia
2647 1016 2945 1082 immunes,
2980 1019 3040 1069 ut
3072 1029 3176 1068 nec
3203 1011 3479 1068 territoria

1851 1114 1917 1169 ad
1958 1110 2330 1169 construenda
2354 1106 2839 1175 monasteria,nisi
2883 1107 3080 1174 coacti,
3123 1106 3475 1176 acciperent,

1851 1218 2011 1276 reges
2050 1201 2104 1254 in
2137 1207 2350 1254 tantum
2387 1197 2673 1271 religionis
2725 1202 3001 1251 amatores
3054 1201 3233 1260 erant,
3266 1201 3328 1249 ut
3386 1199 3481 1248 aut

1854 1292 2192 1349 monasteria
2219 1289 2562 1362 amplissima
2591 1289 2791 1343 devote
2823 1286 3168 1351 edificarent,
3197 1292 3291 1341 aut
3312 1286 3478 1339 etiam

1854 1384 2151 1439 salubriter
2206 1382 2473 1437 mundum
2501 1380 2867 1435 declinarent.
2901 1380 3054 1435 Sicut
3098 1377 3352 1433 fecerunt
3389 1392 3481 1431 re-

1853 1493 1952 1551 ges
2005 1475 2340 1541 Westsesxe,
2399 1471 2669 1527 Cedwalla
2726 1478 2782 1526 et
2851 1471 2987 1524 Ine:
3045 1484 3281 1541 quorum
3330 1467 3483 1538 prior

1852 1583 1975 1622 cum
2007 1566 2226 1621 duobus
2253 1565 2413 1619 annis
2444 1569 2702 1634 potenter
2729 1567 3037 1633 regnasset,
3086 1575 3316 1633 regnum
3366 1566 3479 1614 ter-

1852 1670 2045 1709 renum
2078 1654 2419 1725 relinquens,
2450 1652 2679 1706 Romam
2726 1649 2986 1721 perrexit,
3028 1657 3083 1704 et
3118 1648 3337 1703 ibidem
3369 1648 3475 1701 ba-

143 1763 276 1817 mitis
299 1761 618 1827 Gisleberti,
649 1764 924 1817 monacho
954 1762 1247 1828 Beccensi,
1276 1764 1371 1835 qui
1395 1763 1498 1818 fuit
1522 1763 1747 1818 ultimus
1777 1808 1822 1835 n
1853 1744 2194 1835 Plizﬁtll_5._
2225 1742 2367 1835 albis
2395 1746 2645 1795 ῐηοτιυιιδ
2676 1746 2758 1794 θεῖ
2790 1753 2937 1835 31193
2998 1737 3066 1792 ab
3089 1736 3478 1835 .incaﬂlathI-le

143 1850 297 1905 abbas
326 1851 381 1904 in
415 1808 1051 1918 insula,He1i,llenricus
1083 1869 1180 1907 rex
1209 1808 1494 1908 c,o:istituit
1524 1853 1601 1907 ibi
1634 1853 1747 1924 pri-
1777 1808 1826 1877 Β
1853 1832 2067 1889 Domini
2098 1832 2220 1888 688-
2252 1830 2504 1901 sequens
2551 1842 2682 1883 νθΓο
2872 1826 2940 1882 36
2969 1826 3134 1924 “ungi?
3174 1832 3299 1924 P03!
3328 1824 3472 1879 θεά·-

145 1954 275 1993 mum
304 1941 635 2011 episcopum
683 1916 953 1996 Herveum
988 1944 1097 2010 (an.
1136 1940 1314 2013 1108).
1351 1942 1411 1996 Et
1456 1916 1668 1997 comital

1947 1925 2064 1979 llam
2093 1930 2395 1998 regnasset,
2430 1936 2663 1994 regnum
2694 1917 3018 1989 relinquens
3065 1916 3338 1971 Ahelardo
3367 1930 3470 1973 co-

144 2042 269 2081 unus
330 2029 549 2084 scilicet
624 2030 1087 2103 Cantebrigesire,
1122 2031 1432 2085 subtractus
1484 2032 1667 2102 episco

1953 2024 2016 2071 .to
2040 2032 2164 2081 suo,
2184 2015 2409 2069 Romam
2443 2011 2623 2084 petiit,
2651 2018 2707 2066 et
2741 2009 2818 2064 ibi
2849 2025 2949 2081 pro
2977 2008 3073 2064 Dei
3100 2022 3289 2064 amore
3321 2022 3476 2080 pere-

147 2115 480 2185 Lincoliensi,
531 2117 790 2174 subditus
816 2125 899 2173 cst
930 2119 1057 2173 huic
1089 2134 1232 2175 novo
1282 2120 1566 2190 episcopo.
1621 2120 1746 2174 Lin-
1847 2113 2042 2188 grinus
2060 2110 2220 2167 Obiit.
2255 2110 2362 2165 H05
2405 2108 2571 2163 etiam
2620 2105 2859 2161 insecuti
2908 2110 3036 2160 sunt
3065 2104 3175 2159 duo
3226 2103 3473 2178 0011ῐὶεαὶ

147 2205 356 2261 coliensi
403 2223 539 2263 vero
602 2217 987 2263 temanserunt
1047 2208 1230 2263 adhuc
1285 2216 1409 2264 octo
1460 2210 1670 2265 comitai

1952 2216 2016 2255 es
2034 2199 2212 2255 Merce
2234 2197 2486 2263 Edelred,
2511 2203 2586 2264 et,
2610 2196 2705 2267 qui
2732 2194 2783 2251 ei
2806 2193 3097 2260 successit,
3122 2191 3360 2248 Chinred
3375 2208 3475 2249 co-

148 2294 247 2350 sive
304 2296 616 2367 provincie,
658 2297 714 2352 id
753 2304 837 2354 est
884 2297 1240 2366 Lincolesire,
1302 2298 1750 2367 Leiceastresire,

151 2386 507 2455 Hantonesire,
545 2389 1053 2456 lluntendonesire,
1108 2389 1507 2456 Herefordsire,
1565 2391 1750 2446 Bede-

152 2479 377 2549 fordsire,
402 2483 902 2554 llucingehansire,
928 2483 1366 2539 Oxinefordesire
1398 2485 1560 2555 (564).
1594 2485 1745 2552 (0RD.

152 2575 245 2632 Vn.
271 2593 357 2632 xu.
389 2580 544 2651 840.)
583 2579 892 2634 Decedcnte
923 2579 1089 2635 etiam
1119 2579 1179 2635 in
1200 2578 1533 2635 Normannia
1563 2578 1746 2635 Gisle~

153 2663 286 2722 berto
313 2667 423 2722 viro
452 2668 739 2740 religioso,
773 2667 1093 2723 Ebroicensi
1145 2668 1430 2738 episcopo,
1482 2669 1747 2724 successit

1852 2296 2054 2364 gnatus
2080 2289 2218 2360 ejus.
2254 2287 2539 2358 Siquidem
2569 2300 2715 2340 anno
2747 2284 2816 2339 ab
2848 2283 3231 2339 incarnatione
3253 2282 3475 2338 Domini

1851 2382 1976 2449 700,
2028 2381 2258 2437 Edelred
2303 2379 2451 2434 filius
2485 2378 2670 2433 Pende
2703 2376 2881 2432 factus
2928 2383 3011 2432 est
3052 2375 3354 2431 monachus
3378 2375 3471 2431 29.

1850 2485 1997 2526 anno
2013 2469 2167 2544 regni
2189 2468 2297 2533 sui,
2330 2474 2386 2522 et
2406 2466 2659 2537 sepultus
2680 2473 2763 2519 est
2784 2463 2930 2535 apud
2954 2461 3277 2518 Bardencie.
3307 2460 3472 2529 Cujus

1850 2575 2137 2616 successor
2190 2557 2427 2613 Chinred
2467 2572 2592 2611 cum
2649 2555 2898 2627 quinque
2950 2553 3111 2608 annis
3161 2560 3468 2625 regnasset,

1849 2652 2078 2708 Romam
2125 2665 2364 2726 pergens
2401 2648 2706 2705 monachus
2749 2646 2825 2700 ibi
2872 2646 3123 2713 cﬂectus,
3179 2661 3357 2716 usque
3402 2646 3471 2700 ad

154 2756 194 2809 ei
220 2757 502 2814 Audoenus
538 2737 624 2813 vir
652 2775 850 2834 magne
872 2759 1181 2814 sanctitatis
1210 2737 1358 2827 (563)
1424 2759 1745 2832 (Fuacuan
1846 2752 2085 2801 mortem
2116 2744 2256 2799 inibi
2288 2741 2680 2834 Perseveravll-
2717 2739 2848 2834 εαξη
2876 2754 2986 2811 (1υο
3029 2738 3192 2795 etiam
3240 2737 3374 2834 03:3.
3417 2738 3477 2793 δ’

153 2844 440 2904 Terremotu
476 2865 613 2919 pars
641 2849 793 2903 urbis
822 2848 1117 2904 Mamistrie
1148 2847 1373 2915 corruit,
1406 2856 1462 2904 et
1518 2849 1628 2905 duo
1656 2866 1751 2905 ca-

155 2938 292 2993 stella
341 2942 473 2996 haut
523 2942 721 3012 procul
776 2940 847 2997 ab
890 2941 1200 2997 Antiochia.
1231 2939 1524 2997 Mariscum
1556 2942 1606 2997 ei
1634 2942 1752 2996 Tri-

158 3029 365 3100 phalech
396 3033 486 3088 55°.

281 3125 429 3179 1115.
656 3124 709 3180 9.
965 3124 1022 3181 6.
1278 3124 1364 3178 13.

220 3215 392 3283 (Huxr.
424 3218 551 3287 vn,)
614 3216 878 3272 Henricus
906 3232 1000 3271 rex
1029 3214 1330 3289 Anglorum
1383 3214 1513 3270 fecit
1560 3231 1756 3271 omnes

160 3321 390 3375 proceres
416 3308 601 3381 patrie
640 3307 961 3363 ﬁdelitatem
995 3307 1221 3363 domino
1249 3307 1493 3363 debitam
1525 3294 1753 3363 Willer-

160 3414 235 3454 mo
260 3400 364 3457 lilio
393 3419 492 3459 suo
516 3404 737 3472 jurare;
772 3411 828 3457 et
848 3402 905 3456 in
933 3401 1182 3475 Angliam
1215 3400 1398 3457 rediit.
1432 3400 1753 3472 (Humana)

162 3487 382 3547 Desolata
428 3500 517 3549 est
577 3491 876 3546 Mamistria
927 3491 1121 3559 majori
1179 3496 1499 3545 terremotu.
1550 3490 1753 3546 Eodem

163 3593 286 3637 anno
326 3583 587 3655 deposito
626 3582 851 3637 Arnulfo
896 3581 1210 3652 patriarcha
1259 3583 1316 3634 4°
1384 3597 1484 3652 per
1514 3581 1754 3655 legatum

164 3675 516 3742 apostolicum,
565 3674 713 3730 idem
746 3672 1053 3745 patriarcha
1100 3673 1329 3728 Romam
1367 3671 1525 3744 adiit,
1556 3678 1611 3727 et
1659 3686 1758 3743 per

166 3762 453 3822 Paschalem
484 3781 688 3839 papam
720 3764 1030 3833 restitutus,
1064 3764 1291 3836 pallium
1322 3763 1391 3819 ab
1421 3778 1486 3819 eo
1523 3764 1753 3834 accepit.

283 3854 436 3911 1116.
666 3853 749 3908 10.
966 3853 1021 3907 7.
1245 3851 1330 3906 16.

222 3945 393 4014 (ilum.
430 3948 548 4017 vn.)
574 3946 838 4002 Henricus
867 3960 961 4000 rex
1006 3944 1305 4020 Anglorum
1344 3944 1415 3999 ad
1447 3944 1630 4000 natale
1668 3943 1759 3999 in-

164 4036 685 4096 tcrt‘uitdedicationi
714 4037 953 4095 ecclesie
994 4036 1169 4093 sancti
1202 4035 1416 4102 Albani,
1448 4051 1620 4108 quam
1648 4036 1757 4091 de-

162 4122 339 4181 dicavit
368 4127 645 4183 Robertus
671 4124 1008 4180 venerabilis
1051 4123 1417 4179 Lincoliensis
1438 4123 1758 4195 episcopus,

168 4229 251 4283 per
273 4217 560 4275 Ricardum
600 4215 1017 4273 memorabilem
1051 4216 1303 4287 ejusdem
1341 4215 1448 4271 loci
1479 4214 1757 4271 abbatem.

167 4300 265 4360 Olfa
302 4323 428 4365 vero
479 4323 577 4363 rex
624 4306 823 4372 Meroe,
891 4305 977 4360 vir
1038 4303 1351 4376 religiosus,
1411 4303 1762 4359 transtulerat

166 4399 418 4464 quondam
456 4399 709 4470 ejusdem
743 4398 993 4468 martyris
1023 4412 1224 4468 corpus
1258 4396 1314 4450 in
1348 4395 1519 4467 priori
1566 4411 1760 4452 mona-

1852 2838 1959 2893 lius
1989 2836 2166 2913 Sigeri
2212 2835 2358 2910 regis
2397 2833 2749 2891 orientalium
2791 2832 3092 2898 Saxonum,
3141 2846 3237 2885 rex
3280 2830 3328 2885 si
3386 2845 3478 2886 re-

1850 2928 2144 2985 mansisset
2176 2926 2415 2994 futurus,
2461 2925 2581 2997 pari
2637 2924 2931 2980 devotione
2972 2923 3199 2978 Romam
3255 2922 3376 2989 ivit,
3418 2929 3477 2978 et

1850 3019 2239 3075 monachatum
2268 3013 2533 3086 suscepit.
2567 3011 2842 3069 Celvulfus
2872 3011 3037 3067 etiam
3069 3027 3165 3066 rex
3196 3009 3473 3066 Norhum-

1777 3111 1969 3200 Cbre.
2003 3109 2071 3164 ad
2110 3123 2273 3180 quem
2334 3105 2478 3161 Beda
2534 3103 2819 3160 historiam
2878 3102 3177 3175 Anglorum
3228 3101 3475 3173 scripsit,

1856 3221 1979 3261 cum
2042 3209 2330 3278 regnasset
2380 3206 2504 3256 octo
2562 3199 2744 3265 annis,
2776 3213 2923 3253 anno
2977 3196 3047 3251 ab
3088 3195 3472 3251 incarnatione

1857 3296 2071 3353 Domini
2103 3295 2227 3363 738,
2273 3293 2535 3349 videlicet
2560 3291 2723 3347 tertio
2763 3304 2909 3345 anno
2942 3296 3067 3359 post
3105 3296 3339 3344 mortem
3373 3288 3476 3343 Be-

1858 3393 1948 3459 de,
1975 3391 2279 3447 monachus
2320 3387 2496 3443 factus
2525 3393 2627 3442 est.
2672 3383 3002 3440 Edbrichtus
3046 3399 3176 3439 vero
3212 3390 3480 3456 cognatus

1857 3485 1997 3550 ejus,
2026 3482 2119 3553 qui
2150 3480 2198 3534 ei
2229 3478 2519 3543 successit,
2546 3491 2692 3531 anno
2733 3475 2890 3547 regni
2921 3475 3004 3530 sui
3033 3474 3124 3528 2'1.
3156 3473 3347 3529 itidem
3388 3472 3469 3527 fa-

1856 3579 1974 3628 ctus
2001 3578 2084 3625 est
2113 3569 2437 3624 monachus.
2463 3567 2557 3621 Cui
2575 3566 2630 3620 in
2660 3566 2857 3622 eodem
2885 3581 3060 3640 regno
3088 3570 3481 3620 successerunt

1856 3669 1978 3719 octo
1997 3676 2177 3734 reges,
2218 3657 2313 3730 qui
2352 3672 2545 3712 omnes
2574 3672 2605 3710 a
2638 3653 2866 3725 perfidis
2907 3652 3341 3724 provincialibus
3383 3660 3483 3708 aut

1858 3749 2081 3824 proditi,
2122 3753 2215 3802 aut
2253 3746 2468 3817 expulsi
2506 3753 2601 3799 aut
2625 3744 2794 3799 occisi
2822 3749 2968 3797 sunt.
2999 3741 3251 3796 Sibertus
3279 3740 3481 3797 simili-

1857 3853 1941 3902 ter
1969 3861 2063 3900 rex
2094 3841 2370 3915 Estangle,
2398 3839 2494 3915 qui
2531 3845 2781 3893 sanctum
2812 3836 3073 3891 Furseum
3108 3835 3178 3890 de
3216 3834 3477 3889 Hibernia

1857 3937 2171 3993 venientem
2200 3930 2498 3989 honorifice
2527 3930 2794 4002 suscepit,
2824 3927 2986 3999 cujus
3009 3926 3158 3982 dono
3191 3933 3247 3980 et
3272 3924 3477 3980 auxilio

1859 4031 2009 4087 idem
2038 4035 2263 4083 sanctus
2303 4021 2699 4080 monasterium
2741 4019 2874 4076 fecit
2904 4020 2961 4075 in
3000 4023 3182 4074 castro
3222 4016 3481 4073 Cnobhe-

1861 4117 2038 4186 ribuc,
2070 4116 2221 4190 quod
2261 4115 2465 4171 deinde
2513 4115 2667 4168 Anna
2720 4130 2813 4168 rex
2854 4119 2909 4167 et
2956 4109 3177 4166 nobiles
3230 4108 3480 4181 quinque

1861 4208 2267 4281 ampliaverunt
2296 4235 2361 4246 —
2393 4204 2505 4272 hic,
2536 4203 2784 4275 inquam,
2816 4199 3144 4276 Sigebertus
3174 4197 3482 4254 monachus

1861 4299 2056 4363 factus,
2087 4292 2329 4371 regnum
2379 4310 2538 4349 suum
2566 4300 2802 4367 cognato
2832 4306 2933 4346 suo
2964 4288 3204 4364 Ecgnico
3236 4285 3479 4357 reliquit.

1859 4391 1986 4446 Post
2012 4388 2215 4444 multos
2245 4402 2421 4442 annos
2450 4390 2751 4458 coegerunt
2779 4398 2906 4439 eum
2955 4380 3108 4436 exire
3147 4385 3338 4435 contra
3391 4392 3482 4432 re-

167 4490 334 4559 sterio,
354 4493 500 4564 quod
532 4492 738 4546 ibidem
765 4497 1166 4556 construxerat,
1207 4488 1504 4559 multisque
1543 4487 1758 4545 ditave-
1783 4553 1825 4564 ﬁ
1858 4500 1982 4559 gem
2009 4482 2274 4538 Pendam.
2317 4481 2414 4536 Ille
2442 4489 2623 4535 tamen
2667 4494 2779 4534 non
2811 4477 2918 4532 nisi
2956 4475 3167 4549 virgam
3214 4472 3271 4527 in
3309 4487 3479 4564 manu

170 4583 239 4639 [at
281 4553 442 4653 (366).
489 4582 690 4637 Paulus
753 4587 935 4636 autem
1010 4553 1315 4635 monachus
1381 4553 1756 4647 cadomensis,
1781 4553 1834 4620 Ι)
1856 4553 2170 4630 habebatin
2204 4571 2401 4644 prelio,
2432 4570 2526 4625 ubi
2550 4576 2606 4625 et
2629 4568 2850 4625 occisus
2881 4573 2965 4623 est
3002 4581 3123 4621 cum
3165 4579 3299 4635 rege
3338 4562 3480 4635 Ecg-

170 4683 311 4737 quem
340 4672 673 4730 Lanfrancus
702 4672 1158 4744 archiepisc0pus
1188 4671 1543 4726 ordinaverat
1588 4671 1762 4727 abba-

169 4766 285 4831 tem,
338 4781 503 4838 Opere
544 4766 740 4838 majori
788 4764 1185 4821 monasterium
1245 4764 1391 4819 idem
1451 4764 1759 4822 renovavit.

172 4851 305 4915 Quod
323 4873 610 4915 successor
637 4858 1051 4927 ejus-Ricardus
1082 4873 1112 4912 a
1144 4856 1389 4911 Ruberto
1421 4854 1761 4912 Lincoliensi

140 4945 433 5020 ,episcopo,
490 4957 748 5023 prasente
814 4950 1045 5006 Henrico
1096 4964 1246 5023 rege,
1308 4946 1435 5003 fecit
1487 4948 1753 5005 dedicari.

174 5030 443 5093 Gaufridus
523 5054 655 5094 vero
686 5080 699 5105 ,
783 5052 1072 5094 successor
1154 5052 1344 5091 eorum
1378 5077 1394 5102 ,
1481 5036 1764 5092 transtulit

176 5135 353 5197 corpus
402 5129 636 5201 predicti
686 5129 943 5202 martyris
999 5128 1057 5183 in
1111 5125 1375 5184 feretrum
1442 5127 1765 5184 mirabiliter

1862 4667 1984 4722 nice
2041 4671 2097 4721 et
2161 4662 2425 4719 exercitu.
2498 4661 2670 4717 Sebbi
2747 4660 2912 4716 etiam
2958 4674 3054 4714 rex
3124 4654 3476 4712 orientalium

1862 4760 2158 4825 Saxonum,
2190 4755 2447 4812 monachi
2490 4754 2740 4811 habitum
2772 4769 2843 4808 ex
2875 4750 3173 4808 devotione
3204 4764 3478 4806 consecu-

1863 4857 1971 4915 tus,
2004 4849 2060 4904 in
2090 4845 2326 4904 ecclesia
2354 4844 2525 4900 sancti
2561 4843 2713 4899 Pauli
2746 4842 3031 4899 Londonie
3070 4849 3155 4896 est
3204 4839 3476 4912 sepultus.

1862 4940 1950 4994 lsti
1994 4953 2126 5011 ergo
2156 4944 2281 4994 octo
2316 4954 2478 5012 reges
2509 4953 2681 5011 regna
2709 4951 2808 4991 sua
2862 4949 2962 5006 pro
3012 4931 3228 4988 Christo
3277 4936 3481 5003 sponte

1862 5034 2210 5090 dimiserunt.
2247 5033 2309 5088 Et
2353 5038 2414 5088 ut
2449 5031 2518 5087 ad
2547 5031 2683 5086 illud
2714 5029 2866 5085 unde
2907 5028 3196 5102 digressus
3224 5041 3345 5081 sum
3386 5039 3482 5079 re-

1864 5126 2061 5191 deam;
2102 5124 2228 5181 ideo
2258 5124 2489 5181 fortasse
2523 5121 2922 5179 monasterium
2951 5118 3128 5176 sancti
3169 5116 3365 5172 Albani
3415 5114 3485 5170 ab

1493 5252 1713 5309 VARUE
1757 5251 2141 5308 LECTIONES.

240 5354 421 5431 milia
445 5360 496 5416 5.
528 5360 611 5415 7b.
644 5360 723 5418 86.
758 5362 970 5417 addunt
989 5360 1211 5416 Alexius
1238 5360 1537 5431 imperator
1563 5359 2202 5431 ConstantinOpolitanus
2229 5357 2390 5425 obiit,
2417 5362 2472 5413 et
2497 5355 2763 5414 successit
2784 5353 2836 5409 ei
2861 5352 3146 5409 Iohannes
3177 5347 3320 5418 ejus.
3339 5348 3491 5405 Idem

1712 5501 1924 5557 NOTAE.

180 5422 229 5476 2.
253 5429 342 5483 sub
372 5448 511 5499 anno
539 5436 785 5505 sequenti
820 5434 1053 5488 exhibet.

247 5598 393 5674 (δεμ)
410 5602 483 5659 De
533 5611 785 5674 tempore
822 5604 893 5660 cf.
937 5603 1191 5659 Eadmeri
1232 5604 1366 5659 Cist.
1408 5602 1682 5659 Novorum
1712 5621 1766 5674 p.

184 5666 260 5720 95.
308 5666 406 5727 209
450 5675 537 5731 ed.
579 5666 805 5732 Seldeni
862 5677 919 5731 in
965 5674 1040 5730 fol

189 5736 396 5805 Aprilis.

1244 5676 1300 5729 in
1367 5675 1512 5730 Actis
1554 5676 1648 5731 SS.
1709 5675 1769 5729 2|

1952 5601 2099 5669 (565)
2130 5602 2191 5654 A.
2228 5599 2366 5655 1112
2391 5599 2595 5656 factum
2618 5597 2783 5655 tradit
2812 5593 3122 5652 Ordericus.

1961 5671 2109 5743 (566)
2148 5672 2208 5726 A.
2241 5671 2364 5725 793.
