3858 6206
404 390 496 445 £35

541 537 899 582 ROMANOHUM.
1050 530 1392 571 FHANCORUM.
1541 523 1855 565 ANGLORUM.

390 616 672 672 exactione
719 608 954 683 predicti
1000 622 1200 662 census
1229 603 1378 675 quod
1439 609 1662 657 vocatur
1690 598 2000 657 Romescot,

389 711 702 764 absolutum
753 702 1083 774 etquietum
1137 704 1239 760 est,
1277 695 1405 767 quia
1449 695 1537 748 ide
1564 712 1591 745 ‘.l
1626 708 1740 757 rex,
1788 688 2001 744 scilicet

392 797 528 862 Offa,
574 805 627 850 et
659 789 1052 848 monasterium
1095 785 1249 857 prius
1301 782 1600 847 editicavit,
1659 788 1713 834 et
1771 792 2000 831 censum

392 888 634 941 Romane
665 881 900 938 ecclesie
957 873 1276 950 assignavit.
1324 873 1492 937 Quem
1536 878 1724 941 postea
1775 881 2001 921 censum

390 979 631 1032 Canutus
673 991 763 1028 rex
803 972 967 1027 totius
999 967 1186 1041 Anglic
1217 974 1272 1020 et
1302 964 1451 1019 Datie
1496 978 1734 1034 pergens
1775 960 2000 1013 Romam

392 1081 536 1121 anno
567 1059 958 1119 incarnationis
994 1056 1269 1111 dominiee
1318 1053 1476 1117 1030,
1509 1052 1579 1107 de
1632 1048 1781 1105 omni
1830 1064 2001 1120 regno

393 1156 583 1230 Anglic
602 1161 787 1207 sancte
818 1150 1059 1203 Romane
1088 1145 1323 1200 ecclesie
1363 1142 1672 1205 concessit;
1718 1157 1840 1195 cum
1893 1137 2006 1194 Offa

397 1242 776 1301 tantummodo
800 1240 867 1293 de
899 1251 1069 1308 regno
1098 1250 1219 1293 suo,
1268 1232 1320 1285 id
1353 1240 1438 1285 est
1476 1231 1543 1284 de
1590 1230 1681 1284 illa
1712 1237 1862 1301 parte
1894 1230 2005 1283 An-

396 1337 506 1411 glic
533 1351 640 1407 que
670 1333 844 1387 Meroe
875 1328 1095 1391 dicitur,
1124 1326 1278 1380 illum
1307 1339 1532 1379 censum
1565 1322 1715 1393 prius
1737 1320 2002 1375 dedisset.

395 1429 731 1492 (Hum-mu.)
791 1422 921 1477 Cum
975 1426 1159 1474 autem
1211 1434 1304 1471 rex
1363 1416 1628 1470 Henricus
1673 1415 1740 1469 ad
1804 1417 2005 1484 pascha

397 1518 802 1575 transfretassct
830 1515 886 1568 in
941 1509 1351 1575 Normanniam,
1422 1506 1524 1561 fuit
1578 1507 1812 1562 maxima
1864 1509 2007 1563 inter

399 1626 523 1663 cum
573 1606 847 1662 discordia
922 1612 977 1657 et
1034 1616 1217 1671 regem
1271 1597 1597 1651 Francorum
1658 1597 2012 1652 Ludovicum.

400 1697 570 1750 Causa
603 1702 784 1749 autem
826 1693 928 1746 hec
979 1696 1125 1745 erat:
1170 1686 1441 1740 Tebaldus
1483 1686 1677 1738 consul
1723 1685 2013 1751 ltlescnsis,

399 1806 575 1860 nepos
625 1788 770 1859 regis
828 1783 1123 1855 Anglorum
1182 1777 1419 1841 llenrici,
1483 1789 1674 1831 contra
1729 1777 2013 1831 dominum

400 1898 560 1938 suum
604 1896 787 1951 regem
822 1878 1152 1931 Francorum
1187 1887 1336 1925 arma
1367 1882 1743 1942 promoverat;
1784 1871 1836 1924 in
1862 1872 2018 1940 cujus

403 1973 661 2029 auxilium
699 1988 787 2025 rex
822 1968 1117 2039 Anglorum
1159 1965 1328 2018 duces
1354 1979 1484 2018 suos
1514 1962 1877 2035 militiamque
1912 1964 2018 2018 mi-

400 2066 494 2130 sit,
527 2074 582 2118 ct
610 2077 793 2134 regem
828 2076 938 2115 non
971 2056 1322 2112 mediocriter
1350 2054 1558 2108 afﬂixit.

474 2155 632 2211 1117.
666 2156 929 2209 Henricus
964 2153 1041 2205 11.
1078 2150 1366 2205 Ludovicus
1393 2148 1445 2203 8.
1477 2151 1738 2203 Henricus
1771 2150 1791 2203 ι
1822 2150 1909 2202 17.

479 2245 596 2315 (Ιὺ.)
647 2242 878 2298 Henrico
945 2239 1241 2314 Anglorum
1283 2238 1397 2310 regi
1450 2237 1805 2309 gravissimus
1859 2237 2017 2292 labor

405 2334 718 2389 insurrexit.
752 2332 1081 2387 Juravcrunt
1124 2344 1361 2398 namque
1412 2343 1502 2380 rex
1550 2326 1877 2381 Francorum
1912 2326 2016 2380 Lu-

402 2428 650 2491 dovicus,
684 2433 739 2479 et
768 2439 953 2479 comes
987 2420 1337 2475 Flandrensis
1370 2418 1688 2473 Balduinus.
1717 2426 1770 2473 et
1821 2419 2015 2473 consul

405 2516 815 2592 Andcgavensis
857 2515 1041 2579 Fulco,
1092 2531 1149 2567 se
1182 2511 1568 2567 Normanniam
1620 2510 1732 2585 regi
1783 2512 2015 2565 Henrico

402 2608 700 2667 ablaturos.
732 2615 786 2660 et
817 2604 1103 2657 Willermo
1132 2602 1244 2656 lilio
1278 2600 1500 2655 Hoberti
1549 2600 1705 2654 ducis
1753 2600 2019 2654 Norman-

405 2699 494 2754 nie
527 2715 644 2752 eam
676 2696 918 2750 daturos.
958 2693 1107 2747 Multi
1139 2692 1303 2746 etiam
1338 2706 1627 2762 procerum
1676 2691 1822 2761 regis
1866 2691 2015 2743 lleu-

404 2788 502 2842 rici
547 2793 897 2840 recesserunt
930 2783 998 2837 ab
1030 2798 1120 2848 eo,
1152 2780 1301 2852 quod
1336 2779 1571 2834 maximo
1604 2780 1656 2833 ei
1715 2780 1815 2834 fuit
1846 2780 2017 2834 detrio

406 2882 611 2929 mento.
644 2874 739 2937 Qui
775 2882 955 2925 tamen
990 2885 1098 2925 uon
1156 2868 1516 2939 improvidus,
1569 2869 1623 2922 in
1656 2869 1860 2922 auxilio
1918 2884 2019 2923 suo

406 2963 662 3023 comitem
698 2961 999 3014 Tebaldum
1060 2958 1366 3028 predictum
1429 2967 1683 3026 nepotem
1743 2974 1924 3022 suum,
1966 2966 2021 3013 et

408 3052 688 3110 consulem
712 3051 1120 3105 Brittannorum
1151 3048 1433 3103 Conanum
1456 3047 1711 3102 habebat.
1744 3048 2022 3103 Venerunt

408 3148 578 3219 igitur
603 3163 694 3201 rex
725 3146 1056 3199 Francorum
1086 3149 1141 3197 et
1180 3143 1291 3195 dux
1325 3141 1676 3196 Flandrensis
1708 3159 1831 3197 cum
1864 3159 2023 3198 exer-

1606 376 1947 432 SIGEBERTI
1998 376 2517 431 GEMBLACENSIS.

3634 391 3734 447 436

2025 508 2079 576 Α
2104 520 2248 557 mam
2280 504 2540 574 perrexit.
2584 506 2649 560 At
2687 506 2764 560 illi
2807 506 3073 561 durantes
3116 507 3173 561 in
3215 507 3436 563 malicia
3462 525 3591 576 sua,
3621 512 3734 566 ele-

2102 601 2303 666 gerunt
2360 595 2414 649 in
2468 594 2722 651 abbatem
2766 597 3033 669 Ugonem,
3088 599 3330 669 priorem
3390 600 3730 659 Marciniaci.

2102 688 2217 752 Quo
2248 685 2509 741 defuncto
2558 687 2697 743 infra
2727 688 2972 759 primum
3024 706 3231 745 annum
3294 692 3381 747 sui
3416 695 3729 764 regiminis,

2100 780 2683 852 elegeruntquendam
2713 788 2940 836 strenue
2996 781 3299 837 nobilitatis
3334 784 3607 851 juvenem
3633 803 3732 842 no-

2103 868 2250 922 mine
2305 869 2542 923 Petrum.
2585 870 2871 934 Quomodo
2927 879 3110 927 autem
3169 873 3454 941 predictus
3504 874 3735 930 Pontius

2104 957 2172 1011 de
2198 957 2537 1012 Jerosolimis
2592 959 2832 1024 rediens,
2881 960 3081 1015 iterum
3123 961 3368 1028 abbatie,
3404 963 3497 1017 cui
3532 981 3733 1019 renun-

2101 1052 2348 1114 tiaverat.
2393 1070 2613 1124 preesse
2639 1055 2832 1121 voluit,
2867 1063 2922 1110 et
2954 1057 3232 1128 quomodo
3265 1057 3530 1113 scismate
3590 1059 3733 1116 facto

2100 1145 2155 1197 in
2200 1145 2395 1198 eodem
2449 1145 2805 1209 monasterio,
2857 1146 3087 1200 multum
3144 1146 3371 1201 humani
3430 1150 3731 1221 sanguinis

2100 1235 2331 1291 effusum
2364 1246 2466 1300 est,
2499 1237 2671 1307 pudet
2700 1237 2905 1293 dicere.
2962 1238 3243 1293 Hcmansit
3275 1248 3461 1294 tamen
3497 1257 3732 1296 venera-

2101 1332 2198 1385 bili
2257 1332 2411 1387 Petro
2460 1333 2705 1403 regimen
2758 1333 3079 1388 monasterii
3133 1334 3520 1390 Cluniacensis
3582 1337 3728 1408 quod

2103 1423 2281 1476 adhuc
2308 1424 2569 1493 disponit.
2606 1425 2896 1479 transactis
2927 1424 3127 1479 exinde
3168 1425 3237 1479 32
3286 1426 3467 1481 annis.
3506 1426 3733 1482 Pontius

2103 1530 2232 1568 vero
2266 1515 2320 1567 in
2351 1516 2701 1577 monasterio,
2752 1517 2900 1587 quod
2934 1524 3160 1570 vocatur
3200 1515 3375 1573 Cavea
3435 1518 3609 1587 (568),
3668 1520 3731 1573 ad

2115 1602 2368 1656 ultimum
2428 1612 2677 1657 mortuus
2738 1611 2837 1657 est.
2889 1604 3136 1657 Mortuus
3189 1611 3273 1657 est
3325 1612 3512 1659 autem
3571 1606 3731 1659 etiam

2117 1693 2219 1746 hoc
2249 1710 2393 1747 anno
2424 1695 2566 1763 (569)
2597 1696 2680 1749 vir
2727 1695 3018 1768 religiosus
3060 1700 3113 1747 et
3144 1710 3343 1768 magne
3427 1694 3731 1756 literature,

2073 1836 2087 1853 η
2122 1786 2210 1838 Ivo
2252 1784 2602 1838 Carnotensis
2632 1784 2948 1855 episcopus.
3005 1783 3097 1836 Hic
3147 1782 3279 1837 dum
3337 1790 3485 1838 esset
3518 1783 3733 1852 juvenis

2078 1867 2327 1929 ’audivit
2381 1876 2703 1951 magistrum
2755 1876 3117 1930 Lanfrancum
3162 1874 3403 1945 priorem
3464 1875 3625 1929 Becei
3671 1876 3731 1928 de

2121 1967 2461 2023 sccularibus
2510 1976 2562 2023 et
2593 1967 2796 2022 divinis
2838 1966 3036 2021 litteris
3068 1974 3394 2021 tractantem
3449 1966 3507 2019 in
3542 1965 3639 2020 illa
3663 1967 3735 2021 fa-

2124 2071 2273 2109 mosa
2330 2057 2478 2111 scola
2532 2073 2691 2128 quam
2756 2055 2909 2111 Becei
2943 2054 3152 2119 tenuit;
3210 2054 3267 2108 in
3320 2069 3428 2125 qua
3471 2054 3630 2110 multi
3688 2062 3737 2109 et

2124 2141 2413 2197 nobilitate
2454 2143 2689 2197 seculari
2748 2144 3036 2197 honestate
3088 2157 3304 2197 morum
3363 2150 3739 2197 convenerunt

2117 2231 2214 2284 viri
2244 2230 2466 2301 proditi,
2523 2240 2576 2285 et
2608 2231 2700 2302 qui
2735 2238 2928 2302 postea
2954 2232 3022 2285 ad
3066 2246 3338 2285 summum
3398 2231 3619 2300 apicem
3644 2246 3734 2286 ec-

2116 2322 2423 2376 elesiastiee
2455 2323 2739 2391 dignitatis
2769 2334 2822 2377 et
2846 2323 3130 2394 religionis
3160 2322 3482 2396 attigerunt.
3544 2322 3726 2377 Postea

2116 2427 2246 2465 vero
2288 2411 2432 2465 idem
2481 2412 2569 2466 lvo
2613 2412 2933 2483 aliquandiu
2967 2410 3169 2482 prefuit
3206 2411 3509 2466 conventui
3566 2427 3726 2467 cano-

2120 2506 2367 2560 nicorum
2394 2506 2725 2580 regularium
2758 2506 2932 2561 sancti
2971 2506 3216 2570 Quintini
3251 2505 3610 2560 Belvacensis
3662 2507 3731 2560 Ad

2120 2598 2370 2652 ultimum
2425 2599 2726 2669 episcopus
2760 2598 2954 2665 factus,
3001 2598 3137 2652 rexit
3172 2598 3468 2652 ecclesiam
3528 2598 3729 2653 Carno-

2119 2693 2333 2740 tensem
2365 2686 2597 2741 viriliter
2618 2693 2670 2741 et
2698 2687 2956 2760 religiose
2987 2686 3103 2742 fere
3131 2703 3233 2758 per
3262 2702 3446 2741 annos
3474 2687 3566 2741 23.
3606 2687 3735 2741 Reli-

2120 2781 2443 2851 quitautcm
2470 2782 2646 2835 multa
2675 2782 3015 2837 monimenta
3049 2782 3325 2836 industrie
3365 2797 3489 2847 sue,
3524 2781 3735 2857 religio-

2123 2872 2206 2924 nis
2233 2880 2287 2926 et
2315 2872 2609 2942 sapientie,
2644 2870 2957 2927 ediﬁcaudo
2988 2872 3200 2927 scilicet
3228 2872 3626 2927 monasterium
3649 2889 3734 2927 ca-

2124 2962 2450 3016 nonicorum
2478 2962 2651 3017 sancti
2684 2962 2951 3017 Johannis
2981 2963 3051 3018 de
3071 2964 3219 3017 Valle
3246 2964 3414 3031 (3570,)
3439 2963 3498 3016 in
3542 2978 3648 3033 quo
3684 2971 3733 3017 et

2122 3054 2371 3123 sepultus
2401 3063 2506 3119 est,
2549 3062 2604 3108 et
2635 3054 2830 3111 domos
2857 3055 3123 3125 episc0pii
3174 3054 3452 3122 faciendo,
3492 3066 3545 3111 et
3572 3072 3601 3110 a
3631 3071 3734 3108 ma-

2124 3146 2189 3199 lis
2219 3146 2723 3201 consuetudinibus
2749 3158 2804 3202 et
2830 3147 3230 3202 exactionibus
3277 3148 3500 3202 comitis
3554 3148 3737 3202 Camo-

407 3239 519 3295 citu
551 3237 606 3289 in
636 3233 1044 3290 Normanniam.
1077 3234 1134 3285 In
1156 3247 1265 3303 qua
1296 3247 1420 3285 cum
1444 3247 1551 3284 una
1580 3237 1739 3285 nocte
1766 3231 2019 3299 fuissent,
2052 3207 2101 3275 C
2125 3235 2301 3289 tensis
2331 3235 2475 3289 idem
2508 3236 2851 3307 episcopium
2895 3235 3206 3303 liberanda,
3265 3246 3322 3292 et
3380 3238 3552 3291 multa
3595 3236 3736 3292 utilia

408 3329 769 3385 formidantes
795 3327 1090 3379 adventum
1142 3323 1289 3395 regis
1331 3322 1547 3377 Henrici
1601 3340 1721 3377 cum
1756 3324 1941 3397 Anglis
1972 3333 2027 3380 et

409 3423 740 3481 Normannis
769 3431 825 3476 et
874 3419 1169 3485 Britannis,
1224 3419 1291 3473 ad
1343 3435 1442 3473 sua
1472 3418 1592 3473 sine
1640 3419 1787 3473 bello
1823 3425 2024 3478 reversi

408 3524 557 3572 sunt.
596 3516 705 3569 lloc
745 3515 940 3568 eodem
970 3527 1115 3566 anno
1146 3524 1243 3580 pro
1280 3509 1607 3563 necessitate
1639 3510 1791 3583 regia
1820 3511 2029 3585 geldris

406 3606 759 3663 creberrimis
796 3612 849 3660 et
888 3602 1271 3658 exactionibus
1293 3602 1456 3656 variis
1487 3601 1676 3673 Anglia
1703 3618 2019 3673 compressa

407 3704 507 3751 est.
540 3696 799 3752 Tonitrua
828 3710 957 3749 vero
980 3700 1033 3747 et
1055 3690 1420 3763 grandinesin
1446 3690 1650 3744 Kalend
1703 3691 2020 3747 Decembris

406 3789 702 3856 affuerunt,
736 3786 874 3843 etin
906 3786 1102 3840 eodem
1157 3801 1346 3838 mense
1401 3785 1578 3839 celum
1640 3786 1869 3853 rubens,
1909 3787 2021 3841 acsi

407 3883 639 3944 arderet,
684 3878 955 3951 apparuit.
1002 3876 1200 3952 Vigilia
1239 3877 1386 3931 enim
1447 3878 1745 3932 nativitatis
1804 3878 2018 3934 Domini

406 3976 580 4032 factus
618 3982 700 4027 est
728 3978 924 4027 ventus
954 3969 1273 4036 vehemens,
1308 3969 1471 4023 silvas
1501 3969 1788 4024 eradicans
1816 3977 1875 4025 et
1923 3971 2023 4026 do-

409 4081 526 4120 mos
556 4070 870 4119 conterens.
921 4059 1086 4113 Passa
1118 4065 1201 4113 est
1238 4058 1405 4112 etiam
1437 4058 1564 4113 luna
1605 4058 1873 4129 eclipsim.
1906 4060 2024 4115 Ter—

408 4162 649 4211 remotus
676 4154 838 4208 etiam
892 4151 1161 4206 maximus
1202 4149 1374 4205 factus
1408 4158 1490 4205 est
1523 4151 1575 4204 in
1619 4151 2019 4223 Longobardia,

404 4251 687 4314 ecclesias,
719 4255 914 4311 turres,
937 4246 1132 4300 domos
1161 4253 1215 4300 et
1245 4244 1499 4300 homines
1528 4245 1838 4301 destruens.
1873 4248 2020 4302 Don-

407 4361 509 4399 nus
538 4341 765 4397 Pontius
803 4338 977 4393 abbas
1019 4337 1396 4391 Cluniacensis
1440 4354 1563 4392 cum
1617 4338 1779 4392 vellet
1823 4340 1887 4392 ad
1922 4356 2028 4394 un-

404 4454 569 4511 guem
592 4434 868 4505 corrigere
883 4447 1143 4485 excessus
1170 4440 1224 4485 et
1255 4429 1306 4483 iu
1341 4430 1465 4485 cibo
1496 4429 1623 4485 etin
1657 4431 1855 4486 vestitu
1888 4450 2029 4504 quo-

408 4530 639 4585 rundam
682 4527 1101 4589 monachorum,
1142 4524 1236 4596 qui
1296 4526 1567 4579 exteriora
1625 4526 1871 4593 ejusdem
1913 4544 2025 4583 mo~

2127 3327 2443 3382 scribendo.

2200 3420 2357 3473 1118.
2691 3420 2776 3473 12.
3105 3421 3141 3474 9
3458 3423 3525 3476 18

2202 3514 2388 3581 (llum.
2422 3531 2491 3567 vn
2522 3514 2537 3584 )
2568 3514 2782 3568 llenrici
2806 3520 2860 3568 et
2891 3513 3149 3569 Ludovici
3181 3530 3375 3585 regum
3425 3531 3727 3586 procerum-

2121 3623 2227 3677 que
2254 3622 2442 3659 eorum
2472 3605 2635 3678 longa
2664 3605 2961 3659 debellatio
2989 3606 3318 3677 gravissime
3337 3623 3520 3679 regem
3546 3616 3730 3663 utrum-

2121 3715 2228 3768 que
2251 3698 2483 3763 vexavit,
2516 3697 2695 3752 donee
2724 3697 3024 3751 Balduinus
3045 3699 3467 3754 strenuissimus
3493 3701 3723 3755 Flandrie

2120 3787 2336 3851 consul,
2385 3786 2531 3855 apud
2578 3786 2655 3840 Ou
2716 3786 2772 3839 in
2831 3786 3168 3840 Normannia
3218 3787 3499 3843 seditione
3527 3789 3724 3844 militari

2123 3877 2336 3930 funeste
2365 3875 2703 3939 vulneratus,
2749 3876 2817 3929 ad
2849 3891 2947 3929 sua
2978 3876 3225 3930 recessit.
3274 3878 3444 3933 Porro
3479 3879 3728 3933 Robertus

2123 3965 2310 4019 consul
2341 3965 2407 4017 de
2436 3965 2678 4029 Mellent,
2721 3965 3173 4034 sapientissimus
3206 3966 3261 4019 in
3294 3966 3466 4021 rebus
3496 3966 3726 4021 seculari-

2124 4062 2227 4115 bus
2266 4061 2513 4115 omnium
2548 4061 2600 4115 in
2629 4061 2936 4115 Jerusalem
2977 4062 3323 4135 degentium,
3353 4071 3409 4118 et
3437 4063 3582 4137 regis
3612 4062 3728 4116 Hen-

2127 4153 2219 4207 rici
2274 4152 2561 4208 familiaris
2616 4153 2985 4215 consiliarius,
3049 4154 3174 4208 luce
3226 4155 3511 4210 mundana
3552 4153 3721 4210 caruit.

2129 4246 2220 4299 Cui
2254 4254 2637 4301 successerunt
2686 4244 2783 4298 filii
2825 4245 2933 4311 sui,
2977 4245 3278 4301 Galeranus
3323 4246 3379 4301 in
3424 4245 3725 4302 Normannia

2131 4335 2303 4388 factus
2332 4348 2518 4387 eomes
2554 4332 2826 4400 Mellenti,
2869 4341 2923 4388 et
2952 4334 3223 4388 Robertus
3257 4335 3311 4388 in
3344 4336 3538 4409 Anglia
3579 4335 3724 4389 factus

2132 4441 2315 4481 comes
2351 4424 2642 4479 Lecestrie.
2698 4426 2790 4495 (A.
2840 4425 3015 4495 Roth.)
3047 4426 3195 4481 Obiit
3240 4430 3491 4481 secunda
3520 4424 3724 4481 Alatildis

2136 4515 2428 4585 Anglorum
2463 4514 2673 4586 regina,
2724 4514 3057 4569 venerabilis
3104 4531 3242 4570 uxor
3270 4515 3489 4570 llenriei
3522 4513 3650 4585 regis
3682 4516 3725 4563 et

410 4574 639 4585 ...ηιμ-..-
684 4574 1101 4589 "mum—mw--.
1147 4574 1236 4596 τιν
1301 4574 1567 4579 μνη---κ
1629 4574 1871 4593 -.δη-η...
1915 4574 2000 4583 ...ν
2219 4574 2250 4585 ..
2525 4574 2557 4586 τ,
2662 4574 2671 4579 -
3577 4574 3606 4585 τ.

408 4618 631 4673 uasterii
664 4616 885 4690 negotia
918 4614 1251 4669 tractabant:
1312 4613 1729 4669 insurrexerunt
1785 4616 1840 4669 in
1882 4574 2110 4684 eum,D
2141 4618 2311 4665 mater
2354 4610 2748 4682 imperalricis;
2782 4610 2851 4663 de
2896 4610 3053 4679 Clljus
3105 4610 3354 4664 bonitate
3397 4610 3637 4680 largiﬂua
3679 4612 3722 4657 οι

408 4718 461 4763 et
517 4715 800 4763 crescente
857 4706 1156 4772 simultate,
1187 4712 1584 4761 accusaverunt
1624 4722 1749 4761 eum
1808 4708 1862 4762 in
1916 4725 2037 4779 pre-

409 4802 588 4855 sentia
618 4800 853 4854 Pascalis
893 4816 1032 4870 pape
1063 4800 1211 4870 (567)
1269 4799 1335 4854 de
1376 4798 1707 4870 quibusdam
1758 4801 2028 4874 gravissi-

411 4891 515 4944 mis
544 4889 822 4959 capitulis,
852 4889 978 4943 licet
1004 4888 1175 4944 falsis.
1226 4888 1432 4954 Quibus
1477 4906 1599 4945 cum
1635 4890 2030 4963 dedignaretur

413 4981 982 5053 respondere,dicens
1017 4998 1118 5037 nec
1148 4981 1216 5036 de
1249 4982 1601 5037 accusatione
1633 4998 1822 5037 eorum
1846 5000 1906 5038 se
1933 5000 2027 5041 cu-

417 5085 555 5133 rare,
585 5084 688 5123 nec
717 5069 785 5123 de
809 5068 1027 5123 abbatia
1069 5099 1127 5109 —
1168 5068 1488 5126 confidebat
1533 5070 1681 5126 enim
1711 5078 1765 5126 et
1801 5071 1854 5125 in
1885 5071 2028 5126 bona

412 5160 761 5217 consciencia
786 5166 841 5214 et
870 5159 923 5212 in
945 5176 1150 5234 genere
1177 5168 1366 5231 utpote
1398 5159 1544 5215 filius
1570 5161 1786 5217 comitis
1817 5161 2025 5233 Mergu-

415 5252 586 5309 lensis
623 5284 676 5291 —
723 5250 890 5306 invito
922 5268 1063 5323 papa
1095 5252 1367 5307 abhatiam
1402 5253 1742 5326 relinquens,
1768 5253 2027 5308 Jerosoli-

2138 4716 2348 4755 morum
2391 4700 2660 4770 probitate
2705 4699 3030 4753 multimoda
3060 4698 3249 4754 dicere
3301 4716 3402 4770 per
3440 4697 3643 4771 singula
3684 4693 3720 4747 si

2135 4792 2411 4856 volumus,
2444 4791 2563 4845 dies
2589 4789 2833 4846 deficiet.
2866 4791 3012 4845 Inter
3039 4791 3145 4845 alia
3184 4797 3368 4846 tamen
3401 4791 3547 4845 bona
3583 4787 3722 4843 multe

2130 4890 2184 4944 in
2211 4888 2399 4962 Anglia
2427 4894 2481 4942 et
2510 4885 2845 4942 Normannia
2871 4886 3106 4940 ecclesia
3138 4886 3269 4940 etin
3302 4886 3429 4941 aliis
3455 4880 3721 4956 provinclis

2128 4980 2310 5035 adhuc
2352 4978 2434 5032 sui
2480 4976 2775 5048 splendent
2814 4974 3122 5031 beneficiis.
3173 4976 3405 5047 Sepulta
3440 4982 3519 5029 est
3556 4978 3711 5028 autem

2132 5073 2189 5126 in
2244 5069 2731 5127 Wcstmonasterio
2791 5069 2879 5123 5’“.
2951 5067 3269 5137 (Funcuanj
3334 5068 3575 5123 Mortuus
3647 5066 3718 5115 est

2131 5161 2293 5216 etiam
2316 5161 2511 5215 eodem
2551 5174 2695 5214 anno
2726 5158 3001 5212 Paschalis
3040 5174 3184 5228 papa
3234 5173 3429 5212 mense
3479 5148 3712 5211 Januarii,

2128 5253 2215 5306 cui
2248 5251 2517 5307 successit
2572 5250 2817 5305 Gelasius
2881 5249 3059 5304 165‘18.
3114 5249 3261 5303 Obiit
3309 5249 3472 5303 etiam
3532 5242 3717 5299 Alexius

1757 5352 1977 5408 VAHUE
2016 5351 2395 5406 LECTIONES.

484 5456 549 5490 ⁶⁶¹
583 5471 629 5509 s.
663 5470 713 5508 e.
746 5470 796 5510 a.
829 5454 867 5508 i.
901 5453 985 5506 W.
1010 5453 1073 5507 in
1098 5468 1300 5508 rasura
1325 5460 1562 5512 correxit
1594 5456 1871 5513 Robertus.
1909 5457 2126 5510 Desunt.
2162 5454 2244 5507 7b.
2277 5451 2356 5507 8‘.
2389 5455 2479 5507 cui
2516 5453 2749 5508 habent:
2785 5450 2950 5521 Cujus
2982 5450 3315 5505 misereatur
3350 5464 3383 5503 a
3420 5460 3526 5520 quo
3549 5447 3713 5498 cuncta

1977 5554 2186 5610 NOTAE.

496 5653 638 5719 (567)
686 5652 837 5706 Errat
885 5652 1176 5719 Robertus,
1219 5654 1454 5709 Calixtus
1506 5658 1550 5710 11
1605 5656 1709 5711 fuit
1767 5674 1797 5711 a
1846 5656 2005 5722 1ε21,

736 5722 805 5779 cf.
851 5724 1135 5781 Duchesne
1169 5725 1308 5780 Bibl.
1334 5726 1714 5783 Cluniacensxs
1745 5746 1799 5799 p.
1828 5727 2019 5798 462jet

2190 5652 2332 5720 (568)
2364 5653 2430 5707 La
2463 5652 2619 5707 Cava.

2200 5724 2355 5793 (569)
2395 5725 2549 5778 Anno
2591 5722 2751 5777 1115.

2192 5795 2332 5865 (57οι
2366 5796 2541 5866 PrOpe
2581 5793 2901 5848 Carnotum.
