3858 6206
176 336 292 389 437

324 477 684 520 ιιουιηοιιωι.
836 475 1160 518 πιυλκοοιιυιι
1188 503 1201 517 .
1349 476 1660 517 ANGLORUI.

176 557 488 628 imperator
519 552 1184 625 Constantinopolitanus,
1202 553 1289 610 cui
1315 551 1582 608 successit
1605 552 1806 608 Johan-

176 663 304 703 nes.
327 647 586 703 Mortuus
610 647 837 718 insuper
864 645 1123 701 Arnulfus
1143 645 1453 718 patriarcha
1471 645 1802 711 Jerusalem,

174 747 232 795 et
265 738 362 794 alii
394 753 657 810 proceres
681 753 846 810 quam
903 738 1091 809 plures
1121 737 1176 792 in
1205 737 1436 793 mundo.
1457 735 1601 792 Obiit
1639 737 1803 791 etiam

168 849 268 888 rex
312 831 624 886 Balduinus
677 829 984 886 Jerusalem
1034 828 1265 900 primus,
1324 844 1518 884 mense
1577 827 1800 898 Aprilis.

171 925 281 979 [ste
303 922 412 978 fuit
469 921 632 977 miles
696 920 1118 988 audacissimus,
1146 920 1242 993 qui
1294 919 1462 974 urbes
1505 919 1604 974 has
1630 934 1803 990 expu-

164 1015 435 1090 gnavitet
458 1014 640 1085 cepit:
665 1014 854 1070 Achon
871 1012 1152 1079 videlicet,
1183 1011 1496 1080 Cesaream,
1533 1011 1798 1076 Beritum,

164 1107 480 1178 Sydonem,
534 1105 822 1177 Tripolim,
897 1106 1094 1160 Arsuth
1149 1123 1164 1168 ;
1216 1112 1273 1159 et
1330 1111 1504 1160 terras
1563 1104 1800 1158 Arabum

164 1213 357 1270 usque
377 1197 450 1252 ad
475 1213 630 1252 mare
656 1196 900 1252 Rubrum
940 1196 1190 1252 subdidit
1224 1195 1355 1250 sibi.
1397 1196 1496 1262 Qui
1531 1195 1724 1250 decem
1747 1202 1802 1249 et

163 1293 296 1341 octo
319 1286 490 1341 annis
523 1285 772 1360 regnavit
811 1303 827 1351 ;
858 1293 914 1340 et
950 1284 1219 1340 successit
1271 1285 1322 1339 ei
1370 1283 1649 1340 secundus
1680 1283 1800 1338 Bal-

164 1375 386 1430 duinus
411 1384 685 1450 COgnatus
706 1374 848 1442 ejus,
881 1388 1071 1429 comes
1087 1373 1420 1430 Edessenus.

200 1463 370 1519 1119.
413 1467 677 1520 Henricus
724 1463 814 1520 13.
879 1465 1169 1520 Ludovicus
1218 1461 1303 1519 10.
1374 1461 1675 1520 Henricusl
1715 1465 1794 1519 19.

232 1551 437 1622 (Henr.
469 1555 586 1620 vn.)
642 1552 752 1606 Rex
803 1551 1068 1606 Henricus
1109 1565 1256 1606 anno
1293 1551 1386 1606 52°
1416 1567 1480 1606 ex
1513 1566 1624 1623 quo
1656 1551 1791 1606 Nor-

164 1644 365 1700 manni
386 1643 636 1719 Angliam
666 1643 1050 1710 obtinuerunt,
1075 1643 1230 1718 regni
1260 1658 1391 1699 vero
1425 1643 1676 1697 suianno
1701 1643 1789 1706 19,

166 1736 447 1810 pugnavit
474 1741 668 1790 contra
699 1749 885 1808 regem
923 1733 1254 1788 Francorum
1299 1733 1560 1806 gloriose.
1585 1732 1794 1804 Prepo-

161 1833 360 1880 suerat
389 1825 618 1896 quidem
651 1839 743 1878 rex
799 1822 1126 1878 Francorum
1158 1822 1332 1876 aciem
1361 1837 1673 1892 procerum,
1703 1822 1792 1876 cui

162 1925 396 1988 preerat
425 1916 744 1971 Willermus
793 1913 938 1970 ﬁlius
969 1916 1190 1972 Roberti
1235 1917 1414 1983 ducis,
1442 1915 1626 1971 fratris
1651 1915 1795 1971 Hen-

157 2006 256 2062 rici
305 2005 479 2081 regis.
541 2005 665 2075 Ipse
718 2021 850 2063 vero
911 2021 1034 2060 cum
1084 2005 1337 2060 maximis
1375 2005 1650 2062 viribusin
1709 2020 1792 2059 se-

159 2099 364 2170 quenti
403 2105 525 2153 erat
568 2098 810 2170 agmine.
861 2097 972 2152 Rex
1029 2113 1158 2152 vero
1217 2097 1480 2153 Henricus
1529 2098 1586 2152 in
1617 2097 1792 2168 prima

161 2193 282 2248 acie
339 2206 602 2263 proceres
639 2207 768 2247 suos
815 2191 1197 2258 constituerat,
1256 2191 1311 2245 in
1362 2191 1607 2246 secunda
1663 2207 1786 2245 cum

165 2279 402 2352 propria
430 2277 644 2334 familia
682 2295 854 2352 eques
897 2280 1016 2352 ipse
1055 2279 1357 2347 residebat,
1380 2279 1440 2334 in
1463 2280 1631 2334 tercia
1664 2295 1795 2334 vero

167 2375 318 2432 filios
371 2388 506 2430 suos
536 2390 659 2430 cum
707 2375 939 2430 summis
984 2373 1197 2430 viribus
1238 2375 1457 2446 pedites
1483 2374 1796 2428 collocave-

165 2475 266 2524 rat.
307 2467 488 2542 lgitur
503 2467 652 2523 acies
694 2467 868 2538 prima
907 2467 1241 2522 Francorum
1273 2484 1469 2540 agmen
1503 2482 1790 2537 procerum

165 2557 513 2615 Normannie
535 2557 719 2612 statim
757 2557 918 2629 equis
965 2557 1180 2628 depulit
1212 2557 1564 2627 etdispersit.
1601 2557 1794 2612 Postea

163 2664 302 2705 vero
332 2648 474 2704 aciei
501 2648 560 2702 in
589 2663 698 2718 qua
743 2663 836 2703 rex
894 2647 1160 2703 Henricus
1189 2647 1390 2716 inerat,
1419 2647 1712 2714 collidens,
1744 2654 1796 2702 ct

167 2745 394 2815 ipsaest
431 2742 709 2813 dispersa.
765 2742 924 2797 Acies
964 2742 1150 2814 itaque
1205 2741 1422 2816 regales
1447 2739 1798 2796 olfenderunt

165 2836 274 2891 sibi
311 2834 581 2900 invicem,
615 2841 670 2889 et
711 2834 979 2890 acerrime
1047 2841 1348 2906 pugnatum
1383 2840 1466 2888 est
1514 2835 1774 2904 utrinque

165 2929 304 2982 Dum
339 2927 499 2982 haste
539 2927 887 3002 franguntur,
945 2925 1146 3000 gladiis
1207 2943 1294 2980 res
1332 2925 1527 3000 agitur.
1567 2925 1795 2980 Interim

166 3017 493 3072 Willermus
561 3015 864 3086 Crispinus,
905 3016 1066 3070 miles
1115 3015 1531 3089 magnanimus,
1579 3015 1797 3070 llcnrici

167 3107 320 3180 regis
350 3112 524 3176 caput
556 3105 642 3160 bis
671 3105 858 3179 gladio
881 3105 1174 3176 percussit.
1209 3105 1455 3176 Cumque
1487 3104 1657 3160 lorica
1686 3104 1790 3159 im-
1845 3152 1860 3172 ,
1897 3104 2429 3166 “⁸’““,“⁴ν’ζ“”’”’““,“’
2547 3104 2715 3112 ””““”
2762 3104 2875 3112 ""
2923 3104 3050 3163 Ϊ“““
3104 3104 3360 3163 ζ’,““’“”
3389 3104 3508 3162 Ῑ“””

167 3199 547 3223 ,,,,,,,,.,;.,,
611 3205 751 3223 Mn,
828 3199 1206 3223 _____.,,_,.;M
1240 3205 1422 3223 ,ηηη
1489 3199 1651 3223 ,_,___
1689 3198 1755 3223 Α..
1816 3159 1863 3218 (,
1893 3164 2217 3213 exercitum
2243 3155 2497 3219 Waham,
2555 3153 2842 3207 Walenses
2886 3168 2936 3206 ei
2974 3153 3260 3223 suphctter
3281 3152 3510 3208 obvxan-

167 3199 550 3271 penetrabilis
607 3205 774 3266 esset,
828 3199 1208 3272 magnitudine
1240 3205 1424 3253 tamen
1489 3199 1654 3254 ictum
1687 3198 1792 3253 ali-

165 3290 501 3363 quantulum
529 3289 694 3360 capiti
737 3289 884 3363 regis
935 3289 1142 3344 inserta
1168 3296 1273 3355 est,
1317 3295 1376 3344 ut
1403 3289 1631 3362 sanguis
1661 3303 1793 3360 pro-

169 3388 483 3452 rumperet.
518 3379 631 3434 Rex
657 3394 790 3435 vero
819 3378 990 3433 animi
1036 3377 1248 3434 fervore
1288 3388 1617 3445 commotus,
1668 3395 1795 3449 per-

165 3485 456 3526 cussorem
486 3485 649 3524 suum
693 3469 767 3524 ita
811 3476 1163 3539 repercussu,
1195 3475 1256 3524 ut
1297 3485 1420 3524 cum
1461 3470 1618 3541 galea
1651 3477 1796 3523 esset

168 3557 642 3632 impenetrabilis,
671 3558 819 3613 mole
848 3566 1034 3613 tamen
1065 3557 1206 3613 ictus
1235 3558 1478 3630 equitem
1509 3565 1562 3612 et
1591 3574 1794 3629 equum

167 3647 487 3719 prostravit.
538 3646 639 3712 Qui
673 3662 800 3702 mox
845 3653 973 3702 ante
1031 3646 1215 3719 regios
1257 3647 1431 3718 pedes
1471 3654 1666 3717 captus
1692 3653 1773 3701 est

166 3745 320 3800 Acies
347 3758 488 3799 vero
500 3743 796 3814 pedestris,
821 3743 875 3797 in
893 3758 1002 3814 qua
1028 3742 1126 3798 ﬁlii
1149 3743 1366 3798 Henrici
1385 3743 1530 3815 regis
1551 3743 1789 3812 inerant,

168 3837 420 3892 nondum
451 3835 793 3906 percutiens,
828 3836 928 3890 sed
959 3851 1082 3892 mox
1115 3851 1440 3906 percussura
1467 3851 1534 3890 ex
1556 3835 1790 3890 adverso

167 3928 430 3984 surrexit.
481 3927 638 3992 Quod
695 3927 884 3982 Franci
940 3927 1212 3987 videntes,
1247 3929 1477 3982 horrore
1509 3926 1789 3998 insperato

167 4017 481 4092 liquefacti,
514 4023 665 4090 terga
699 4017 988 4072 dederunt.
1061 4017 1326 4071 Henricus
1377 4025 1558 4071 autem
1591 4032 1684 4071 rex
1709 4016 1790 4072 vi-

163 4109 336 4165 ctorie
363 4105 615 4179 perstitit
661 4106 718 4160 in
760 4122 978 4178 campo,
1009 4106 1189 4161 donec
1228 4106 1524 4176 Optimates
1549 4105 1790 4162 hosﬁum

164 4199 308 4269 capti
327 4205 462 4252 ante
477 4195 664 4266 regios
685 4196 859 4266 pedes
882 4211 1002 4264 ejus
1029 4195 1356 4266 suntpositi.
1373 4196 1651 4251 Reversus
1664 4211 1791 4252 vero

165 4287 595 4360 Rothomagum,
617 4285 907 4359 signorum
950 4285 1222 4341 sonitibus
1258 4292 1314 4340 et
1341 4285 1473 4340 cieri
1503 4285 1790 4342 concenti-

163 4377 264 4431 bus
281 4378 458 4432 Deum
494 4381 551 4430 et
565 4375 860 4431 Dominum
884 4374 1225 4430 exercituum
1256 4375 1558 4441 benedixit,
1581 4375 1787 4431 Eodem

1067 331 1415 388 CHRONICA.
1457 362 1526 372 —
1567 331 1943 388 AUCTARIUM
1989 331 2268 387 ROBERTI
2312 331 2392 385 DE
2433 331 2670 386 MONTE.

1836 469 1882 534 Α
1912 469 2160 529 vocatus,
2186 468 2241 516 et
2267 459 2519 531 sepultus
2547 464 2631 514 est
2673 458 2822 530 apud
2871 458 3204 515 Cluniacum.
3235 457 3331 515 Cui
3351 458 3526 516 Guido

3351 392 3362 408 ,
3421 330 3528 384 438

1909 549 2238 612 Viennensis
2263 547 2717 618 archiepiscopus
2763 546 3048 613 successit,
3087 555 3314 602 vocatus
3351 545 3527 602 Calix-

1909 653 1996 701 tus
2031 657 2174 715 papa
2204 639 2326 693 166.
2405 635 2710 692 Balduinus
2747 635 2939 691 consul
2990 635 3246 690 Flandrie
3289 637 3525 708 pervul-

1908 753 2032 803 nus,
2081 733 2231 806 quod
2277 731 2334 786 in
2376 727 2724 802 iNormannia
2775 733 3060 797 receperat
3107 727 3344 783 decessit
3424 725 3518 783 Cui

1907 827 2170 884 successit
2211 823 2437 878 Karolus
2465 829 2732 896 cognatus
2775 819 2919 891 ejus,
2979 817 3126 873 filius
3155 818 3296 875 Cnut
3330 819 3516 876 Sancti

1907 918 2050 992 regis
2085 917 2368 970 Dacorum.
2429 911 2738 983 (Faenum)
2800 908 3009 964 Eodem
3047 924 3194 964 anno
3248 909 3520 983 Rogerius

1904 1007 2230 1064 Anthiochie
2277 1005 2536 1076 princeps
2587 1019 2713 1057 cum
2757 1008 2969 1073 septem
3025 1002 3250 1057 milibus
3291 1002 3363 1057 de
3400 1002 3518 1058 suis

1897 1105 2051 1172 juxta
2100 1097 2418 1154 Archasium
2463 1095 2730 1166 oppidum
2777 1093 3082 1149 trucidatus
3120 1100 3204 1149 est
3251 1094 3518 1150 a'l‘urcis.

1902 1195 2093 1266 Itaque
2123 1208 2214 1246 rex
2247 1189 2568 1252 Balduinus,
2605 1192 2822 1242 mortuo
2856 1186 3108 1257 principe
3157 1187 3521 1254 Antiocbcno,

1902 1305 2016 1347 rex.
2049 1286 2238 1342 addito
2270 1284 2441 1339 altero
2466 1296 2658 1357 regno,
2691 1282 2782 1336 vel
2808 1288 2868 1336 ut
2914 1281 3096 1336 minus
3128 1281 3330 1351 dicam,
3366 1283 3520 1354 prin-

1901 1393 2032 1447 ceps
2052 1374 2307 1430 efﬁcitur.
3337 1406 3355 1423 .

2154 1466 2312 1521 1120.
2532 1464 2618 1518 11.
2861 1463 2953 1518 11.
3179 1462 3269 1518 20.

1966 1558 2154 1626 (Hum.
2213 1554 2332 1624 vn.)
2391 1553 2502 1607 Rex
2555 1552 2848 1626 Anglorum
2914 1552 3198 1618 Henricus,
3256 1553 3518 1611 omnibus

1894 1653 2116 1710 domitis
2134 1661 2188 1708 et
2219 1647 2519 1722 paciticatis
2559 1648 2612 1702 in
2635 1648 2826 1716 Gallia,
2850 1663 2974 1702 cum
3024 1648 3226 1722 gaudio
3254 1649 3421 1704 rediit
3454 1650 3511 1704 in

1898 1742 2164 1814 Angliam.
2224 1741 2282 1793 ln
2325 1739 2444 1808 ipso
2503 1751 2633 1790 vero
2690 1736 2858 1789 maris
2903 1736 3158 1802 transitu,
3192 1736 3380 1792 divino
3413 1737 3510 1792 Dei

1891 1834 2120 1904 judicio,
2153 1832 2278 1887 licet
2317 1829 2553 1894 occulto,
2603 1827 2714 1882 duo
2771 1826 2867 1880 ﬁlii
2927 1827 3074 1900 regis
3111 1827 3427 1882 Willermus
3458 1837 3516 1884 et

1895 1923 2178 1988 Ricardus,
2210 1928 2266 1975 et
2305 1918 2417 1974 tilia
2465 1917 2610 1994 regis
2669 1924 2723 1971 et
2781 1917 2962 1987 neptis
2998 1919 3066 1952 ³³³³
3099 1934 3314 1973 necnon
3347 1919 3504 1974 multi

1896 2027 2176 2084 proceres,
2208 2007 2460 2080 dapiferi,
2521 2005 2828 2071 camerarii,
2853 2005 2944 2060 die
2987 2006 3302 2063 festivitatis
3325 2017 3512 2065 sancte

1893 2099 2141 2156 Caterine
2173 2095 2479 2169 naufragati
2504 2103 2649 2148 sunt.

1966 2216 2054 2271 Sic
2078 2229 2226 2269 mare
2255 2213 2385 2266 dum
2405 2225 2668 2280 superans
2689 2210 2940 2264 tabulata
2963 2225 3066 2279 per
3094 2211 3288 2266 ultima
3315 2216 3511 2282 serpit,

2037 2311 2232 2376 Mergit
2275 2321 2396 2374 rege
2421 2311 2585 2371 satos,
2617 2305 2810 2358 occidit
2829 2305 2977 2358 orbis
3006 2305 3170 2359 honos
3190 2305 3302 2374 (57!
3321 2305 3358 2377 .)

2250 2419 2408 2473 1121.
2630 2416 2717 2470 13.
2937 2415 3025 2470 12.
3243 2416 3334 2473 21.

1968 2513 2080 2566 Rex
2133 2508 2426 2583 Anglorum
2472 2505 2736 2560 Henricus
2789 2504 2857 2558 ad
2910 2505 3088 2559 natale
3144 2501 3358 2560 Domini
3406 2505 3512 2563 fuit

1896 2605 2042 2677 apud
2068 2604 2346 2658 Brantune
2377 2616 2500 2656 cum
2530 2599 2772 2654 Tebaldo
2794 2598 2994 2653 comite
3029 2598 3270 2652 Blesensi
3305 2607 3511 2670 nepote

1897 2715 2016 2754 suo.
2053 2697 2112 2752 Et
2135 2703 2256 2767 post
2303 2696 2406 2748 hec
2451 2692 2594 2764 apud
2618 2692 2994 2746 Windlesores
3052 2691 3206 2746 duxit
3262 2692 3408 2746 Aeliz
3440 2691 3511 2746 fi-

1897 2789 2024 2843 liam
2053 2786 2207 2841 ducis
2235 2783 2492 2848 Lovanie,
2544 2797 2708 2837 causa
2761 2780 2950 2851 probis
3003 2787 3057 2835 et
3099 2779 3506 2850 pulcritudinis.

1900 2876 2032 2931 Cum
2062 2884 2243 2930 autem
2278 2889 2369 2928 rex
2403 2873 2470 2926 ad
2520 2872 2725 2943 pascha
2780 2870 2973 2924 fuisset
3022 2868 3165 2940 apud
3193 2870 3507 2936 Berchelea,

1897 2973 1966 3028 ad
1999 2978 2352 3044 pentecosten
2373 2969 2474 3024 fuit
2494 2969 2842 3023 diadematus
2870 2983 2993 3020 cum
3019 2967 3209 3036 regina
3239 2982 3336 3020 sua
3368 2982 3511 3022 nova

1897 3062 2044 3133 apud
2071 3059 2429 3116 Londoniam.
2459 3060 2516 3112 ln
2545 3064 2717 3112 estate
2749 3072 2879 3112 vero
2919 3056 3050 3111 dum
3107 3055 3360 3112 tenderet
3385 3072 3508 3112 cum

1897 3256 2000 3314 tes,
2025 3246 2328 3302 secundum
2363 3243 2844 3320 magnificenciam
2868 3242 3058 3298 libitus
3076 3243 3160 3297 sui
3193 3243 3513 3299 concordati

1896 3346 2024 3394 sunt
2058 3339 2130 3394 ei.

2112 3427 2272 3484 1122.

1969 3520 2155 3591 (Hus'r.
2214 3522 2333 3588 vn.)
2393 3518 2660 3572 Henricus
2700 3534 2794 3572 rex
2842 3516 2943 3572 fuit
2998 3517 3067 3571 ad
3125 3517 3308 3572 natale
3362 3513 3558 3588 apud'

1898 3607 2170 3673 Nordwic,
2205 3615 2260 3660 et
2303 3606 2370 3660 ad
2425 3605 2629 3675 pascha
2675 3606 2824 3676 apud
2879 3605 3301 3672 Nordhantune,
3343 3611 3399 3660 et
3439 3605 3509 3660 ad

1899 3706 2255 3772 pentecosten
2274 3699 2422 3769 apud
2452 3698 2853 3762 Winleshores,
2887 3699 3018 3752 inde
3044 3698 3112 3752 ad
3169 3698 3508 3754 Londoniam

1892 3797 1945 3846 et
1975 3789 2178 3854 Client;
2217 3797 2409 3860 postea
2445 3803 2574 3843 vero
2595 3789 2837 3858 perrexit
2867 3789 2923 3842 in
2984 3788 3503 3844 Nordhumbreland

1893 3879 1962 3936 ad
1993 3875 2358 3932 Dunelmiam.
2393 3875 2538 3931 Obiit
2594 3874 2862 3930 Rodulfus
2885 3876 3300 3930 Cantuariensis
3329 3876 3515 3932 archi-

1893 3970 2210 4042 episc0pus,
2239 3977 2294 4022 et
2321 3967 2600 4023 Johannes
2631 3967 2880 4022 Batensis
2905 3967 3222 4038 episcopus.

1999 4079 2136 4136 1123
2450 4079 2534 4132 17.
2830 4079 2915 4132 14.
3169 4077 3262 4133 23.

1967 4193 2087 4262 (1b.)
2116 4191 2226 4245 Rex
2257 4189 2553 4262 Anglorum
2578 4189 2842 4244 Henricus
2896 4187 2996 4244 fuit
3038 4188 3108 4243 ad
3139 4189 3322 4244 natale
3352 4189 3504 4260 apud

1895 4282 2212 4354 Dunstaple,
2253 4290 2308 4336 et
2335 4282 2463 4336 inde
2507 4281 2834 4352 perrexitad
2865 4280 3344 4336 Berchamestede.
3372 4280 3508 4337 Inde

1891 4377 1987 4431 ivit
2008 4391 2100 4430 rex
2126 4375 2195 4430 ad
2215 4374 2510 4443 Vudestoc,
2551 4374 2622 4428 ad
2677 4374 2857 4428 locum
2905 4373 3178 4445 insignem
3208 4373 3304 4428 ubi
3328 4373 3498 4429 coha-

2531 3425 2614 3480 16.
2871 3424 2960 3480 13.
3214 3425 3306 3478 22.

162 4485 307 4525 anno
337 4485 484 4541 papa
515 4467 768 4523 Gelasius
793 4467 954 4534 obiit,
986 4474 1150 4522 antea
1179 4467 1463 4524 Johannes
1485 4468 1789 4523 Gaditanus
1811 4448 1865 4515 D
1890 4467 2214 4522 bitationcm
2262 4465 2548 4522 hominum
2594 4475 2648 4521 et
2729 4465 2970 4521 ferarum
3024 4465 3249 4521 fecerat.
3309 4464 3504 4538 Ibique

1524 4596 1745 4651 VARUE
1773 4595 2152 4651 LECTIONES.

231 4697 311 4768 ‘5’,
341 4701 624 4768 creantur.
652 4694 982 4768 _Guillelmus
1004 4711 1068 4751 ex
1099 4696 1353 4768 conjuge,
1389 4703 1442 4751 et
1475 4697 1777 4752 Richardus
1807 4713 1872 4752 ex
1890 4696 2220 4759 concubina,
2253 4703 2308 4751 et
2342 4695 2450 4750 filia
2499 4696 2620 4764 ejus
2661 4711 2726 4750 ex
2750 4695 3080 4764 concubina,
3114 4711 3252 4753 uxor
3281 4696 3506 4754 comitis

172 4766 397 4834 Pertici,
425 4776 482 4822 et
511 4766 695 4837 neptis
720 4766 860 4838 ejus,
887 4782 1025 4823 uxor
1055 4766 1534 4835 comitisCestrie,
1563 4785 1782 4823 necnon
1814 4769 1971 4823 multi
2005 4769 2236 4824 habet2.

1753 4869 1959 4924 NOTAE.

238 4968 382 5041 (571)
406 4965 710 5041 Adjicimus
735 4982 982 5041 carmen,
1013 4969 1308 5036 ineditum,
1326 4979 1588 5041 quantum
1603 4971 1794 5034 sciam,

169 5039 316 5108 quod
333 5039 480 5092 inter
491 5039 1103 5094 aliacarminaMarbodi
1120 5039 1528 5107 Redonebsile
1541 5042 1795 5096 ildeberti

170 5111 428 5176 aliorum,
461 5109 666 5183 legitur
695 5110 750 5164 in
782 5111 973 5166 codice
993 5111 1329 5166 Bruxellensi
1358 5114 1520 5181 8883,
1535 5131 1663 5169 saec.
1696 5131 1793 5170 xu.

169 5253 484 5324 Submersos
518 5255 744 5324 equites,
773 5254 1104 5308 submersum
1132 5257 1276 5322 regis
1299 5257 1576 5312 alumnum

244 5323 460 5390 Anglia
484 5326 575 5392 [let
593 5340 607 5388 ;
626 5323 868 5379 multum
897 5326 1200 5380 nobilitatis
1237 5328 1368 5382 obit.

185 5395 300 5449 Vita
318 5395 510 5464 jocosa
537 5397 682 5465 perit
701 5396 987 5464 juvenum,
1023 5403 1239 5452 matura
1271 5401 1532 5453 virorum.

245 5468 410 5521 Casta
435 5468 744 5536 puellarum
769 5485 782 5520 :
813 5473 890 5522 tot
919 5471 1083 5522 simul
1106 5469 1260 5522 unda
1279 5475 1450 5524 necat.

176 5539 345 5591 Filius
366 5538 454 5592 hic
484 5541 630 5606 regis
669 5539 1035 5607 submergitur
1059 5542 1252 5594 unicus
1277 5541 1380 5604 illi,

249 5609 420 5663 Unica
443 5623 566 5678 spes
590 5613 766 5676 regni,
799 5612 973 5666 luctus
1009 5616 1234 5680 uterque
1264 5613 1470 5678 gravis.

179 5680 294 5734 Non
323 5694 488 5750 super
515 5681 656 5735 hunc
684 5684 955 5748 ﬂerit,nec
987 5684 1195 5737 lumina
1224 5684 1420 5736 clausit
1446 5686 1668 5748 amicus,

250 5751 542 5817 Confertur
567 5768 766 5822 pompa
785 5769 878 5808 nec
909 5755 1208 5809 tumulatur
1237 5754 1411 5808 humo.

2753 4929 2788 4952 οι

1906 4973 2154 5025 Ventrem
2180 4973 2348 5040 piscis
2375 4972 2529 5024 habet
2545 4971 2807 5025 tumulum
2825 4985 2924 5039 pro
2953 4987 3247 5038 marmore;
3257 4961 3516 5044 planctu8

1975 5044 2220 5096 .llurmur
2249 5058 2424 5111 aqum,
2452 5043 2634 5110 pelagi
2660 5045 2798 5109 fetor
2824 5059 3011 5097 aroma
3023 5045 3154 5109 fuit.

1901 5117 2044 5170 Mars
2077 5115 2307 5179 indgina
2329 5117 2460 5180 ferit
2481 5115 2706 5181 dignum
2745 5115 2867 5182 plus
2897 5117 3072 5168 rivrre
3127 5117 3372 5185 Mortem,

1975 5189 2109 5240 Dum
2139 5202 2339 5239 mecum
2369 5187 2558 5247 recolo,
2591 5187 2672 5239 nil
2701 5188 2814 5240 nisi
2833 5189 2956 5254 ﬂere
2973 5186 3156 5254 juvat;

1899 5260 1999 5312 Est
2025 5273 2296 5311 commune
2327 5260 2486 5322 mori,
2519 5259 2660 5312 Mors
2692 5258 2834 5311 nulli
2852 5261 3039 5328 parcit
3065 5258 3254 5312 honori
3286 5277 3300 5325 ;

1977 5331 2113 5380 Mors
2151 5331 2363 5382 estvita
2401 5331 2532 5397 piis,
2561 5345 2720 5398 pa’na
2745 5331 2949 5382 diurna
2979 5331 3161 5384 malis.

1899 5400 2101 5453 Ibimus
2131 5403 2328 5468 absque
2356 5415 2526 5463 mora,
2556 5401 2648 5454 sed
2678 5417 2790 5470 qua
2816 5403 3078 5456 nescimus
3109 5405 3164 5456 in
3193 5403 3328 5456 hora
3353 5419 3369 5466 ;

1964 5474 2058 5524 Est
2087 5473 2216 5538 quia
2252 5473 2366 5523 rita
2390 5472 2585 5536 brevis,
2615 5475 2789 5539 ﬂama,
2819 5474 3042 5531 caduca,
3076 5474 3226 5528 levis.

1892 5544 2024 5596 Ecce
2047 5544 2182 5594 satis
2195 5557 2391 5594 scmms
2419 5543 2562 5610 quod
2587 5559 2697 5596 non
2725 5545 2948 5597 evadere
2964 5549 3177 5612 quimus
3212 5561 3224 5596 :

1964 5613 2068 5666 ,ςριι
2104 5615 2222 5680 quis
2253 5615 2354 5665 erit
2378 5615 2506 5676 linis
2539 5612 2567 5663 ‘?
2585 5617 2782 5669 rermis
2808 5620 2856 5668 et
2884 5617 3010 5667 inde
3033 5617 3186 5668 cinis.

1897 5685 1996 5737 Uir:
2019 5687 2182 5749 fortis
2206 5684 2358 5736 miles
2388 5686 2556 5737 nituit
2595 5687 2730 5738 satis
2757 5688 2897 5738 inter
2925 5687 3136 5738 heriles.

1968 5758 2212 5809 Mortuus
2239 5757 2351 5823 ipse
2378 5760 2553 5808 tamen
2569 5771 2699 5822 pace
2726 5758 2965 5824 quiescat
3019 5756 3226 5808 Ληιρηῖ
