3858 6206
413 337 518 394 439

557 479 921 522 ROMANORUM.
1072 481 1414 525 FRANCORUM.
1582 483 1886 524 ANGLORUM.

415 557 690 615 Robertus
731 556 1411 629 Lincoliensisepiscopus
1445 558 1640 614 clausit
1693 559 1839 614 diem
1898 559 2011 616 ulti-

414 664 584 703 mum.
622 647 798 704 Unde.

485 740 804 807 Pontiﬁcum
838 739 1087 794 Robertus
1115 739 1298 800 honor,
1330 753 1483 807 quem
1506 739 1666 805 fama
1695 745 1984 810 superstes.

554 831 878 900 Perpetuam
913 829 1090 895 dabit,
1121 845 1228 884 non
1256 829 1502 883 obitu-rus
1531 830 1664 884 obit.

484 919 776 973 Undecima
810 921 939 973 Jani
967 918 1238 973 mendacis
1251 921 1460 973 somnia
1476 919 1738 973 mundum

553 1014 760 1083 Liquit,
791 1017 842 1068 et
859 1014 1122 1081 euigilans
1150 1027 1278 1067 vera
1293 1012 1562 1082 perite-nne
1585 1013 1697 1066 via.

486 1103 679 1158 Postea
726 1119 853 1159 vero
897 1103 964 1158 ad
1024 1103 1219 1158 festum
1273 1103 1671 1174 puriticationis
1726 1103 1881 1158 dedit
1926 1121 2017 1158 rex

415 1192 946 1264 archiepiscopatum
977 1192 1268 1248 Cantuarie
1332 1192 1616 1248 Willermo
1676 1191 1744 1247 de
1775 1191 2016 1259 Curbull,

413 1281 506 1352 qui
530 1280 704 1336 fuerat
727 1280 879 1352 prior
897 1281 1041 1352 apud
1094 1281 1322 1352 Chycce.
1361 1282 1438 1335 Ad
1486 1282 1688 1352 pascha
1718 1297 1848 1337 vero
1873 1282 2018 1354 apud

411 1376 714 1432 Wincestre
789 1376 944 1432 dedit
991 1377 1367 1448 episeOpatum
1419 1377 1658 1432 Lincolie
1711 1377 2018 1432 Alexandro

412 1467 716 1523 venerabili
738 1468 854 1523 viro
898 1468 992 1538 qui
1021 1483 1195 1538 nepos
1235 1475 1317 1523 est
1344 1468 1560 1542 Rogerii
1593 1468 2020 1523 Salesberiensis

411 1561 678 1633 episcopi.
710 1561 868 1616 Dedit
892 1560 1057 1615 etiam
1091 1576 1185 1614 rex
1237 1561 1612 1631 episcopatum
1643 1561 1810 1616 Bathe
1831 1561 2016 1616 Gode-

409 1649 551 1706 frido
594 1650 925 1707 caneellario
976 1650 1191 1722 regine.
1233 1651 1408 1721 Atque
1453 1651 1596 1705 circa
1648 1661 2009 1721 pentecosten

1647 337 1989 393 SIGEBERTI
2029 337 2542 397 GEMBLACENSIS.

3657 367 3760 424 H0

2063 474 2108 542 Α
2137 469 2366 538 fecerat,
2398 473 2456 527 in
2482 475 2654 530 altum
2679 481 2872 536 crevit.
2906 482 3115 539 Murum
3165 501 3296 542 vero
3321 487 3470 544 circa
3495 490 3756 568 Burgum,

2131 557 2206 613 ita
2237 567 2296 615 ut
2325 578 2354 615 a
2389 561 2670 620 Willermo
2715 583 2842 641 rege
2875 577 3028 640 patre
3057 573 3182 643 (suo
3217 574 3392 630 factus
3423 557 3639 645 fuerat:
3665 557 3753 637 in;

2127 654 2328 706 tactum
2351 654 2590 725 reliquit.
2622 659 2756 712 Item
2787 663 3076 718 castellum
3110 667 3260 736 quod
3287 676 3515 723 vocatur
3549 674 3753 730 Arcbas

2125 741 2249 813 575)
2290 750 2438 800 turre
2459 753 2513 800 et
2543 749 2798 805 menibus
2825 752 3150 811 mirabiliter
3172 755 3429 816 firmavit.
3464 762 3558 817 Sic
3586 765 3746 820 etiam

2124 833 2253 889 fecit
2305 837 2587 893 castellum
2653 840 2860 908 Gisorz,
2932 845 3220 917 Falesiam,
3284 855 3748 930 Argentomagum

2120 925 2287 993 (576),
2321 925 2568 982 Oximum
2624 930 2793 1002 (577).
2854 935 3209 992 Danfrontem
3243 925 3422 1006 (578v),
3457 925 3750 1002 Ambreras

2123 1015 2290 1087 (579).
2341 1021 2625 1076 castellum
2681 1023 2749 1078 de
2808 1026 2951 1090 Vira,
3000 1028 3221 1086 Waurei
3288 1032 3451 1102 (580).
3523 1037 3745 1093 Turrem

2121 1105 2391 1161 Vernonis
2431 1108 2684 1165 similiter
2713 1112 2859 1168 fecit.
2916 1116 3113 1190 Vigilia
3168 1120 3343 1175 sancti
3378 1122 3595 1179 Martini
3627 1129 3745 1183 tho-

2124 1195 2339 1251 nitruus
2363 1215 2595 1271 magnus
2622 1201 2797 1257 factus
2836 1213 2938 1268 est,
2971 1216 3027 1262 et
3055 1210 3267 1281 grando
3298 1211 3434 1267 mire
3466 1218 3742 1289 magnitu-

2121 1283 2287 1338 dinis.
2359 1286 2674 1358 (Fchuua)
2732 1292 3034 1349 Balduinus
3107 1313 3201 1351 rex
3267 1283 3744 1360 Jerosolimitanus

2121 1383 2406 1446 captusest
2434 1395 2463 1432 a
2496 1381 2655 1436 Baiae
2675 1383 2916 1453 quodam
2969 1388 3222 1454 amirato,
3256 1392 3348 1460 qui
3379 1394 3546 1448 etiam
3594 1411 3737 1452 anno

2122 1471 2613 1542 preteritoceperat
2636 1475 2985 1533 Goscelinum
3017 1481 3086 1535 de
3127 1482 3436 1539 Turvaissel
3469 1489 3731 1546 comitem

2120 1557 2481 1625 Edessenum,
2515 1571 2569 1616 et
2597 1563 2964 1620 Galerannum
2991 1581 3290 1642 cognatum
3313 1573 3455 1641 ejus.

2192 1649 2346 1704 1124.
2372 1653 2631 1708 Henricus
2659 1656 2743 1710 18.
2778 1658 3078 1716 Ludovicus
3106 1661 3192 1716 15.
3227 1665 3499 1720 Henricus
3527 1668 3555 1721 Ι
3577 1668 3668 1722 ﬁt.

409 1759 557 1798 mare
591 1743 824 1798 transiit.
861 1741 1062 1797 Eodem
1093 1758 1238 1797 anno
1266 1743 1497 1844 Augode
1530 1743 1784 1798 Montfort
1831 1744 2013 1815 perfe-
2041 1783 2091 1850 B
2153 1739 2378 1850 ‘(liltiNTl.
2413 1743 2773 1850 Vll.)‘Re‘):ri5'3
2831 1747 3130 1821 Anglorum
3167 1751 3440 1850 Henricus
3465 1754 3742 1850 fortunate

408 1840 556 1886 cerat
608 1833 886 1903 quoddam
929 1833 1216 1888 castellum
1271 1833 1668 1890 validissimum
1717 1837 1771 1892 in
1815 1838 2011 1893 eodem

406 1923 548 1988 loco,
581 1924 729 1994 quod
761 1940 885 1979 cum
918 1941 1007 1978 rex
1043 1925 1423 1998 interregaret,
1451 1927 1628 1981 noluit
1649 1929 1778 1982 dare
1802 1931 2013 1984 monitu

404 2011 590 2067 uxoris
616 2026 737 2074 sue,
795 2011 1000 2066 sororis
1038 2011 1327 2066 Galerandi
1383 2015 1598 2068 comitis
1642 2015 1884 2083 Mellent,
1917 2018 2010 2088 qui

399 2098 512 2165 jam
535 2099 810 2154 discordia
874 2101 1156 2170 prOpalata
1194 2117 1224 2155 a
1282 2118 1410 2176 rege
1463 2102 1818 2161 discesserat.
1858 2108 2012 2171 Quod

402 2197 644 2246 castrum
683 2207 776 2246 rex
806 2191 1090 2256 obsidens,
1122 2193 1266 2264 cepit
1312 2194 1438 2263 (Ιὸ.)
1470 2194 1679 2250 Deinde
1710 2197 2009 2252 Pontalde-

403 2284 539 2338 meri
597 2283 880 2351 obsidens,
938 2285 1224 2340 castellum
1305 2286 1522 2341 comitis
1574 2289 1742 2360 cepit.
1801 2291 2010 2346 Deinde

402 2375 718 2432 Brionnium
749 2377 916 2447 (572),
945 2378 1043 2432 sed
1087 2393 1199 2432 non
1250 2384 1357 2432 tam
1390 2379 1550 2435 facile
1579 2382 1746 2452 cepit.
1793 2383 2008 2438 Posue-

397 2477 588 2542 ratque
615 2486 710 2524 rex
732 2487 990 2541 proceres
1017 2487 1148 2528 suos
1185 2488 1306 2528 cum
1363 2491 1562 2548 magna
1591 2475 1825 2531 militum
1851 2479 2011 2548 c0pia

395 2559 648 2631 pluribus
673 2560 810 2617 locis
839 2561 893 2616 in
922 2563 1278 2618 Normannia.
1333 2565 1447 2629 Que
1477 2582 1679 2640 guerra
1708 2568 2006 2638 plurimum

396 2649 627 2720 patriam
648 2649 860 2705 afﬂixit.
893 2653 1012 2721 (ἑὸ.)
1051 2651 1294 2709 Calixtus
1339 2669 1482 2725 papa
1535 2657 2008 2712 tenuitconcilium

398 2741 583 2797 Remis
610 2742 772 2810 (573),
801 2745 888 2799 cui
922 2745 1170 2802 interfuit
1194 2747 1504 2802 Ludovicus
1535 2765 1628 2803 rex
1652 2749 2003 2808 Francorum.

396 2833 663 2890 Posteain
691 2837 889 2891 eodem
948 2853 1096 2893 anno
1152 2839 1333 2908 (Νου.)
1397 2840 1543 2895 idem
1606 2858 1744 2912 papa
1772 2843 1926 2898 venit
1952 2845 2006 2898 in

393 2923 784 2979 Normanniam
807 2927 956 2998 loqui
989 2943 1113 2982 cum
1147 2928 1380 2987 Henrico
1416 2946 1546 3002 rege
1600 2932 1918 3005 Anglorum,
1954 2941 2007 2990 ct

393 3012 560 3069 locuti
589 3023 718 3070 sunt
737 3015 962 3072 insimul
996 3017 1051 3072 in
1081 3020 1308 3074 castello
1338 3021 1523 3076 Gisorz
1556 3037 1787 3097 magnus
1817 3040 1908 3079 rex
1950 3033 2005 3081 et

392 3123 627 3183 magnus
656 3109 930 3165 sacerdos.
958 3111 1108 3166 Idem
1131 3112 1366 3168 Calixtus
1396 3125 1740 3172 successerat
1767 3117 2002 3186 Gelasio,

391 3199 484 3270 qui
535 3199 784 3255 Gelasius
848 3209 977 3256 ante
1060 3211 1320 3274 papatum
1385 3207 1676 3262 dicebatur
1721 3211 2002 3267 Johannes

389 3289 690 3345 Gaditanus
717 3300 775 3346 et
804 3290 980 3347 fuerat
1036 3295 1402 3351 cancellarius
1435 3297 1709 3354 Paschalis
1755 3318 1917 3372 pape,
1950 3312 2004 3358 et

389 3381 458 3436 de
487 3396 584 3438 ore
612 3383 733 3454 ejus
759 3384 1032 3440 fluxerunt
1061 3387 1229 3442 multe
1253 3388 1430 3445 littere
1450 3391 1703 3448 litterate.
1738 3395 2004 3451 Henricus

387 3491 478 3529 rex
509 3475 654 3530 circa
671 3481 878 3532 turrem
911 3478 1261 3554 Rothomagi,
1292 3498 1456 3553 quam
1481 3484 1764 3540 edificavit
1791 3488 2003 3558 primus

385 3566 654 3622 Rieardus
682 3568 792 3624 dux
822 3569 1262 3628 Normannorum
1323 3574 1376 3628 in
1411 3575 1670 3646 palatium
1715 3577 1842 3644 sibi,
1878 3597 2001 3634 mu-

387 3674 504 3713 rum
537 3660 707 3715 altum
747 3668 802 3716 et
833 3662 998 3716 latum
1031 3679 1154 3718 cum
1188 3669 1619 3741 prepugnaculis
1673 3671 1912 3736 editicat,
1947 3681 2001 3726 et

383 3746 603 3804 editieia
642 3750 709 3804 ad
729 3753 1072 3808 mansionem
1101 3755 1307 3828 regiam
1325 3773 1572 3829 congrua
1601 3759 1738 3814 infra
1762 3761 1997 3814 eundem

381 3855 597 3894 murum
656 3848 831 3910 parat.
895 3843 1000 3912 Ipsi
1051 3859 1176 3899 vero
1219 3846 1350 3900 turri
1411 3849 1848 3920 propugnacula,
1891 3868 1996 3919 quc

379 3928 632 3998 deerant,
659 3931 829 3986 addit.
869 3933 926 3986 ln
957 3949 1063 4004 qua
1096 3942 1241 3989 turre
1274 3934 1512 3991 fenestra
1548 3945 1650 4003 est,
1694 3954 1800 4008 que
1833 3954 1997 3994 voca-

379 4027 464 4076 tur
484 4021 912 4079 Conani-Saltus
941 4043 955 4090 ;
981 4025 1109 4096 quia
1140 4041 1205 4080 ex
1226 4043 1291 4082 ea
1311 4027 1456 4082 idem
1495 4028 1760 4085 Henricus
1790 4030 1994 4085 fecerat

379 4110 694 4182 precipitari
719 4112 995 4184 quendam
1018 4115 1338 4170 traditorem
1369 4116 1827 4190 Rotliomagensis
1841 4120 1992 4174 urbis

378 4202 723 4272 predivitcm,
767 4205 997 4260 nomine
1056 4205 1361 4274 Conanum,
1405 4209 1496 4280 qui
1565 4210 1739 4280 ipsam
1797 4211 1987 4266 urbem

374 4294 596 4350 volebat
621 4295 839 4351 tradere
869 4297 1186 4353 hominibus
1218 4300 1487 4355 Willerini
1521 4302 1666 4376 regis
1693 4303 1986 4376 Anglorum

373 4383 520 4452 (574)
555 4401 568 4449 ;
599 4384 697 4439 sed
739 4393 1037 4456 preventus
1064 4393 1147 4441 est
1176 4403 1207 4441 a
1262 4388 1519 4444 fidelibus
1560 4390 1782 4445 Roberti
1812 4391 1988 4459 ducis,

2113 1825 2449 1900 glorificatus
2477 1836 2574 1885 est.
2631 1832 2947 1890 Willermus
3002 1853 3243 1909 namque
3303 1841 3371 1895 de
3401 1841 3742 1901 Tanearvilla

2113 1916 2448 1971 camerarius
2474 1919 2610 1987 ejus,
2634 1937 2756 1974 eum
2817 1923 2938 1977 aliis
2985 1925 3238 1995 pluribus
3267 1927 3577 1987 baronibus
3595 1936 3740 1990 acie-

2113 2005 2218 2060 bus
2255 2010 2474 2064 statutis
2504 2011 2831 2084 conﬂigens,
2893 2017 3041 2086 cepit
3095 2019 3356 2076 comitem
3409 2022 3736 2081 Mellenti'i.

2113 2095 2385 2153 Kalendas
2415 2101 2630 2170 Aprilis,
2691 2104 3058 2160 Galerannum
3118 2116 3246 2163 tunc
3281 2111 3414 2165 satis
3443 2112 3732 2180 juvenem,

2113 2187 2340 2243 militem
2366 2198 2548 2246 tamen
2579 2195 2746 2248 armis
2795 2196 3016 2264 fortem,
3057 2205 3113 2252 et
3156 2199 3444 2272 Hugonem.
3470 2205 3541 2260 de
3588 2207 3742 2262 Mon-

2113 2275 2220 2331 fort
2250 2280 2522 2334 sororium
2564 2282 2704 2350 ejus,
2738 2293 2787 2338 et
2835 2285 3118 2355 ll-smnem
3175 2287 3350 2344 tilium
3409 2292 3655 2350 Gervasii
3687 2307 3741 2353 et

2111 2369 2247 2424 alios
2287 2371 2488 2426 multos
2526 2389 2723 2448 magne
2785 2376 3080 2445 probitatis
3133 2387 3188 2434 et
3246 2383 3432 2456 magni
3493 2388 3745 2442 nominis

2112 2464 2278 2527 viros,
2315 2465 2370 2519 in
2395 2467 2534 2521 valle
2566 2468 2826 2525 videlicet
2881 2472 3034 2540 juxta
3095 2473 3456 2532 Bortorodum
3524 2481 3744 2550 (εἰδυίῃ

2112 2557 2309 2614 itinere
2341 2561 2663 2618 munitionis
2701 2565 2908 2619 castelli
2965 2566 3036 2620 de
3089 2568 3394 2625 Wateville.
3423 2573 3566 2636 ,Rex
3600 2576 3744 2631 Hen-

2110 2647 2255 2702 ricus
2296 2657 2424 2706 tunc
2455 2657 2571 2706 erat
2600 2653 2747 2722 apud
2781 2652 3078 2710 Cadomum
3116 2674 3130 2720 ;
3171 2659 3322 2728 quod
3353 2661 3596 2718 audiens
3612 2680 3734 2719 cre-

2107 2739 2237 2794 dere
2267 2756 2377 2796 non
2445 2744 2642 2813 potuit,
2693 2745 2874 2810 donec
2933 2749 3108 2802 oculis
3162 2751 3276 2804 suis
3332 2752 3492 2808 vidit.
3528 2754 3732 2811 Traditi

2109 2827 2276 2903 igitur
2292 2831 2429 2904 regi,
2459 2832 2622 2902 positi
2644 2841 2772 2888 sunt
2799 2834 2854 2887 in
2877 2851 3175 2905 carcerem,
3210 2846 3262 2893 et
3294 2840 3376 2895 sic
3410 2851 3614 2917 magna
3637 2844 3734 2899 illa

2109 2924 2283 2993 patrie
2305 2924 2578 2980 dissensio
2634 2925 2800 2981 ﬁnem
2842 2929 3056 3000 accepit
3094 2937 3151 2985 et
3207 2933 3537 2990 destructio.
3573 2937 3732 3003 (FUL-

2111 3017 2291 3086 σηιξη.)
2329 3018 2487 3072 Tirus
2515 3019 2746 3089 capitur,
2801 3037 2964 3090 quam
3023 3023 3273 3078 moderni
3341 3026 3612 3100 Sagittam
3643 3046 3730 3085 vo-

2105 3117 2249 3165 cant.
2280 3111 2449 3166 Sidon
2481 3128 2612 3168 vero
2678 3115 3024 3171 contermina
3071 3117 3195 3188 eius
3242 3119 3312 3173 ab
3339 3119 3543 3177 incolis
3565 3125 3726 3180 modo

2028 3178 2075 3246 C
2106 3200 2210 3253 Sur
2237 3207 2482 3266 vocatur,
2507 3207 2560 3255 et
2588 3209 2669 3255 est
2691 3204 3032 3272 metropolis.
3059 3178 3223 3276 capta
3251 3207 3418 3278 Tyro,
3453 3178 3732 3266 discordia

2106 3288 2247 3343 facta
2275 3297 2358 3344 est
2377 3297 2602 3360 prepter
2641 3306 2761 3344 eam
2822 3291 2967 3347 inter
2994 3294 3336 3362 patriarchas
3363 3297 3726 3354 Jerosolimi-

2105 3387 2315 3446 tanum,
2346 3387 2401 3434 et
2430 3381 2835 3436 Antiochenum
2870 3400 2882 3436 :
2914 3383 3133 3439 dicebat
3158 3387 3306 3440 enim
3342 3388 3725 3446 Antiochenus

2105 3485 2350 3547 tempore
2371 3477 2595 3549 antiquo
2657 3479 2854 3549 Tyrum
2906 3479 3076 3534 fuisse
3129 3481 3368 3538 ecelesie
3406 3501 3510 3539 sue
3543 3488 3729 3556 subje-

2104 3574 2246 3621 ctam
2284 3586 2298 3632 ;
2326 3568 2807 3623 .lerosolimitanus
2827 3585 2957 3626 vero
2983 3570 3262 3626 nitebatur
3281 3574 3603 3650 privilegiis
3627 3578 3732 3633 Ro-

2103 3674 2385 3713 manorum
2454 3659 2798 3729 pontiﬁcum.
2862 3662 2916 3715 Si
2983 3662 3280 3736 dignitates
3325 3676 3380 3719 et
3427 3669 3717 3742 privilegia

2104 3749 2295 3803 horum
2328 3749 2756 3818 patriarcharum
2815 3751 3116 3806 Jerusalem
3177 3760 3231 3808 et
3283 3756 3605 3823 Antiochie,
3667 3766 3718 3813 et

2102 3837 2264 3905 hujus
2292 3836 2404 3890 litis
2427 3837 2875 3892 terminationem
2932 3840 3124 3896 audire
3172 3843 3258 3896 vel
3319 3844 3510 3918 legere
3539 3847 3715 3918 cupis,

2098 3923 2315 3994 require
2339 3923 2393 3977 in
2420 3924 2596 3993 primo
2625 3940 2770 3980 anno
2801 3926 2885 3980 vel
2915 3927 3063 3982 circa
3093 3939 3386 4001 postquam
3411 3932 3718 3990 Jerusalem

2098 4025 2255 4086 capta
2283 4025 2368 4069 est
2404 4031 2435 4069 a
2473 4015 2789 4072 cliristianis
2827 4021 2945 4086 (Ep.
2981 4020 3136 4075 Cruc.
3200 4021 3367 4094 [582])
3431 4025 3722 4082 Antiochia

2093 4108 2284 4163 civitas
2310 4116 2394 4164 est
2420 4108 2790 4178 pulcherrima
2834 4120 2890 4165 et
2919 4111 3313 4182 munitissima,
3337 4117 3717 4187 eopiosiorum

2095 4200 2407 4272 reddituum
2441 4201 2882 4271 apulentissima.
2925 4203 3063 4258 Sunt
3091 4203 3234 4259 infra
3276 4207 3460 4276 ipsam
3496 4218 3729 4281 quatuor

2093 4298 2389 4344 montanee
2447 4288 2581 4343 satis
2637 4289 2762 4356 alte,
2819 4291 2872 4344 in
2928 4309 3160 4363 quarum
3220 4311 3354 4360 una,
3407 4299 3721 4355 sublimiori

2091 4382 2320 4446 scilicet,
2342 4382 2623 4437 castellum
2681 4390 2784 4447 est,
2816 4384 2965 4454 quod
2995 4386 3146 4440 omni
3179 4386 3388 4442 civitati
3421 4393 3723 4460 prominet,

358 4478 425 4525 et
456 4472 690 4527 maxime
715 4473 782 4526 ab
816 4473 1048 4529 Henrico
1100 4474 1264 4529 fratre
1307 4476 1500 4547 ipsius,
1535 4478 1627 4548 qui
1648 4484 1780 4532 tunc
1812 4486 1994 4548 partes
2020 4531 2069 4555 η
2096 4476 2352 4530 deorsum
2383 4475 2529 4529 enim
2560 4475 2753 4529 civitas
2783 4484 2869 4530 est
2908 4477 3171 4533 decenter
3191 4479 3478 4550 ediiieata,
3507 4492 3564 4538 et
3594 4483 3728 4555 dup-

372 4561 528 4616 ducis
559 4561 809 4632 juvabat,
839 4564 986 4618 unde
1009 4572 1064 4618 et
1104 4563 1282 4635 ipsum
1317 4565 1487 4638 digna
1520 4574 1694 4621 morte
1720 4568 1990 4623 multavit.
2018 4561 2072 4600 υ
2097 4565 2226 4636 plici
2262 4579 2416 4619 muro
2447 4563 2887 4619 circumambita.
2936 4565 3120 4621 Murus
3151 4567 3388 4625 interior
3427 4574 3648 4643 amplus
3673 4581 3724 4628 et

372 4651 599 4707 Turrem
626 4653 1021 4710 nichilominus
1051 4655 1323 4709 excelsam
1358 4656 1488 4710 iecit
1547 4656 1600 4710 in
1635 4657 1861 4712 castello
1894 4658 1992 4712 Ca-
2096 4660 2149 4713 in
2180 4674 2306 4714 aera
2331 4663 2615 4728 porrectus
2642 4663 2745 4723 est,
2779 4663 2834 4710 ct
2865 4659 3079 4729 magnis
3109 4661 3408 4730 etquadris
3441 4664 3721 4735 lapidibus

374 4741 649 4810 domensi,
674 4751 728 4799 et
757 4761 973 4802 murum
1006 4745 1182 4817 ipsius
1203 4746 1437 4814 castelli,
1467 4762 1630 4818 quem
1670 4755 1825 4818 pater
1861 4764 1992 4804 suus
2092 4757 2414 4821 eompactus
2442 4756 2497 4803 et
2526 4747 2966 4822 compaginatus.
3003 4751 3063 4803 ln
3086 4767 3194 4821 qua
3213 4753 3359 4808 muri
3391 4757 3722 4830 compagine

1731 4849 1950 4904 VARl/E
1999 4851 2353 4908 LECTIONES

447 4939 701 5034 :‘3‘Initio
727 4942 894 5034 lhujus
921 4949 1059 5001 anni
1094 4946 1149 5000 2.
1217 4947 1420 5034 addit‘:
1455 4946 1718 5034 ZEcelesia
1757 4947 2031 5034 Savignejii
2095 4950 2349 5034 dedicata
2397 4955 2483 5034 est
2526 4946 2624 5034 Kal.
2652 4947 2805 5034 μω..
2831 4947 2884 5034 in
2910 4949 3186 5034 honorem
3210 4950 3285 5034 Δ8.
3311 4951 3622 5034 Trinitatis,
3655 4955 3723 5008 ab

377 5009 576 5106 abbate
600 5010 776 5106 yit‘ale
798 5009 1020 5096 incepta
1044 5024 1100 5070 et
1122 5034 1300 5099 usque
1329 5019 1397 5072 ad
1428 5027 1574 5106 retrr‘o
1603 5019 1844 5106 chorum‘
1863 5009 2361 5106 _céxp'leta,ldeind_e
2394 5036 2425 5073 a
2445 5017 2716 5106 Sauf‘rgido‘
2736 5019 2961 5106 ali-hate.
3013 5019 3291 5106 perfecta:
3324 5009 3722 5106 Huiededica-

375 5080 904 5164 tiopi‘interfue‘runt
926 5080 1476 5164 "episcopiuquinque,
1509 5090 1789 5164 Turgisus,
1818 5080 2174 5148 Abrincens'is
2193 5099 2247 5148 et
2273 5090 2994 5161 lticardusConstantiensis
3014 5080 3068 5146 et
3099 5091 3366 5148 Rieardus
3395 5095 3715 5164 Bajocensis

377 5151 730 5207 etJohannes
754 5151 1036 5229 Sagiensis
1066 5151 1506 5216 et'Hil'dcbértus
1538 5151 2030 5218 (leHomannensis.

1932 5259 2144 5315 ΝΟΤΑΞ.

2159 5363 2299 5431 (579)
2330 5361 2662 5434 Ambrieres,
2697 5360 2845 5414 inter
2875 5359 3162 5415 Domfront
3185 5369 3241 5416 et
3271 5361 3568 5434 Mayenne.

2161 5435 2303 5502 (580)
2341 5433 2562 5486 Waure.

2163 5505 2306 5573 (581)
2342 5505 2549 5577 Burgus
2571 5502 2817 5568 Turoldi,
2841 5503 2951 5571 jam
3008 5503 3487 5576 Bourgtheroude,
3543 5519 3716 5576 prope

2093 5577 2526 5655 Βορξφητξεωψ.
2575 5644 2585 5655 .
2627 5651 2634 5655 .
2683 5645 2694 5655 .
2788 5645 2817 5655 η
3293 5645 3326 5655 ..

2163 5647 2305 5717 (582)
2341 5644 2732 5717 lfe._Epistola
2784 5645 3206 5717 Cruciferorum.
3238 5645 3389 5701 edita
3436 5647 3578 5702 Mon.
3615 5644 3711 5700 SS.

2093 5715 2185 5780 lll,
2244 5719 2328 5772 Η.
2394 5715 2666 5771 ltoberlus
2713 5716 2963 5771 ordinem
3024 5718 3318 5773 verborum
3381 5717 3708 5778 immutaﬁt,

2089 5789 2256 5846 verba
2286 5790 2406 5862 ipsa
2429 5787 2654 5845 retinuit
2681 5787 2792 5845 fere
2823 5787 3032 5846 omnia.

467 5350 593 5420 572)
612 5351 872 5410 Brionne.

474 5421 598 5494 573)
630 5422 693 5494 ᾼ·
730 5423 891 5494 ωε).

718 5493 876 5551 1090.
900 5497 971 5554 cf.
1007 5497 1134 5554 0rd.
1159 5499 1264 5557 Vit.
1289 5519 1338 5573 p.
1359 5503 1484 5560 690.

447 5563 598 5633 (575)
629 5563 840 5633 Arques

451 5633 594 5706 (εἶθ)
626 5633 920 5706 Argentan.

451 5705 594 5774 (577)
625 5704 862 5760 Hiémes.

450 5776 587 5846 (578)
621 5775 922 5836 Domfront.
