3858 6206
144 352 239 413 μί
1015 350 1361 410 CHRONICA.
1398 312 1472 395 1-
1508 348 1895 411 AUCTARIUM
1935 354 2219 412 ROBERTI
2258 358 2340 411 DE
2381 357 2619 413 MONTE.
3244 350 3252 363 ’
3372 359 3478 416 442

281 488 651 529 aonauoauu.
803 489 1142 532 raaaconuu.
1290 495 1601 536 ANGLORUH.
1792 486 1845 552 Α
1873 487 1928 535 et
1958 482 2034 537 ibi
2077 484 2230 539 dedit
2267 483 2644 554 episcopatum
2688 482 2969 557 Wigornie
3009 483 3232 554 Symoni
3274 483 3479 540 clerico

148 570 320 617 turres
344 568 479 616 sunt
509 560 918 637 quinquaginta
956 566 1339 638 quadrigente,
1382 567 1637 625 formosis
1673 584 1770 624 ve-
1869 574 2076 647 regine.
2134 572 2336 626 Sifrido
2394 585 2615 643 quoque
2671 569 2854 626 abbati
2897 571 3281 643 Glastingebiri
3322 571 3480 628 dedit

146 659 358 707 nustate
407 652 642 721 meniis,
694 660 749 708 et
802 653 1034 710 defense
1087 659 1536 732 propugnaculis.
1585 659 1768 715 Murus
1869 665 2245 734 episcopatum
2298 660 2581 714 Cicestrie.
2638 658 2806 713 Porro
2845 657 3161 714 Willermus
3196 660 3478 731 archiepi-

146 737 378 794 exterior
408 755 528 796 non
551 741 1082 808 tantecelsitudinis,
1115 745 1213 799 sed
1238 751 1420 801 tamen
1442 748 1767 804 admirande
1867 769 2071 825 scopus
2137 751 2425 806 Cantuaric
2474 750 2627 804 dedit
2690 750 3071 821 episcopatum
3132 750 3478 805 Rovecestric

145 833 463 888 venustatis.
512 833 775 891 Continet
829 836 887 891 in
914 853 973 893 se
999 844 1274 895 trecentas
1317 847 1372 896 et
1401 843 1765 918 quadraginta
1865 844 2102 900 Johanni
2135 842 2521 897 archidiacono
2557 857 2677 897 suo.
2716 842 2794 896 Ad
2850 842 3054 912 pascha
3083 843 3245 896 etiam
3276 842 3481 896 Johan-

146 924 428 980 eeclesias.
465 924 579 983 Pro
608 942 708 983 suo
748 944 952 1001 magno
983 930 1224 1002 primatu
1269 934 1634 1003 patriarcham
1668 936 1765 991 ha-
1867 952 1968 991 nes
2024 934 2352 1000 Cremensis,
2410 933 2708 988 cardinalis
2764 934 3062 995 Romanus,
3107 932 3394 987 descendit
3422 933 3480 987 in

144 1014 248 1079 bet,
276 1016 440 1084 cujus
479 1017 879 1086 patriarchatui
921 1019 1298 1087 subjiciuntur
1340 1022 1441 1076 153
1491 1023 1760 1095 episcOpi.
1863 1023 2134 1097 Angliam,
2168 1021 2651 1093 perendinansque
2683 1037 2782 1092 per
2821 1022 3171 1092 episcopatus
3201 1029 3255 1075 et
3308 1020 3483 1076 abba-

147 1105 218 1160 Ab
253 1105 478 1162 oriente
519 1115 759 1179 quatuor
805 1110 1081 1165 clauditur
1120 1115 1448 1169 montaneis.
1502 1116 1582 1170 Ab
1621 1118 1769 1172 occi-
1872 1117 1975 1171 tias
2005 1131 2116 1171 non
2156 1115 2277 1169 sine
2330 1113 2544 1187 magnis
2614 1113 2960 1180 muneribus,
3020 1113 3084 1167 ad
3144 1113 3480 1169 nativitatem

146 1193 301 1249 dente
356 1210 490 1250 vero
542 1196 784 1253 civitatis
824 1214 1010 1254 muros
1063 1200 1369 1270 preterfluit
1408 1201 1624 1267 ﬂuvius,
1681 1206 1769 1260 cui
1867 1212 2055 1260 sancte
2106 1204 2273 1259 Marie
2320 1202 2619 1257 celebravit
2677 1201 2973 1256 concilium
3033 1201 3283 1257 sollenne
3332 1201 3481 1274 apud

150 1302 340 1342 nomen
392 1287 651 1345 Pharfar.
712 1289 1000 1361 Octoginta
1029 1292 1177 1346 enim
1231 1303 1286 1348 et
1334 1295 1578 1367 quinque
1607 1313 1768 1371 reges
1868 1293 2207 1349 Londoniam
2266 1292 2412 1347 Obiit
2449 1290 2718 1345 Henricus
2759 1291 3077 1360 imperator,
3127 1290 3220 1361 qui
3252 1291 3483 1347 duxerat

148 1392 258 1431 eam
283 1379 684 1435 constituendo
732 1381 1172 1439 sublimaverunt
1217 1395 1271 1438 et
1311 1385 1762 1456 nobilitaverunt,
1867 1388 2142 1443 Matildem
2197 1387 2362 1441 filiam
2438 1387 2584 1459 regis
2654 1386 2946 1459 Anglorum
3009 1386 3243 1441 Henrici.
3300 1385 3477 1457 Opere

147 1481 368 1537 quorum
409 1468 691 1523 maximus
733 1479 787 1523 et
818 1471 1025 1540 primus
1065 1474 1290 1529 emersit
1328 1476 1646 1542 Antiochus,
1690 1479 1759 1534 de
1853 1477 2100 1547 pretium
2159 1486 2243 1531 est
2298 1476 2486 1530 audire
2536 1490 2698 1546 quam
2760 1490 2982 1529 severus
3038 1491 3128 1528 rex
3177 1474 3475 1548 Anglorum

147 1561 294 1630 cujus
332 1562 571 1618 nomine
604 1564 894 1620 Antiochia
948 1576 1266 1638 nuncupata
1321 1578 1425 1624 est.
1474 1572 1551 1643 (V.
1590 1575 1757 1635 With.)
1865 1569 2129 1623 Henricus
2176 1567 2340 1622 fuerit
2396 1566 2452 1621 in
2511 1581 2706 1637 pravos
2767 1565 3103 1621 Mouetarios
3158 1566 3308 1620 enim
3364 1564 3478 1621 fere

148 1649 283 1704 Obiit
310 1651 542 1706 donnus
567 1652 885 1709 Willermus
914 1655 1005 1725 pie
1035 1658 1326 1725 memorie,
1359 1660 1566 1715 tercius
1589 1662 1760 1717 abbas
1860 1672 2055 1712 omnes
2110 1656 2276 1711 totius
2325 1656 2518 1730 Anglic
2586 1654 2715 1709 fecit
2761 1654 3086 1709 ementulari
3115 1696 3131 1720 ,
3185 1662 3239 1710 et
3284 1670 3481 1709 manus

145 1742 423 1799 Beocensis
471 1746 741 1813 ecclesia,
791 1748 874 1802 vir
922 1748 1198 1817 gloriosus
1235 1758 1289 1806 et
1338 1753 1570 1809 honeste
1623 1755 1755 1821 vite,
1783 1777 1831 1845 Β
1859 1748 2111 1803 dexteras
2150 1748 2479 1802 fabricantes
2499 1747 2803 1818 nequitiam
2847 1745 3081 1815 abscidi,
3121 1745 3251 1816 quia
3278 1760 3477 1801 mone-

148 1837 231 1907 (ιιιί
256 1837 345 1905 23,
379 1840 552 1895 etatis
582 1857 683 1896 sue
704 1857 849 1897 anno
880 1844 1108 1914 predicti
1141 1845 1248 1900 loci
1290 1848 1592 1903 monachus
1618 1848 1754 1905 eﬁ‘e-
1787 1837 1827 1845 ’⁷
1860 1850 1966 1898 tam
2009 1842 2206 1899 furtive
2236 1851 2615 1914 corruperant.
2673 1842 2782 1897 Iste
2825 1850 2910 1896 est
2950 1842 3004 1895 in
3046 1840 3240 1912 Anglia
3292 1854 3477 1895 annus

149 1937 258 1986 ctus
284 1939 386 1998 est,
415 1932 860 2005 quindecimque
900 1936 1063 1990 annis
1091 1936 1146 1991 in
1175 1940 1503 1995 monachatu
1546 1943 1753 2013 private
1855 1935 2175 1990 kaPiSSimUS
2216 1936 2465 1991 omnium
2492 1976 2505 2000 ν
2554 1935 2611 1988 in
2644 1950 2754 2005 quo
2793 1933 3124 1988 "indebamr
3177 1947 3318 1987 οηυδ
3344 1931 3477 2002 θαυί

149 2021 389 2089 peractis,
450 2023 509 2076 in
566 2023 817 2095 regimen
868 2025 1119 2094 ejusdem
1171 2027 1392 2083 abbatie
1449 2031 1753 2087 venerabili
1854 2025 2278 2083 frumentorium
2328 2043 2424 2082 sex
2454 2026 2665 2081 solidis.
2707 2026 2939 2081 Henrico
2975 2024 3291 2096 imperatori
3352 2038 3479 2079 suc-

149 2112 387 2168 Anselmo
415 2115 716 2171 successit.
766 2116 936 2181 Quam
964 2133 1089 2173 cum
1116 2117 1185 2176 30
1212 2120 1373 2176 annis
1404 2127 1458 2176 et
1501 2123 1751 2193 dimidio,

146 2200 179 2255 6
201 2200 392 2256 diebus
421 2202 638 2270 minus,
668 2211 891 2280 strenue
920 2207 1301 2280 gubernasset.
1335 2211 1420 2267 '70.
1463 2214 1625 2267 etatis
1655 2231 1754 2271 sue

153 2290 352 2347 circiter
378 2308 551 2360 anno,
590 2278 952 2351 monachatus
984 2312 1115 2353 vero
1156 2298 1268 2354 lere
1306 2301 1397 2367 46,
1447 2298 1699 2377 migravit
1728 2321 1759 2360 a

1857 2116 2024 2171 cessit
2064 2117 2368 2171 Lotharius.
2412 2115 2622 2170 Mortuo
2649 2116 2957 2170 Alexandro
2998 2130 3125 2185 rege
3164 2113 3475 2179 Scotorum,

1858 2206 2125 2260 successit
2155 2206 2207 2260 ei
2239 2207 2407 2260 David
2443 2206 2609 2259 frater
2651 2206 2790 2275 ejus,
2824 2204 2907 2257 vir
2938 2218 3135 2275 magne
3168 2200 3478 2255 sanctitatis

1861 2302 1916 2350 et
1946 2294 2266 2368 religiosus;
2299 2295 2392 2366 qui
2452 2294 2616 2347 tiliam
2668 2292 2870 2346 Gallevi
2919 2290 3138 2345 comitis
3188 2296 3242 2344 et
3290 2288 3479 2343 Judith

150 2381 338 2447 seculo,
382 2381 470 2439 16.
507 2382 628 2437 Kal.
671 2383 811 2438 Maii.
849 2383 1013 2453 Cujus
1042 2386 1383 2458 epitaphium
1414 2391 1758 2451 decrevimus

157 2484 254 2523 non
281 2469 595 2526 silendum.

214 2563 313 2614 Hoc
340 2563 546 2628 tegitur
579 2561 769 2615 tumba
799 2561 1109 2619 Willermus
1135 2568 1331 2621 tercius
1369 2568 1528 2637 abba,

213 2651 305 2711 Qui
330 2651 441 2715 fuit
467 2653 730 2716 eximius,
759 2654 974 2720 sapiens
1000 2659 1052 2707 et
1080 2656 1377 2722 religiosus,

211 2739 369 2793 Getica
393 2742 707 2808 suspirans,
746 2741 1137 2811 mundanaque
1172 2752 1374 2800 cuncta
1426 2750 1750 2819 relinquens.

215 2834 297 2885 Est
329 2832 613 2887 Christum
639 2832 819 2887 nudus
847 2834 1035 2889 devota
1059 2842 1241 2891 mente
1265 2844 1497 2894 secutus.

215 2926 511 2990 Ingenium,
539 2938 762 2979 morum
796 2925 1058 2993 probitas,
1089 2929 1438 2999 splendorque
1458 2940 1754 3001 parentum

213 3013 457 3068 Omnibus
487 3015 643 3068 hunc
671 3029 864 3068 carum
889 3017 1137 3082 fecerunt
1165 3033 1231 3073 ac
1266 3024 1654 3079 venerandum.

216 3104 429 3169 Imperio
455 3103 688 3170 dignam
714 3106 941 3171 speciem
962 3106 1238 3175 vitamque
1260 3112 1475 3176 gerebat
1498 3131 1517 3181 ,-

215 3197 379 3250 Cordis
408 3197 758 3251 mundiciam
792 3212 1001 3267 semper
1027 3204 1314 3271 carnisque
1343 3207 1576 3262 tenebat.

219 3298 430 3350 Beccum
458 3296 707 3351 terdenos
736 3300 898 3351 auxit
921 3301 1166 3367 rea-itque
1190 3317 1289 3368 per
1316 3318 1507 3370 annos,

217 3388 344 3441 Mitis
365 3388 624 3457 subjectis
649 3388 919 3454 dominus,
951 3389 1226 3458 durusque
1251 3395 1513 3461 superbis.

216 3481 343 3533 Dum
362 3495 702 3549 sexagenum
724 3482 925 3536 denum
960 3485 1188 3537 venisset
1225 3486 1296 3539 ad
1312 3502 1546 3556 annum,

219 3572 391 3625 Finem
412 3570 634 3626 vivendi
651 3571 877 3636 faciens,
904 3573 967 3624 in
987 3587 1122 3640 pace
1143 3576 1363 3641 quievit.

220 3670 352 3720 Tunc
384 3668 527 3721 aries
575 3666 751 3734 perdit
779 3669 1045 3721 consortia
1079 3668 1261 3722 lucida
1291 3670 1470 3730 Phebi.

218 3757 469 3827 Sertaque
493 3757 640 3811 dena
676 3758 786 3812 dies
816 3759 1153 3813 illucescebat
1179 3762 1397 3829 Aprilis,

219 3848 342 3901 Huic
363 3851 498 3903 Deus
525 3852 779 3901 eternum
805 3848 1011 3902 tribuat
1037 3850 1385 3905 conscendere
1412 3867 1662 3921 regnum,

221 3941 472 4001 Quatinus
500 3941 761 4006 angelicis
793 3943 985 3994 turmis
1013 3950 1298 4011 conregnet
1324 3947 1383 3999 in
1406 3960 1583 4000 evum.

225 4028 344 4085 Huic
382 4029 655 4086 successit
703 4029 828 4100 pius
864 4030 1021 4096 Boso,
1066 4030 1121 4085 in
1173 4047 1315 4088 novo
1367 4041 1422 4089 et
1463 4036 1636 4090 veteri
1676 4046 1755 4092 te-

157 4125 402 4176 stamento
428 4120 694 4193 apprime
733 4119 998 4185 eruditus,
1029 4120 1112 4174 vir
1140 4121 1372 4176 scientia
1413 4124 1756 4180 admirabilis
1928 4125 2113 4194 (Hum.
2173 4121 2287 4192 vn.)
2350 4121 2460 4175 Rex
2527 4118 2822 4195 Anglorum
2914 4117 3180 4171 Henricus
3267 4117 3474 4172 curiam

162 4215 207 4260 et
235 4209 475 4267 doctrine
525 4211 984 4282 incomparabilis
1029 4211 1108 4276 (cf
1182 4218 1246 4267 H.
1287 4216 1475 4285 Henr.)
1524 4216 1751 4270 Tantam
1854 4233 2007 4272 suam
2041 4214 2220 4270 tenuit
2244 4212 2311 4268 ad
2342 4212 2522 4266 natale
2548 4211 2693 4281 apud
2733 4209 3174 4273 Windlcshorcs,
3230 4220 3478 4279 pergens

163 4296 614 4375 iasupergratiam
642 4300 693 4353 ei
714 4299 884 4355 virtus
914 4300 1100 4355 divina
1122 4303 1446 4359 contulerat.
1480 4313 1540 4360 ut
1571 4306 1752 4361 nullus
1853 4308 1986 4363 inde
2035 4305 2397 4361 Londoniam.
2464 4305 2521 4358 ln
2566 4301 2991 4376 quadragesima
3031 4307 3086 4355 et
3143 4300 3344 4370 pascha
3373 4298 3478 4354 fuit

163 4393 251 4441 tam
290 4391 453 4446 tristis
479 4399 538 4447 et
577 4406 750 4463 egens
803 4390 1037 4445 consilio
1087 4392 1157 4446 ad
1214 4392 1395 4462 ipsum
1434 4396 1743 4463 accederet,
1778 4397 1996 4469 “apud
2026 4395 2322 4459 Vudestoc,
2346 4393 2437 4446 ubi
2469 4392 2697 4447 nuntius
2727 4391 2864 4446 dixit
2893 4391 2973 4446 ei:
3033 4391 3252 4445 Carolus
3303 4404 3473 4446 comes

161 4476 275 4546 quin
293 4481 547 4553 exemplo
580 4443 720 4535 lgtus
758 4488 813 4536 et
841 4481 1160 4537 consiliatus
1186 4443 1255 4536 ab
1287 4483 1407 4553 ipso
1437 4443 1744 4541 recederet:
1775 4443 1830 4511 Β
1852 4443 2196 4543 Flandrensis
2273 4443 2370 4537 tibi
2421 4483 2795 4536 dilectissimus
2875 4479 3119 4547 nefanda
3172 4479 3476 4546 proditione

165 4563 248 4620 llic
280 4568 509 4626 dilectus
545 4585 578 4623 a
636 4569 768 4636 Deo,
822 4577 878 4625 et
922 4569 1240 4626 hominibus
1297 4572 1572 4641 amabilis,
1634 4575 1750 4649 regi
1852 4580 2052 4633 occisus
2074 4581 2153 4630 est
2196 4590 2230 4629 a
2254 4573 2561 4643 proceribus
2607 4575 2718 4627 suis
2762 4575 2823 4626 in
2863 4571 3055 4639 templo
3101 4569 3246 4638 apud
3278 4573 3470 4637 Bruge.

164 4658 434 4729 Anglorum
496 4662 730 4717 Henrico
788 4663 1019 4716 multum
1076 4670 1195 4717 erat
1252 4662 1563 4735 familiaris;
1621 4666 1752 4737 quia
1854 4674 1962 4725 Rea:
2009 4673 2195 4722 autem
2250 4671 2585 4720 Francorum
2637 4665 2776 4718 dedit
2837 4664 3153 4717 Flandriam
3218 4662 3478 4717 Willermo

164 4763 322 4808 veram
371 4755 698 4828 religionem
737 4761 793 4809 et
856 4754 1235 4809 admirandam
1309 4756 1658 4812 sanctitatem
1698 4768 1752 4813 et
1851 4759 2032 4828 nepoti
2058 4763 2108 4811 et
2136 4757 2272 4811 hosti
2301 4759 2408 4808 tuo.
2445 4756 2544 4816 Qui
2564 4756 2688 4822 jam
2724 4752 2879 4805 valde
2908 4751 3210 4817 roboratus,
3253 4750 3476 4805 diversis

162 4847 886 4919 consiliumincomparabile
914 4847 968 4901 in
992 4848 1112 4917 ipso
1132 4857 1470 4919 reppererat.
1501 4850 1602 4914 Qui
1624 4850 1753 4907 licet
1852 4849 2181 4905 cruciatibus
2223 4861 2404 4902 omnes
2430 4845 2719 4914 proditores
2767 4845 2945 4897 ΚανοΙὶ
2982 4844 3259 4897 multavit.
3296 4842 3477 4911 Super

163 4948 287 5001 pene
312 4939 573 4994 continua
611 4945 954 5009 premeretur
983 4938 1318 5012 egritudine,
1383 4948 1569 4994 tamen
1630 4940 1752 5011 ipse
1853 4938 1941 4993 his
1970 4937 2140 5011 igitur
2170 4951 2263 4990 rex
2307 4933 2638 5006 angariatus.
2685 4930 2976 4986 consilium
3009 4929 3188 4984 tenuit
3217 4929 3285 4983 ad
3316 4943 3478 5003 roga-

166 5036 253 5091 per
276 5026 583 5095 Dominum,
633 5028 800 5083 immo
838 5035 897 5082 ut
945 5027 1224 5083 credimus
1280 5030 1423 5083 Deus
1452 5046 1552 5099 pro
1608 5030 1750 5100 ipso,
1856 5029 2037 5083 tiones
2091 5026 2239 5097 apud
2302 5023 2678 5085 Lundoniam;
2728 5031 2783 5077 et
2830 5020 3146 5075 Willermus
3195 5018 3478 5090 archiepi-

166 5106 650 5176 oinnianecessaria
677 5119 971 5175 conventui
995 5135 1097 5175 suo
1126 5127 1181 5176 et
1205 5121 1750 5191 supervenientibus,
1856 5137 2058 5192 sc0pus
2119 5118 2405 5175 Cantuaric
2458 5115 2717 5171 similiter
2769 5115 2824 5168 in
2886 5113 3082 5168 eadem
3146 5111 3275 5166 villa
3328 5111 3477 5182 apud

167 5208 214 5256 ιιι
236 5220 365 5277 Opus
394 5217 529 5275 erat,
559 5208 854 5265 affluenter
880 5209 1180 5265 tribuebat.
1217 5210 1384 5266 Hum.
1409 5209 1526 5281 vn.)
1549 5210 1750 5266 Eodem
1855 5209 2234 5265 Westmoster.
2267 5209 2347 5277 (H.
2405 5210 2569 5261 Henr.
2621 5204 2691 5258 25
2721 5204 2737 5274 )
2770 5203 2901 5257 Cum
2934 5208 3116 5256 autem
3158 5199 3225 5255 ad
3280 5208 3476 5271 penteo

165 5308 290 5353 anno
324 5299 462 5355 obiit
507 5300 732 5357 Teulfus
771 5299 1175 5375 Wigorniensis
1214 5301 1531 5373 episcopus,
1563 5306 1619 5356 et
1658 5299 1754 5354 Er-
1853 5307 2042 5356 costen
2084 5298 2280 5354 fuisset
2327 5298 2475 5369 apud
2514 5295 2845 5363 Wincestre,
2895 5292 3046 5347 misit
3100 5290 3268 5346 filiam
3318 5307 3473 5347 suam

168 5385 330 5443 nullus
350 5388 630 5447 Rovestrie
657 5388 977 5462 episcopus.
1853 5390 2260 5462 imperatricem
2321 5389 2377 5442 in
2433 5386 2823 5444 Normanniam
2881 5384 3271 5456 desponsatam
3330 5382 3474 5437 Gau-

225 5477 350 5535 1125
397 5487 656 5538 Henricus
697 5482 784 5539 19.
818 5484 1108 5538 Ludovicus
1146 5482 1234 5537 16.
1274 5485 1539 5537 Henricus
1572 5486 1615 5535 I.
1656 5482 1748 5537 25.
1854 5481 2017 5548 frido,
2051 5479 2165 5535 tilio
2198 5478 2453 5534 Fulconis
2493 5478 2737 5533 consulis
2776 5473 3209 5548 Andegavensis,
3262 5481 3317 5526 et
3352 5476 3477 5541 post

229 5568 340 5641 (1b.)
379 5572 486 5629 Rex
524 5574 826 5650 Anglorum
862 5573 1132 5630 Henricus
1162 5572 1266 5629 fuit
1298 5573 1351 5627 in
1391 5572 1750 5640 Normannia,
1853 5573 2001 5649 regis
2022 5572 2365 5637 Jerusalem;
2400 5567 2684 5626 mulierem
2719 5568 2979 5623 videlicet
3011 5565 3310 5638 pollentem
3345 5576 3470 5617 mo-

1705 5696 1914 5753 NOT/E.

1860 2386 2191 2442 consobrina
2225 2387 2372 2459 regis
2400 2401 2626 2440 uxorem
2658 2384 2849 2447 duxit;
2884 2383 3152 2453 binosque
3190 2380 3482 2443 comitatus

1862 2478 2250 2532 Nordhantone
2279 2485 2335 2531 et
2367 2476 2755 2540 Huntcndone,
2797 2489 2935 2545 quos
2961 2473 3163 2544 Symon
3198 2472 3482 2527 Silvanec-

1861 2570 2231 2624 tensiscomes
2252 2584 2373 2623 cum
2399 2566 2609 2638 prefata
2633 2565 2864 2619 muliere
2892 2564 3233 2634 possederat,
3262 2561 3475 2619 habuit.

1862 2663 1957 2716 Illa
1980 2677 2110 2717 vero
2135 2660 2350 2732 peperit
2372 2658 2608 2714 eitilium
2633 2656 2858 2712 nomine
2886 2654 3202 2720 Heuricum,
3228 2654 3479 2726 duasque

1861 2754 2023 2820 filias,
2053 2752 2338 2807 Clariciam
2372 2758 2427 2805 et
2460 2750 2809 2805 Hodiernam.

1926 2848 2085 2902 1226.
2202 2844 2563 2900 Lothariusl.
2678 2880 2683 2885 ι
2789 2840 2872 2896 17.
3092 2839 3181 2894 26.

1924 2940 2046 3009 (1b.)
2080 2938 2191 2992 Rex
2222 2936 2515 3009 Anglorum
2566 2932 2832 2988 Henricus
2880 2932 2947 2986 ad
2981 2931 3161 2985 natale
3193 2938 3249 2985 et
3271 2930 3481 3001 pascha

1853 3037 1909 3085 et
1940 3035 2303 3101 pentecosten
2325 3035 2565 3083 moratus
2595 3034 2681 3079 est
2709 3024 2764 3078 in
2799 3023 3154 3088 Normannia,
3189 3028 3243 3076 et
3269 3020 3473 3076 conﬁr-

1781 3127 1828 3194 (ζ
1853 3119 2013 3171 malis
2042 3119 2212 3189 pactis
2239 3133 2363 3173 cum
2399 3115 2622 3170 Francie
2654 3113 3017 3184 principibus,
3065 3111 3251 3182 qualia
3285 3126 3472 3183 regem

1860 3207 2315 3281 gloriosissimum
2393 3204 2649 3267 decebat,
2693 3202 2837 3257 circa
2882 3201 3100 3255 festum
3148 3201 3322 3254 sancti
3377 3199 3479 3254 Mi-

1860 3298 2070 3353 chaelis
2110 3298 2270 3353 rediit
2300 3298 2354 3351 in
2387 3296 2655 3370 Angliam.
2691 3293 2774 3364 (II.
2809 3294 2997 3361 Henr.)
3033 3290 3272 3346 Adduxit
3299 3291 3478 3362 siqui-

1859 3392 1985 3446 dem
2031 3406 2218 3446 secum
2274 3388 2443 3443 ﬁliam
2487 3403 2639 3441 suam
2696 3384 2992 3439 Maltildem
3048 3383 3475 3453 imperatricem,

1860 3491 2016 3540 tanto
2047 3484 2185 3550 viro,
2220 3488 2279 3536 ut
2316 3481 2626 3552 predictum
2666 3487 2773 3545 est,
2819 3477 3118 3532 viduatam.
3154 3476 3324 3540 Quam
3356 3491 3479 3531 cum

1859 3577 2064 3633 vellent
2086 3575 2140 3628 in
2167 3573 2341 3644 patria
2368 3571 2657 3627 illaanimo
2683 3569 2876 3623 libenti
2906 3569 3143 3623 retinere
3175 3568 3477 3635 dominam,

1860 3666 2056 3723 noluit.
2119 3666 2311 3732 (Hum.
2372 3664 2489 3729 vn.)
2559 3659 2803 3716 Decessit
2860 3660 3131 3714 Rnbertus
3183 3658 3479 3729 episcopus

1860 3755 2175 3812 Cestrensis.
2214 3752 2362 3807 Obiit
2394 3750 2631 3805 Calixtus
2669 3765 2814 3818 papa
2871 3749 3043 3816 (583);
3089 3748 3176 3801 cui
3207 3749 3480 3803 successit

1857 3848 1972 3904 Odo
2002 3843 2306 3901 Hostiensis
2334 3843 2650 3914 episcopus,
2692 3846 2747 3894 et
2782 3848 3009 3893 vocatus
3064 3846 3149 3893 est
3206 3839 3479 3893 Honorius

1858 3954 1998 4009 papa
2026 3938 2210 3991 167M.

1933 4033 2086 4087 1127.
2381 4028 2435 4082 2.
2728 4026 2815 4080 18.
3105 4026 3194 4079 27.

231 5763 355 5837 {583)
389 5770 442 5823 υ.
472 5771 556 5826 24.
578 5769 704 5827 Dec.
734 5771 893 5827 1124.
