3858 6206
478 322 582 376 443

616 463 977 506 ROMANORUM.
1132 472 1473 515 FRANCORUM.
1620 482 1930 524 ANGLORUM.

475 534 644 601 ribus,
687 536 984 613 benignam
1040 545 1322 613 omnibus,
1377 549 1580 625 largam
1641 553 1695 608 in
1736 555 2078 627 elemosinis,

470 628 700 683 amicam
728 632 1032 706 religionis.
1062 637 1291 695 honeste
1307 643 1433 709 vite,
1459 645 1797 703 dilectricem
1823 653 2077 721 ecclesie,

468 717 624 787 cujus
676 720 1049 780 habundantia
1096 728 1493 787 beneficiorum
1551 738 1785 793 maxime
1845 743 2076 798 ecclesia

471 806 759 863 Beccensis
786 827 897 866 non
928 816 1145 871 modice
1193 818 1467 889 splendet.
1504 825 1574 880 De
1610 844 1718 898 qua
1747 830 1895 885 idem
1935 832 2076 888 Gau-

470 900 642 957 fridus
682 910 791 960 tres
835 906 978 963 filios
1016 913 1230 982 genuit,
1294 915 1610 987 Henricum,
1653 923 1970 993 Gaufridum
2011 931 2079 964 55‘

468 995 801 1054 Willermum
836 1002 1048 1071 (llum)
1079 1007 1137 1060 ln
1165 1020 1396 1084 augusto
1437 1016 1589 1070 venit
1632 1034 1724 1073 rex
1756 1029 1879 1090 post
1909 1022 2077 1078 filiam

466 1102 618 1141 suam
669 1090 724 1144 in
773 1092 1180 1152 Normanniam.
1215 1100 1479 1159 Ricardus
1505 1123 1633 1164 vero
1673 1109 2077 1171 Londoniensis

468 1176 763 1248 episcopus
796 1183 1027 1238 obierat.
1070 1186 1234 1256 Cujus
1271 1192 1651 1265 episcOpatuin
1708 1199 1860 1255 dedit
1901 1202 2078 1258 Gisle-

468 1267 621 1322 berto
676 1269 1000 1341 Universali,
1058 1278 1175 1333 viro
1229 1280 1569 1342 doctissimo.
1620 1288 1862 1347 Decessit
1909 1296 2075 1350 etiam

470 1358 733 1415 Ricardus
762 1364 1180 1425 llerefordensis
1210 1373 1521 1447 episcopus.

538 1451 693 1508 1228.
736 1459 1015 1515 Lotharius
1053 1460 1105 1516 3.
1146 1466 1436 1524 Ludovicus
1481 1471 1568 1527 19.
1645 1479 1904 1533 Henricus
1932 1481 2069 1534 128.

535 1546 654 1617 (1b.)
701 1549 964 1607 Henricus
1021 1570 1115 1609 rex
1172 1559 1636 1633 sapientissimus,
1713 1578 1959 1627 moratus
2017 1574 2072 1628 in

465 1634 813 1699 Normandia.
847 1642 1085 1708 perrexit
1116 1644 1390 1703 hostiliter
1412 1649 1465 1704 in
1490 1651 1793 1724 Franciam,
1826 1660 1955 1729 quia
1981 1676 2075 1716 rex

463 1719 794 1779 Francorum
851 1730 1103 1785 tuebatur
1159 1744 1413 1804 nepotem
1478 1756 1637 1796 suum
1708 1719 1790 1799 ct'
1836 1719 2070 1805 hostem.

1690 339 2032 399 SIGEBERTI
2075 345 2584 403 GEMBLACENSIS.
3657 366 3734 422 444

2108 479 2163 547 Α
2190 474 2295 528 dis.
2364 475 2672 530 Intererant
2718 475 2998 547 siquidem
3058 476 3139 532 illi
3193 480 3422 538 concilio
3473 482 3732 544 Willermus

2185 566 2592 621 Cantuariensis
2632 567 3105 638 archiepiscopus,
3168 570 3431 629 Tustanus
3478 576 3731 635 Eboracen-

2179 653 2257 707 sis
2298 654 2774 726 archiepiscopus,
2834 655 3141 713 Alexander
3193 659 3537 719 Lincoliensis
3558 666 3731 737 episco-

2178 757 2302 811 pus,
2359 742 2626 815 ROgerius
2660 742 3110 810 Salesberiensis,
3177 747 3500 805 Gislebertus
3554 753 3730 811 Londo-

2177 833 2407 899 niensis,
2447 835 2732 890 Johannes
2764 835 3150 905 Rourecensis,
3203 840 3431 896 Sifridus
3476 845 3733 903 Sudscxen-

2180 920 2276 985 sis,
2356 920 2683 975 Godefridus
2764 922 3050 987 Badensis,
3106 924 3308 997 Symon
3372 929 3729 1005 Wirgoncnsis,

2181 1007 2450 1062 Evrardus
2504 1009 2888 1077 Norwicensis,
2950 1013 3259 1069 Bernardus
3317 1017 3491 1073 Sancti
3559 1022 3731 1078 Davidis

2181 1097 2420 1154 Herveus
2472 1100 2682 1171 primus
2733 1101 3006 1167 Heliensis
3059 1106 3374 1176 episcOpus.
3428 1109 3547 1164 Nam
3571 1111 3731 1169 Winto

2178 1186 2387 1241 niensis
2415 1193 2469 1242 et
2515 1189 2895 1245 Dunelmensis
2930 1198 2986 1246 et
3012 1191 3314 1250 Cestrensis
3339 1203 3392 1250 et
3427 1197 3711 1256 Hereforden

2175 1278 2250 1332 sis
2301 1279 2570 1333 obierant.
2636 1280 2744 1335 lllis
2791 1297 2930 1352 quos
2974 1282 3126 1357 Hugo
3170 1285 3240 1339 de
3296 1286 3501 1356 Paiens,
3542 1290 3602 1345 de
3646 1308 3727 1363 quo

2178 1369 2481 1439 predictum
2529 1376 2632 1437 est,
2672 1386 2862 1427 secum
2909 1372 3141 1428 duxerat
3178 1375 3248 1430 ad
3276 1376 3580 1446 Jerusalem,
3621 1383 3728 1437 male

2175 1457 2430 1531 contigit;
2477 1458 2648 1512 Deum
2676 1459 2955 1531 siquidem
2988 1460 3344 1521 offenderant
3383 1465 3565 1523 Sancte
3590 1468 3727 1524 Tellu-

2177 1547 2253 1602 ris
2283 1548 2464 1603 incole
2503 1550 2670 1604 variis
2703 1551 3035 1610 sceleribus.
3077 1554 3141 1610 Ut
3181 1564 3360 1612 autem
3408 1559 3643 1631 scriptum
3665 1570 3726 1616 est

2158 1634 2234 1689 ‘in
2256 1634 2441 1707 Moyse
2470 1644 2525 1692 et
2554 1653 2782 1710 regnum
2809 1639 2991 1708 libris,
3014 1657 3124 1697 non
3158 1644 3255 1700 diu
3282 1646 3481 1701 scelera
3506 1647 3623 1703 locis
3647 1650 3726 1703 illis

2176 1737 2304 1784 sunt
2335 1730 2624 1801 impunita.
2675 1734 2733 1787 In
2773 1734 2967 1809 vigilia
2999 1738 3177 1792 sancti
3230 1738 3462 1795 Nicholai
3510 1758 3540 1796 a
3583 1744 3725 1813 paucis

464 1813 840 1871 Perendinans
887 1827 1070 1875 autem
1127 1796 1273 1894 apud
1331 1828 1613 1899 Esparlum
1665 1843 1787 1892 octo
1854 1838 2047 1895 diebus

2178 1840 2516 1899 paganorum
2552 1829 2703 1883 multi
2761 1830 3195 1887 christianornm
3249 1834 3443 1891 devicti
3477 1844 3605 1904 sunt,
3632 1854 3720 1893 cum

462 1913 571 1961 tam
601 1923 792 1965 secure
822 1927 885 1966 ac
914 1913 958 1967 si
992 1915 1047 1969 in
1077 1932 1244 1990 regno
1270 1937 1371 1978 suo
1399 1933 1567 1994 esset,
1600 1934 1866 2002 compulit
1890 1952 2074 2009 regem

465 1996 824 2066 Ludovicum,
878 2003 1079 2060 auxilia
1126 2010 1312 2065 comiti
1377 2012 1696 2073 Flandrensi
1753 2036 1863 2076 non
1912 2023 2073 2081 ferre.

463 2084 557 2138 His
598 2084 762 2157 igitur
817 2093 1075 2160 peractis,
1136 2113 1386 2157 reversus
1442 2110 1524 2159 est
1569 2122 1661 2161 rex
1708 2109 1973 2167 Henricus
2022 2115 2077 2169 in

460 2177 869 2238 Normanniam.
910 2186 1143 2245 Advenit
1180 2201 1361 2248 autem
1418 2214 1450 2250 a
1480 2200 1729 2268 partibus
1760 2204 2080 2264 Alemannie

459 2268 682 2338 quidam
739 2272 846 2327 dux
885 2274 1260 2338 Tlieodoricus
1314 2285 1620 2344 Flandriam
1673 2294 2078 2367 calumpnians,

459 2361 726 2431 quosdam
775 2382 1032 2435 proceres
1060 2371 1311 2431 Flandrie
1350 2393 1536 2435 secum
1587 2384 1835 2453 habens;
1877 2395 1931 2443 et
1976 2390 2080 2446 hoc

458 2465 624 2505 suasu
672 2454 815 2525 regis
858 2456 1094 2514 Henrici.
1138 2462 1454 2523 Willermus
1484 2478 1665 2527 autem
1699 2490 1887 2532 comes
1918 2479 2075 2533 Flan-

459 2538 676 2595 drensis
696 2543 921 2601 aciebus
941 2549 1215 2607 ordinatis
1234 2554 1454 2612 obviam
1485 2561 1637 2617 venit
1665 2564 1735 2618 ei.
1769 2564 2075 2641 Pugnatum

458 2639 541 2687 est
579 2634 747 2708 igitur
774 2641 989 2699 acriter.
1035 2643 1349 2706 Willermus
1379 2654 1604 2724 quidem
1646 2634 2081 2720 consul—nume-

460 2739 576 2776 rum
637 2741 884 2797 suorum,
918 2748 1045 2789 cum
1102 2739 1261 2807 pauci
1315 2753 1523 2813 essent,
1573 2749 1725 2804 solus
1773 2754 2071 2822 supplebat

458 2815 730 2883 probitate
761 2821 1137 2882 inestimabili.
1174 2831 1497 2891 Crucntatus
1529 2839 1692 2911 igitur
1722 2815 1905 2897 host-ili
1932 2861 2067 2899 san-

454 2908 646 2980 guine,
679 2911 914 2970 hostium
954 2935 1161 2977 cuneos
1213 2940 1348 2982 ense
1378 2928 1644 2989 fulmineo
1684 2933 1944 2994 findebat.
1975 2940 2069 2995 Ju-

456 2996 654 3050 venilis
688 3005 821 3057 tunc
870 3004 1078 3062 brachii
1125 3012 1323 3069 robore
1375 3017 1565 3073 hostes
1621 3031 1749 3078 sunt
1798 3027 1969 3081 territi
2016 3038 2070 3083 et

457 3081 587 3155 fuge
617 3086 809 3143 dediti.
843 3091 1177 3153 Victoriosus
1228 3101 1395 3175 igitur
1439 3109 1633 3162 consul
1693 3111 1825 3166 dum
1867 3081 2068 3170 hostile

458 3154 693 3228 castrum
721 3177 1025 3251 obsideret,
1054 3187 1186 3241 etin
1226 3154 1464 3248 cerastino
1496 3197 1652 3251 reddi
1676 3198 1926 3268 deberet,
1959 3203 2068 3259 Deo
2096 3154 2144 3223 Ο

458 3455 761 3519 promeruit
796 3464 1071 3517 eternam:
1104 3467 1272 3523 unde.

531 3545 724 3598 Unicus
750 3548 839 3602 ille
860 3553 995 3619 ruit,
1022 3558 1179 3623 cujus
1207 3572 1318 3613 non
1343 3566 1490 3631 terga
1517 3569 1795 3638 sagittam,

597 3638 761 3706 Cujus
784 3655 935 3696 nosse
951 3647 1105 3712 pedes
1130 3664 1241 3704 non
1264 3660 1486 3721 potuere
1510 3658 1704 3728 fugam

525 3728 609 3780 Nil
636 3732 747 3784 nisi
766 3732 978 3797 fulmen
1005 3746 1141 3808 erat,
1171 3747 1414 3810 quotiens
1440 3762 1523 3803 res
1550 3751 1665 3819 ipsa
1694 3754 1963 3809 monebat.

593 3819 678 3884 Et,
709 3822 758 3873 si
776 3836 886 3877 non
911 3826 1140 3896 fulmen,
1170 3833 1422 3898 fulminis
1449 3840 1627 3893 instar
1652 3847 1790 3895 erat.

523 3903 674 3979 Hugo
699 3909 767 3963 de
802 3910 1004 3982 Paens,
1042 3920 1304 3994 magister
1330 3925 1563 3981 militum
1620 3932 1810 4001 templi
1836 3933 2063 3989 Jerusa-

449 3992 578 4060 lem,
605 3998 836 4055 veniens
866 4002 922 4056 in
965 3992 1236 4082 Angliam,
1270 4029 1457 4070 secum
1490 4018 1693 4074 multos
1724 4021 1877 4077 duxit
1900 4024 2062 4079 Jeru-

443 4081 634 4138 salem.
676 4087 826 4144 lnter
852 4108 992 4164 quos
1037 4081 1201 4155 Fulco
1261 4104 1677 4178 Andegavensis
1730 4125 1938 4178 comes,
1969 4129 2063 4168 rex

444 4166 681 4241 futurus,
715 4181 969 4246 perrexit.
999 4184 1265 4244 Obierunt
1316 4166 1578 4251 Rad'iilfus
1604 4197 1889 4255 Flambard

446 4268 773 4328 nelmiensis
810 4277 1124 4350 episcOpus,
1159 4290 1214 4338 et
1268 4285 1583 4346 Willermus
1629 4292 1881 4350 Gifardus
1910 4296 2059 4351 Win—

2178 1921 2340 1969 antea
2377 1916 2580 1971 soleret
2620 1933 2650 1971 e
2680 1920 2953 1975 contrario
3004 1923 3348 1996 contingere.
3407 1927 3465 1980 In
3492 1927 3720 1982 obsidione

2180 2006 2348 2079 igitur
2380 2009 2732 2078 Damascena,
2781 2026 2903 2065 cum
2943 2027 3144 2088 magna
3194 2031 3318 2086 pars
3367 2016 3719 2073 christianorum

2182 2115 2470 2171 progressa
2540 2113 2687 2158 esset
2731 2105 2800 2159 ad
2851 2106 3109 2161 Victualia
3172 2110 3543 2182 perquirenda,
3588 2112 3722 2167 mirati

2182 2195 2311 2243 sunt
2342 2192 2539 2265 pagani
2558 2192 2885 2249 christianos
2924 2196 3111 2266 plures
3140 2206 3200 2254 et
3229 2197 3534 2256 fortissimos
3557 2216 3609 2255 se
3634 2217 3723 2255 mu-

2184 2276 2429 2333 liebriter
2464 2279 2760 2352 fugientes,
2792 2292 2849 2338 et
2897 2294 3300 2358 persequentes
3346 2288 3633 2344 innumeros
3655 2304 3724 2344 oc-

2181 2370 2455 2427 ciderunt.
2491 2372 2595 2428 Eos
2616 2382 2833 2443 autem,
2872 2378 2968 2448 qui
3002 2378 3131 2451 fuga
3162 2381 3393 2437 salutem
3437 2382 3531 2437 sibi
3557 2382 3725 2453 quasie-

2181 2474 2324 2533 rant,
2367 2467 2421 2520 in
2452 2468 2732 2525 montibus
2781 2477 3107 2542 tempestate
3145 2476 3291 2531 nivis
3319 2482 3371 2531 et
3404 2476 3596 2549 frigoris
3618 2476 3722 2531 Deus

2180 2556 2299 2627 ipsa
2328 2565 2489 2613 nocte
2521 2572 2844 2630 persecutus
2873 2574 2979 2627 est,
3012 2565 3087 2621 ita
3131 2570 3284 2638 quod
3323 2568 3402 2623 vix
3433 2568 3606 2640 aliquis
3628 2583 3721 2622 eva-

2179 2652 2251 2706 sit
2319 2653 2625 2709 Ludovicus
2668 2672 2761 2711 rex
2810 2657 3145 2714 Francorum
3208 2662 3396 2717 eodem
3452 2676 3578 2715 anno
3626 2658 3720 2713 fecit

2181 2740 2467 2795 sublimari
2490 2741 2662 2797 filium
2694 2743 3011 2816 Philippum
3045 2747 3103 2802 in
3127 2764 3313 2823 regem
3364 2750 3512 2820 (Gem.
3538 2747 3716 2844 Vll.'30:)

2172 2829 2358 2884 Dicam
2389 2830 2539 2901 quod
2572 2831 2797 2888 forsitan
2846 2835 3060 2906 placeat
3089 2836 3283 2893 lectori
3315 2847 3367 2893 et
3415 2834 3715 2931 successioni-

2172 2917 2276 2971 bus
2330 2919 2544 2989 Apulie.
2603 2921 2817 2977 Primus
2849 2923 2905 2976 in
2957 2925 3158 2995 Apulia
3206 2927 3402 2998 prefuit
3432 2924 3713 2985 Normannis,

2171 3008 2299 3063 dum
2329 3010 2509 3065 adhuc
2537 3018 2595 3066 ut
2622 3012 2833 3069 advene
2858 3014 3130 3072 Wimachi
3155 3019 3309 3074 ducis
3329 3018 3520 3073 Salerni
3548 3018 3710 3086 stipen-

2172 3100 2309 3155 diari
2364 3109 2568 3171 essent,
2604 3104 2861 3161 Tustinus
2908 3119 3281 3182 cognomento
3309 3111 3579 3167 Scistellus.
3628 3106 3710 3171 0υο

2177 3199 2391 3248 mortuo
2424 3210 2521 3264 per
2539 3210 2811 3251 venenum
2864 3201 3163 3270 serpentis.
3202 3218 3362 3274 quem
3410 3203 3516 3273 ipse
3542 3198 3713 3255 occide-

2175 3287 2277 3346 rat,
2310 3282 2576 3337 successit
2605 3284 2655 3338 ei
2688 3284 2743 3339 in
2776 3287 3152 3359 principatum
3184 3290 3494 3357 Rannulfus,
3522 3288 3596 3360 qui
3622 3301 3713 3342 con-

2173 3368 2313 3423 didit
2348 3370 2605 3426 Aversam
2650 3373 2865 3430 urbem.
2925 3376 3057 3432 Huic
3108 3380 3370 3436 successit
3401 3377 3625 3433 Ricardus
3665 3372 3710 3425 ﬁ-

2171 3463 2277 3517 lius
2302 3464 2423 3531 ejus
2453 3465 2714 3537 princeps
2746 3467 2951 3540 Capue,
2975 3472 3068 3542 qui
3104 3472 3219 3529 filio
3242 3490 3340 3530 suo
3366 3470 3597 3529 Jordanni
3616 3466 3707 3523 reli-

2168 3558 2287 3629 quit
2315 3559 2564 3615 moriens
2590 3563 2825 3617 eundem
2862 3566 3264 3637 principatum;
3296 3577 3349 3624 et
3382 3566 3602 3624 Jordanis
3624 3561 3704 3615 filio

2166 3663 2269 3702 suo
2311 3649 2542 3705 Ricardo
2567 3651 2795 3719 juniori.
2841 3654 2968 3709 Post
2994 3657 3338 3728 aliquantum
3364 3654 3593 3726 temporis
3605 3652 3703 3707 Con-

2166 3738 2515 3793 stantiniensi
2584 3742 2785 3815 Drogo,
2858 3741 3007 3799 ﬁlius
3071 3745 3334 3804 Tancredi
3375 3747 3438 3801 de
3496 3741 3704 3798 Altavilla.

2166 3827 2423 3899 princeps
2452 3828 2890 3886 Normannorum
2922 3832 2978 3887 in
3016 3834 3212 3904 Apulia
3261 3835 3428 3891 factus
3465 3840 3551 3888 est.
3595 3829 3706 3883 Hunc

2167 3921 2331 3978 Wazo
2356 3938 2541 3979 comes
2596 3926 2857 3997 Neapolis
2899 3943 2997 3997 per
3044 3930 3393 3985 traditionem
3435 3929 3484 3982 in
3524 3921 3702 3981 ecclesia

2165 4012 2339 4066 sancti
2394 4012 2672 4069 Laurentii
2729 4017 2951 4072 occidit.
2990 4018 3128 4074 Huic
3169 4020 3428 4075 successit
3457 4012 3703 4111 llunfrediis

2165 4101 2331 4158 frater
2360 4106 2500 4177 ejus,
2534 4114 2819 4179 totamque
2862 4110 3114 4180 Apuliam
3166 4111 3479 4166 Normannis
3515 4102 3700 4175 subegit.

2164 4198 2258 4254 Hic
2284 4201 2526 4256 moriens
2565 4202 2950 4274 Abajelardum
2996 4203 3172 4261 filium
3203 4222 3360 4261 suum
3392 4203 3594 4260 Roberto
3627 4197 3702 4251 [τηε

2161 4289 2228 4344 tri
2258 4305 2380 4357 suo,
2415 4308 2580 4363 quem
2624 4309 2725 4365 pro
2756 4297 3014 4350 versutiis
3057 4298 3390 4353 Wiscardum
3419 4291 3703 4369 cognomina-

446 4359 718 4417 toniensis
746 4364 1062 4438 episcopus.
1115 4375 1196 4439 (Α.
1223 4377 1395 4446 Roth.)
1428 4377 1570 4433 Obiit
1621 4380 1913 4438 Gaufridus
1946 4384 2056 4440 Ro-
2085 4433 2136 4459 Π
2157 4392 2328 4451 verat,
2355 4359 2478 4439 cum
2510 4385 2711 4442 ducatu
2762 4388 2956 4459 Apulio
3021 4391 3439 4446 commendavit.
3491 4385 3701 4441 Roberlus

1381 4433 1391 4446 ι
1946 4433 2019 4440 ,η
2361 4433 2478 4439 -____
2513 4433 2711 4442 πη--
2762 4433 2954 4459 .-μην
3023 4433 3439 4488 νυ......ν....ι...ῖ.

444 4433 822 4525 thomagensis
847 4457 1322 4533 arcliiepisc0pus,
1362 4482 1551 4522 mense
1581 4470 1890 4528 Decembri.
1925 4475 2058 4530 Suc-
2083 4433 2137 4501 D
2164 4474 2355 4529 fratres
2386 4491 2539 4543 suos,
2573 4477 2668 4548 qui
2727 4494 2925 4534 omnes
2952 4480 3127 4535 duces
3157 4481 3242 4537 vel
3293 4487 3507 4536 comites
3534 4474 3702 4528 fuerqu

422 4543 610 4611 cessit
664 4544 946 4606 Willermo
999 4554 1187 4609 comiti
1244 4556 1567 4616 Flandrensi
1615 4561 1765 4618 Terri
1812 4564 1883 4619 de
1946 4568 2058 4622 Au-

440 4634 551 4688 seis
571 4636 661 4690 ⁵⁵⁵.

387 4700 402 4715 ⁸
512 4726 671 4781 1229.
1032 4736 1085 4792 4.
1452 4742 1535 4799 19.
1890 4747 1979 4802 29.

514 4820 701 4889 (Huu'r.
759 4833 876 4895 vn.)
931 4830 1042 4886 Rex
1086 4832 1382 4908 Anglorum
1437 4836 1701 4894 Henricus
1758 4845 1818 4895 in
1901 4843 2054 4898 omni

443 4928 588 4980 pene
615 4914 762 4972 bono
801 4918 1130 4990 fortunatus,
1179 4927 1480 4997 pacificatis
1541 4932 1803 4988 omnibus
1846 4950 1957 5005 que
1996 4935 2053 4989 in

440 5000 686 5069 Francia,
719 5006 994 5081 Flandria,
1024 5014 1377 5081 Normannia,
1412 5019 1712 5087 Britannia,
1749 5022 2057 5081 Cenoman:

439 5096 551 5164 nia,
587 5099 865 5177 Andegavi
896 5119 1075 5177 erant,
1104 5126 1225 5166 cum
1267 5115 1469 5186 gaudio
1500 5117 1664 5171 rediit
1688 5117 1745 5171 in
1778 5118 2047 5193 Angliam.

440 5188 639 5248 Tenuit
674 5194 840 5266 igitur
870 5202 1164 5258 concilium
1194 5208 1488 5264 maximum
1539 5209 1765 5266 Kalend.
1817 5188 2045 5287 Augusti

438 5284 584 5353 apud
615 5285 955 5346 Londoniam
980 5294 1052 5348 de
1065 5297 1329 5354 uxoribus
1357 5301 1704 5357 sacerdotum
1747 5284 2051 5375 prohiben-

2159 4565 2361 4620 virtute
2390 4572 2445 4620 et
2465 4582 2633 4621 sensu
2673 4584 2734 4622 se
2766 4568 3083 4624 sullimitate
3126 4568 3469 4625 transcendit.
3510 4564 3618 4658 Nam

2159 4664 2267 4711 tam
2299 4658 2574 4728 Apuliam,
2621 4658 2942 4727 Calabriam,
2990 4661 3233 4717 Siciliam
3281 4662 3379 4717 sibi
3412 4656 3697 4728 subjugavil;

2158 4762 2214 4808 et
2260 4760 2596 4811 transmeato
2638 4757 2771 4811 mari
2825 4758 3114 4813 maximam
3168 4764 3371 4830 partem
3428 4741 3696 4812 Oracle,“

2158 4843 2291 4898 frice
2330 4844 2546 4900 invasit.
2580 4846 2675 4901 Hic
2724 4848 2892 4902 multa
2921 4848 3067 4903 bona
3124 4847 3283 4913 fecit;
3324 4845 3632 4932 epiSCOPamf
3657 4838 3696 4932 έθί

2154 4936 2404 4991 abbatias
2460 4936 2645 5007 plures
2698 4939 3042 4994 restauravit.
3096 4940 3191 5009 (Ib.
3257 4937 3363 5007 43.)
3413 4933 3510 5032 Hic.
3548 4925 3695 5032 relicti-1

2155 5028 2339 5099 priore
2369 5044 2537 5083 uxore
2568 5029 2973 5105 Normanigena
2987 5039 3211 5102 propter
3229 5023 3692 5098 consanguinitate!“

2152 5124 2221 5177 de
2249 5140 2358 5195 qua
2387 5131 2709 5195 susceperat
2756 5124 2929 5179 fdium
2991 5124 3358 5180 Boamundum
3388 5117 3598 5175 nomine,
3624 5107 3694 5204 dli‘

2153 5213 2230 5267 xit
2256 5214 2679 5289 primOgenitam
2722 5214 2888 5271 ﬁliam
2923 5216 3198 5271 Gaumarii
3232 5210 3482 5286 principis
3507 5205 3689 5260 Salerni.

2154 5306 2370 5362 favente
2403 5307 2609 5364 Gisulfo
2661 5307 2829 5364 fratre
2878 5309 3120 5380 predicte
3165 5308 3360 5380 puelle.
3413 5302 3562 5358 Minor
3595 5302 3690 5342 vero

1792 5423 1870 5478 VA
1882 5423 2010 5479 RUE
2046 5424 2422 5480 LECTIONES.

508 5506 575 5541 ⁵⁵⁸
610 5508 932 5565 Gaufridum
965 5513 1024 5567 E.

1119 5516 1187 5550 ⁵⁵⁵
1224 5523 1319 5574 Hie
1348 5523 1459 5575 alia
1490 5538 1708 5591 manus,
1741 5527 1926 5579 eadem
1953 5542 2073 5595 qua?
2109 5528 2179 5581 ad
2208 5544 2244 5582 α
2296 5527 2453 5595 1151,
2505 5544 2616 5583 non
2652 5530 2881 5594 Roberti,
2923 5529 3110 5582 addit:
3159 5524 3396 5595 Iacobus
3424 5514 3618 5595 clericus.
3634 5504 3688 5595 ξε

434 5576 673 5635 Venecia
729 5585 1008 5639 transtulit
1038 5584 1109 5639 de
1160 5586 1329 5646 Greco
1361 5593 1416 5645 in
1454 5576 1708 5648 Latinum
1738 5576 2005 5666 quosdam
2049 5596 2220 5653 libros
2274 5576 2584 5680 Aristo’tilis,
2641 5609 2697 5655 et
2727 5607 3072 5655 comentatus
3122 5605 3248 5678 est;
3288 5594 3480 5649 scilicet
3509 5585 3686 5705 ἑΓορὶξὲιῙ

434 5648 587 5703 Anal.
620 5651 836 5705 priores
857 5662 913 5705 et
950 5656 1287 5705 posteriores
1339 5669 1390 5705 pi
1433 5663 1667 5705 Εἰρηρης
1716 5668 1966 5705 ηιιοπιυίει
1997 5670 2278 5705 gnlinninp
2308 5671 2590 5705 Ironclnhn
2647 5687 2814 5705 εηηο..
2841 5671 3064 5705 Ληεδοιτι
3100 5669 3264 5705 Μπ-ηο
3324 5663 3504 5705 habere
3529 5668 3580 5705 ur

433 5648 913 5743 Anal.aprjpresnet
950 5656 1305 5728 posteriores,
1339 5669 1393 5717 et
1433 5663 1687 5730 Eleneos,
1716 5648 2278 5740 quamvis—antiquior
2308 5670 2590 5726 translatio
2647 5687 2814 5743 super
2841 5671 3066 5727 eosdem
3099 5669 3265 5723 libros
3324 5663 3555 5718 haberem

433 5727 565 5775 sunt
594 5723 647 5778 2.
674 5722 748 5776 7b
779 5764 791 5775 .
828 5724 921 5779 8d.
