3858 6206
131 354 223 406 “5

255 491 621 533 BOIANORUX.
771 494 1115 535 ιηιλκωιιυκ.
1265 498 1579 539 Αηϐιοιιωι.

129 584 268 624 soror
296 566 417 635 ejus
450 567 645 637 nupsit
681 567 907 623 Jordani
963 569 1203 642 principi
1245 570 1443 644 Capua.
1501 572 1739 630 Roberto

131 659 369 715 morienti
400 660 674 715 successit
704 661 761 714 in
791 660 1045 715 ducatum
1075 664 1266 733 Apulie
1299 665 1569 740 Rogerius
1595 665 1741 722 filius

131 754 253 819 ejus,
286 759 451 806 natus
483 768 553 806 ex
581 754 823 807 secunda
852 768 1046 818 uxore,
1095 770 1157 808 ex
1198 772 1307 826 qua
1337 766 1605 830 genuerat
1631 765 1740 814 tres

131 844 256 897 lilios
284 852 338 897 et
376 843 635 915 quinque
669 844 824 897 ﬁlias.
863 843 974 899 Hoc
1004 845 1167 899 etiam
1201 846 1437 920 Rogerio
1466 848 1737 905 deficien-

131 948 195 1001 te,
224 941 273 988 et
304 933 434 990 ﬁliis
487 935 611 989 suis
642 945 765 1006 post
797 936 998 1006 ipsum,
1049 936 1315 1008 Rogerius
1363 940 1626 1010 patruelis
1655 941 1740 1012 ip-

130 1028 249 1081 sius.
300 1025 445 1081 ﬁlius
508 1027 728 1099 Rogerii
766 1026 986 1082 comitis
1036 1026 1244 1093 Sicilie,
1294 1029 1478 1085 fratris
1517 1031 1738 1087 Roberti

131 1115 397 1177 Wiscardi,
441 1116 599 1170 solus
637 1123 743 1170 tam
795 1118 1044 1187 Apuliam
1087 1132 1249 1189 quam
1304 1119 1543 1174 Siciliam
1589 1120 1737 1176 obti-

133 1212 249 1263 nuit.
287 1210 381 1263 Hic
410 1207 593 1263 factus
631 1214 714 1262 est
764 1224 854 1262 rex
897 1224 1041 1264 anno
1089 1211 1157 1263 ab
1208 1210 1584 1266 incarnatione
1636 1214 1741 1269 Do-

133 1299 246 1352 mini
284 1298 434 1363 Il30,
477 1313 647 1352 causa
697 1298 1066 1353 altercationis
1121 1299 1357 1353 duorum
1396 1301 1736 1369 apostolico-

132 1407 255 1455 rum,
285 1390 378 1462 qui
420 1397 555 1443 tunc
609 1390 775 1443 Rome
821 1390 982 1444 electi
1025 1398 1198 1445 erant.
1234 1392 1473 1455 Quorum
1507 1393 1740 1448 Anacle-

134 1493 225 1549 tus,
256 1484 345 1556 qui
380 1484 559 1539 Rome
606 1491 741 1544 erat,
775 1485 1051 1538 concessit
1082 1485 1129 1539 ei
1165 1491 1221 1538 ut
1250 1484 1400 1556 regio
1428 1485 1739 1543 diademate

133 1576 478 1628 «laceraretur.
533 1573 733 1627 Audiat
768 1573 860 1644 qui
886 1573 1019 1626 mira
1051 1574 1243 1625 audire
1276 1575 1588 1630 desiderat:
1644 1593 1739 1631 ve-

134 1668 202 1722 nit
255 1669 306 1722 in
340 1667 735 1723 Normanniam
766 1668 836 1721 de
868 1668 1184 1740 longinquis
1215 1668 1416 1721 tinibus
1444 1670 1625 1723 avium
1654 1671 1740 1724 in-

134 1756 475 1811 numerabilis
534 1755 863 1819 multitudo;
912 1772 1021 1826 que
1052 1755 1333 1829 'gregatim
1382 1757 1651 1822 volantes,
1691 1769 1746 1816 et

134 1847 341 1916 insuper
365 1846 696 1920 longissima
726 1846 869 1900 aeris
891 1846 1068 1917 spatia
1102 1856 1375 1911 tenentes,
1410 1847 1476 1900 ad
1507 1846 1738 1903 invicem
1769 1809 1816 1877 Β

138 1940 261 1993 inter
290 1955 347 1993 se
387 1938 717 2012 pugnabant
755 1938 1120 2003 horribiliter,
1157 1940 1551 2007 portendentes
1582 1940 1740 1995 torsi-

138 2033 214 2079 tan
266 2026 560 2081 innumera
620 2027 764 2081 mala
834 2033 959 2097 post
1016 2034 1244 2082 mortem
1308 2028 1454 2101 regis
1522 2029 1740 2103 Henrici

136 2127 363 2172 ventura.

192 2209 335 2265 H30.
377 2212 699 2266 Lotharius.
740 2212 792 2264 ὅ.
837 2211 1141 2265 Ludovicus
1167 2209 1237 2265 20
1288 2213 1552 2265 Henricus
1573 2214 1616 2266 Ι.
1647 2212 1733 2266 30.

199 2301 455 2357 Honorius
508 2318 657 2373 papa
703 2302 960 2357 decessit.
1019 2301 1112 2355 Cui
1146 2302 1407 2356 successit
1446 2302 1739 2375 Gregorius

136 2391 400 2445 rardinalis
446 2392 745 2463 presbyter
799 2394 870 2427 ⁵⁵⁸
923 2393 1167 2447 Romane
1218 2392 1472 2459 ecclesie,
1512 2404 1738 2448 vocatus

138 2484 461 2539 Innocentius
508 2501 658 2556 papa
698 2484 877 2539 168‘18.
939 2485 1156 2540 Electus
1189 2492 1271 2539 est
1301 2486 1462 2538 etiam
1496 2502 1620 2540 cum
1654 2502 1741 2552 eo,

138 2578 228 2632 imo
268 2580 507 2634 intrusus
538 2596 642 2650 per
686 2579 1015 2645 seditionem
1071 2579 1260 2650 populi
1303 2578 1536 2632 furentis
1564 2585 1617 2633 et
1648 2595 1745 2649 per

136 2665 422 2722 violentiam
457 2667 750 2739 parentele
791 2683 909 2734 sue,
943 2667 1085 2721 alius
1125 2667 1446 2729 cardinalis,
1476 2667 1738 2722 videlicet

139 2753 301 2809 Petrus
329 2756 558 2822 Leonis,
590 2761 815 2810 vocatus
842 2772 872 2809 a
904 2756 1109 2826 populo
1140 2754 1463 2820 Anacletus;
1492 2762 1544 2809 et
1575 2752 1754 2808 vixe-'

137 2852 240 2898 runt
282 2846 436 2900 ambo
479 2845 601 2899 fere
641 2852 765 2900 octo
816 2844 997 2898 annis.
1043 2844 1325 2898 Remansit
1370 2854 1553 2898 autem
1597 2846 1737 2899 Ana-

134 2934 281 2987 cfetus
327 2935 378 2990 in
407 2935 551 2989 urbe
594 2942 821 3005 propter
874 2933 1067 2988 fratres
1100 2948 1249 2998 suos,
1302 2933 1395 3003 qui
1447 2940 1604 2987 erant
1632 2932 1732 2987 viri

135 3032 357 3091 potentes
399 3034 453 3081 et
482 3025 769 3080 habebant
808 3024 1173 3095 principatum
1217 3023 1427 3078 castelli
1469 3022 1734 3078 Crescen—

135 3113 273 3169 tionis
350 3116 713 3173 Innocentius
763 3132 895 3171 vero
943 3117 1009 3170 ad
1066 3116 1448 3171 Cismontanos
1490 3116 1726 3171 transiit.

137 3201 263 3258 L‘nde
299 3206 502 3272 dictum
572 3213 656 3260 est
708 3205 1056 3260 monosticon
1109 3204 1236 3259 ille:
1282 3207 1505 3261 Romam
1542 3184 1801 3259 Petrus“

140 3299 292 3365 habet,
331 3306 497 3355 totum
529 3301 823 3367 Gregorius
852 3300 1050 3355 orbem.
1084 3299 1267 3369 (llum.
1308 3298 1428 3368 vn.)
1477 3299 1587 3353 Rex
1622 3301 1728 3353 An-

137 3392 315 3463 glorum
349 3396 624 3450 Henricus
681 3394 781 3471 fuit
821 3395 888 3448 ad
943 3394 1122 3449 natale
1153 3395 1300 3465 apud
1358 3396 1724 3461 Winceastre,

136 3485 189 3534 ad
228 3501 375 3554 pasea
421 3487 578 3558 apud
618 3487 943 3541 Vudestoee.
990 3485 1069 3540 lbi
1104 3485 1206 3540 fuit
1245 3493 1533 3541 accusatus
1584 3485 1728 3540 Gau-

140 3574 285 3629 iridus
312 3577 377 3632 de
403 3578 660 3632 Clintone
689 3587 744 3631 et
783 3577 1075 3630 infamatus
1106 3576 1174 3629 de
1215 3576 1526 3646 proditione
1560 3574 1725 3647 regis,

143 3668 255 3725 falso
318 3673 389 3731 Ad
431 3672 752 3747 rogationes
787 3671 888 3725 fuit
926 3671 1072 3742 apud
1130 3670 1472 3725 Cantuariam
1529 3669 1597 3723 ad
1637 3670 1736 3723 de-

142 3760 442 3819 dicationem
490 3780 637 3819 nove
669 3764 919 3819 ecclesie.
951 3764 1137 3819 Mense
1177 3763 1488 3834 Septembri
1522 3762 1742 3816 transiit

145 3843 189 3905 in
218 3855 619 3921 Normanniam,
651 3865 708 3911 et
755 3857 823 3911 ad
856 3857 1193 3911 nativitatem
1227 3863 1413 3910 sancte
1447 3853 1611 3908 Marie
1642 3851 1745 3907 fuit

146 3943 293 4012 llecci,
331 3956 384 4003 et
411 3949 647 4003 adduxit
676 3964 863 4003 secum
913 3948 1197 4021 Hugonem
1242 3947 1459 4002 noviter
1499 3945 1739 3999 electum

145 4035 617 4116 ltothomagensem
671 4040 1172 4112 archiepiscopum,
1210 4041 1305 4112 qui
1353 4039 1530 4095 fuerat
1561 4037 1733 4093 abbas

148 4124 498 4203 Radingensis.
556 4131 655 4194 Qui
684 4130 847 4185 etiam
887 4138 1132 4185 sacratus
1181 4136 1263 4183 est
1308 4130 1363 4183 in
1402 4128 1542 4184 festo
1574 4126 1730 4182 exal-

148 4215 340 4271 talionis
368 4230 562 4275 sancte
595 4220 796 4286 crucis,
820 4220 909 4274 die
942 4219 1244 4285 dominica,
1283 4218 1736 4288 archiepiscopus

149 4305 578 4386 Rothomagensis
618 4313 765 4379 5οης,
844 4328 1007 4383 quem
1064 4311 1412 4366 consecravit
1473 4310 1739 4365 Ricardus

151 4398 431 4471 Bajocensis
476 4405 774 4476 episcopus
813 4421 935 4460 cum
989 4403 1336 4475 coepiscOpis
1383 4419 1502 4457 suis
1535 4403 1591 4457 in
1639 4419 1734 4459 ec-

1000 350 1345 409 CHRONICA.
1387 384 1455 393 —
1495 353 1873 411 AUCTARIUM
1917 356 2197 413 ROBERTI
2239 357 2320 411 DE
2360 357 2601 411 ΜΟΝΤΕ.

3361 356 3463 410 446

1767 489 1814 557 Α
1841 485 2245 542 ecclesiasticas
2292 504 2484 542 causas
2522 487 2882 554 decidendas,
2924 504 3035 559 que
3082 488 3465 559 frequentatur

1839 576 1898 630 in
1928 576 2080 631 curia
2112 576 2355 631 Romana
2386 585 2441 632 et
2472 576 2527 630 in
2561 575 2686 629 aliis
2716 576 2881 630 curiis
2913 576 3320 631 ecclesiasticis.
3357 576 3464 630 llec

1840 666 2189 737 postmodum
2236 668 2577 723 abbreviavit
2618 668 2884 741 magister
2923 667 3302 721 Omnebonum
3344 667 3464 737 epi-

1838 773 2039 829 scopus
2085 759 2436 824 Veronensis,
2472 761 2571 832 uni
2606 759 2783 815 fuerat
2838 760 2957 827 ejus
3000 757 3323 827 discipulus.
3357 759 3460 812 Oc-

1838 848 1952 903 ciso
1983 848 2299 903 Boamundo
2351 849 2602 919 principe
2633 849 2939 915 Antiochie,
2975 849 3319 903 Raimundus
3351 849 3463 903 fra-

1841 948 1922 994 ter
1948 939 2228 995 Guillermi
2261 941 2475 995 comitis
2503 941 2840 996 Pictavensis
2872 941 3026 996 duxit
3052 940 3172 1008 ejus
3206 955 3455 1006 uxorem,

1840 1042 1894 1091 et
1926 1035 2097 1091 factus
2124 1046 2206 1090 est
2238 1036 2494 1107 princeps
2526 1037 2828 1093 Antiochie.

1914 1126 2076 1180 1131.
2448 1126 2506 1180 6.
2884 1127 2974 1180 21.
3373 1126 3459 1182 3i.

1911 1214 2096 1282 (Hum.
2132 1219 2249 1283 vn)
2302 1215 2411 1269 Rex
2466 1215 2757 1289 Anglorum
2819 1216 3083 1271 Henricus
3134 1215 3281 1286 apud
3336 1214 3460 1268 Car-

1840 1313 2028 1361 notum
2061 1313 2183 1377 post
2213 1306 2392 1360 natale
2421 1308 2629 1377 recepit
2659 1324 2855 1379 papam
2880 1307 3285 1370 Innocentium,
3312 1307 3460 1359 Ana-

1840 1395 1981 1451 cleto
2022 1396 2220 1464 subjici
2257 1412 2535 1450 recusans.
2579 1399 2641 1463 (Η
2699 1395 2856 1451 Henr.
2906 1397 3018 1468 30.)
3072 1397 3201 1451 Post
3248 1396 3458 1449 Pascha

1839 1487 1995 1541 venit
2025 1487 2169 1541 idem
2203 1503 2397 1557 papam
2455 1489 2879 1561 Rothomagum,
2912 1495 2967 1541 et
3019 1493 3277 1556 receptus
3307 1494 3389 1539 est
3428 1501 3459 1538 a

1840 1596 1970 1651 rege
1995 1579 2221 1633 Henrico
2256 1578 2589 1643 honorifice;
2627 1588 2682 1633 et
2713 1581 2831 1649 ejus
2860 1579 3059 1633 auxilio
3093 1584 3347 1648 receptus
3378 1583 3459 1630 est

1841 1682 1939 1737 per
1979 1675 2119 1722 totas
2169 1668 2385 1722 Gallias.
2449 1669 2619 1737 (Henr
2661 1669 2779 1736 vn.)
2836 1668 2960 1722 Post
3004 1668 3058 1720 in
3124 1672 3301 1720 estate
3365 1680 3458 1719 rex

1848 1756 2112 1811 Henricus
2150 1757 2313 1811 rediit
2345 1758 2398 1809 in
2427 1757 2696 1827 Angliam,
2727 1772 2913 1811 secum
2946 1754 3110 1809 filiam
3160 1770 3315 1808 suam
3369 1753 3461 1807 ad-

1843 1848 2069 1902 ducens.
2121 1848 2240 1902 Fuit
2270 1847 2439 1917 igitur
2480 1847 2536 1901 in
2578 1847 2865 1902 nativitate
2895 1855 3082 1902 sancte
3127 1845 3290 1899 Marie
3340 1860 3458 1897 ma-

1842 1953 2008 2009 gnum
2043 1937 2303 2007 placitum
2337 1935 2480 2005 apud
2513 1935 2905 1991 Nordhantune
2959 1935 3055 2001 ;in
3094 1949 3203 2005 quo
3236 1938 3463 2006 congre-

1842 2027 1984 2100 gatis
2022 2027 2281 2081 omnibus
2338 2026 2686 2096 principibus
2723 2027 2914 2099 Anglie
2960 2026 3327 2080 deliberatum
3380 2030 3461 2077 est

1844 2117 1991 2188 quod
2022 2115 2135 2169 ﬁlia
2163 2132 2261 2170 sua
2298 2115 2624 2170 redderetur
2654 2117 2771 2170 viro
2815 2131 2916 2170 suo
2971 2114 3184 2170 consuli
3217 2112 3460 2185 Andega—

1840 2207 2015 2272 vensi,
2073 2223 2192 2260 eam
2239 2206 2559 2278 requirenti.
2604 2207 2764 2261 Missa
2795 2217 2975 2261 autem
3027 2213 3147 2275 post
3200 2205 3301 2259 hec
3348 2204 3459 2257 filia

1842 2296 1988 2368 regis
2008 2296 2125 2350 viro
2150 2311 2273 2363 suo,
2304 2303 2521 2365 recepta
2554 2304 2636 2350 est
2655 2296 2794 2349 lastu
2826 2304 2972 2350 tanta
2995 2293 3243 2365 viragine
3266 2292 3455 2366 digno.

1840 2387 1966 2442 Post
2015 2388 2214 2457 pascha
2246 2395 2492 2442 mortuus
2545 2396 2627 2442 est
2676 2386 3010 2460 Raginaldus
3047 2384 3219 2438 abbas
3258 2383 3460 2437 Rame-

1845 2479 2069 2544 siensis,
2128 2494 2267 2533 nove
2297 2486 2488 2533 auctor
2517 2479 2770 2534 ecclesie.
2825 2478 2883 2531 In
2941 2475 3216 2548 principio
3248 2474 3461 2545 hyemis

1843 2570 1962 2625 obit
2004 2570 2246 2623 llerveus
2286 2570 2496 2640 primus
2552 2569 2823 2623 Heliensis
2880 2569 3194 2639 episcopus.
3256 2565 3457 2620 Eodem

1844 2672 1990 2710 anno
2021 2672 2212 2711 mense
2252 2657 2499 2711 Octobris
2529 2657 2758 2731 contigit
2795 2656 2982 2722 etiam,
3020 2654 3169 2726 quod
3198 2652 3345 2707 filius
3373 2667 3461 2705 re-

1837 2752 1920 2824 gis
1951 2751 2277 2805 Francorum
2301 2751 2589 2821 Philippus
2610 2752 2722 2818 jam
2767 2768 2857 2805 rex
2893 2750 3085 2813 factus,
3118 2747 3245 2801 dum
3268 2762 3458 2801 eorm-

1837 2844 2036 2913 pedcm
2094 2842 2291 2897 ludens
2330 2844 2578 2915 agitaret,
2620 2844 2838 2898 obvium
2892 2858 3046 2896 suem
3075 2840 3304 2902 habuit;
3368 2838 3456 2892 cui

1836 2951 1958 2989 cum
1994 2934 2161 3003 pedes
2213 2935 2340 3006 equi
2400 2936 2674 2990 currentis
2712 2934 3077 2997 offenderent,
3119 2930 3322 2987 occidit
3365 2946 3458 2984 rex

1833 3040 2006 3080 novus
2034 3031 2086 3079 et
2116 3023 2302 3080 fractis
2325 3025 2633 3081 cervicibus
2674 3024 2960 3096 expiravit.
3007 3023 3142 3077 Ecce
3176 3037 3264 3076 res
3308 3020 3461 3074 inso-

1832 3115 1928 3170 lita
1982 3123 2034 3170 ct
2076 3116 2446 3172 admiratione
2488 3115 2687 3191 digna!
2755 3131 2887 3170 ecce
2930 3121 3136 3186 quanta
3184 3109 3453 3166 celsitudo

1832 3229 1996 3284 quam
2029 3214 2221 3267 leviter
2250 3219 2309 3267 et
2349 3228 2514 3283 quam
2556 3211 2665 3266 cito
2708 3209 3043 3265 adnichilata
3083 3205 3195 3261 estl
3250 3206 3455 3262 Eodem

1830 3320 2019 3359 mense
2050 3303 2407 3360 Innocentius
2445 3319 2587 3373 papa
2627 3303 2859 3357 sacravit
2885 3300 3106 3357 fratrem
3137 3314 3297 3353 suum
3348 3297 3459 3351 Lu-

1828 3399 2081 3453 dovieum
2136 3399 2191 3453 in
2227 3414 2411 3471 regem
2450 3397 2653 3461 Remis,
2709 3396 2844 3451 satis
2875 3411 3043 3467 parve
3074 3393 3236 3449 etatis
3278 3390 3457 3445 infan-

1829 3495 1960 3553 tem,
1992 3505 2114 3543 eum
2148 3489 2293 3542 idem
2327 3503 2470 3557 papa
2500 3487 2575 3539 ibi
2606 3493 2819 3541 teneret
2849 3485 3147 3540 concilium
3190 3483 3245 3536 in
3293 3481 3454 3536 festi-

1830 3579 1995 3634 vitate
2038 3580 2268 3641 Crispini
2323 3586 2377 3633 et
2426 3577 2797 3647 Crispiniani,
2867 3577 2954 3630 die
3004 3575 3301 3630 dominica.
3357 3572 3456 3638 Qui

1836 3669 2005 3722 Deum
2048 3668 2285 3739 diligens
2338 3674 2392 3720 et
2445 3666 2763 3732 ecclesiam,
2819 3664 3117 3736 plurimum
3168 3662 3305 3719 vixit
3355 3662 3461 3718 ho-

1847 3770 2003 3817 neste
2014 3800 2023 3814 .

1918 3852 2055 3907 1132
2454 3850 2508 3903 ’7.
2882 3849 2972 3903 22.
3370 3844 3459 3899 32.

1915 3941 2039 4012 (1b.)
2060 3941 2170 3994 Rex
2205 3939 2468 3994 Henricus
2493 3937 2591 3994 fuit
2621 3939 2688 3993 ad
2714 3938 2892 3992 natale
2920 3935 3067 4007 apud
3098 3930 3459 4002 Dunestaple;

1830 4031 1909 4086 .ad
1951 4032 2153 4101 pascha
2198 4031 2343 4100 apud
2375 4031 2666 4086 Vudestoc.
2724 4029 2852 4083 Post
2897 4026 3102 4081 Pascha
3142 4014 3241 4078 fuit
3291 4020 3462 4093 placi-

1837 4135 1951 4184 tum
1974 4127 2119 4197 apud
2139 4126 2501 4192 Londoniam,
2527 4125 2622 4180 ubi
2640 4124 2707 4179 de
2731 4122 3008 4195 pluribus,
3027 4120 3125 4174 sed
3150 4126 3205 4174 et
3226 4116 3462 4171 maxime

1839 4218 1907 4272 de
1939 4218 2215 4274 discordia
2255 4218 2500 4289 episcOpi
2535 4217 2735 4285 tSancti
2768 4214 2933 4269 David
2974 4222 3029 4268 et
3059 4208 3308 4282 episcOpi
3349 4207 3464 4261 Cla-

1842 4310 2148 4381 morgensis
2177 4309 2245 4362 de
2285 4307 2487 4362 finibus
2519 4306 2927 4379 parrochiarum
2981 4316 3203 4356 suarum
3261 4303 3463 4353 tracta-

1839 4394 1952 4453 lum
1992 4406 2094 4453 est.
2130 4397 2273 4452 Obiit
2316 4397 2618 4451 Balduinus
2670 4394 2968 4456 secundus,
3002 4390 3123 4446 ‘rex
3154 4386 3458 4444 Jerusalem

148 4491 289 4547 elesia
338 4474 527 4552 sancti
551 4474 800 4551 Audoeni
845 4497 933 4548 ⁵⁵⁷.
995 4495 1186 4550 Occiso
1243 4494 1498 4565 Arragois
1536 4495 1739 4549 comite
1764 4487 2080 4554 Dtercius;
2138 4493 2193 4541 et
2246 4486 2512 4540 successit
2557 4485 2718 4540 Fulco
2782 4497 2968 4537 eomes
3029 4474 3460 4565 Andegavensis,

151 4577 357 4648 iloralie,
396 4603 486 4639 rex
519 4586 703 4639 Scotie
749 4584 910 4638 David
952 4592 1153 4638 extunc
1188 4582 1381 4637 habuit
1434 4582 1588 4636 illum
1643 4596 1734 4638 co-

153 4671 390 4732 mitatum.
432 4678 722 4733 Gratianus
751 4677 1050 4748 episcopus
1107 4676 1364 4730 Clusinus
1409 4674 1741 4731 coadunavit

152 4763 343 4824 decreta
373 4773 528 4827 valde
564 4772 719 4826 utilia
760 4789 822 4825 ex
856 4771 1111 4833 decretis,
1155 4770 1466 4825 canonibus
1511 4770 1602 4835 ‘58,
1636 4768 1739 4824 do-

153 4861 385 4929 ctoribus,
429 4864 646 4938 legibus
686 4864 964 4923 Romanis,
1027 4862 1361 4918 sufticientia
1419 4863 1486 4917 ad
1544 4877 1744 4917 omnes

1838 4577 2067 4632 duxerat
2089 4574 2255 4630 tiliam
2281 4574 2509 4647 predicti
2540 4572 2790 4629 Balduini
2823 4571 2989 4643 (584),
3040 4584 3104 4624 ex
3128 4582 3236 4639 qua
3262 4562 3460 4637 genuit

1841 4672 1980 4727 duos
2039 4671 2204 4737 ﬁlios,
2286 4670 2610 4725 Balduinnm
2677 4676 2732 4725 et
2800 4665 3169 4721 Amauricum.
3227 4659 3459 4726 Quidam

1842 4765 2069 4820 seolaris
2100 4763 2354 4829 clericus,
2400 4762 2589 4817 dolore
2639 4761 2790 4836 gravi
2836 4759 3033 4815 anxius
3057 4756 3206 4825 (585)
3259 4754 3348 4808 die
3400 4766 3463 4807 ac

1846 4865 2005 4911 nocte
2035 4855 2248 4922 ejulans
2269 4862 2323 4909 et
2351 4852 2489 4907 flens
2524 4859 2579 4907 ut
2607 4851 2803 4906 mulier
2850 4848 3187 4921 parturiens,
3222 4842 3462 4915 quadam

1473 4960 1694 5014 VARl/E
1737 4958 2115 5013 LECTIONES.

220 5061 281 5095 ⁵³⁸
304 5067 617 5134 itaprz'mum
652 5065 706 5118 Ε.
741 5072 793 5120 et
818 5066 941 5119 inde
967 5065 1047 5116 7b.
1079 5063 1155 5117 85.
1190 5069 1374 5118 Postea
1404 5064 1656 5126 correxit,
1681 5064 1952 5134 incertum
1976 5076 2095 5134 quae
2114 5056 2653 5134 manusLdiaeonus.
2684 5060 2767 5109 Ita
2793 5053 2853 5134 8:
2902 5050 3274 5134 ἦδτῖειιαθηιὶιξ
3299 5059 3467 5134 usque

161 5130 219 5181 ad
265 5120 393 5190 (ιηηὲ
428 5120 594 5202 ﬁnem
622 5140 682 5191 in
710 5153 907 5192 rasura
952 5136 1475 5204 scﬁpsitRobertus;
1522 5120 1799 5204 desunt2)
1828 5120 2029 5204 Eorum
2069 5133 2178 5204 loco
2219 5132 2272 5204 ᾧ.
2437 5130 2527 5204 ξέά.Δ
2548 5129 2783 5184 habent:
2822 5123 3024 5178 Eodem
3065 5135 3210 5204 anno
3242 5120 3463 5204 Arageis

164 5214 325 5278 comes
358 5196 612 5273 Mdraﬁaa,
644 5224 767 5263 cum
800 5196 1106 5272 Melcolmo,
1146 5206 1316 5278 notho
1350 5196 1790 5278 tiliolAlexandri'
1817 5202 1999 5278 fratris
2039 5203 2185 5278 regis
2208 5201 2410 5278 David,
2438 5201 2531 5273 qui
2563 5210 2691 5278 ante
2721 5212 2865 5278 eum“
2880 5196 3464 5278 regnaverart,getAc‘upi

164 5273 391 5346 quinque
422 5266 645 5334 milibus
675 5287 1003 5333 armatorum
1036 5266 1271 5332 scotiam
1303 5274 1550 5339 intravit,
1582 5282 1747 5346 totam
1781 5273 2064 5345 regionem
2098 5266 2218 5346 ‘sibi
2267 5266 2560 5346 subjicere
2593 5268 2781 5325 voluit.
2833 5266 2999 5345 David
3034 5269 3287 5346 rex‘tun‘c
3314 5266 3465 5346 eunte

170 5330 1448 5433 tegis'Anglorum'intererati.sed—deardus,
1485 5330 1998 5426 consobrinu§:ejus
2028 5353 2082 5426 et
2121 5330 3051 5433 priiiceji§"niilitie,ncumJexp‘rcitu
3092 5330 3462 5433 illi

171 5400 1327 5491 gl'nragecisvcons—uiemvoceidit,ejusque
1361 5400 1566 5473 turmas
1612 5400 1926 5491 prostravit:
1955 5400 2571 5491 eepitiatque'fugavit.
2610 5400 2835 5491 Deinde
2874 5400 3465 5491 Mora'fiamdelfegseln'e

166 5472 476 5563 dominonqne
497 5472 1092 5563 vhé'éii'ié'rﬁ‘idgééésii's
1106 5472 1253 5557 est;
1267 5472 1539 5563 totusque
1565 5472 1813 5563 regionis
1838 5472 2079 5558 spatiose
2108 5472 2359 5552 ducatus,
2394 5472 2505 5541 Deo
2538 5486 2859 5547 auxiliante,
2888 5496 2989 5550 per
3022 5472 3342 5531 Edwardum
3370 5483 3457 5521 ex-

173 5559 283 5612 tunc
307 5559 467 5617 David
498 5564 755 5637 religioso
783 5559 1036 5618 subditus
1059 5569 1159 5618 est.
1243 5561 1312 5596 ⁵⁵⁸
1335 5559 1707 5615 εεηῡτὶϋυέε.

1693 5659 1901 5715 NOTAE.

236 5730 368 5801 (584)
398 5733 774 5791 Melisendem.

238 5802 373 5876 (585)
401 5805 792 5875 Nota-versus;
826 5822 1048 5864 carmen
1066 5806 1246 5875 majus
1266 5801 1577 5873 excerpisse
1602 5802 1820 5859 videtur
1839 5808 2045 5859 noster.
