3858 6206
406 372 511 426 447

546 511 903 554 aouuonuu.
1054 518 1396 558 raxucoauu.
1545 510 1856 561 ANGLORUM.

402 592 563 642 nocte
604 601 704 659 pre
757 587 946 644 dolore
978 605 1082 645 nec
1119 591 1351 665 vigilans
1391 609 1492 648 nec
1550 593 1851 660 dormiens,
1881 593 2019 649 vidit

401 678 656 734 assistere
706 679 813 734 sibi
846 681 1127 756 Virginem
1159 693 1385 740 matrem
1426 685 1660 747 Domini,
1695 703 1858 757 quam
1891 686 2017 757 quia

402 766 770 836 invocaverat,
809 786 1035 842 presens
1064 773 1172 827 sibi
1203 772 1430 829 affuerat
1482 774 1623 829 albis
1678 775 1900 829 inducta
1929 792 2017 829 vc-

400 857 598 924 stibus,
648 875 756 930 que
803 870 1114 932 congruunt
1168 863 1490 937 virginibus.
1568 864 1783 918 Manum
1850 863 2017 938 igitur

401 948 714 1021 porrigens,
760 968 871 1023 quo
914 953 1035 1023 plus
1064 961 1179 1009 erat
1209 955 1367 1012 dolor
1394 971 1623 1028 angens,
1674 971 1869 1010 sanum
1897 956 2017 1010 red-

402 1035 548 1092 didit
570 1038 813 1108 penitus,
850 1042 944 1111 qui
977 1058 1197 1113 semper
1215 1052 1331 1098 erat
1350 1044 1565 1098 anxius.

476 1129 632 1185 1133.
664 1132 971 1189 Lothan‘us.
1005 1135 1057 1190 8.
1090 1136 1410 1190 Ludovicus.
1446 1136 1535 1189 23.
1570 1135 1837 1189 Henricus
1866 1138 1893 1191 Ι
1918 1136 2006 1191 33.

476 1218 643 1277 Hum.
687 1227 805 1293 vu.)
844 1226 956 1280 Rex
995 1220 1292 1301 Anglorum
1352 1228 1614 1282 Henricus
1669 1226 1771 1281 fuit
1818 1227 1884 1281 ad
1912 1244 2012 1281 na-

404 1308 511 1362 tale
555 1312 701 1382 apud
756 1314 1091 1371 Winlesores
1148 1318 1416 1372 infirmus.
1479 1318 1555 1372 Ad
1605 1326 1771 1390 caput
1816 1318 2016 1389 jejuuii

399 1397 501 1455 fuit
542 1414 845 1462 conventus
884 1410 1028 1479 apud
1096 1410 1457 1472 Londoniam.
1508 1428 1675 1482 super
1724 1412 2018 1481 cpisc0pos

398 1492 582 1548 Sancti
614 1496 783 1552 David
840 1510 895 1555 ct
934 1501 1354 1573 Clamorgensis,
1388 1512 1443 1558 et
1480 1519 1577 1574 pro
1626 1502 1903 1558 discordia
1928 1518 2014 1555 ar-

398 1580 737 1656 chiepiscOpi
770 1596 823 1643 et
856 1590 1219 1645 Lincoliensis
1248 1592 1516 1662 episcopi.
1558 1593 1633 1647 Ad
1678 1594 1879 1662 pascha
1914 1592 2015 1647 fuit

400 1686 494 1726 rex
546 1674 841 1733 Oxineford
898 1679 954 1733 in
1011 1697 1151 1735 nova
1206 1684 1348 1737 aula.
1410 1684 1485 1736 Ad
1548 1684 1857 1755 rogationes
1913 1683 2015 1737 fuit

402 1764 597 1822 iterum
629 1778 934 1825 conventus
964 1773 1108 1842 apud
1155 1774 1461 1829 Wincestre
1491 1792 1658 1845 super
1687 1777 1851 1829 rebus
1885 1792 2009 1846 pre-

399 1852 578 1909 dictis.
622 1857 750 1913 Post
791 1867 1148 1928 pentecosten
1181 1862 1331 1918 dedit
1370 1879 1458 1918 rex
1489 1864 1867 1935 episcOpatum
1903 1866 2009 1920 He-

402 1948 631 2003 lienscm
666 1952 896 2026 Nigello,
948 1965 999 2009 et
1033 1956 1411 2027 episcopatum
1458 1958 1742 2014 Dunelmie
1772 1962 1841 1994 ⁵⁵9
1872 1953 2014 2015 Gau-

401 2034 543 2092 frido
574 2041 922 2098 cancellario.
957 2045 1120 2100 Paulo
1160 2056 1286 2101 ante
1317 2047 1545 2104 dederat
1574 2049 2011 2104 Wintoniensem

402 2125 635 2183 Henrico
662 2130 847 2187 abbati
882 2134 1159 2190 Glastonie
1212 2138 1359 2208 (586)
1393 2138 1581 2209 nepoti
1632 2155 1754 2207 suo,
1788 2146 1879 2212 qui
1930 2152 2014 2195 ta-

396 2234 525 2273 men
555 2220 825 2278 abbatiam
849 2241 971 2280 cum
1004 2228 1325 2299 episcOpatu
1359 2231 1532 2285 tenuit
1556 2248 1730 2302 usque
1761 2233 1830 2286 ad
1864 2248 2012 2288 mor-

400 2314 506 2361 tem
561 2324 746 2376 suam;
795 2313 1253 2371 Herefurdensem
1296 2335 1425 2374 vero
1474 2320 1854 2390 episcOpatum
1907 2322 2016 2377 Ro-

399 2395 554 2452 berto
606 2399 676 2454 de
714 2400 955 2458 Bcctona
1006 2404 1347 2473 Flandrensi,
1404 2409 1522 2464 viro
1552 2410 1847 2484 religioso;
1889 2411 2012 2467 Ces-

398 2494 641 2544 trensem
706 2509 838 2548 vero
901 2495 1132 2567 Rogerio
1206 2500 1595 2556 arcliidiacono
1657 2502 2013 2570 Lincoliensi,

397 2579 589 2647 nepoti
631 2579 874 2637 Gaufridi
930 2586 999 2640 de
1041 2587 1305 2643 Clintona.
1359 2591 1623 2646 Decessor
1671 2593 1792 2662 ejus
1840 2594 2017 2649 fuerat

400 2666 670 2726 Robertus
703 2685 1072 2748 cognomento
1112 2680 1439 2749 Peccatum;
1488 2685 1849 2754 predecessor
1887 2702 2015 2741 vero

398 2759 669 2817 Robertus
720 2766 1063 2824 Normanuus
1113 2772 1179 2825 de
1232 2773 1482 2827 Limesia.
1543 2774 1637 2828 Hic
1676 2776 2018 2831 sccularibus

396 2847 640 2906 intentus
667 2857 838 2930 magis
867 2876 1030 2929 quam
1061 2861 1283 2930 divinis,
1321 2881 1353 2917 a
1384 2882 1511 2939 rege
1546 2866 1775 2921 Henrico
1806 2867 2013 2923 Caven-

395 2948 582 2997 treuse
621 2949 918 3004 cenobium
962 2953 1226 3022 eptinuit,
1272 2956 1459 3027 ibique
1498 2959 1788 3028 capitalem
1820 2963 2008 3015 cathe-

394 3030 549 3086 dram
596 3035 918 3111 Merciorum
965 3046 1267 3100 constituit.
1323 3047 1493 3103 Habet
1522 3049 1704 3121 itaque
1754 3052 1847 3107 ille
1894 3053 2007 3123 epi-

395 3134 654 3194 scopatus
712 3146 884 3201 usque
944 3135 1108 3189 hodie
1164 3144 1271 3192 tres
1317 3140 1500 3207 sedes,
1562 3141 2002 3211 Licifeldensem,

1635 378 1973 434 SlGEBERTl
2018 374 2532 432 GEMBLACENSIS.

2043 507 2095 576 Α
2123 518 2244 557 mus
2268 508 2321 557 et
2342 501 2641 557 admodum
2678 500 2949 556 litteratus
3030 500 3125 556 Hic
3163 500 3472 556 monachus
3506 506 3561 555 et
3590 501 3724 571 prior

2039 1818 2089 1885 Β

3633 375 3723 430 448

2122 594 2225 651 fuit
2262 593 2672 659 Fiscannensis;
2706 601 2762 647 et
2802 599 2926 664 post
2955 601 3167 663 patrem
3210 608 3373 648 suum
3420 590 3593 647 abbas
3633 592 3725 647 Ra-

2119 684 2429 749 mesiensis,
2473 684 2542 737 ad
2579 683 2833 738 ultimum
2872 699 3004 738 vero
3065 683 3363 754 episcOpus
3398 680 3724 737 Tedforden-

2119 778 2213 833 sis.
2258 779 2354 832 Hic
2393 776 2541 847 emit}
2564 776 2733 831 multa
2762 775 3001 847 pecunia
3058 791 3315 850 magnam
3359 782 3570 847 partem
3606 775 3725 829 villo

2117 866 2506 932 Norwicensis,
2531 873 2586 920 et
2614 863 2817 919 evulsis
2848 864 3106 919 domibus
3134 871 3190 919 et
3217 862 3339 918 loco
3385 861 3721 933 complanato

2118 959 2179 1014 iu‘
2200 958 2497 1013 maximum
2538 957 2797 1028 spatium,
2834 956 2889 1010 in
2918 956 3129 1027 optimo
3172 956 3294 1011 loco
3333 968 3507 1026 super
3558 953 3723 1009 Cerne

2122 1049 2349 1105 ﬂuvium
2370 1047 2718 1118 perpulcram
2741 1047 3033 1101 ecclesiam
3063 1046 3120 1100 in
3140 1045 3506 1100 veneratione
3521 1060 3722 1099 summe

2120 1137 2404 1194 Trinitatis
2465 1136 2534 1191 ad
2594 1136 2913 1192 memoriam
2978 1134 3148 1200 illius,
3216 1134 3376 1204 cujus
3434 1133 3729 1189 monachus

2117 1228 2390 1294 extiterat,
2460 1223 2767 1291 edificavit;
2826 1224 3028 1279 additis
3081 1223 3245 1279 etiam
3320 1221 3561 1278 officinis
3614 1238 3732 1293 per-

2119 1319 2422 1393 grandibus
2460 1318 2528 1373 ad
2569 1333 2711 1388 opus
2757 1317 3153 1371 monachorum
3207 1314 3560 1381 necessariis,
3599 1329 3730 1385 quos

2119 1421 2174 1467 et
2192 1412 2268 1467 ibi
2290 1411 2471 1481 posuit
2486 1410 2554 1464 ad
2576 1408 2929 1464 serviendum
2962 1410 3076 1463 Deo
3106 1408 3160 1461 in
3180 1407 3272 1461 illa
3296 1406 3554 1471 ecclesia,
3574 1421 3727 1477 quam

2117 1500 2399 1556 constituit
2436 1499 2719 1553 matricem
2759 1505 2814 1552 et
2852 1497 3215 1568 principalem
3272 1495 3463 1550 sedem
3496 1495 3729 1550 Norlful-

2115 1591 2236 1644 cani
2268 1591 2635 1661 episcopatus.
2696 1588 2863 1655 (Husr
2932 1590 3049 1657 vn.)
3085 1586 3229 1640 Fecit
3260 1584 3424 1639 etiam
3460 1599 3556 1638 rex
3588 1584 3728 1639 Heu-

2116 1680 2261 1735 ricus
2294 1695 2492 1735 novum
2546 1678 2925 1749 episcopatum
2965 1675 3112 1746 apud
3146 1673 3367 1737 Carluil,
3419 1674 3477 1727 in
3526 1672 3719 1728 finibus

2111 1772 2306 1845 Anglic
2336 1778 2390 1825 et
2432 1772 2646 1836 Scotie,
2686 1779 2741 1824 et
2789 1769 2973 1840 posuit
3004 1768 3079 1823 ibi
3114 1767 3436 1838 episcolium
3490 1767 3717 1836 primum

2112 1861 2423 1915 Adalulfum
2477 1860 2717 1931 priorem
2749 1857 3141 1913 canonicoruin
3181 1854 3527 1929 regularium
3561 1856 3725 1909 sancti

2114 1954 2365 2013 Oswaldi.
2398 1952 2486 2008 cui
2527 1952 2721 2007 solitus
2757 1956 2873 2005 erat
2920 1947 3171 2004 confiteri
3212 1956 3438 2018 peccata
3488 1963 3611 2002 sua.
3645 1947 3732 2001 Hic

2114 2054 2299 2103 autem
2349 2047 2647 2117 episcOpus
2675 2043 2973 2099 canonicos
3010 2041 3294 2116 regulares
3322 2040 3508 2110 posuit
3537 2040 3596 2095 in
3647 2056 3733 2095 ec-

2114 2138 2286 2191 clesia
2320 2136 2468 2191 sedis
2505 2151 2624 2189 sue.
2659 2135 2749 2203 (A.
2795 2133 2979 2199 Roth.)
3015 2131 3212 2185 Passus
3255 2136 3337 2182 est
3364 2129 3446 2184 sol
3488 2129 3732 2199 eclipsim

2117 2228 2169 2279 4.
2204 2226 2343 2281 Non.
2376 2225 2508 2296 Aug.
2546 2222 2746 2277 Eodem
2778 2220 2869 2275 die
2911 2234 3005 2274 rex
3047 2218 3309 2273 Henricus
3363 2217 3733 2273 transfretavit

2118 2318 2173 2371 in
2221 2315 2589 2380 Normaniam,
2617 2328 2728 2368 non
2784 2311 3093 2377 rediturus;
3127 2309 3314 2363 multis
3370 2309 3476 2363 hoc
3510 2318 3731 2380 prOpter

2116 2408 2335 2481 signum
2390 2406 2539 2477 quod
2591 2404 2867 2460 acciderat
2922 2400 3349 2457 mussitantibus
3390 2400 3503 2455 Hoc
3574 2400 3736 2455 etiam

2120 2512 2367 2573 tempore
2404 2517 2544 2557 vena
2577 2498 2886 2574 argentaria
2931 2506 3149 2568 reperta
3180 2496 3360 2550 fuerat
3415 2495 3567 2566 apud
3610 2495 3732 2549 Car-

2119 2596 2245 2661 luil;
2305 2596 2451 2649 unde
2493 2594 2934 2668 investigatores,
2992 2589 3086 2662 qui
3135 2605 3256 2644 eam
3313 2588 3371 2643 in
3428 2588 3738 2643 visceribus

2118 2694 2262 2741 terre
2290 2684 2618 2756 querebant,
2650 2683 2981 2757 quingentas
3009 2680 3179 2735 libras
3211 2679 3326 2755 regi
3360 2679 3602 2735 Henrico
3641 2695 3739 2733 an-

2118 2776 2323 2830 nuatim
2354 2774 2756 2845 persolvebant.
2789 2772 2973 2826 Mense
3004 2770 3187 2824 Marcii
3221 2778 3384 2823 natus
3424 2776 3511 2823 est
3537 2768 3734 2824 Henri-

2116 2884 2214 2923 cus
2241 2866 2590 2932 Cenomanis,
2616 2863 3018 2939 primogenitus
3059 2861 3201 2917 filius
3240 2859 3489 2915 Gaufridi
3518 2861 3736 2916 comitis

2114 2967 2168 3014 et
2196 2959 2475 3014 Matbildis
2504 2957 2886 3030 imperatricis.
3218 2994 3221 2997 ς
3702 3010 3707 3013 .

2181 3049 2336 3103 1134.
2715 3048 2767 3102 9.
3146 3043 3236 3106 2i,
3638 3044 3730 3101 3i».

2182 3144 2347 3198 Natus
2390 3148 2475 3197 est
2547 3139 2839 3195 Gaufridus
2919 3137 3199 3193 secundus
3264 3136 3415 3191 filius
3481 3135 3724 3191 Gaufridi

395 3216 761 3312 Hcstrensem,
822 3226 1315 3286 Conventrensem.
1355 3235 1445 3303 (V.
1478 3237 1643 3303 Lanf.
1694 3237 1808 3307 12)
1846 3240 2000 3295 Anno
2029 3212 2075 3278 ί)
2105 3237 2531 3312 Andegavensis,
2578 3251 2772 3290 mense
2817 3233 2956 3288 Maio
2998 3234 3053 3287 in
3099 3239 3467 3303 pentecosten
3514 3232 3725 3289 Rotho-

393 3309 666 3403 siquidem
742 3315 1134 3375 incarnationis
1190 3324 1465 3380 dominico
1544 3328 1999 3403 1075,rcgnantc

396 3400 680 3459 Willermo
708 3423 834 3478 rege
868 3411 1186 3481 Anglorum,
1218 3432 1364 3471 anno
1410 3419 1562 3491 regni
1612 3420 1731 3487 ejus
1768 3400 1821 3475 9.
1864 3437 2001 3477 con-

393 3500 677 3579 gregatum
726 3505 809 3551 est
839 3499 1120 3558 Londonie
1156 3506 1473 3574 concilium,
1518 3509 1830 3579 prcsidente
1865 3513 2002 3567 Lan-

393 3578 582 3636 franco
610 3584 1030 3660 archiepisc0po
1063 3592 1468 3661 Cantuariensi;
1512 3600 1679 3654 totius
1722 3602 1998 3659 Britannic

392 3672 573 3731 insule
595 3679 843 3749 primate,
873 3686 1288 3745 considentibus
1328 3708 1512 3748 secum
1552 3695 1682 3751 viris
1708 3699 2000 3753 venerabi-

393 3763 539 3862 libus
582 3766 786 3824 Thoma
818 3772 1141 3831 Eboracensi
1192 3781 1633 3854 archiepiscopo,
1688 3792 1742 3856 et
1796 3788 1997 3843 ceteris

390 3858 669 3928 episcopis
715 3861 889 3932 ipsius
929 3864 1128 3936 insule,
1174 3878 1229 3926 et
1267 3872 1579 3937 abbatibus,
1641 3893 1744 3932 nec
1793 3895 1901 3934 non
1944 3890 1999 3935 et

365 3947 576 4045 inultis
604 3952 847 4026 religiosi
878 3959 1088 4015 ordinis
1116 3965 1397 4032 personis;
1441 3966 1496 4020 in
1528 3983 1638 4038 quo
1691 3970 1863 4025 multa
1893 3972 1997 4026 uti-

386 4035 459 4091 lia
488 4044 595 4094 tam
647 4043 861 4100 clericis
899 4065 1064 4119 quam
1097 4051 1248 4107 laicis
1280 4054 1527 4110 instituta
1549 4035 1805 4115 fuerunt.
1857 4060 1995 4116 Con-

387 4142 600 4187 cessum
622 4143 705 4190 est
723 4138 887 4192 etiam
921 4140 1055 4196 inibi
1085 4145 1250 4217 regali
1276 4147 1651 4204 munificentia
1672 4157 1727 4205 et
1754 4152 1991 4209 sinodali

2100 3333 2265 3406 magi.
2302 3332 2363 3386 Et
2392 3330 2665 3385 infirmata
2702 3336 2785 3384 est
2812 3335 2988 3383 mater
3026 3328 3145 3396 ejus
3197 3326 3439 3382 Matildis
3484 3327 3723 3399 impera-

2102 3425 2204 3479 trix
2232 3431 2457 3495 propter
2495 3422 2877 3477 difﬁcultatem
2911 3428 3098 3492 partus
3122 3435 3319 3499 .usque
3348 3419 3418 3474 ad
3458 3419 3728 3490 despera-

2102 3520 2329 3574 tionem.
2371 3521 2458 3584 (H.
2491 3521 2656 3573 Henr.
2686 3518 2800 3577 28.)
2840 3516 2939 3570 Ubi
2974 3513 3272 3586 prudentia
3315 3514 3441 3584 ejus
3490 3515 3729 3570 eviden-

2099 3616 2246 3671 tibus
2314 3612 2905 3668 indiciisrnanifestata
2945 3619 3047 3666 est.
3090 3611 3224 3664 Nam
3264 3611 3559 3665 thesauros
3600 3626 3732 3665 suos

2098 3702 2383 3773 orphanis,
2412 3702 2595 3757 viduis
2621 3706 2676 3755 ct
2725 3699 2956 3771 reliquis
2991 3699 3331 3769 pauperibus
3385 3707 3444 3754 et
3498 3699 3731 3756 maxime

2098 3792 2419 3848 ecclesiiset
2448 3790 2815 3857 monasteriis,
2850 3805 3014 3844 manu
3045 3787 3380 3862 sicutlarga,
3418 3787 3494 3843 ita
3532 3790 3724 3844 devota

2097 3880 2395 3937 distribuit.
2427 3879 2816 3935 Monasterium
2856 3894 2987 3933 vero
3022 3878 3297 3932 Beccense
3328 3877 3720 3932 abundantiori

2098 3968 2490 4023 benedictione
2529 3969 2582 4022 in
2614 3982 2749 4022 auro
2794 3973 2848 4021 et
2895 3976 3126 4040 argento
3178 3972 3233 4020 et
3264 3966 3554 4037 lapidibus
3595 3983 3721 4038 pre-

2097 4060 2254 4115 tiosis
2299 4066 2354 4114 et
2391 4059 2684 4129 multiplici
2734 4063 2932 4113 ornatu
2980 4056 3236 4123 ecclesie,
3277 4072 3449 4127 quam
3511 4058 3717 4130 reliqua

2095 4151 2427 4207 monasteria
2456 4150 2774 4206 cumulavit.
2820 4150 2942 4220 (1b.,
2980 4148 3095 4219 29.)
3126 4144 3382 4219 P0po$cit
3409 4150 3583 4204 etiam
3625 4167 3723 4221 pa-

388 4224 709 4310 auctoritate
736 4229 914 4285 tribus
941 4234 1234 4305 episc0pis.
1258 4237 1326 4291 de
1360 4238 1594 4310 villisfad
1626 4240 1875 4299 civitates
1903 4260 1995 4298 se-
2092 4247 2231 4295 trem
2271 4257 2456 4307 suum,
2489 4247 2549 4294 ut
2602 4239 2810 4293 ibidem
2850 4238 3197 4308 sepeliretur.
3260 4236 3419 4302 Quod
3474 4256 3605 4295 cum
3637 4239 3727 4293 ille

386 4309 485 4366 des
512 4328 638 4368 suas
667 4318 991 4386 transferre;
1023 4323 1233 4379 scilicet
1262 4325 1572 4383 llermanno
1600 4329 1670 4384 de
1698 4331 1994 4389 Sireburna
2096 4330 2248 4400 prius
2296 4336 2569 4390 renueret.
2618 4328 2812 4382 dicens
2868 4327 3090 4400 dignius
3130 4341 3251 4381 esse
3294 4333 3354 4381 ut
3400 4328 3727 4401 Rothomagi

383 4402 453 4493 ad
483 4402 842 4475 Seriberiam;
868 4411 1135 4487 Stigando
1166 4415 1233 4469 de
1263 4416 1536 4493 Senlenge
1567 4419 1633 4472 ad
1656 4420 1990 4490 Cicestrum;
2093 4417 2311 4489 sepulta
2339 4417 2679 4483 condiretur,
2737 4414 2833 4470 ubi
2872 4426 2928 4470 et
2966 4422 3349 4470 antecessores
3413 4417 3564 4485 ejus,
3609 4414 3729 4471 Rol-

382 4491 543 4549 Petro
594 4494 664 4551 de
698 4497 958 4556 Licifelde
998 4503 1065 4557 ad
1101 4504 1363 4560 Cestrum.
1404 4491 1494 4561 Dev
1524 4508 1854 4579 quibusdam
1902 4529 1995 4567 au-
2020 4510 2279 4582 Dlonem
2307 4516 2361 4563 et
2400 4508 2741 4562 Willermum
2766 4506 2939 4560 ﬁlium
2972 4506 3094 4576 ejus
3121 4506 3269 4571 dico,
3308 4507 3725 4580 requiesceret;

386 4587 519 4650 tem,
551 4587 644 4656 qui
678 4588 732 4642 in
749 4590 895 4645 villis
923 4608 1021 4646 seu
1048 4592 1184 4647 vicis
1214 4593 1397 4649 adhuc
1430 4596 1732 4671 degebant,
1766 4600 1995 4656 dilatum
2098 4604 2234 4660 dixit
2270 4604 2511 4658 animam
2541 4619 2696 4658 suam
2736 4619 3018 4675 nunquam
3075 4617 3198 4656 esse
3230 4603 3396 4657 letam
3434 4604 3545 4658 nisi
3576 4618 3724 4660 com-

385 4677 469 4765 est
523 4689 698 4765 usque
742 4679 810 4733 ad
845 4681 991 4756 regis
1031 4681 1403 4748 audientiam;
1442 4686 1704 4742 videlicet
1746 4689 1997 4765 Remigio
2101 4710 2202 4765 pos
2225 4694 2337 4749 voti
2363 4693 2416 4747 in
2443 4694 2546 4748 hac
2573 4692 2834 4747 duntaxat
2865 4698 3018 4763 parte
3059 4690 3233 4746 ﬁeret.
3260 4690 3554 4748 Concessit
3575 4702 3729 4763 pater

386 4759 772 4835 Dorchacensi,
796 4770 999 4826 Gisone
1024 4771 1433 4841 llermeacensi,
1460 4774 1669 4832 Hefalto
1693 4759 1998 4846 Wellensi;
2103 4759 2255 4856 quod
2288 4783 2536 4854 petebat;
2582 4782 2679 4837 sed
2713 4759 2943 4837 Domi—no
2993 4780 3235 4846 volente,
3285 4781 3524 4836 sanitati
3578 4759 3731 4836 resti-

383 4867 616 4957 ttuot'um
658 4860 815 4957 ppior
853 4865 923 4918 ad
972 4864 1293 4931 Lincoliam,
1351 4868 1631 4923 secundus
1685 4869 1754 4924 ad
1797 4870 2004 4939 Batam,
2110 4883 2225 4931 tuta
2263 4882 2365 4930 est.
2421 4875 2609 4942 (Hum.
2651 4878 2769 4941 vn.)
2822 4873 2936 4928 Hoc
2979 4888 3126 4927 anno
3158 4878 3272 4927 toto
3327 4888 3425 4928 rex
3469 4873 3730 4928 Henricus

384 4951 579 5002 tertius
605 4951 672 5006 ad
695 4953 936 5025 Tclford,
978 4958 1357 5016 munificentia
1386 4962 1537 5037 regis
1568 4969 1621 5017 et
1649 4964 2007 5037 suggestione
2109 4972 2350 5021 moratus
2378 4972 2461 5019 est
2506 4964 2563 5018 in
2602 4962 3013 5028 Normanniam,
3058 4976 3157 5031 pro
3187 4961 3397 5034 gaudio
3463 4969 3725 5032 nepotum

385 5040 673 5097 Lanfranci
715 5056 905 5115 postea
959 5053 1207 5107 translati
1254 5063 1401 5110 sunt.
1452 5055 1647 5122 Elfato,
1688 5056 1785 5128 qui
1825 5050 2004 5112 fuerat
2106 5072 2327 5118 suorum
2361 5055 2580 5112 Henrici
2624 5063 2680 5110 et
2718 5053 2983 5110 Gaufridi.
3029 5054 3232 5109 Eodem
3271 5070 3422 5110 anno
3465 5072 3564 5110 rex
3595 5053 3729 5108 ﬂens

383 5131 703 5232 capellanus
746 5136 1009 5232 -Wi|_lerrni
1052 5143 1214 5232 regis,
1250 5145 1516 5200 successit
1560 5147 1707 5217 apud
1759 5146 2000 5203 Teldfort
2102 5149 2248 5204 ricus
2285 5148 2509 5204 donavit
2538 5148 2914 5218 episcOpatum
2947 5146 3302 5215 Bajocensem
3348 5146 3590 5203 Ricardo
3619 5146 3727 5202 filio

384 5221 699 5309 Willermus
726 5224 793 5279 de
834 5227 1046 5297 Belfou,
1076 5231 1158 5286 vir
1200 5234 1639 5308 generenobilis
1669 5243 1725 5291 et
1777 5238 1999 5292 cancel-
2101 5239 2328 5294 Roberti
2402 5238 2621 5294 comitis
2700 5237 3055 5302 Gloecestrie,
3146 5236 3537 5309 episcOpatum
3602 5252 3726 5293 vero

383 5308 558 5365 larius
584 5311 833 5380 ejusdem
851 5316 996 5390 regis
1047 5318 1161 5383 Quo
1192 5321 1245 5375 in
1270 5322 1423 5379 brevi
1451 5323 1713 5381 defuncto
1735 5328 2000 5383 successit
2097 5328 2552 5384 Abrincatensem
2593 5326 2827 5383 Ricardo
2882 5326 2950 5381 de
3012 5324 3222 5382 Belfou.
3279 5308 3427 5382 Obiit
3459 5326 3728 5383 Robertus

386 5397 438 5453 ei
466 5398 614 5455 dono
641 5400 909 5457 Willermi
942 5405 1180 5473 junioris
1220 5409 1537 5480 Herbertus,
1582 5413 1666 5471 vir
1712 5417 2000 5487 magnani—
2103 5416 2213 5471 dux
2272 5416 2737 5484 Normannorum,
2809 5414 2955 5471 filius
3029 5413 3299 5470 Willermi
3391 5415 3565 5490 regis,
3640 5414 3727 5488 qui

455 5580 523 5614 ὕες,
559 5578 866 5635 Dumelmie
905 5583 960 5635 Ε.
1732 5524 1949 5580 vitam
1978 5524 2363 5582 LECTIONES.

457 5751 596 5825 (586)
637 5752 1050 5827 Glastingbury,
1950 5699 2153 5754 NOTAE.
