3858 6206
131 264 219 320 “9
983 260 1327 315 CllRONlCA.
1370 289 1437 299 --
1476 258 1854 315 AUCTARlUM
1898 258 2177 315 ROBERTI
2220 260 2302 314 DE
2342 261 2581 317 MONTE.
3338 267 3437 323 450

252 402 619 444 aonmoauu.
780 400 1124 441 FRANCORUM.
1273 402 1579 443 ANGLORUM.
1751 384 2036 457 AColmie
2100 400 2281 450 mons,
2376 386 2519 440 Pons
2597 385 2844 453 Ursonis,
2941 389 3183 443 Castrum
3259 394 3438 447 sancti

129 480 351 555 Angliam
381 478 492 533 sibi
516 476 786 544 subdidit,
828 476 1358 547 primOgenitus;et
1384 477 1727 548 sepultusest
1826 472 2073 543 Dionysii
2137 472 2190 526 in
2246 473 2463 540 LeOnS,
2527 473 2692 526 Vallis
2760 475 2973 529 Hodulli
3043 478 3187 545 (588)
3260 488 3437 534 turres

129 572 255 643 apud
291 567 652 623 Gloecestrie.
1827 568 2203 632 Ebroicarum,
2238 575 2414 623 turres
2445 566 2742 634 Alentonii,
2768 577 2944 623 turres
2970 569 3435 630 Constantiarum.

194 662 333 719 H35.
379 662 683 717 Lotharius
720 658 801 716 lO.
831 658 1132 713 Ludovicus
1161 658 1248 712 23.
1285 659 1551 715 Henricus
1579 659 1718 716 I35.
1825 656 2031 727 ποιῶ.)
2068 657 2215 712 Fecit
2239 657 2389 711 enim
2420 657 2474 710 in
2514 655 2845 710 Normannia
2893 666 2948 712 et
2987 658 3040 710 in
3099 661 3290 730 Anglia
3324 677 3443 717 mo-

188 754 325 808 Luua
356 768 523 823 passa
579 758 662 806 est
711 751 977 823 eclypsim
1034 752 1086 806 4.
1144 750 1280 806 Non.
1336 750 1581 806 Januarii
1636 752 1716 819 (Α.
1825 754 2063 810 nasteria
2090 756 2343 826 plurima,
2371 756 2586 811 scilicet
2626 758 3019 812 monasterium
3068 757 3442 827 Radingense,

127 846 287 917 Roth.)
344 844 560 900 Ventus
622 844 927 899 vehemens
974 842 1149 898 factus
1203 851 1286 898 est
1342 844 1618 900 horribilis
1667 850 1722 899 et
1820 847 2217 901 monasterium
2270 848 2662 904 canonicorum
2719 848 3055 923 regularium
3105 849 3255 920 apud
3300 849 3445 904 Circ-

130 939 630 997 menteshominum
658 939 820 993 valde
865 938 1177 1005 deterrens,
1224 946 1403 992 turres
1440 946 1497 993 et
1526 939 1722 994 domos
1822 944 2021 1002 cestre,
2068 937 2459 992 monasterium
2524 938 2591 992 de
2643 937 2801 993 Prato
2828 938 2974 1009 apud
3018 938 3441 1014 Rothomagum,

128 1033 394 1102 dejiciens,
414 1031 653 1086 etsilvas
682 1030 992 1096 eradicans,
1045 1030 1100 1083 in
1132 1030 1320 1103 vigilia
1345 1030 1720 1100 apostolorum
1825 1027 2216 1081 monasterium
2271 1027 2340 1081 de
2396 1027 2625 1094 ,Mortuo
2688 1028 2844 1083 mari.
2926 1028 3074 1083 Fecit
3122 1027 3286 1083 etiam
3340 1027 3447 1082 alia

129 1121 359 1192 Symonis
396 1129 453 1176 et
505 1121 648 1176 Jude
692 1120 863 1191 (587).
917 1128 1151 1175 mortem
1205 1121 1389 1194 magni
1456 1120 1725 1191 principis
1824 1116 1996 1169 multa
2053 1116 2275 1185 pietatis
2320 1131 2511 1186 Opera,
2568 1133 2675 1187 que
2734 1118 2787 1170 in
2842 1117 2984 1172 libro
3036 1117 3104 1172 de
3158 1118 3270 1172 vita
3327 1116 3448 1187 ejus

134 1216 326 1273 ﬂenrici
353 1225 409 1271 et
460 1216 630 1271 totius
658 1215 833 1287 patrie
889 1214 1166 1270 excidium
1222 1213 1468 1271 forsitam
1502 1224 1726 1287 porten-
1830 1203 2046 1275 Plenius
2066 1204 2529 1259 θηυηιοῐτίνίηιυδ·
2564 1206 2747 1275 (ΗυΝτ-
2807 1210 2947 1274 Vl”)
2998 1205 3265 1261 θθῖυηθῑο
3314 1221 3447 1280 νεεδ

134 1308 252 1363 dens
301 1306 465 1361 Henr.
498 1305 623 1375 vn)
683 1304 793 1360 Hoc
845 1304 1011 1360 etiam
1067 1310 1179 1359 toto
1222 1320 1370 1360 anno
1402 1322 1493 1360 rex
1522 1305 1726 1360 Hemi-
1833 1296 2067 1351 Henrico
2113 1296 2260 1367 apud
2318 1297 2575 1352 Sanctum
2624 1297 3005 1352 Dionisiumin
3036 1298 3183 1352 Silva
3221 1298 3448 1353 leonum

133 1416 215 1456 cus
236 1401 496 1456 continue
528 1405 775 1456 moratus
804 1405 887 1454 est
916 1398 971 1452 in
1003 1397 1358 1462 Normannia,
1386 1407 1439 1454 et
1469 1415 1604 1469 sepe
1619 1416 1728 1456 non
1831 1389 1883 1442 4ο
1917 1388 2034 1443 Non
2087 1388 2409 1456 Deccnbris,
2437 1390 2657 1443 allatum
2689 1397 2774 1444 θεῖ
2820 1405 3021 1461 corpus
3072 1389 3192 1460 eius
3234 1391 3289 1445 ίη
3314 1393 3453 1447 είνί-

134 1490 389 1546 rediturus
417 1490 475 1545 in
517 1488 767 1561 Angliam
802 1488 985 1543 redire
1031 1488 1410 1559 proponebat;
1444 1489 1541 1544 sed
1583 1491 1725 1545 deti-
1832 1486 1997 1535 tatem
2032 1481 2436 1556 Rothomagum
2465 1482 2533 1536 ab
2559 1482 2977 1553 archiepiscopo
3009 1489 3062 1536 et
3091 1483 3369 1554 episcOpis
3398 1492 3454 1541 et

136 1581 279 1636 nebat
304 1596 427 1635 eum
461 1578 581 1635 filia
601 1580 722 1648 ejus
749 1577 1043 1633 discordiis
1070 1579 1255 1645 variis,
1280 1595 1386 1650 que
1407 1581 1727 1637 oriebantur
1826 1569 2120 1625 comitibus
2151 1578 2205 1625 el
2233 1570 2557 1634 baronibus.
2611 1570 2706 1642 qui
2757 1571 2912 1625 multi
2964 1582 3365 1639 convenerant,
3397 1581 3451 1629 et

137 1670 363 1742 pluribus
391 1669 580 1725 causis
621 1668 766 1723 inter
812 1684 998 1742 regem
1047 1674 1102 1723 et
1156 1667 1438 1724 consulem
1469 1670 1727 1742 Andega-
1829 1664 1883 1718 in
1923 1664 2158 1720 ecclesia
2187 1672 2376 1720 sancte
2425 1664 2592 1719 Mario
2644 1674 2917 1735 apertum,
2951 1671 3006 1719 et
3051 1680 3148 1720 cor
3181 1672 3236 1720 et
3267 1667 3456 1741 lingua

138 1756 605 1823 vensem,artibus
641 1756 854 1812 scilicet
909 1756 1020 1811 ﬁlie
1068 1771 1186 1811 sue.
1243 1756 1451 1821 Quibus
1480 1743 1806 1814 stimula—B
1835 1764 1889 1813 et
1916 1757 2128 1812 viscera
2185 1758 2312 1827 ejus
2376 1757 2430 1811 in
2491 1757 2822 1812 monasterio
2890 1756 3033 1810 Prati
3101 1765 3228 1811 ante
3284 1759 3457 1814 altare

139 1846 358 1903 tionibus
386 1863 482 1902 rex
530 1845 593 1901 in
650 1845 785 1899 iram
831 1851 886 1900 et
921 1844 1090 1899 animi
1138 1861 1425 1901 rancorem
1460 1846 1732 1902 excitatus
1834 1850 2099 1904 tumulata
2144 1856 2276 1904 sunt
2326 1864 2571 1920 ;corpus
2618 1863 2749 1903 vero
2795 1848 3073 1919 reliquum
3131 1850 3245 1904 sale
3285 1851 3458 1908 multo

140 1943 370 2009 cst;que
401 1954 433 1991 a
463 1935 754 1992 nonnullis
816 1951 980 1990 causa
1020 1935 1286 1990 naturalis
1334 1934 1733 2000 refridationis,
1831 1956 2116 2010 aspersum
2165 1939 2332 1995 coriis
2362 1947 2457 1997 est.
2494 1938 2824 2006 involutum,
2863 1944 2918 1992 et
2945 1937 3243 1992 Cadomum
3280 1947 3459 1993 trans-

144 2035 189 2083 et
216 2037 396 2101 postea
415 2029 618 2085 mortis
667 2030 788 2099 ejus
826 2043 990 2083 causa
1036 2027 1181 2081 dicte
1221 2033 1350 2082 sunt
1373 2028 1561 2083 fuisse.
1599 2027 1729 2083 Cum
1832 2035 2022 2100 latum,
2053 2036 2108 2083 et
2131 2028 2287 2097 juxta
2337 2029 2612 2083 tumulum
2668 2028 2840 2098 patris
2879 2028 2965 2081 sui
3018 2028 3071 2081 in
3118 2029 3458 2093 monasterio

146 2119 290 2191 igitur
328 2120 394 2174 de
420 2125 629 2174 venatu
684 2134 779 2173 rex
824 2118 972 2172 idem
1015 2116 1247 2173 redisset
1294 2119 1440 2189 apud
1472 2117 1733 2173 Sanctum
1831 2120 2007 2174 sancti
2037 2118 2303 2190 Stephani
2337 2118 2904 2188 positu'm,usquequo
2920 2126 3146 2171 ventum
3178 2117 3244 2172 ad
3279 2124 3460 2173 trans-

145 2211 431 2282 Dionysium
460 2210 517 2265 in
546 2210 699 2264 Silva
744 2209 989 2275 leonum,
1055 2207 1296 2263 comedit
1323 2224 1519 2263 carnes
1548 2224 1729 2264 mure-
1836 2206 2142 2263 fretandum
2183 2208 2612 2262 convenientem
2667 2213 3063 2276 exsequutores
3094 2207 3457 2277 exequiarum

145 2320 331 2370 narum,
387 2319 498 2376 que
553 2318 777 2374 semper
814 2302 879 2355 ei
937 2302 1232 2367 nocebant,
1276 2309 1331 2357 et
1375 2317 1597 2373 semper
1640 2319 1734 2357 eas
1835 2296 1956 2363 ejus
2005 2295 2287 2350 haberent.
2340 2294 2483 2348 Infra
2530 2310 2663 2366 ergo
2730 2294 3025 2349 duodecim
3088 2295 3211 2349 dies
3261 2295 3459 2350 natalis

148 2395 352 2451 amabat.
404 2395 536 2451 Cum
574 2402 755 2449 autem
812 2394 1063 2449 medicus
1096 2395 1199 2449 hoc
1228 2395 1443 2450 comedi
1476 2394 1735 2465 prohibe-
1837 2382 2052 2436 Domini
2094 2383 2368 2452 Sepu'mm
2419 2388 2501 2435 θεῖ
2546 2382 2605 2436 in
2660 2382 2993 2437 monasterio
3041 2389 3230 2437 εειηεῑε
3292 2382 3459 2438 Maria

150 2493 232 2551 ηε,
259 2501 362 2541 non
389 2484 679 2557 adquievi;
724 2500 819 2538 rex
868 2482 1074 2538 salubri
1135 2483 1368 2539 consilio
1424 2485 1731 2539 secundum
1838 2471 2195 2542 Radingensi,
2231 2472 2379 2542 quod
2405 2471 2967 2543 afundamentisipse
2996 2470 3371 2538 editicaverat,
3406 2482 3461 2528 et

149 2574 273 2645 quod
307 2574 506 2630 dicitur
561 2591 577 2627 ε
616 2575 860 2631 Nitimur
910 2575 971 2626 in
1021 2576 1263 2639 vetitum,
1320 2588 1526 2642 semper
1580 2576 1736 2643 cupi-
1836 2560 2176 2617 ornamentis
2228 2569 2284 2616 et
2334 2560 2783 2633 possessionibus
2849 2561 3136 2615 ditaverat.
3206 2561 3462 2617 Interfuit

149 2682 343 2737 musque
365 2671 584 2735 negata.
611 2665 720 2721 Hec
746 2664 914 2737 igitur
937 2665 1222 2730 comestio,
1248 2664 1737 2736 pessimihumoris
1838 2650 2087 2721 εκθίιιιίίε
2140 2666 2260 2719 eius
2316 2651 2626 2720 Stephanus
2671 2650 2785 2718 iam
2855 2665 2946 2705 rex
2998 2665 3172 2720 "epos
3211 2650 3353 2719 eius;
3407 2658 3463 2706 et

152 2755 319 2810 illatrix
346 2764 398 2811 et
425 2754 806 2812 consimilium
845 2755 1149 2809 vehemens
1198 2754 1509 2820 excitatrix,
1563 2755 1737 2810 senile
1839 2742 2290 2813 aI‘ChiePiSCOPUS
2378 2742 2785 2798 οδηιυᾶτίθηδὶδ
2845 2743 3180 2807 Willermus.
3254 2744 3456 2807 etram

155 2859 327 2915 corpus
350 2844 593 2900 letaliter
621 2842 913 2911 refridans,
952 2841 1190 2897 subitam
1223 2850 1278 2897 et
1306 2859 1577 2898 summam
1612 2842 1740 2898 fecit
1840 2849 2100 2904 proceres
2122 2834 2299 2907 regni.
2332 2834 2617 2906 Siquidem
2648 2835 2930 2905 predictus
2969 2835 3291 2905 Stephanus
3335 2850 3459 2889 cum

157 2932 616 3001 perturbationem.
666 2930 863 2987 Contra
900 2930 1051 3002 quod
1103 2937 1298 2985 natura
1328 2930 1572 2985 renitens
1601 2930 1743 2987 exci-
1842 2938 1992 2984 esset
2023 2928 2079 2983 in
2100 2930 2361 2984 comitatu
2413 2945 2513 2986 suo
2564 2929 2811 2995 Bolonie,
2863 2929 3049 2984 audita
3088 2936 3265 2984 morte
3286 2946 3464 2985 avun-

158 3022 267 3078 tavit
312 3022 513 3080 febrem
578 3029 814 3090 acutam,
863 3022 932 3076 ad
1002 3022 1269 3093 impetum
1325 3022 1741 3078 dissolvendum
1772 3043 1822 3112 ρ
1845 3023 1953 3078 culi
1986 3023 2069 3077 sui
2100 3022 2439 3078 tranfretavit
2459 3021 2725 3077 citissime
2744 3020 2800 3074 in
2831 3019 3081 3094 Angliam
3116 3018 3239 3073 :vir
3268 3037 3467 3093 magne

132 3115 372 3171 'materiei
432 3115 783 3191 gravissime.
835 3114 966 3168 Cum
1005 3122 1188 3169 autem
1249 3122 1455 3169 restare
1499 3115 1651 3170 nulla
1690 3116 1742 3170 vi
1786 3108 1809 3112 ”
1844 3112 2192 3167 strenuitatis
2247 3118 2301 3167 et
2365 3111 2613 3166 audacie.
2682 3110 2742 3164 Et
2810 3108 3061 3181 quamvis
3128 3111 3472 3181 promisisset

159 3213 332 3272 posset,
353 3204 592 3261 decessit
619 3222 713 3259 rex
742 3220 994 3278 magnus,
1022 3220 1147 3259 cum
1172 3205 1746 3279 regnasset35annis
1846 3214 2251 3263 sacramentum
2311 3204 2594 3261 ﬁdelitatis
2663 3203 2872 3278 Anglici
2937 3203 3091 3275 regni
3160 3202 3272 3258 ﬁlie
3321 3204 3470 3276 regis

157 3292 553 3360 etimensibus,
594 3293 650 3348 in
676 3293 851 3362 prima
880 3294 969 3349 die
988 3294 1328 3350 Decembris.
1849 3296 2092 3363 Henrici,
2124 3303 2309 3351 tamen
2329 3296 2395 3330 ⁵⁶¹
2427 3294 2582 3369 regni
2604 3294 2861 3348 diadema
2881 3293 3101 3347 audatia
3123 3310 3222 3347 sua
3244 3294 3467 3348 invasit.

159 3384 229 3449 (ll.
249 3385 401 3449 Henr,
431 3385 550 3454 35.)
608 3386 759 3451 Quod
797 3387 1065 3442 modicum
1122 3392 1386 3457 prestent,
1440 3388 1587 3457 quod
1624 3404 1746 3458 opes
1850 3386 2169 3441 Willermus
2225 3383 2633 3440 Cantuariensis
2676 3382 3156 3453 archiepiscopus,
3211 3382 3305 3453 qui
3358 3386 3473 3455 pri-

1023 3481 1303 3553 [magnum
1331 3484 1504 3537 nichil
1541 3488 1743 3538 extent.
1846 3496 1970 3534 mus
1994 3486 2398 3535 sacramentum
2432 3480 2541 3534 lilie
2583 3478 2728 3553 regis
2772 3480 2997 3545 fecerat,
3046 3495 3171 3535 eum
3192 3479 3247 3533 in
3271 3495 3460 3554 regem

160 3563 253 3618 Rem
272 3567 456 3635 probat
494 3570 783 3624 Henricus.
819 3572 934 3626 Rea:
954 3573 1136 3626 vivens
1157 3573 1311 3640 pacis
1327 3573 1535 3627 amicus
1850 3568 2150 3629 benedixit,
2185 3574 2238 3622 et
2262 3576 2383 3638 post
2408 3585 2611 3622 annum
2646 3584 2757 3623 non
2779 3568 2930 3623 vixit.
2952 3568 3217 3643 Rogerius
3247 3569 3476 3643 Magnus

161 3652 396 3711 Extiterat
425 3675 441 3725 ;
468 3659 742 3729 siquidem
773 3674 875 3728 pre
901 3662 1107 3714 cunctis
1136 3660 1306 3715 ditior
1332 3663 1496 3725 item,
1852 3659 2286 3714 Salesberiensis
2344 3660 2661 3730 episcopus,
2726 3660 2822 3730 qui
2875 3660 3154 3715 secundus
3194 3661 3297 3717 hoc
3324 3661 3472 3731 idem

159 3743 352 3801 Occidue
374 3752 522 3817 genti
547 3751 923 3820 quospretulil
953 3751 1083 3805 ordo
1111 3752 1353 3819 regendi.
1540 3794 1543 3797 γ
1856 3747 2061 3804 fecerat
2082 3755 2136 3803 et
2165 3748 2426 3803 omnibus
2446 3748 2569 3802 aliis
2602 3747 3021 3817 predictaverat.
3052 3747 3309 3802 diadema
3350 3749 3401 3803 ei
3420 3759 3476 3804 et

158 3831 334 3904 Quippe
359 3843 509 3907 pater
540 3838 873 3910 populi,re.c
903 3839 1070 3893 tutela
1092 3840 1291 3909 pusilli
1854 3840 1998 3893 vires
2053 3837 2243 3892 auxilii
2290 3837 2374 3891 sui
2415 3836 2625 3891 tribuit.
2683 3837 2837 3891 Unde
2896 3846 3111 3908 postea,
3172 3838 3320 3905 justo
3380 3840 3474 3894 Dei

160 3920 273 3975 Dum
289 3927 404 3992 pius
420 3929 536 3996 ipse
562 3929 696 3993 ruit,
725 3928 868 3994 furit
898 3929 1118 3997 impius,
1151 3930 1431 3997 apprimit,
1462 3931 1602 3983 urit.
1846 3926 2079 3995 judicio,
2109 3926 2178 3981 ab
2203 3926 2423 3993 eodem,
2448 3942 2609 3997 quem
2662 3927 2868 3981 creavit
2920 3926 2974 3979 in
3028 3941 3237 3999 regem,
3270 3936 3470 3997 captus

162 4010 337 4080 Anglia
371 4018 551 4086 lugeat
573 4019 718 4084 hinc,
750 4020 1122 4075 Normannica
1136 4035 1265 4087 gens
1294 4023 1419 4088 ﬂeat
1444 4021 1618 4074 illinc.
1852 4025 1908 4095 et
1952 4018 2315 4081 excruciatus,
2351 4018 2737 4073 .miserandum
2794 4017 3020 4072 sortitus
3077 4025 3159 4072 est
3206 4019 3477 4073 extermi-

165 4099 365 4171 Occidis,
391 4108 639 4173 Henrico,
662 4111 785 4161 tunc
795 4123 937 4176 pax,
958 4123 1110 4175 nunc
1139 4108 1315 4163 luctus
1337 4110 1576 4178 utrique.
1853 4108 2024 4162 nium.
2059 4106 2167 4161 Sed
2196 4106 2328 4177 quid
2361 4122 2539 4179 morer
2596 4104 2623 4158 ?
2653 4106 2860 4161 Omnes
2920 4106 3014 4177 qui
3065 4112 3475 4161 sacramentum

164 4186 395 4251 Quodam
422 4196 567 4250 dura
585 4196 948 4264 febrisprimu
971 4196 1068 4250 sub
1098 4201 1249 4251 nocte
1275 4198 1573 4252 Decembris
1628 4256 1631 4259 _
1854 4197 2111 4268 inierant,
2141 4203 2248 4250 tam
2278 4196 2526 4267 presules
2556 4212 2719 4267 quam
2779 4195 3054 4263 consules,
3088 4196 3157 4250 ad
3175 4194 3307 4267 quid
3349 4195 3481 4254 inde

162 4278 388 4339 Mundum
410 4289 662 4352 nudavit,
685 4288 884 4342 mundo
910 4288 1059 4342 male
1087 4290 1498 4358 multiplicauit.
1852 4286 2108 4340 venerint
2140 4285 2493 4356 perspicuum
2549 4294 2653 4342 est.
2701 4287 2792 4357 (Η.
2825 4289 3013 4357 Henr.)
3065 4286 3262 4340 Audita
3307 4294 3484 4343 morte

166 4367 324 4440 Sensu,
349 4376 584 4445 divitiis,
610 4380 787 4444 aditu,
812 4380 1034 4446 feritate
1059 4379 1292 4446 decenti,
1773 4416 1831 4485 D
1853 4379 1999 4453 regis
2068 4379 2305 4448 Henrici,
2369 4396 2556 4436 comes
2601 4381 3019 4456 Andegavensis
3075 4391 3131 4437 et
3178 4396 3314 4437 uxor
3365 4381 3487 4450 eius

172 4457 279 4485 In..-
321 4466 431 4485 ..ιη
494 4469 624 4485 1.,ΑκΑ
680 4483 688 4485 -
722 4469 777 4485 οη
816 4470 1073 4485 ,,-,,,,__-,
1134 4469 1251 4485 _,,:,
1300 4470 1370 4485 μ·
1853 4472 1896 4485 ι.
1940 4471 2054 4485 ,ιιι-
2158 4472 2228 4485 an
2335 4473 2346 4483 ο
2441 4474 2454 4485 -
2696 4474 2707 4485 .
2819 4475 2830 4485 .
3065 4474 3098 4485 η
3172 4472 3269 4485 ...η
3351 4473 3383 4485 ι.
3432 4481 3441 4485 -

166 4457 297 4529 Hire,
314 4466 436 4534 plus
471 4469 646 4534 dictu,
674 4469 785 4549 vim
804 4470 1098 4537 perpessis,
1122 4469 1417 4535 scelerosis,
1773 4457 1830 4485 υ
1852 4471 2113 4538 Matildis,
2154 4472 2266 4527 tilia
2299 4473 2548 4543 ejusdem
2594 4474 2763 4548 regis,
2784 4475 2995 4546 absque
3025 4474 3137 4529 ulla
3154 4472 3483 4529 difﬁcultate

168 4550 438 4627 Excellens,
466 4560 721 4630 locuples,
749 4559 900 4614 haud
935 4560 1205 4630 difﬁcilis,
1244 4563 1583 4628 reverendus,
1851 4567 2077 4623 castella
2097 4566 2431 4623 Normannie
2488 4568 2872 4633 obtinuerunt,
2903 4567 3164 4623 videlicet
3200 4566 3479 4623 Danfron-

170 4641 397 4714 Hicjacei
420 4653 692 4709 Henricus
715 4667 834 4714 rem,
860 4653 1135 4722 quondam
1158 4669 1298 4723 pace,
1328 4653 1486 4709 decus
1512 4656 1656 4710 orbis
1855 4663 1985 4722 tem,
2051 4654 2452 4729 Argentolium,
2508 4656 2779 4723 Oximum,
2846 4656 3161 4724 Ambreras;
3226 4657 3473 4723 Gorram,

229 4738 297 4803 (Ῑδ
343 4742 453 4815 31.)
483 4745 718 4800 Nomina
771 4744 1143 4813 castellorum,
1197 4761 1304 4817 que
1345 4745 1399 4801 in
1420 4746 1751 4801 Normannia
1854 4745 2060 4801 Colmie
2091 4752 2353 4803 montem.
2388 4747 2494 4801 Ista
2551 4747 2651 4802 tria
2701 4748 2896 4803 ultimo
2928 4747 3209 4803 nominata
3241 4746 3472 4802 interim

173 4838 227 4880 ex
241 4826 438 4907 integro
474 4836 603 4892 fecit
629 4854 722 4893 rex
762 4838 1029 4894 Henricus
1062 4838 1116 4892 in
1148 4837 1398 4911 margine
1426 4838 1603 4909 ipsius
1630 4855 1752 4910 pro-
1853 4848 2039 4889 comes
2065 4833 2568 4889 concessitGihello
2600 4835 2669 4889 de
2682 4834 2971 4902 Meduana,
2990 4834 3092 4891 hac
3120 4832 3475 4901 conditione,

172 4912 346 5002 vincie,
376 4921 473 4979 hec
494 4931 624 4980 sunt
656 4943 670 4980 :
700 4926 1023 4993 Drincurtis,
1072 4925 1280 4981 Novum
1303 4934 1544 4982 castrum
1584 4943 1754 4998 super
1853 4937 1914 4983 ut
1946 4928 2062 4999 ipse
2094 4944 2220 4983 eum
2262 4928 2500 4985 ﬁdeliter
2530 4929 2816 5001 adjuvaret
2843 4929 2900 4984 in
2930 4928 3278 5002 adquirenda
3305 4928 3476 4983 here-

175 4998 355 5074 Ερῑδῐη,
392 5009 725 5081 Vernolium,
749 5014 1180 5082 Nonanticurtis,
1231 5015 1749 5081 Bonmolendinum,
1854 4998 2079 5073 ditatem
2111 5017 2298 5074 uxoris
2318 5033 2417 5073 sue
2443 5024 2499 5073 et
2529 4998 2763 5073 filiorum
2792 4998 3040 5074 suorum:
3068 5016 3297 5074 Dicebat
3324 5016 3474 5073 enim

1487 5143 1708 5198 VARIIE
1742 5143 2124 5200 LECTIONES.

235 5226 297 5317 Ἦ
321 5238 516 5317 infreni
537 5239 591 5317 δε
624 5239 891 5295 Johannis
910 5241 1066 5317 juxta
1094 5247 1337 5317 montem
1370 5241 1425 5317 S_.
1460 5242 1743 5317 Michaelis
1783 5251 1838 5317 e_t
1891 5243 2027 5317 alias
2070 5244 2277 5314 plures,
2328 5260 2466 5317 quas
2486 5261 2654 5317 supra
2684 5245 3238 5302 commemoravimus
3270 5244 3480 5301 addunt

177 5294 229 5384 ξι
240 5299 326 5384 ξε».
354 5305 442 5362 8d.
471 5294 675 5384 Ibidem,
693 5294 972 5382 manu
998 5294 1245 5367 non;
1260 5294 1503 5384 plurima
1517 5294 1738 5369 suis;
1789 5294 2026 5370 Fecit":
2050 5294 2465 5372 ἑὲιίῖὸὶιῖἐςοῗιῖιῖἷ
2481 5294 2549 5373 Et;
2558 5294 3469 5373 3.333;};'iain;'z'.:.“a;;5"a:

179 5367 301 5487 ;185
344 5385 583 5438 correxit.
613 5383 678 5417 εει
709 5367 924 5439 anteet
945 5391 1063 5453 post
1094 5367 1278 5439 tamen
1312 5388 1371 5439 in
1396 5384 1433 5438 E
1471 5367 2863 5463 "enim;esi'dizquzitTnéih's"iliniériiigiiié'ét
2911 5367 3474 5460 ᾗὲἶιᾘέεἱίίῖαἷτῖἓὲεόἰ

210 5437 253 5491 b.
282 5444 361 5491 8d,
388 5449 433 5491 fr
493 5460 672 5491 lnmnn
706 5454 893 5491 uin-nm
924 5465 974 5491 οι
1000 5454 1346 5491 immulnniin
1411 5456 1565 5491 μηηης
1589 5457 1623 5491 ω
1677 5464 1727 5491 Μ
1763 5460 2018 5491 "mna/me
2051 5459 2325 5491 Π.ηωΗΜηΑ

246 5484 253 5491 .
282 5444 363 5500 8d.
388 5449 433 5503 fr
493 5460 673 5509 tamen
706 5454 893 5529 vigore
924 5444 1369 5525 etimpudentia,
1411 5456 1569 5530 regni
1589 5457 1642 5510 2.
1675 5464 1727 5512 et
1759 5444 2018 5513 Henricus
2045 5459 2343 5528 Hunlinqd.

1704 5560 1911 5617 ΝΟΤᾹΞ.

243 5644 370 5719 (537)
402 5653 459 5710 D.
484 5654 551 5711 27
590 5655 690 5713 Oct
1952 5660 2100 5732 (588)
2131 5660 2452 5717 Vaudreuil.
2484 5660 2681 5727 BOUQ.
