3858 6206
440 255 533 307 451

561 390 913 430 ROMANORUM.
1072 388 1417 428 FRANCORUM.
1576 388 1886 428 ANGLORUI.

418 470 562 523 idem
602 467 868 532 Gihellus,
927 466 1019 520 illa
1058 466 1263 537 oppida
1294 482 1416 520 esse
1448 465 1502 518 in
1546 472 1687 520 terra
1736 482 1856 519 sua.
1887 465 2031 519 Red-

416 560 530 613 dite
582 568 709 613 sunt
752 558 915 612 etiam
974 557 1220 627 predicto
1276 554 1461 608 comiti
1501 566 1697 609 omnes
1743 553 2031 609 firmitates

415 650 681 705 Willermi
713 650 932 703 Talevat
986 647 1203 701 comitis
1247 645 1482 711 Pontivi,
1530 661 1668 715 quas
1697 645 1938 700 habebat
1973 647 2027 699 in

416 738 772 805 Normannia,
820 754 956 808 quas
1011 753 1099 790 rex
1132 735 1395 788 Henricus
1451 733 1688 788 habebat
1749 734 1800 788 in
1861 751 2027 789 manu

415 845 517 884 sua
540 835 667 882 ante
698 836 927 882 mortem
953 842 1128 891 suam,
1162 831 1214 877 et
1252 840 1282 877 a
1322 822 1524 895 quibus
1546 824 1857 878 exulaverat
1886 841 2029 879 eun-

415 918 542 972 dem
573 916 933 971 Willermum.
969 914 1027 968 Et
1061 914 1186 968 ideo
1239 914 1519 984 aliquanta
1547 914 1824 969 discordia
1857 914 2033 967 fuerat

418 1012 562 1064 inter
584 1022 765 1079 regem
782 1016 834 1060 et
862 1004 1119 1059 comitem
1154 1012 1207 1058 et
1233 1004 1637 1075 imperatricem
1652 1014 1778 1058 ante
1804 1014 2032 1058 mortem

421 1101 593 1171 ipsius
621 1097 788 1169 regis,
818 1095 948 1166 quia
988 1095 1212 1149 nolebat
1263 1094 1493 1147 reddere
1527 1094 1806 1148 Willermo
1849 1109 2032 1147 cassa-

420 1198 666 1245 mentum
696 1204 872 1242 suum.
918 1186 1040 1239 Erat
1095 1193 1147 1238 et
1192 1185 1298 1237 alia
1346 1200 1512 1238 causa
1545 1183 1719 1253 ipsius
1757 1183 2035 1237 discordie

420 1280 612 1351 major,
655 1278 784 1349 quia
823 1293 913 1330 rex
955 1274 1180 1330 nolebat
1221 1272 1397 1328 facere
1448 1270 1766 1326 ﬁdelitatem
1803 1271 1911 1325 ﬁlie
1936 1287 2034 1325 sue

415 1382 469 1427 ct
498 1372 694 1426 marito
725 1370 846 1439 ejus
878 1369 1022 1422 idem
1052 1365 1379 1437 requirenti,
1428 1364 1495 1417 de
1521 1365 1777 1418 omnibus
1797 1364 2031 1417 ﬁrmita-

418 1463 919 1521 tibusNormannic
974 1470 1027 1516 et
1082 1461 1293 1533 Anglic.
1358 1460 1468 1515 lloc
1498 1462 1645 1515 enim
1682 1460 2037 1533 requirebant

418 1566 645 1630 prOpter
667 1556 809 1611 ﬁlios
846 1570 996 1620 suos,
1026 1553 1119 1625 qui
1180 1560 1335 1606 erant
1364 1554 1591 1626 legitimi
1626 1554 1860 1608 heredes
1891 1554 2037 1629 regis

420 1654 656 1708 Henrici.
700 1652 895 1706 Comes
954 1665 1083 1704 vero
1142 1648 1437 1702 Gaufridus
1493 1648 1732 1721 benigne
1796 1650 2038 1704 reddidit

420 1745 643 1800 easdem
675 1742 960 1797 ﬁrmitates
988 1740 1232 1810 predicto
1279 1740 1584 1794 Willermo.
1649 1741 1856 1796 Mortuo
1882 1759 2029 1815 rege,

418 1836 811 1906 utpredictum
858 1841 959 1897 est,
1020 1832 1311 1902 Optimates
1370 1832 1704 1885 Normannie
1739 1832 2032 1887 confestim

419 1927 688 1980 miserunt
718 1931 946 1994 propter
996 1922 1257 1976 comitem
1315 1921 1642 1984 chaldum,
1699 1929 1759 1975 ut
1804 1923 2033 1977 veniens

418 2015 691 2084 reciperet
745 2011 1155 2067 Normanniam.
1199 2010 1354 2064 Venit
1387 2011 1570 2081 itaque
1606 2011 2027 2085 Rotliomagum,

420 2116 475 2161 et
506 2115 697 2177 postea
733 2103 1003 2159 Luxovias
1032 2103 1083 2156 in
1120 2101 1348 2156 sabatho
1388 2101 1583 2172 jejunii
1617 2102 1814 2156 decimi
1877 2119 2031 2157 men-

419 2201 494 2256 sis
555 2199 719 2270 (589).
776 2200 833 2252 In
889 2197 1130 2253 crastino
1179 2195 1308 2249 dum
1356 2196 1765 2266 colloqueretur
1805 2194 1923 2265 ipse
1976 2202 2029 2250 et

418 2311 606 2351 comes
625 2293 954 2349 Gloecestric
1006 2292 1297 2353 llobertus,
1350 2290 1499 2345 venit
1545 2290 1777 2344 nuncius
1827 2290 1895 2344 de
1926 2291 2035 2344 An-

418 2389 547 2459 glia,
617 2386 811 2440 dicens
863 2384 1199 2454 Stephanum
1242 2381 1465 2436 fratrem
1535 2397 1691 2435 suum
1740 2382 1850 2450 jam
1910 2398 2032 2437 esse

420 2495 624 2552 regem.
686 2477 777 2531 llis
827 2475 1049 2540 auditis,
1108 2489 1294 2529 comes
1375 2474 1708 2528 Gloecestris
1790 2473 2033 2528 reddidit

414 2584 647 2630 castrum
710 2572 933 2634 Falcsie,
980 2570 1125 2641 quod
1203 2570 1457 2629 habebat,
1523 2569 1837 2638 absportata
1881 2570 2033 2638 prius

418 2680 615 2737 magna
670 2670 823 2733 parte
879 2660 1121 2714 thesauri
1171 2659 1315 2732 regis
1372 2658 1610 2725 llenrici,
1653 2659 1801 2729 quod
1856 2675 2035 2728 nuper

419 2755 639 2810 allatum
674 2752 853 2806 fuerat
873 2751 943 2805 de
984 2750 1194 2822 Anglia.

490 2837 648 2893 M36.
692 2840 985 2893 Lotharius
1024 2839 1111 2894 11.
1162 2841 1461 2894 Ludovicus
1499 2840 1589 2894 20.
1631 2841 1938 2909 Stephanus
1976 2842 2027 2897 1.

491 2926 683 2993 (llum.
712 2930 844 2996 vni.)
872 2927 1181 2997 Stephanus
1237 2943 1329 2984 rex
1380 2929 1536 2983 duxit
1587 2945 1845 3003 magnum
1873 2946 2032 2985 exer-

422 3020 587 3074 citum
619 3019 675 3072 in
707 3018 965 3087 Scotiam,
997 3026 1051 3074 et
1080 3035 1172 3073 rex
1226 3020 1396 3073 David
1449 3020 1768 3091 paciﬁcatus
1805 3029 1888 3077 est
1909 3039 2030 3078 cum

421 3110 846 3168 eo.llominium
870 3116 1051 3164 tamen
1101 3125 1210 3165 non
1257 3110 1387 3165 fecit
1416 3111 1487 3175 ei,
1531 3113 1659 3182 quia
1701 3114 1906 3183 primus
1936 3114 2035 3168 lai-

422 3219 612 3259 corum
673 3210 1076 3258 sacramentum
1125 3202 1326 3258 fecerat
1370 3204 1727 3274 imperatrici,
1761 3206 1857 3259 sed
1893 3207 2034 3260 llen-

420 3300 563 3355 ricus
589 3299 734 3355 ﬁlius
786 3299 960 3369 ipsius
1012 3299 1175 3352 David
1229 3299 1534 3354 hominium
1585 3299 1712 3355 fecit
1771 3303 1883 3373 regi
1913 3302 2034 3357 Ste-

420 3393 623 3463 phano.
659 3391 735 3445 Ad
770 3390 1087 3464 rogationes
1125 3406 1246 3445 cum
1305 3399 1450 3446 esset
1474 3391 1810 3464 divulgatum
1842 3408 2028 3467 regem

420 3499 541 3540 esse
572 3489 873 3549 mortuum,
908 3483 1054 3552 cepit
1084 3481 1235 3555 llugo
1278 3483 1447 3556 Bigog
1474 3484 1757 3539 castellum
1807 3485 2027 3554 Norwit,

420 3576 660 3631 reddidit
690 3575 824 3651 regi.
850 3577 981 3630 ltem
1026 3592 1116 3630 rex
1171 3576 1315 3646 cepit
1355 3577 1638 3631 castellum
1672 3579 2027 3648 Baéhentum,

417 3666 547 3736 quia
577 3666 847 3720 Robertus
878 3665 1137 3720 dominus
1167 3665 1287 3734 ejus
1318 3682 1345 3720 a
1386 3682 1512 3740 rege
1540 3667 1863 3723 desciverat.
1896 3670 2029 3724 Inde

416 3755 638 3811 obsedit
692 3755 1034 3821 Excecestrc,
1094 3773 1256 3828 quam
1333 3757 1558 3811 tenebat
1612 3758 1908 3814 Balduinus
1963 3762 2031 3816 de

417 3850 638 3907 Revers.
670 3851 902 3906 Reddito
931 3852 1156 3907 castello
1184 3852 1407 3907 abstulit
1427 3869 1515 3906 rex
1544 3854 1763 3908 Vectam
1792 3856 2023 3911 insulam

411 3940 593 3996 eidem
626 3941 914 4007 Balduino,
947 3951 1001 3994 et
1058 3941 1295 3995 exulavit
1325 3957 1450 3995 eum
1484 3942 1551 3995 ab
1597 3944 1810 4017 Anglia.
1840 3945 2023 4001 Mense

410 4037 651 4104 Augusto
680 4029 825 4100 apud
855 4031 1316 4102 Argentomagum
1366 4039 1525 4083 natus
1565 4038 1647 4084 est
1674 4032 2024 4103 Guillermus,

402 4121 606 4176 tercius
634 4119 779 4174 ﬁlius
830 4122 1047 4175 comitis
1092 4120 1357 4175 Gaufridi.
1421 4124 1514 4191 (II.
1586 4126 1769 4184 Henr.)
1830 4126 2027 4198 Vigilia

405 4213 702 4284 epiphanie
756 4211 929 4267 factus
984 4220 1067 4266 est
1114 4221 1312 4267 ventus
1369 4213 1653 4267 maximus.
1696 4212 1842 4268 Obiit
1890 4216 2026 4270 Wil-

405 4305 609 4359 lermus
661 4304 1073 4358 Cantuariensis
1144 4304 1613 4376 archiepiscopus.
1675 4306 1736 4361 Et
1792 4309 2025 4364 cessavit

403 4393 915 4465 archiepiscopatus
981 4392 1394 4449 Cantuariensis
1494 4410 1593 4464 per
1680 4396 2020 4468 aliquantum

404 4483 688 4554 temporis.
747 4483 969 4537 lntcrim
1031 4483 1175 4537 mala
1228 4483 1400 4537 multa
1455 4484 1821 4555 multiplicata
1864 4495 2012 4556 sunt,

404 4595 513 4635 non
545 4580 723 4635 solum
757 4579 812 4633 in
856 4579 1069 4653 Anglia,
1123 4579 1221 4633 sed
1277 4578 1442 4633 etiam
1492 4579 1547 4633 in
1592 4580 1927 4636 Normannia
1968 4588 2021 4637 et

403 4675 590 4729 multis
623 4674 745 4729 aliis
773 4675 927 4730 locis.
964 4676 1059 4745 (11.
1093 4674 1266 4739 Henr,
1298 4674 1408 4744 4'2.)
1460 4674 1606 4729 Obiit
1637 4675 1726 4746 pie
1752 4677 2019 4731 memorie

399 4767 635 4822 domnus
659 4768 818 4833 Boso,
871 4774 1105 4839 quartus
1152 4767 1326 4822 ahbas
1356 4767 1647 4822 Beccensis
1674 4768 2013 4835 monasterii,

400 4857 484 4912 vir
503 4873 700 4930 magne
733 4859 1095 4926 auctoritatis,
1134 4858 1256 4914 orbi
1316 4859 1516 4925 clarus,
1550 4859 1842 4929 sapientia,
1877 4876 2013 4930 pru-

400 4946 608 5009 dentia,
669 4947 1039 5019 precipueque
1104 4947 1300 5019 spiritu
1351 4947 1567 5002 consilii
1621 4947 1855 5018 pollens.
1896 4948 2017 5003 -Hic

399 5048 547 5091 anno
578 5034 738 5091 etatis
782 5052 879 5090 sue
932 5038 1152 5093 circiter
1198 5038 1292 5092 23°
1361 5038 1533 5092 factus
1577 5045 1661 5091 est
1715 5039 2018 5092 monachus

402 5123 559 5178 Bccci
585 5123 686 5178 sub
717 5131 904 5179 sancto
932 5126 1208 5189 Anselmo,
1261 5126 1381 5195 ejus
1425 5125 1527 5181 loci
1591 5124 1815 5192 abbate,
1844 5125 2017 5179 Annis

398 5217 468 5272 26
490 5218 793 5273 monachus
831 5218 952 5273 sine
983 5221 1291 5290 prelatione
1323 5220 1462 5286 fuit;
1496 5220 1702 5274 deinde
1731 5220 1883 5291 prior
1913 5224 2017 5274 sub

398 5307 584 5363 donno
612 5307 891 5363 Willermo
924 5309 1140 5379 abbate,
1194 5310 1429 5380 predicti
1488 5309 1732 5365 Anselmi
1789 5326 2017 5365 succos-

1645 245 1988 301 SIGEBERTI
2032 245 2547 303 GEMBLALENSIS.

3608 267 3689 320 452

2058 376 2107 443 Α
2132 388 2276 441 sore,
2308 375 2342 428 9
2371 374 2552 429 annis.
2589 375 2716 431 Post
2744 392 2911 447 quem
2957 377 3223 434 electione
3286 382 3443 437 totius
3487 399 3684 458 congre-

2130 464 2372 536 gationis
2401 466 2572 521 abbas
2601 468 2949 536 constitutus,
3008 471 3146 525 rexit
3200 473 3423 528 eandem
3460 476 3685 533 abbatiam

2132 554 2291 609 annis
2323 556 2407 621 12,
2442 556 2639 612 diebus
2658 559 2746 611 12.
2774 559 3009 615 Transiit
3034 568 3211 615 autem
3261 571 3413 618 nocte
3440 565 3689 622 nativitatis

2131 646 2304 701 sancti
2333 646 2602 702 Johannis
2647 649 2909 720 baptiste,
2962 651 3067 706 hoc
3097 658 3179 706 est
3228 653 3279 707 8.
3333 653 3540 708 Kalend.
3565 657 3686 719 Julii,

2133 755 2277 794 anno
2304 740 2465 794 etatis
2494 756 2594 794 sue
2622 741 2677 795 71
2695 783 2708 807 ,
2732 743 3094 799 monachatus
3121 761 3245 800 vero
3293 747 3376 801 47.
3424 747 3553 819 (390)
3580 748 3689 804 Pau-

2133 832 2323 903 cisque
2348 834 2689 905 interpositis
2722 837 2943 904 diebus,
2979 841 3187 894 electus
3209 848 3290 894 est
3326 841 3486 897 abbas
3511 844 3689 898 donnus

2136 923 2470 991 Thebaldus,
2526 927 2610 981 vir
2651 929 2855 984 nobilis
2901 937 2955 985 et
3028 931 3256 1002 probus,
3310 933 3398 1004 qui
3444 941 3557 989 tunc
3600 946 3689 989 erat

2138 1013 2286 1083 prior
2318 1015 2414 1085 (Η.
2447 1013 2652 1087 Herm).

2242 1106 2411 1160 Lucta
2432 1110 2600 1173 ﬁnita
2637 1124 2757 1163 cum
2789 1124 2973 1177 carne,
3000 1111 3088 1163 vir
3113 1110 3393 1165 Israhelita

2240 1194 2427 1247 Abbas
2456 1198 2587 1250 Boso
2610 1198 2696 1250 die
2724 1200 3006 1267 requievit,
3048 1216 3158 1268 qua
3182 1201 3433 1254 Zacharie

2243 1283 2412 1338 Filius
2443 1288 2707 1353 exoritur,
2727 1303 2832 1356 quo
2852 1288 3031 1357 major
3059 1304 3169 1343 non
3190 1292 3450 1359 reperitur

2243 1384 2477 1451 surgere
2502 1381 2816 1434 cunctarum
2840 1383 2995 1433 natos
3015 1384 3160 1433 inter
3187 1380 3461 1434 mulierum

2247 1470 2349 1523 Hec
2378 1472 2576 1539 pietate
2597 1468 2695 1522 Dei
2723 1472 2837 1522 tam
2870 1468 2965 1520 lete
2993 1468 3135 1533 festa
3165 1466 3292 1533 diei,

2245 1560 2367 1614 Sint
2394 1562 2665 1627 ingressus
2687 1560 2736 1612 ei
2755 1557 3107 1628 paradisiace
3129 1559 3347 1626 requiei.

2247 1653 2425 1707 Abbas
2450 1653 2741 1716 Beccensis,
2774 1651 2928 1720 cujus
2959 1664 3129 1703 sermo
3155 1650 3268 1714 fuit
3304 1651 3459 1703 ensis.

2350 1744 2640 1799 Abradens
2670 1744 2867 1796 vicium
2900 1758 2913 1805 ;
2944 1756 3051 1810 quo
3071 1740 3240 1795 datur
3257 1742 3497 1803 amictum,

2243 1840 2376 1893 Boso
2399 1844 2559 1907 pater
2586 1851 2834 1903 magnus,
2866 1834 3089 1888 tumidis
3107 1833 3205 1895 leo,
3236 1835 3449 1887 mitibus
3473 1848 3617 1901 agnus

2348 1930 2413 1981 Et
2438 1928 2612 1981 dulcis
2636 1926 2861 1996 populo,
2890 1926 2952 1993 ﬁt
2980 1926 3115 1977 cinis
3148 1925 3243 1977 ho;
3273 1923 3482 1987 tumulo,

2240 2020 2327 2073 Fit
2354 2020 2490 2073 cinis
2512 2017 2827 2082 huctumba,
2860 2017 2957 2084 qui
2978 2030 3198 2083 serpens
3230 2018 3387 2083 atque
3412 2013 3621 2067 columba

2344 2110 2427 2162 Ea:
2454 2106 2720 2175 probitate
2747 2106 2880 2171 fuit,
2912 2105 3089 2157 vivere
3115 2104 3247 2158 dum
3269 2105 3456 2172 potuit.

2238 2198 2385 2264 Ergo
2415 2195 2602 2248 videns
2631 2209 2836 2257 versus,
2860 2198 2985 2246 atra
3005 2207 3071 2245 ne
3092 2194 3167 2246 sit
3198 2194 3340 2259 Stige
3366 2205 3548 2245 mersus

2347 2289 2478 2354 Regi
2499 2286 2670 2353 funde
2695 2300 2929 2356 precem,
2963 2299 3121 2353 quem
3154 2286 3296 2337 necis
3320 2298 3424 2335 esse
3449 2295 3597 2334 necem

2243 2379 2543 2443 Credimus,
2563 2383 2613 2431 et
2640 2378 2785 2443 celis,
2803 2376 3019 2430 scandit
3040 2391 3154 2443 qua
3172 2376 3396 2444 quisque
3407 2372 3558 2441 ﬁdelis

2347 2472 2442 2523 Det
2476 2470 2602 2539 pius
2633 2484 2741 2522 esse
2766 2468 2893 2533 sibi,
2921 2468 3018 2536 qui
3055 2467 3194 2520 Deus
3225 2468 3417 2529 exstat,
3440 2463 3525 2516 ibi.

2208 2560 2402 2616 Comes
2428 2559 2705 2615 Tebaldus
2727 2573 2900 2628 nepos
2958 2557 3102 2630 regis
3146 2553 3693 2621 Henrici,conduclusa

2136 2650 2373 2705 Robcrto
2405 2648 2604 2704 comite
2667 2646 2983 2712 Leicestrie,
3044 2647 3266 2701 obsedit
3320 2652 3523 2717 pontem
3557 2639 3690 2694 sancti

2134 2741 2298 2807 Petri,
2331 2749 2386 2796 et
2438 2740 2586 2811 cepit
2623 2756 2748 2794 eum
2808 2755 2975 2808 super
3033 2738 3327 2812 Rogerium
3387 2737 3449 2790 de
3484 2734 3685 2801 Tocnejo

2135 2834 2325 2903 (Jun).
2358 2834 2444 2901 (Η.
2487 2832 2677 2901 Henr.)
2718 2830 2924 2886 Eodem
2980 2845 3125 2884 anno
3176 2829 3428 2884 obierunt
3455 2827 3613 2897 plures
3638 2839 3687 2876 ex

2134 2926 2479 2997 principibus
2510 2924 2731 2995 Anglic:
2768 2923 3085 2978 Willermus
3131 2921 3420 2977 Cantuarie
3462 2914 3695 2985 archiepi-'

2088 3055 2110 3076 η
2135 3031 2359 3085 scopus,
2388 3014 2673 3070 Johannes
2715 3012 3009 3083 episcOpus
3059 3009 3491 3075 Roverecestrie,
3520 3005 3688 3060 Willer-

2135 3127 2258 3164 mus
2287 3110 2582 3180 episcopus
2628 3107 2856 3173 Exonie,
2920 3106 3194 3160 Ricardus
3228 3104 3369 3160 ﬁlius
3431 3096 3686 3162 Gisleberti,

2138 3203 2407 3257 Bobertus
2435 3201 2581 3255 ﬁlius
2612 3199 2825 3254 Ricardi
2879 3204 3105 3269 patruus
3132 3196 3279 3264 ejus,
3322 3193 3563 3251 Ricardus
3583 3189 3692 3242 ﬁlius

2138 3289 2386 3344 Balduini
2434 3289 2799 3345 consobrinus
2822 3287 2961 3355 ejus,
2993 3286 3278 3341 secundus
3320 3284 3602 3339 Willermus
3643 3277 3691 3329 dc

2133 3384 2407 3438 Warenna
2420 3398 2606 3438 comes
2619 3380 2839 3436 Surrcic
2873 3379 3056 3433 Mense
3083 3377 3423 3449 Septembris
3449 3370 3685 3429 Gaufridus

2132 3488 2319 3529 comes
2348 3470 2758 3545 Andegavensis
2824 3468 3047 3523 adduxit
3097 3467 3391 3522 maximum
3442 3462 3685 3519 exercitum

2131 3566 2189 3620 in
2210 3566 2598 3620 Normanniam
2621 3579 2796 3635 usque
2840 3561 3127 3623 Luxovias,
3185 3559 3402 3632 quando
3455 3554 3683 3611 combusta

2130 3666 2215 3712 est
2244 3657 2437 3712 eadem
2469 3656 2680 3711 civitas.
2717 3654 2775 3707 In
2819 3652 3106 3708 redeundo
3158 3652 3307 3724 cepit
3335 3652 3522 3721 Sapum
3548 3642 3678 3715 (59D.

2138 3752 2337 3807 Eadem
2387 3752 2699 3822 septimana
2757 3748 3007 3803 Galerius
3076 3763 3267 3803 comes
3312 3742 3534 3801 Mellenti
3575 3735 3687 3805 cepit

2131 3843 2278 3912 apud
2333 3842 2640 3896 Achinnum
2710 3838 3006 3909 Roget-ium
3055 3837 3128 3892 de
3173 3835 3400 3902 Toenio,
3447 3828 3609 3902 rapine
3649 3827 3689 3876 el

2127 3934 2387 4003 incendio
2413 3938 2723 3988 vacantem.

2201 4027 2363 4081 1137.
2709 4023 2798 4077 12.
3154 4022 3249 4075 ‘27.
3646 4007 3687 4061 9ο

2200 4118 2513 4189 Stcphanus
2532 4131 2626 4170 rex
2656 4113 2952 4186 Anglorum
2995 4112 3050 4167 in
3082 4109 3496 4186 quadragesima
3520 4098 3690 4159 transiit

2128 4214 2183 4267 in
2233 4212 2648 4280 Normanniam,
2698 4215 2752 4264 et
2802 4208 3023 4265 obsedit
3080 4208 3420 4263 Lislebonam
3468 4208 3518 4257 et
3553 4194 3687 4267 cepit.

2126 4321 2289 4377 quam
2338 4304 2560 4359 tenebat
2613 4301 2875 4357 Rabellus
2921 4300 3279 4357 camerarius.
3334 4297 3460 4352 Inde
3518 4284 3690 4347 obsodil

2123 4399 2481 4455 Grantsilvam
2529 4399 2766 4454 Locutus
2812 4404 2897 4451 est
2937 4397 3105 4451 etiam
3128 4395 3278 4467 apud
3330 4390 3566 4448 Ebroicas
3583 4395 3677 4438 cum

2124 4492 2288 4546 fratre
2318 4508 2419 4546 suo
2440 4491 2641 4546 comite
2670 4490 2989 4555 Teobaudo,
3019 4498 3075 4544 et
3124 4484 3409 4559 pepigitei
3430 4483 3527 4536 duo
3566 4472 3682 4530 milia

2122 4584 2595 4657 marchasargcnti
2628 4600 2729 4654 per
2756 4598 2961 4637 annnm
2990 4597 3003 4647 ;
3037 4582 3170 4652 quia
3197 4593 3383 4635 comes
3422 4565 3685 4628 Tebbaldus

2120 4676 2513 4749 indignabatur
2541 4675 2689 4747 quod
2721 4674 2865 4729 idem
2899 4673 3234 4743 Stephanus,
3263 4670 3355 4741 qui
3377 4665 3550 4736 junior
3574 4663 3681 4715 eral.

2118 4772 2407 4836 acceperat
2422 4780 2705 4831 coronam,
2734 4779 2842 4835 que
2875 4762 3003 4829 sibi,
3051 4769 3113 4816 ut
3144 4760 3386 4825 dicebat,
3416 4750 3685 4810 debebatur.

2120 4854 2352 4908 Reddita
2385 4854 2549 4929 igitur
2590 4852 2846 4908 ﬁrmitate
2901 4850 3231 4916 Grantsilve,
3266 4843 3603 4931 concordatus
3625 4838 3689 4931 est

2119 4962 2211 5001 rex
2242 4926 2556 5017 Stephanus
2587 4960 2707 4999 cum
2753 4960 2883 5018 rege
2943 4943 3293 4998 Francorum.
3334 4938 3392 4992 Et
3420 4926 3688 5018 Eustachius

2122 5036 2268 5091 filius
2295 5010 2415 5105 ejus
2447 5036 2573 5091 fecit
2618 5036 2667 5089 ei
2717 5010 3000 5089 hominum
3021 5032 3089 5086 de
3140 5025 3484 5088 Normannia,
3508 5010 3689 5105 qucad‘

2114 5128 2261 5198 jacet
2277 5100 2446 5203 regno
2477 5129 2835 5191 Francorum,
2894 5124 3099 5180 Exinde
3129 5139 3256 5178 cum
3281 5118 3569 5190 Stephanus
3595 5100 3683 5203 vel?

2122 5224 2198 5277 let
2236 5222 2319 5276 ire
2342 5200 2415 5275 Vin
2467 5230 2663 5276 terram
2717 5218 2937 5275 comitis
2986 5212 3416 5290 Andegavensis,
3466 5207 3589 5261 facta
3619 5200 3685 5252 esi

2123 5310 2401 5366 discordia
2460 5325 2658 5381 magna
2718 5308 2770 5362 in
2808 5306 3055 5362 exercitu
3112 5304 3233 5372 ejus
3273 5298 3417 5373 apud
3473 5293 3683 5349 Livarrou

2071 1698 2119 1764 li

1970 5432 2186 5488 ΝΟΤιΕ.

469 5524 613 5667 ἓ589)
643 5524 983 5607 Decembris.
1013 5526 1205 5594 BOUQ.

492 5594 618 5667 590)
696 5595 772 5652 Cf.
840 5596 1016 5652 Vitam
1099 5599 1205 5655 Bos

492 5594 618 5668 590)
696 5595 772 5652 Cf.
840 5596 1016 5668 Vitam
1099 5598 1334 5655 Bosonis
1427 5608 1569 5657 auct.
1643 5602 1845 5658 Milone
1889 5643 1902 5667 ,

400 5665 653 5723 Dacherii
696 5682 867 5739 opera
898 5667 1215 5724 Lanfranci.

1973 5609 2097 5672 post

2204 5529 2348 5656 :59!)
2381 5530 2450 5584 Le
2490 5530 2614 5600 Sap.
2654 5529 2797 5584 inter
2832 5526 3089 5582 ﬂuviolos
3117 5525 3376 5594 Touques
3408 5523 3456 5573 et
3484 5512 3686 5571 Charen-

2227 5617 2396 5656 onne.

2227 5617 2396 5656 onne.
