3858 6206
109 266 197 321 453

230 406 586 447 ROIANORUM.
733 408 1077 447 FRANCORUH.
1222 409 1532 450 ANGLORUM.

110 487 309 551 propter
335 495 503 533 unam
538 480 726 535 hosam
782 479 915 546 vini,
962 497 1124 552 quam
1152 482 1450 537 abstulerat
1480 483 1705 554 quidam

108 575 428 630 l-‘landrensis
478 574 696 630 cuidam
753 576 1028 649 armigero
1077 576 1290 649 Hugoni
1359 578 1428 632 de
1480 578 1700 633 Gornai.

110 663 244 717 Facta
278 670 359 717 est
396 663 589 734 itaque
619 679 817 737 magna
856 664 1133 720 dissensio
1194 665 1339 720 inter
1364 666 1706 722 Normannos

110 763 154 808 et
188 754 568 809 Flandrenses.
596 755 781 809 Rediit
804 771 935 827 ergo
952 771 1048 809 rex
1080 755 1284 812 infecto
1317 758 1561 832 negotio.
1595 758 1705 815 Nec

109 857 239 897 mora
287 842 515 908 exinde,
568 844 712 914 quod
756 860 943 899 comes
1009 845 1420 919 Andegavensis
1473 846 1705 901 adduxit

110 932 381 987 exercitum
448 932 625 986 multo
686 933 949 1002 majorem
997 933 1113 1001 illo,
1162 950 1328 1005 quem
1372 943 1501 990 ante
1555 951 1700 991 anno

111 1020 689 1089 preteritoadduxerat.
735 1021 1236 1077 lntercurrentibus
1268 1029 1452 1077 tamen
1495 1024 1702 1079 nuntiis

113 1112 230 1165 inter
256 1111 431 1182 ipsum
466 1119 524 1166 et
556 1128 740 1186 regem
797 1113 1163 1184 Stephanum,
1227 1115 1355 1169 item
1397 1115 1508 1171 dux
1547 1117 1701 1171 dedit

112 1200 284 1255 trevias
309 1216 485 1272 usque
518 1201 589 1255 ad
621 1209 729 1257 tres
786 1218 983 1271 annos,
1026 1204 1128 1258 hac
1157 1203 1496 1270 conditione,
1528 1211 1587 1260 ut
1614 1222 1708 1261 rex

109 1291 311 1367 singulis
348 1292 514 1346 annis
542 1293 697 1347 daret
729 1293 779 1348 ei
826 1293 937 1348 duo
996 1294 1143 1348 milia
1175 1296 1428 1350 marchas
1452 1297 1663 1369 argenti
1691 1315 1704 1351 :

111 1394 154 1439 et
186 1384 248 1438 de
276 1384 451 1453 primo
478 1401 629 1440 anno
661 1385 844 1440 statim
896 1386 1137 1442 debitam
1171 1403 1441 1443 summam
1470 1390 1703 1461 accepit.

116 1478 394 1533 lstetrevie
445 1494 560 1534 uno
613 1495 760 1535 anno
805 1480 1064 1552 utrinque
1116 1481 1470 1547 duraverunt,
1513 1482 1568 1536 id
1625 1491 1707 1538 est

112 1586 265 1641 usque
307 1571 373 1624 ad
443 1570 799 1626 festivitatem
853 1572 1031 1626 sancti
1056 1572 1322 1627 Johannis
1350 1573 1481 1627 anni
1514 1573 1701 1629 futuri.

115 1657 189 1711 llis
215 1658 389 1730 itaque
424 1659 624 1731 gestis,
681 1676 773 1715 rex
814 1660 1129 1730 Stephanus
1176 1661 1230 1714 in
1262 1661 1501 1717 adventu
1540 1663 1705 1718 rediit

113 1749 159 1802 in
182 1750 437 1825 Angliam.
500 1752 655 1821 (Aug
718 1752 799 1820 1.)
858 1750 1005 1806 Obiit
1054 1752 1363 1808 Ludovicus
1393 1754 1583 1809 senior
1609 1771 1704 1810 rex

114 1839 435 1908 Francorum,
468 1849 527 1897 et
581 1842 847 1897 successit
896 1842 1045 1898 filius
1083 1843 1204 1911 ejus
1252 1843 1577 1913 Ludovicus,
1607 1846 1703 1918 qui

114 1936 297 2006 accepit
322 1935 487 1991 ﬁliam
523 1936 686 1993 ducis
742 1937 1138 2009 Aquitanorum
1178 1939 1402 1995 Alienor
1454 1941 1703 2008 nomine,

114 2039 166 2078 ex
191 2040 287 2095 qua
314 2025 509 2099 genuit
566 2024 704 2079 duas
755 2024 914 2080 filias.
974 2027 1115 2096 (Dec.
1149 2026 1230 2097 2.)
1292 2028 1491 2083 Eodem
1560 2045 1705 2085 anno

115 2119 329 2168 mortuus
347 2122 430 2169 est
488 2113 784 2169 Lotharius
834 2114 1131 2184 imperator
1189 2116 1578 2183 Romanorum,
1619 2120 1705 2174 cui

114 2205 345 2260 successit
368 2205 659 2261 Conradus
702 2221 876 2277 nepos
912 2207 1130 2262 Henrici
1161 2209 1363 2280 quarti,
1399 2210 1578 2265 mariti
1599 2210 1705 2265 im-

119 2300 387 2368 peratricis,
411 2302 507 2373 qui
537 2308 667 2356 ante
715 2302 1026 2358 Lotharium
1067 2304 1435 2375 imperaverat
1475 2306 1681 2360 Kalend

116 2391 226 2466 Aug.
252 2392 465 2463 quando
506 2409 606 2447 rex
632 2394 939 2449 Ludovicus
985 2395 1322 2462 decesserat,
1355 2397 1701 2452 combustum

120 2494 185 2538 est
206 2485 314 2556 ipsa
342 2493 502 2543 nocte
538 2487 933 2543 monasterium
963 2488 1193 2545 Corbeie
1242 2492 1365 2562 ipso
1389 2507 1533 2546 anno
1558 2496 1707 2546 tanta

119 2576 302 2634 siccitas
338 2578 456 2647 fuit,
485 2586 551 2635 ut
580 2581 746 2634 etiam
803 2585 999 2635 stanna
1052 2591 1107 2636 et
1140 2582 1366 2636 ﬂumina
1393 2584 1562 2637 multa
1594 2584 1705 2638 sic-

122 2676 358 2738 carentur,
400 2678 553 2726 terra
602 2671 657 2725 in
688 2672 873 2726 multis
928 2672 1067 2728 locis
1120 2674 1429 2730 diutissime
1469 2675 1704 2742 arderet,

120 2762 314 2818 arbores
338 2764 586 2835 plurime
618 2765 673 2819 in
695 2764 846 2819 silvis
876 2772 930 2820 et
960 2766 1214 2839 virgultis
1240 2774 1559 2823 arescentes
1590 2783 1711 2823 mo-

122 2858 354 2919 rerentur,
400 2860 453 2908 et
520 2853 784 2908 arderent
842 2854 993 2908 nullo
1049 2853 1403 2909 incendente.
1435 2854 1709 2909 Tebaldus

119 2937 291 2993 electus
316 2940 613 2996 Beccensis
661 2940 917 3007 ecclesie,
963 2942 1045 2995 vir
1100 2958 1300 3016 magne
1336 2943 1625 3013 probitatis
1652 2950 1708 2998 et

122 3032 336 3102 scientie,
380 3035 719 3091 benedictus
770 3044 853 3091 est
910 3037 1082 3091 abbas
1147 3038 1393 3106 ejusdem
1435 3038 1705 3104 ecclesiae,

124 3126 245 3179 omni
266 3137 537 3184 conventu
573 3129 757 3183 animo
799 3128 991 3183 libenti
1023 3130 1391 3189 concedente.
1432 3131 1579 3202 apud
1598 3131 1710 3185 Ro-

123 3214 399 3292 thomagum
434 3237 465 3273 a
507 3220 719 3274 domno
750 3220 977 3295 Hugone
1009 3221 1448 3293 archiepiscopo.

180 3308 318 3365 1138.
372 3311 659 3368 Com-udus
710 3312 761 3365 1.
795 3313 1099 3368 Ludovicus
1160 3319 1204 3370 t.
1240 3315 1544 3384 Stephanus
1583 3313 1634 3367 3.

183 3396 348 3462 (Hum.
390 3400 557 3469 VIII.)
597 3400 906 3470 Stephanus
955 3402 1027 3435 ⁵⁸³
1058 3417 1148 3456 rex
1200 3402 1497 3476 Anglorum
1524 3402 1582 3456 in
1612 3416 1711 3456 na-

140 3482 215 3536 tali
241 3484 444 3542 obsedit
474 3485 737 3542 Bedefort
791 3506 807 3552 ;
842 3504 951 3559 qua
991 3489 1226 3554 reddita,
1259 3491 1554 3545 exercitum
1604 3505 1732 3560 pro-

127 3577 270 3631 movit
294 3578 346 3632 in
402 3580 672 3636 Scotiam.
722 3580 835 3634 Rex
890 3598 1133 3652 namque
1190 3583 1477 3638 Scotorum
1536 3582 1706 3637 David

128 3665 205 3732 qui
235 3677 633 3725 sacramentum
684 3667 891 3724 fecerat
942 3670 1055 3726 ﬁlie
1094 3671 1244 3747 regis
1287 3672 1527 3737 Henrici,
1571 3677 1727 3759 quas;

124 3752 207 3805 sub
235 3756 540 3813 velamento
572 3757 881 3813 sanctitatis
909 3775 1008 3829 per
1030 3776 1161 3816 suos
1182 3761 1566 3816 execrabiliter
1592 3752 1724 3835 egit:

128 3843 350 3905 Mulieres
376 3852 527 3906 enim
572 3852 825 3924 gravidas
851 3852 1158 3923 ﬁndebant,
1192 3864 1248 3911 et
1277 3856 1422 3911 fetus
1453 3855 1727 3926 anticipa-

127 3942 194 3991 tos
229 3941 620 3999 abstrabebant
651 3962 665 4011 ;
708 3945 1049 4016 presbiteros
1071 3964 1239 4019 super
1274 3947 1467 4003 altaria
1495 3947 1727 4002 detrun-

128 4031 312 4102 cabant,
343 4043 396 4091 et
420 4038 534 4093 alia
574 4038 745 4093 multa
799 4040 944 4095 mala
992 4042 1403 4113 perpetrabant.
1444 4042 1721 4109 Quecum-

130 4136 216 4190 que
240 4124 394 4200 igitur
442 4127 634 4183 Scotbi
689 4127 1052 4203 attingebant,
1106 4131 1293 4186 omnia
1341 4138 1496 4188 erant
1558 4134 1722 4203 plena

131 4214 339 4277 horroris
375 4223 579 4278 Aderat
608 4223 819 4278 clamor
852 4225 1168 4289 mulierum,
1225 4227 1463 4295 ejulatus
1499 4243 1715 4293 senum,

131 4309 446 4368 morientium
495 4314 759 4388 gemitus,
838 4315 1145 4372 viventium
1200 4317 1545 4390 desperatio.
1605 4320 1716 4375 Rex

132 4396 272 4473 igitur
292 4404 605 4476 Stephanus
663 4407 956 4479 insurgens
1010 4410 1293 4466 combuxit
1351 4417 1407 4466 et
1446 4413 1717 4468 destruxit

950 265 1294 321 CHRONICA.
1340 298 1403 307 —
1445 268 1838 326 AUCTARIUM
1883 271 2166 328 ROBERTI
2207 275 2290 329 DE
2330 276 2568 333 MONTE.

3319 294 3428 349 454

1739 406 1787 471 Α
1814 398 1958 469 quod
1989 415 2082 454 rex
2114 401 2342 471 quidem
2371 405 2518 473 cepit
2554 407 2739 471 armis,
2763 418 3160 487 captorumque
3189 420 3429 473 nonnul-

1807 489 1889 543 los
1914 492 2223 578 suspendit.
2280 492 2655 551 Walcbelinus
2687 500 2754 553 de
2822 502 2996 558 Dovre
3024 506 3128 563 hoc
3166 510 3423 578 audiens,

1806 577 2051 634 reddidit
2075 590 2315 635 castrum
2370 583 2543 639 Dovre
2582 587 2770 659 regine
2801 605 2861 645 se
2904 592 3203 651 obsidenti.
3239 599 3419 654 Occu-

1807 675 1934 738 pato
1961 669 2125 743 igitur
2149 686 2279 744 rege
2329 674 2472 729 circa
2528 685 2711 746 partes
2742 683 2978 737 autralcs
3007 684 3220 759 Anglie,
3251 690 3421 744 David

1805 759 2091 815 Scotorum
2150 778 2240 817 rex
2308 764 2770 824 innumerabilem
2813 774 3113 829 exercitum
3154 780 3427 846 promovit

1805 848 1858 901 in
1880 850 2150 924 Angliam.
2188 850 2385 908 Contra
2434 872 2597 926 quem
2641 874 2900 928 proceres
2938 861 3425 937 borealisﬁAnglie,

1803 937 2202 993 ammonitione
2262 947 2316 994 et
2351 941 2507 1010 jussu
2556 945 2781 1001 Tustani
2817 950 3177 1007 Eboracensis
3204 955 3418 1010 archie-

1804 1025 2013 1095 pisc0pi
2050 1027 2400 1084 restituerunt
2432 1031 2683 1097 viriliter,
2713 1034 2818 1090 fixo
2834 1038 3103 1107 standart,
3147 1042 3199 1095 id
3232 1052 3421 1097 estre-

1802 1114 1893 1185 gio
1934 1115 2159 1188 insigni,
2194 1118 2339 1186 apud
2407 1120 2722 1177 Alvcrtune.
2783 1125 2860 1178 lbi
2930 1127 3230 1184 duodecim
3276 1133 3428 1188 milia

1811 1207 2097 1264 Scotorum
2120 1210 2263 1266 fama
2298 1212 2465 1268 refert
2484 1217 2685 1276 occisa.
2731 1224 2880 1273 extra
2911 1237 3007 1276 eos
3037 1224 3131 1294 qui
3174 1224 3227 1278 in
3261 1242 3426 1299 sege-

1812 1302 1958 1358 tibus
1989 1311 2043 1358 et
2072 1305 2223 1359 silvis
2280 1307 2485 1362 inventi
2545 1318 2674 1366 sunt
2734 1316 3025 1386 perempti.
3090 1318 3264 1373 Ceteri
3297 1336 3426 1377 vero

1809 1391 2041 1447 minimo
2081 1396 2350 1467 sanguine
2384 1398 2502 1453 fuso
2546 1399 2778 1456 feliciter
2806 1404 3227 1476 triumpharent.
3258 1409 3429 1480 Hujus

1808 1500 1993 1554 pugne
2020 1486 2130 1540 dux
2162 1486 2263 1542 fuit
2318 1488 2630 1546 Willermus
2675 1496 2870 1549 consul
2924 1498 2993 1551 de
3033 1498 3342 1555 Albemarle
3376 1509 3429 1556 et

1806 1574 2121 1632 Willermus
2150 1579 2455 1650 Piperellus
2511 1583 2579 1637 de
2635 1584 2999 1660 Notingehan,
3049 1600 3102 1644 et
3131 1591 3428 1648 Walterius

1808 1666 1981 1738 Espec
2000 1676 2053 1723 et
2084 1670 2315 1725 libertus
2343 1673 2411 1727 de
2461 1673 2605 1740 Laci,
2666 1677 2823 1744 cujus
2864 1679 3028 1734 frater
3070 1681 3148 1735 ibi
3180 1684 3329 1739 solus
3361 1702 3425 1739 cx

1804 1762 2065 1818 omnibus
2095 1766 2378 1834 equitibus
2408 1768 2625 1822 occisus
2685 1778 2786 1825 est.
2818 1772 2985 1843 Cujus
3021 1783 3256 1831 eventus
3293 1778 3430 1833 belli

1804 1870 1929 1909 cum
1954 1855 2068 1929 regi
2115 1856 2398 1926 Stephano
2447 1859 2732 1914 nuntiatus
2780 1870 2949 1929 esset,
2983 1864 3118 1934 ipse
3156 1872 3211 1920 et
3239 1882 3433 1922 omnes

1807 1948 1902 2019 qui
1925 1950 2178 2017 aderant,
2226 1968 2471 2008 summas
2515 1955 2622 2009 Deo
2672 1957 2879 2029 gratias
2930 1959 3277 2016 exolverunt.
3322 1962 3435 2018 Hoc

1809 2038 2016 2094 bellum
2060 2044 2285 2117 Augusti
2328 2061 2519 2100 mense
2550 2045 2751 2102 factum
2793 2055 2894 2104 est.
2958 2050 3016 2104 In
3060 2051 3297 2109 adventu
3324 2054 3436 2110 Do-

1810 2130 1945 2185 mini
1972 2133 2266 2189 concilium
2308 2137 2455 2206 apud
2513 2136 2851 2194 Londoniam
2903 2141 3153 2198 Albricus
3199 2145 3433 2202 ecclesie

1809 2221 2055 2278 Romane
2084 2226 2295 2300 legatus
2342 2235 2396 2282 et
2454 2228 2762 2285 “ostiensis
2820 2233 3118 2304 episcopus
3150 2238 3347 2302 tenuit,
3379 2247 3435 2294 et

1809 2313 2036 2381 ibidem,
2065 2317 2350 2374 adnitente
2410 2338 2536 2393 rege
2590 2324 2871 2395 Stephano
2901 2333 2955 2381 et
3006 2329 3432 2399 regina,Tebal—

1807 2402 1910 2457 dus
1939 2405 2108 2460 abbas
2142 2407 2432 2464 Beccensis
2485 2412 2739 2475 ecclesie,
2800 2416 2884 2469 vir
2931 2415 3227 2472 admodum
3261 2436 3431 2475 vene-

1808 2493 2034 2556 randus,
2087 2496 2496 2552 Cantuariensis
2527 2501 2763 2557 ecclesie
2818 2504 3275 2576 archiepisc0pus
3296 2506 3432 2562 effe-

1808 2592 1929 2639 ctus
1966 2594 2069 2653 est,
2112 2592 2403 2645 transactis
2442 2591 2659 2646 duobus
2697 2594 2860 2648 annis
2886 2604 2941 2650 et
2991 2596 3248 2663 dimidio,
3285 2607 3433 2669 post-

1811 2690 1974 2744 quam
2018 2678 2190 2732 abbas
2250 2680 2581 2735 constitutus
2639 2681 2832 2737 fuerat.
2906 2683 3256 2758 Consilioque
3312 2689 3432 2759 ejus

1811 2766 1913 2821 fuit
1942 2767 2163 2822 abbatia
2190 2769 2345 2823 Becci
2391 2771 2509 2824 sine
2543 2770 2741 2826 abbate
2769 2772 2873 2827 sub
2908 2774 3136 2830 Ricardo
3162 2783 3218 2830 et
3244 2776 3432 2832 Belfou

1810 2855 2015 2924 priore.
2048 2872 2078 2909 a
2111 2856 2393 2912 nativitate
2425 2859 2640 2913 Domini
2674 2861 2758 2915 vel
2810 2862 2973 2931 paulo
3005 2871 3130 2918 ante
3162 2880 3338 2935 usque
3368 2866 3435 2920 ad

1812 2953 2192 3015 pentecosten,
2260 2950 2812 3021 quousquevidelicct
2870 2953 2989 3024 ipse
3038 2971 3069 3009 a
3125 2955 3295 3012 Roma
3351 2974 3437 3011 re-

1811 3032 1970 3088 diret.
2008 3034 2118 3089 Hoc
2140 3035 2336 3090 eodem
2391 3054 2560 3104 anno,
2602 3056 2793 3095 mense
2848 3041 3092 3111 Octobri,
3144 3044 3435 3101 Gaufridus

1812 3137 1998 3175 comes
2054 3124 2464 3198 Andegavensis
2542 3127 2839 3185 obsederat
2884 3131 3145 3187 Falesiam
3207 3151 3305 3205 per
3369 3138 3436 3190 1Ξῖ

1813 3207 1932 3263 dies
1957 3225 2081 3265 cum
2115 3228 2314 3286 magno
2346 3214 2610 3284 exercitu,
2644 3223 2698 3271 et
2744 3217 3017 3275 Robertus
3046 3236 3234 3278 comes
3268 3223 3436 3279 Gloe-

1811 3301 2011 3356 cestrie
2059 3319 2187 3358 cum
2235 3320 2323 3371 eo,
2359 3306 2452 3377 qui
2510 3308 2658 3362 circa
2695 3310 3021 3379 preteritum
3064 3315 3267 3383 pascha
3306 3331 3439 3369 con-

1810 3390 2053 3446 cordiam
2086 3410 2211 3448 cum
2243 3411 2310 3449 eo
2341 3395 2559 3451 fecerat.
2595 3397 2704 3452 Hoc
2733 3399 2898 3454 etiam
2930 3417 3076 3457 anno
3112 3402 3438 3459 Oximenses

1832 3489 1886 3535 et
1923 3483 2253 3551 Bajocenses
2275 3487 2480 3542 subditi
2505 3495 2633 3543 sunt
2659 3489 2709 3544 ei
2740 3492 2827 3543 ⁵⁸³.

1903 3573 2061 3630 1139.
2455 3580 2508 3634 2.
2930 3584 2983 3639 2.
3380 3590 3436 3644 4.

1902 3666 2021 3734 (Ιὺ.)
2054 3667 2164 3721 Rex
2190 3669 2486 3741 Anglorum
2513 3672 2582 3706 ⁵⁵⁵
2617 3672 2927 3743 Stephanus
2955 3686 3076 3746 post
3114 3681 3296 3736 natale
3322 3697 3439 3736 cas-

1831 3757 2100 3813 tellumde
2128 3760 2291 3816 Slede
2321 3762 2469 3832 cepit
2508 3763 2815 3835 obsidione.
2867 3766 2995 3821 Post
3052 3770 3155 3824 hec
3193 3774 3436 3841 perrexit

1829 3851 1886 3905 in
1918 3852 2216 3920 Scothiam,
2259 3855 2352 3909 ubi
2378 3872 2501 3910 cum
2548 3873 2660 3911 rem
2719 3858 2886 3914 Marte
2925 3869 2980 3915 et
3006 3862 3247 3918 Vulcano
3286 3865 3443 3919 duci-

1830 3940 1933 3996 bus
1959 3951 2166 4016 agerct,
2199 3960 2289 3998 rex
2319 3944 2500 3999 Scotie
2558 3962 2681 4000 cum
2737 3962 2804 4002 eo
2858 3950 3181 4004 concordari
3221 3960 3444 4008 coactus

1824 4040 1925 4085 est.
1954 4031 2244 4087 llenricum
2303 4032 2470 4107 igitur
2526 4034 2699 4090 tilium
2755 4037 2900 4111 regis
2931 4037 3220 4094 Scotorum
3252 4058 3441 4097 secum

1823 4120 2098 4176 ducensin
2131 4122 2399 4194 Angliam,
2447 4122 2593 4193 cepit
2633 4123 2941 4192 Ludelawe,
2966 4126 3059 4180 ubi
3117 4127 3264 4182 idem
3298 4130 3445 4185 Hen-

1822 4213 1970 4269 ricus
1997 4230 2139 4270 unco
2171 4213 2352 4269 ferreo
2398 4230 2541 4286 equo
2574 4215 2879 4273 abstractus
2913 4233 3055 4288 pene
3080 4227 3277 4290 captus
3310 4230 3394 4278 est
3426 4240 3441 4286 ;

1819 4308 1915 4362 sed
1940 4309 2055 4379 ipse
2088 4325 2178 4364 rex
2238 4310 2307 4364 ab
2347 4311 2599 4367 hostibus
2647 4329 2772 4368 eum
2835 4314 3128 4386 splendide
3192 4318 3438 4372 retraxit.

1820 4406 1952 4461 Inde
1978 4422 2036 4461 re
2061 4406 2305 4477 perfecta
2347 4407 2756 4465 Oxincfordiam
2806 4412 2981 4483 petiit.
3027 4412 3125 4467 Ubi
3159 4430 3245 4468 res
3293 4414 3441 4470 infa-

146 4462 173 4473 ν
385 4462 397 4476 .
764 4462 767 4463 ν
818 4462 949 4479 ,ηρη
1358 4462 1405 4466 -ν
1452 4462 1715 4468 “mw---
2062 4462 2076 4477 .
3033 4462 3125 4467 νη-
3159 4462 3243 4468 ---
3294 4462 3406 4470 -----

131 4495 361 4552 australes
390 4504 575 4569 partes
614 4500 767 4572 regni
800 4501 946 4572 regis
970 4502 1158 4569 David,
1191 4503 1313 4572 ipso
1345 4503 1567 4574 quidem
1603 4521 1713 4561 non
1743 4462 1796 4531 Ι)
1817 4495 1925 4549 mia
1945 4495 2205 4550 notabilis
2220 4503 2274 4550 et
2302 4497 2371 4552 ab
2403 4499 2555 4552 omni
2587 4500 2992 4556 consuetudine
3047 4508 3256 4558 remota
3285 4518 3441 4559 com-

132 4580 339 4665 audente
358 4586 724 4659 'eicongredi.
758 4588 886 4644 Post
950 4590 1152 4661 pascha
1181 4607 1312 4648 vero
1365 4592 1565 4647 exarsit
1617 4611 1709 4649 ra-
1817 4586 2012 4659 paruit.
2034 4587 2149 4642 Rex
2188 4604 2426 4659 namque
2481 4590 2778 4665 Rogerium
2833 4595 3154 4664 episcopum
3196 4595 3440 4651 Salesbi-

132 4664 231 4725 bies
255 4674 591 4743 proditorum
620 4677 877 4734 nefanda,
907 4679 1137 4745 Quidam
1208 4698 1445 4753 namque
1488 4682 1713 4740 Talebot
1815 4690 2055 4740 rensem,
2093 4681 2147 4729 et
2179 4676 2543 4732 Alexandrum
2574 4664 3003 4736 iLincolienscm
3051 4681 3228 4753 ipsius
3258 4698 3439 4755 nepo-

135 4760 328 4817 nomine
346 4767 525 4821 tenuit
560 4774 753 4823 contra
814 4784 1000 4841 regem
1050 4771 1331 4827 castellum
1365 4771 1626 4828 Hereford
1657 4773 1712 4829 in
1816 4780 1924 4826 tem
1954 4769 2249 4834 ,violenter
2279 4771 2334 4824 in
2373 4772 2524 4827 curia
2574 4789 2675 4827 sua
2700 4775 2868 4846 cepit,
2906 4776 3080 4832 nichil
3108 4778 3242 4833 recti
3277 4795 3436 4835 recu-

136 4848 309 4922 Wales,
339 4859 487 4928 quod
531 4875 626 4915 rex
691 4875 790 4931 per
844 4861 1194 4919 obsidionem
1260 4863 1316 4918 in
1356 4880 1455 4919 sua
1481 4866 1707 4935 recepit.
1814 4871 2015 4916 santes.
2052 4862 2268 4917 Ponens
2315 4863 2484 4937 igitur
2540 4864 2744 4921 ibidem
2794 4867 3160 4924 Alexandrum
3205 4871 3432 4941 episco-

135 4941 374 5005 Robertus
401 4953 595 5008 consul
646 4953 716 5009 de
769 4954 1082 5011 Gloecestre
1141 4956 1319 5012 tenuit
1362 4965 1553 5013 contra
1586 4974 1711 5013 eum
1815 4955 2022 5025 pumin
2061 4946 2716 5027 carcerem,‘episc0pum
2771 4958 3208 5033 Salesbirensem
3243 4979 3430 5018 secum

136 5030 355 5093 Bristond
399 5041 693 5122 etSlede,
764 5043 1027 5100 Radulfus
1079 5046 1270 5101 Luvelt
1324 5048 1605 5102 castellum
1642 5049 1711 5103 dc
1815 5047 1968 5102 duxit
1997 5048 2064 5102 ad
2095 5049 2376 5102 castellum
2431 5049 2700 5117 ejusdem,
2760 5053 2909 5123 quod
2954 5030 3187 5109 vocatur
3222 5055 3429 5123 Divise,

137 5125 253 5220 Dari,
279 5118 601 5209 Pagancllus
638 5138 921 5194 castellum
972 5140 1040 5194 dc
1075 5140 1367 5209 Ludelave,
1397 5142 1714 5198 Willermus
1814 5155 1925 5211 quo
1966 5155 2074 5194 non
2107 5148 2223 5193 erat
2244 5140 2590 5210 splendidius
2624 5118 2794 5197 mtrai
2817 5143 2955 5199 fines
2984 5145 3218 5216 EurOpe.
3248 5118 3431 5220 Auge;

136 5212 393 5312 chovim
433 5226 714 5281 castellum
746 5227 816 5282 de
873 5227 1164 5297 Dunestor,
1207 5231 1478 5286 Robertus
1518 5232 1587 5286 de
1620 5233 1712 5287 Ni-
1760 5265 1764 5269 ε
1818 5235 1967 5289 rians
1998 5234 2162 5309 igitur
2181 5251 2306 5289 eum
2336 5235 2499 5303 fame,
2530 5243 2584 5291 et
2651 5235 2746 5292 ﬁlii
2780 5239 2919 5309 ejus,
2939 5241 3033 5312 qui
3065 5212 3432 5298 cancellarius

138 5302 237 5359 cole
260 5310 533 5368 castellum
564 5315 635 5369 de
664 5314 925 5383 Warhan,
968 5318 1292 5374 Eustachius
1333 5319 1478 5375 lilius
1502 5321 1715 5377 Johan-
1818 5302 2192 5389 fueratfcollo
2222 5323 2481 5395 laqueum
2527 5302 2826 5382 innectens.
2872 5302 2935 5383 ut
2957 5302 3426 5401 .suspenderetur,

138 5392 211 5449 nis
232 5396 510 5469 Mealtune,
568 5406 885 5463 Willermus
925 5407 1077 5465 filius
1127 5409 1279 5465 Alani
1321 5410 1713 5483 Sa10pesbiri;
1818 5416 1925 5469 sibi
1957 5415 2048 5470 tali
2080 5416 2245 5472 modo
2264 5392 2551 5474 castellum
2605 5421 2849 5490 extorsit,
2900 5438 3013 5479 non
3059 5392 3194 5478 satis
3247 5392 3429 5480 recor;

1462 5537 1683 5593 VARUE
1704 5538 2085 5594 LECTIONES.

179 5614 257 5707 3⁸
284 5620 617 5707 glicjncipit
652 5628 742 5684 8b.
784 5630 854 5665 ⁸⁸³
882 5630 1030 5707 Ob_iit
1049 5630 1347 5707 Gaufridus
1362 5634 1653 5707 secundus
1690 5636 1861 5691 abbas
1892 5635 2115 5707 Savign.
2147 5634 2309 5689 addit
2344 5638 2403 5691 in
2426 5637 2478 5693 2.
2511 5637 2627 5692 alia
2654 5651 2849 5692 manus
2877 5652 2980 5692 sec.
3013 5640 3159 5693 XIII.
3189 5640 3249 5691 in
3280 5648 3430 5689 mar-

140 5691 258 5746 gine.
288 5691 353 5726 ‘“
378 5691 757 5755 Hunc-annum
767 5703 1077 5771 precedenti
1096 5703 1295 5773 jungit
1322 5704 1413 5761 8b.
