  <div class='ocr_page' id='page_1' title='image "/cluster/home/n/w/nwhite01/storage/ocr_20150623/160/uva.x000829802/233.png"; bbox 0 0 3858 6206; ppageno 0'>
   <div class='ocr_carea' id='block_1_1' title="bbox 376 288 483 341">
    <p class='ocr_par' dir='ltr' id='par_1_1' title="bbox 376 288 483 341">
     <span class='ocr_line' id='line_1_1' title="bbox 376 288 483 341; baseline 0 0"><span class='ocrx_word' id='word_1_1' title='bbox 376 288 483 341; x_wconf 81' lang='grc'><strong>455</strong></span> 
     </span>
    </p>
   </div>
   <div class='ocr_carea' id='block_1_2' title="bbox 522 437 1845 479">
    <p class='ocr_par' dir='ltr' id='par_1_2' title="bbox 522 437 1845 479">
     <span class='ocr_line' id='line_1_2' title="bbox 522 437 1845 479; baseline -0.003 0"><span class='ocrx_word' id='word_1_2' title='bbox 522 437 881 479; x_wconf 74' lang='lat' dir='ltr'><strong>ROMANORUM.</strong></span> <span class='ocrx_word' id='word_1_3' title='bbox 1033 437 1382 478; x_wconf 78' lang='lat' dir='ltr'><strong>FRANCORUM.</strong></span> <span class='ocrx_word' id='word_1_4' title='bbox 1530 438 1845 478; x_wconf 72' lang='lat' dir='ltr'><strong>ANGLORUI.</strong></span> 
     </span>
    </p>
   </div>
   <div class='ocr_carea' id='block_1_3' title="bbox 377 513 1993 587">
    <p class='ocr_par' dir='ltr' id='par_1_3' title="bbox 377 513 1993 587">
     <span class='ocr_line' id='line_1_3' title="bbox 377 513 1993 587; baseline -0.001 -17"><span class='ocrx_word' id='word_1_5' title='bbox 377 516 517 570; x_wconf 84' lang='lat' dir='ltr'><strong>dans</strong></span> <span class='ocrx_word' id='word_1_6' title='bbox 546 516 817 569; x_wconf 80' lang='lat' dir='ltr'><strong>bonorum</strong></span> <span class='ocrx_word' id='word_1_7' title='bbox 846 528 953 584; x_wconf 93' lang='lat' dir='ltr'><strong>que</strong></span> <span class='ocrx_word' id='word_1_8' title='bbox 1002 513 1059 567; x_wconf 90' lang='lat' dir='ltr'><strong>in</strong></span> <span class='ocrx_word' id='word_1_9' title='bbox 1107 514 1332 568; x_wconf 78' lang='lat' dir='ltr'><strong>introitu</strong></span> <span class='ocrx_word' id='word_1_10' title='bbox 1386 514 1540 587; x_wconf 88' lang='lat' dir='ltr'><strong>regni</strong></span> <span class='ocrx_word' id='word_1_11' title='bbox 1602 514 1693 568; x_wconf 92' lang='lat' dir='ltr'><strong>ille</strong></span> <span class='ocrx_word' id='word_1_12' title='bbox 1741 513 1846 567; x_wconf 88' lang='lat' dir='ltr'><strong>sibi</strong></span> <span class='ocrx_word' id='word_1_13' title='bbox 1895 529 1993 586; x_wconf 89' lang='lat' dir='ltr'><strong>pre</strong></span> 
     </span>
    </p>
   </div>
   <div class='ocr_carea' id='block_1_4' title="bbox 377 608 1995 681">
    <p class='ocr_par' dir='ltr' id='par_1_4' title="bbox 377 608 1995 681">
     <span class='ocr_line' id='line_1_4' title="bbox 377 608 1995 681; baseline -0.001 -17"><span class='ocrx_word' id='word_1_14' title='bbox 377 611 502 665; x_wconf 90' lang='lat' dir='ltr'><strong>aliis</strong></span> <span class='ocrx_word' id='word_1_15' title='bbox 533 615 902 681; x_wconf 88' lang='lat' dir='ltr'><strong>congesserat.</strong></span> <span class='ocrx_word' id='word_1_16' title='bbox 958 608 1221 663; x_wconf 80' lang='lat' dir='ltr'><strong>Similiter</strong></span> <span class='ocrx_word' id='word_1_17' title='bbox 1250 609 1397 679; x_wconf 88' lang='lat' dir='ltr'><strong>cepit</strong></span> <span class='ocrx_word' id='word_1_18' title='bbox 1435 608 1812 674; x_wconf 87' lang='lat' dir='ltr'><strong>Sireburnam,</strong></span> <span class='ocrx_word' id='word_1_19' title='bbox 1848 609 1995 680; x_wconf 92' lang='lat' dir='ltr'><strong>quod</strong></span> 
     </span>
    </p>
   </div>
   <div class='ocr_carea' id='block_1_5' title="bbox 378 704 1992 778">
    <p class='ocr_par' dir='ltr' id='par_1_5' title="bbox 378 704 1992 778">
     <span class='ocr_line' id='line_1_5' title="bbox 378 704 1992 778; baseline -0.001 -17"><span class='ocrx_word' id='word_1_20' title='bbox 378 721 569 778; x_wconf 87' lang='lat' dir='ltr'><strong>parum</strong></span> <span class='ocrx_word' id='word_1_21' title='bbox 599 704 798 759; x_wconf 88' lang='lat' dir='ltr'><strong>Divisis</strong></span> <span class='ocrx_word' id='word_1_22' title='bbox 812 706 1012 760; x_wconf 85' lang='lat' dir='ltr'><strong>decore</strong></span> <span class='ocrx_word' id='word_1_23' title='bbox 1040 704 1294 759; x_wconf 84' lang='lat' dir='ltr'><strong>cedebat.</strong></span> <span class='ocrx_word' id='word_1_24' title='bbox 1334 704 1737 775; x_wconf 83' lang='lat' dir='ltr'><strong>Accipiensque</strong></span> <span class='ocrx_word' id='word_1_25' title='bbox 1763 704 1992 760; x_wconf 88' lang='lat' dir='ltr'><strong>thesau-</strong></span> 
     </span>
    </p>
   </div>
   <div class='ocr_carea' id='block_1_6' title="bbox 380 793 1992 866">
    <p class='ocr_par' dir='ltr' id='par_1_6' title="bbox 380 793 1992 866">
     <span class='ocr_line' id='line_1_6' title="bbox 380 793 1992 866; baseline -0.002 -16"><span class='ocrx_word' id='word_1_26' title='bbox 380 811 471 852; x_wconf 89' lang='lat' dir='ltr'><strong>ros</strong></span> <span class='ocrx_word' id='word_1_27' title='bbox 495 793 766 866; x_wconf 90' lang='lat' dir='ltr'><strong>episc0pi,</strong></span> <span class='ocrx_word' id='word_1_28' title='bbox 794 794 1132 864; x_wconf 81' lang='lat' dir='ltr'><strong>comparavit</strong></span> <span class='ocrx_word' id='word_1_29' title='bbox 1183 794 1311 848; x_wconf 91' lang='lat' dir='ltr'><strong>inde</strong></span> <span class='ocrx_word' id='word_1_30' title='bbox 1362 793 1992 849; x_wconf 86' lang='lat' dir='ltr'><strong>Constantiamsororem</strong></span> 
     </span>
    </p>
   </div>
   <div class='ocr_carea' id='block_1_7' title="bbox 377 881 1993 957">
    <p class='ocr_par' dir='ltr' id='par_1_7' title="bbox 377 881 1993 957">
     <span class='ocr_line' id='line_1_7' title="bbox 377 881 1993 957; baseline -0.001 -16"><span class='ocrx_word' id='word_1_31' title='bbox 377 884 640 941; x_wconf 82' lang='lat' dir='ltr'><strong>Ludovici</strong></span> <span class='ocrx_word' id='word_1_32' title='bbox 666 882 814 957; x_wconf 88' lang='lat' dir='ltr'><strong>regis</strong></span> <span class='ocrx_word' id='word_1_33' title='bbox 838 882 1166 937; x_wconf 82' lang='lat' dir='ltr'><strong>Francorum</strong></span> <span class='ocrx_word' id='word_1_34' title='bbox 1220 881 1335 938; x_wconf 84' lang='lat' dir='ltr'><strong>ﬁlio</strong></span> <span class='ocrx_word' id='word_1_35' title='bbox 1380 897 1481 937; x_wconf 93' lang='lat' dir='ltr'><strong>suo</strong></span> <span class='ocrx_word' id='word_1_36' title='bbox 1510 882 1823 939; x_wconf 86' lang='lat' dir='ltr'><strong>Eustachio.</strong></span> <span class='ocrx_word' id='word_1_37' title='bbox 1861 885 1993 939; x_wconf 85' lang='lat' dir='ltr'><strong>lude</strong></span> 
     </span>
    </p>
   </div>
   <div class='ocr_carea' id='block_1_8' title="bbox 381 970 1992 1045">
    <p class='ocr_par' dir='ltr' id='par_1_8' title="bbox 381 970 1992 1045">
     <span class='ocr_line' id='line_1_8' title="bbox 381 970 1992 1045; baseline -0.001 -17"><span class='ocrx_word' id='word_1_38' title='bbox 381 989 474 1028; x_wconf 83' lang='lat' dir='ltr'><strong>rex</strong></span> <span class='ocrx_word' id='word_1_39' title='bbox 505 972 747 1037; x_wconf 87' lang='lat' dir='ltr'><strong>rediens,</strong></span> <span class='ocrx_word' id='word_1_40' title='bbox 779 970 1034 1024; x_wconf 91' lang='lat' dir='ltr'><strong>similiter</strong></span> <span class='ocrx_word' id='word_1_41' title='bbox 1091 971 1206 1045; x_wconf 84' lang='lat' dir='ltr'><strong>egit</strong></span> <span class='ocrx_word' id='word_1_42' title='bbox 1235 971 1304 1025; x_wconf 90' lang='lat' dir='ltr'><strong>de</strong></span> <span class='ocrx_word' id='word_1_43' title='bbox 1351 972 1659 1026; x_wconf 80' lang='lat' dir='ltr'><strong>Alexandro</strong></span> <span class='ocrx_word' id='word_1_44' title='bbox 1708 972 1992 1043; x_wconf 89' lang='lat' dir='ltr'><strong>episcopo,</strong></span> 
     </span>
    </p>
   </div>
   <div class='ocr_carea' id='block_1_9' title="bbox 381 1065 1996 1138">
    <p class='ocr_par' dir='ltr' id='par_1_9' title="bbox 381 1065 1996 1138">
     <span class='ocr_line' id='line_1_9' title="bbox 381 1065 1996 1138; baseline 0 -17"><span class='ocrx_word' id='word_1_45' title='bbox 381 1067 561 1123; x_wconf 90' lang='lat' dir='ltr'><strong>donec</strong></span> <span class='ocrx_word' id='word_1_46' title='bbox 585 1067 893 1138; x_wconf 90' lang='lat' dir='ltr'><strong>reciperent</strong></span> <span class='ocrx_word' id='word_1_47' title='bbox 915 1065 1198 1120; x_wconf 80' lang='lat' dir='ltr'><strong>castellum</strong></span> <span class='ocrx_word' id='word_1_48' title='bbox 1237 1066 1304 1119; x_wconf 89' lang='lat' dir='ltr'><strong>de</strong></span> <span class='ocrx_word' id='word_1_49' title='bbox 1353 1066 1673 1120; x_wconf 87' lang='lat' dir='ltr'><strong>Newerthan</strong></span> <span class='ocrx_word' id='word_1_50' title='bbox 1704 1067 1996 1122; x_wconf 90' lang='lat' dir='ltr'><strong>amenissi-</strong></span> 
     </span>
    </p>
   </div>
   <div class='ocr_carea' id='block_1_10' title="bbox 384 1154 2004 1212">
    <p class='ocr_par' dir='ltr' id='par_1_10' title="bbox 384 1154 2004 1212">
     <span class='ocr_line' id='line_1_10' title="bbox 384 1154 2004 1212; baseline 0 0"><span class='ocrx_word' id='word_1_51' title='bbox 384 1172 554 1212; x_wconf 92' lang='lat' dir='ltr'><strong>mum.</strong></span> <span class='ocrx_word' id='word_1_52' title='bbox 593 1155 859 1209; x_wconf 90' lang='lat' dir='ltr'><strong>Similiter</strong></span> <span class='ocrx_word' id='word_1_53' title='bbox 896 1154 1174 1209; x_wconf 88' lang='lat' dir='ltr'><strong>redditum</strong></span> <span class='ocrx_word' id='word_1_54' title='bbox 1210 1163 1294 1209; x_wconf 92' lang='lat' dir='ltr'><strong>est</strong></span> <span class='ocrx_word' id='word_1_55' title='bbox 1344 1155 1393 1208; x_wconf 91' lang='lat' dir='ltr'><strong>ei</strong></span> <span class='ocrx_word' id='word_1_56' title='bbox 1433 1155 1677 1209; x_wconf 81' lang='lat' dir='ltr'><strong>Eslaford</strong></span> <span class='ocrx_word' id='word_1_57' title='bbox 1700 1158 2004 1212; x_wconf 87' lang='lat' dir='ltr'><strong>castellum.</strong></span> 
     </span>
    </p>
   </div>
   <div class='ocr_carea' id='block_1_11' title="bbox 381 1244 2012 1319">
    <p class='ocr_par' dir='ltr' id='par_1_11' title="bbox 381 1244 2012 1319">
     <span class='ocr_line' id='line_1_11' title="bbox 381 1244 2012 1319; baseline 0.001 -16"><span class='ocrx_word' id='word_1_58' title='bbox 381 1249 530 1303; x_wconf 90' lang='lat' dir='ltr'><strong>Tunc</strong></span> <span class='ocrx_word' id='word_1_59' title='bbox 558 1248 689 1301; x_wconf 86' lang='lat' dir='ltr'><strong>satis</strong></span> <span class='ocrx_word' id='word_1_60' title='bbox 721 1246 966 1317; x_wconf 83' lang='lat' dir='ltr'><strong>proxime</strong></span> <span class='ocrx_word' id='word_1_61' title='bbox 1000 1244 1113 1299; x_wconf 80' lang='lat' dir='ltr'><strong>tilia</strong></span> <span class='ocrx_word' id='word_1_62' title='bbox 1148 1246 1304 1319; x_wconf 87' lang='lat' dir='ltr'><strong>regis</strong></span> <span class='ocrx_word' id='word_1_63' title='bbox 1366 1246 1606 1313; x_wconf 88' lang='lat' dir='ltr'><strong>llenrici,</strong></span> <span class='ocrx_word' id='word_1_64' title='bbox 1667 1265 1775 1319; x_wconf 92' lang='lat' dir='ltr'><strong>que</strong></span> <span class='ocrx_word' id='word_1_65' title='bbox 1836 1250 2012 1306; x_wconf 83' lang='lat' dir='ltr'><strong>fuerat</strong></span> 
     </span>
    </p>
   </div>
   <div class='ocr_carea' id='block_1_12' title="bbox 383 1341 2014 1413">
    <p class='ocr_par' dir='ltr' id='par_1_12' title="bbox 383 1341 2014 1413">
     <span class='ocr_line' id='line_1_12' title="bbox 383 1341 2014 1413; baseline 0.002 -16"><span class='ocrx_word' id='word_1_66' title='bbox 383 1341 703 1413; x_wconf 88' lang='lat' dir='ltr'><strong>imperatrix</strong></span> <span class='ocrx_word' id='word_1_67' title='bbox 732 1341 1078 1406; x_wconf 79' lang='lat' dir='ltr'><strong>Alemannie,</strong></span> <span class='ocrx_word' id='word_1_68' title='bbox 1109 1342 1195 1396; x_wconf 92' lang='lat' dir='ltr'><strong>cui</strong></span> <span class='ocrx_word' id='word_1_69' title='bbox 1227 1341 1417 1412; x_wconf 79' lang='lat' dir='ltr'><strong>Anglia</strong></span> <span class='ocrx_word' id='word_1_70' title='bbox 1454 1343 1767 1411; x_wconf 88' lang='lat' dir='ltr'><strong>juramento</strong></span> <span class='ocrx_word' id='word_1_71' title='bbox 1796 1345 2014 1401; x_wconf 89' lang='lat' dir='ltr'><strong>addicta</strong></span> 
     </span>
    </p>
   </div>
   <div class='ocr_carea' id='block_1_13' title="bbox 378 1432 1992 1505">
    <p class='ocr_par' dir='ltr' id='par_1_13' title="bbox 378 1432 1992 1505">
     <span class='ocr_line' id='line_1_13' title="bbox 378 1432 1992 1505; baseline 0.001 -17"><span class='ocrx_word' id='word_1_72' title='bbox 378 1433 565 1489; x_wconf 89' lang='lat' dir='ltr'><strong>fuerat</strong></span> <span class='ocrx_word' id='word_1_73' title='bbox 598 1452 613 1498; x_wconf 88' lang='lat'><strong>;</strong></span> <span class='ocrx_word' id='word_1_74' title='bbox 647 1441 701 1488; x_wconf 83' lang='lat' dir='ltr'><strong>et</strong></span> <span class='ocrx_word' id='word_1_75' title='bbox 725 1432 996 1488; x_wconf 86' lang='lat' dir='ltr'><strong>Robertus</strong></span> <span class='ocrx_word' id='word_1_76' title='bbox 1042 1447 1231 1487; x_wconf 90' lang='lat' dir='ltr'><strong>comes</strong></span> <span class='ocrx_word' id='word_1_77' title='bbox 1274 1432 1629 1499; x_wconf 89' lang='lat' dir='ltr'><strong>Gloecestrie,</strong></span> <span class='ocrx_word' id='word_1_78' title='bbox 1675 1435 1842 1491; x_wconf 87' lang='lat' dir='ltr'><strong>l&#39;rater</strong></span> <span class='ocrx_word' id='word_1_79' title='bbox 1871 1437 1992 1505; x_wconf 87' lang='lat' dir='ltr'><strong>ejus</strong></span> 
     </span>
    </p>
   </div>
   <div class='ocr_carea' id='block_1_14' title="bbox 1589 280 2479 339">
    <p class='ocr_par' dir='ltr' id='par_1_14' title="bbox 1589 280 2479 339">
     <span class='ocr_line' id='line_1_14' title="bbox 1589 280 2479 339; baseline -0.002 -1"><span class='ocrx_word' id='word_1_80' title='bbox 1589 283 1928 339; x_wconf 85' lang='lat' dir='ltr'><strong>SIGEBERTI</strong></span> <span class='ocrx_word' id='word_1_81' title='bbox 1971 280 2479 337; x_wconf 78' lang='lat' dir='ltr'><strong>GEMBLACENSIS.</strong></span> 
     </span>
    </p>
   </div>
   <div class='ocr_carea' id='block_1_15' title="bbox 3597 291 3697 346">
    <p class='ocr_par' dir='ltr' id='par_1_15' title="bbox 3597 291 3697 346">
     <span class='ocr_line' id='line_1_15' title="bbox 3597 291 3697 346; baseline 0 0"><span class='ocrx_word' id='word_1_82' title='bbox 3597 291 3697 346; x_wconf 74' lang='grc'><strong>456</strong></span> 
     </span>
    </p>
   </div>
   <div class='ocr_carea' id='block_1_16' title="bbox 2020 420 3701 490">
    <p class='ocr_par' dir='ltr' id='par_1_16' title="bbox 2020 420 3701 490">
     <span class='ocr_line' id='line_1_16' title="bbox 2020 420 3701 490; baseline 0.006 -16"><span class='ocrx_word' id='word_1_83' title='bbox 2020 426 2069 490; x_wconf 84' lang='grc' dir='ltr'>Α</span> <span class='ocrx_word' id='word_1_84' title='bbox 2095 436 2245 475; x_wconf 92' lang='lat' dir='ltr'><strong>mon.</strong></span> <span class='ocrx_word' id='word_1_85' title='bbox 2281 420 2427 475; x_wconf 86' lang='lat' dir='ltr'><strong>Obiit</strong></span> <span class='ocrx_word' id='word_1_86' title='bbox 2483 421 2742 478; x_wconf 90' lang='lat' dir='ltr'><strong>Rabellus</strong></span> <span class='ocrx_word' id='word_1_87' title='bbox 2789 427 3140 490; x_wconf 88' lang='lat' dir='ltr'><strong>camerarius.</strong></span> <span class='ocrx_word' id='word_1_88' title='bbox 3175 438 3232 484; x_wconf 89' lang='lat' dir='ltr'><strong>et</strong></span> <span class='ocrx_word' id='word_1_89' title='bbox 3258 429 3532 485; x_wconf 90' lang='lat' dir='ltr'><strong>successit</strong></span> <span class='ocrx_word' id='word_1_90' title='bbox 3566 430 3701 484; x_wconf 83' lang='lat' dir='ltr'><strong>Wil-</strong></span> 
     </span>
    </p>
   </div>
   <div class='ocr_carea' id='block_1_17' title="bbox 2097 508 3706 587">
    <p class='ocr_par' dir='ltr' id='par_1_17' title="bbox 2097 508 3706 587">
     <span class='ocr_line' id='line_1_17' title="bbox 2097 508 3706 587; baseline 0.009 -26"><span class='ocrx_word' id='word_1_91' title='bbox 2097 508 2300 563; x_wconf 87' lang='lat' dir='ltr'><strong>lermus</strong></span> <span class='ocrx_word' id='word_1_92' title='bbox 2350 508 2494 563; x_wconf 77' lang='lat' dir='ltr'><strong>filius</strong></span> <span class='ocrx_word' id='word_1_93' title='bbox 2526 510 2668 579; x_wconf 90' lang='lat' dir='ltr'><strong>ejus.</strong></span> <span class='ocrx_word' id='word_1_94' title='bbox 2724 512 2869 567; x_wconf 85' lang='lat' dir='ltr'><strong>Obiit</strong></span> <span class='ocrx_word' id='word_1_95' title='bbox 2914 516 3179 572; x_wconf 85' lang='lat' dir='ltr'><strong>Henricus</strong></span> <span class='ocrx_word' id='word_1_96' title='bbox 3215 534 3405 574; x_wconf 90' lang='lat' dir='ltr'><strong>comes</strong></span> <span class='ocrx_word' id='word_1_97' title='bbox 3433 519 3505 574; x_wconf 90' lang='lat' dir='ltr'><strong>de</strong></span> <span class='ocrx_word' id='word_1_98' title='bbox 3531 519 3627 587; x_wconf 91' lang='lat' dir='ltr'><strong>Ou,</strong></span> <span class='ocrx_word' id='word_1_99' title='bbox 3655 529 3706 576; x_wconf 88' lang='lat' dir='ltr'><strong>et</strong></span> 
     </span>
    </p>
   </div>
   <div class='ocr_carea' id='block_1_18' title="bbox 2096 598 3707 671">
    <p class='ocr_par' dir='ltr' id='par_1_18' title="bbox 2096 598 3707 671">
     <span class='ocr_line' id='line_1_18' title="bbox 2096 598 3707 671; baseline 0.008 -21"><span class='ocrx_word' id='word_1_100' title='bbox 2096 598 2672 654; x_wconf 87' lang='lat' dir='ltr'><strong>successitJohannes</strong></span> <span class='ocrx_word' id='word_1_101' title='bbox 2715 599 2860 655; x_wconf 83' lang='lat' dir='ltr'><strong>ﬁlius</strong></span> <span class='ocrx_word' id='word_1_102' title='bbox 2916 604 3053 671; x_wconf 86' lang='lat' dir='ltr'><strong>ejus.</strong></span> <span class='ocrx_word' id='word_1_103' title='bbox 3122 605 3265 660; x_wconf 86' lang='lat' dir='ltr'><strong>Obiit</strong></span> <span class='ocrx_word' id='word_1_104' title='bbox 3312 607 3574 662; x_wconf 85' lang='lat' dir='ltr'><strong>Tustatus</strong></span> <span class='ocrx_word' id='word_1_105' title='bbox 3625 624 3707 663; x_wconf 89' lang='lat' dir='ltr'><strong>ar-</strong></span> 
     </span>
    </p>
   </div>
   <div class='ocr_carea' id='block_1_19' title="bbox 2095 692 3709 765">
    <p class='ocr_par' dir='ltr' id='par_1_19' title="bbox 2095 692 3709 765">
     <span class='ocr_line' id='line_1_19' title="bbox 2095 692 3709 765; baseline 0.007 -19"><span class='ocrx_word' id='word_1_106' title='bbox 2095 692 2486 765; x_wconf 88' lang='lat' dir='ltr'><strong>chiepisc0pus</strong></span> <span class='ocrx_word' id='word_1_107' title='bbox 2532 694 2918 765; x_wconf 83' lang='lat' dir='ltr'><strong>Eboracensis,</strong></span> <span class='ocrx_word' id='word_1_108' title='bbox 2980 706 3035 753; x_wconf 94' lang='lat' dir='ltr'><strong>et</strong></span> <span class='ocrx_word' id='word_1_109' title='bbox 3077 700 3347 756; x_wconf 89' lang='lat' dir='ltr'><strong>successit</strong></span> <span class='ocrx_word' id='word_1_110' title='bbox 3398 701 3709 757; x_wconf 88' lang='lat' dir='ltr'><strong>Willermus</strong></span> 
     </span>
    </p>
   </div>
   <div class='ocr_carea' id='block_1_20' title="bbox 2097 788 3713 870">
    <p class='ocr_par' dir='ltr' id='par_1_20' title="bbox 2097 788 3713 870">
     <span class='ocr_line' id='line_1_20' title="bbox 2097 788 3713 870; baseline 0.006 -27"><span class='ocrx_word' id='word_1_111' title='bbox 2097 788 2475 843; x_wconf 89' lang='lat' dir='ltr'><strong>thesaurarius</strong></span> <span class='ocrx_word' id='word_1_112' title='bbox 2505 789 2756 858; x_wconf 90' lang='lat' dir='ltr'><strong>ejusdem</strong></span> <span class='ocrx_word' id='word_1_113' title='bbox 2790 793 3045 849; x_wconf 89' lang='lat' dir='ltr'><strong>ecclesie.</strong></span> <span class='ocrx_word' id='word_1_114' title='bbox 3094 795 3239 850; x_wconf 86' lang='lat' dir='ltr'><strong>Obiit</strong></span> <span class='ocrx_word' id='word_1_115' title='bbox 3269 797 3569 854; x_wconf 83' lang='lat' dir='ltr'><strong>Audocnus</strong></span> <span class='ocrx_word' id='word_1_116' title='bbox 3597 798 3713 870; x_wconf 89' lang='lat' dir='ltr'><strong>epi-</strong></span> 
     </span>
    </p>
   </div>
   <div class='ocr_carea' id='block_1_21' title="bbox 2095 881 3713 960">
    <p class='ocr_par' dir='ltr' id='par_1_21' title="bbox 2095 881 3713 960">
     <span class='ocr_line' id='line_1_21' title="bbox 2095 881 3713 960; baseline 0.006 -25"><span class='ocrx_word' id='word_1_117' title='bbox 2095 896 2295 951; x_wconf 85' lang='lat' dir='ltr'><strong>scOpus</strong></span> <span class='ocrx_word' id='word_1_118' title='bbox 2323 881 2669 938; x_wconf 85' lang='lat' dir='ltr'><strong>Ebroicensis</strong></span> <span class='ocrx_word' id='word_1_119' title='bbox 2721 884 2777 940; x_wconf 93' lang='lat' dir='ltr'><strong>in</strong></span> <span class='ocrx_word' id='word_1_120' title='bbox 2810 886 3022 960; x_wconf 82' lang='lat' dir='ltr'><strong>Anglia,</strong></span> <span class='ocrx_word' id='word_1_121' title='bbox 3052 894 3109 942; x_wconf 91' lang='lat' dir='ltr'><strong>et</strong></span> <span class='ocrx_word' id='word_1_122' title='bbox 3147 889 3415 944; x_wconf 83' lang='lat' dir='ltr'><strong>successit</strong></span> <span class='ocrx_word' id='word_1_123' title='bbox 3444 890 3713 946; x_wconf 85' lang='lat' dir='ltr'><strong>Rotrodus</strong></span> 
     </span>
    </p>
   </div>
   <div class='ocr_carea' id='block_1_22' title="bbox 2094 971 3714 1047">
    <p class='ocr_par' dir='ltr' id='par_1_22' title="bbox 2094 971 3714 1047">
     <span class='ocr_line' id='line_1_22' title="bbox 2094 971 3714 1047; baseline 0.006 -21"><span class='ocrx_word' id='word_1_124' title='bbox 2094 971 2176 1027; x_wconf 88' lang='lat' dir='ltr'><strong>vir</strong></span> <span class='ocrx_word' id='word_1_125' title='bbox 2203 973 2519 1047; x_wconf 87' lang='lat' dir='ltr'><strong>religiosus,</strong></span> <span class='ocrx_word' id='word_1_126' title='bbox 2550 974 2714 1031; x_wconf 87' lang='lat' dir='ltr'><strong>bonis</strong></span> <span class='ocrx_word' id='word_1_127' title='bbox 2743 985 2973 1033; x_wconf 91' lang='lat' dir='ltr'><strong>ornatus</strong></span> <span class='ocrx_word' id='word_1_128' title='bbox 3025 980 3272 1036; x_wconf 89' lang='lat' dir='ltr'><strong>moribus</strong></span> <span class='ocrx_word' id='word_1_129' title='bbox 3316 987 3372 1037; x_wconf 89' lang='lat' dir='ltr'><strong>et</strong></span> <span class='ocrx_word' id='word_1_130' title='bbox 3400 982 3634 1037; x_wconf 91' lang='lat' dir='ltr'><strong>dilectus</strong></span> <span class='ocrx_word' id='word_1_131' title='bbox 3654 984 3714 1038; x_wconf 81' lang='lat' dir='ltr'><strong>ab</strong></span> 
     </span>
    </p>
   </div>
   <div class='ocr_carea' id='block_1_23' title="bbox 2108 1060 3714 1127">
    <p class='ocr_par' dir='ltr' id='par_1_23' title="bbox 2108 1060 3714 1127">
     <span class='ocr_line' id='line_1_23' title="bbox 2108 1060 3714 1127; baseline 0.006 -11"><span class='ocrx_word' id='word_1_132' title='bbox 2108 1061 2387 1127; x_wconf 86' lang='lat' dir='ltr'><strong>omnibus,</strong></span> <span class='ocrx_word' id='word_1_133' title='bbox 2422 1060 2567 1117; x_wconf 86' lang='lat' dir='ltr'><strong>ﬁlius</strong></span> <span class='ocrx_word' id='word_1_134' title='bbox 2607 1063 2823 1121; x_wconf 82' lang='lat' dir='ltr'><strong>Henrici</strong></span> <span class='ocrx_word' id='word_1_135' title='bbox 2869 1067 3091 1122; x_wconf 89' lang='lat' dir='ltr'><strong>comitis</strong></span> <span class='ocrx_word' id='word_1_136' title='bbox 3135 1069 3205 1123; x_wconf 92' lang='lat' dir='ltr'><strong>de</strong></span> <span class='ocrx_word' id='word_1_137' title='bbox 3224 1069 3479 1125; x_wconf 80' lang='lat' dir='ltr'><strong>Warwic.</strong></span> <span class='ocrx_word' id='word_1_138' title='bbox 3514 1070 3714 1126; x_wconf 83' lang='lat' dir='ltr'><strong>Gaufri-</strong></span> 
     </span>
    </p>
   </div>
   <div class='ocr_carea' id='block_1_24' title="bbox 2110 1153 3717 1232">
    <p class='ocr_par' dir='ltr' id='par_1_24' title="bbox 2110 1153 3717 1232">
     <span class='ocr_line' id='line_1_24' title="bbox 2110 1153 3717 1232; baseline 0.006 -25"><span class='ocrx_word' id='word_1_139' title='bbox 2110 1153 2213 1208; x_wconf 92' lang='lat' dir='ltr'><strong>dus</strong></span> <span class='ocrx_word' id='word_1_140' title='bbox 2252 1170 2438 1209; x_wconf 90' lang='lat' dir='ltr'><strong>comes</strong></span> <span class='ocrx_word' id='word_1_141' title='bbox 2464 1156 2878 1230; x_wconf 83' lang='lat' dir='ltr'><strong>Andegavensis</strong></span> <span class='ocrx_word' id='word_1_142' title='bbox 2908 1159 3128 1214; x_wconf 87' lang='lat' dir='ltr'><strong>obsedit</strong></span> <span class='ocrx_word' id='word_1_143' title='bbox 3156 1170 3210 1215; x_wconf 91' lang='lat' dir='ltr'><strong>et</strong></span> <span class='ocrx_word' id='word_1_144' title='bbox 3236 1170 3426 1232; x_wconf 89' lang='lat' dir='ltr'><strong>postea</strong></span> <span class='ocrx_word' id='word_1_145' title='bbox 3459 1162 3717 1217; x_wconf 83' lang='lat' dir='ltr'><strong>destruxit</strong></span> 
     </span>
    </p>
   </div>
   <div class='ocr_carea' id='block_1_25' title="bbox 2112 1246 3719 1321">
    <p class='ocr_par' dir='ltr' id='par_1_25' title="bbox 2112 1246 3719 1321">
     <span class='ocr_line' id='line_1_25' title="bbox 2112 1246 3719 1321; baseline 0.004 -21"><span class='ocrx_word' id='word_1_146' title='bbox 2112 1246 2168 1300; x_wconf 90' lang='lat' dir='ltr'><strong>in</strong></span> <span class='ocrx_word' id='word_1_147' title='bbox 2199 1246 2475 1302; x_wconf 90' lang='lat' dir='ltr'><strong>Oximensi</strong></span> <span class='ocrx_word' id='word_1_148' title='bbox 2509 1264 2649 1321; x_wconf 89' lang='lat' dir='ltr'><strong>pago</strong></span> <span class='ocrx_word' id='word_1_149' title='bbox 2681 1251 2967 1305; x_wconf 89' lang='lat' dir='ltr'><strong>castellum</strong></span> <span class='ocrx_word' id='word_1_150' title='bbox 3001 1251 3383 1317; x_wconf 85' lang='lat' dir='ltr'><strong>Fontanetum,</strong></span> <span class='ocrx_word' id='word_1_151' title='bbox 3424 1253 3719 1308; x_wconf 88' lang='lat' dir='ltr'><strong>munitissi-</strong></span> 
     </span>
    </p>
   </div>
   <div class='ocr_carea' id='block_1_26' title="bbox 2115 1343 3719 1414">
    <p class='ocr_par' dir='ltr' id='par_1_26' title="bbox 2115 1343 3719 1414">
     <span class='ocr_line' id='line_1_26' title="bbox 2115 1343 3719 1414; baseline 0.006 -23"><span class='ocrx_word' id='word_1_152' title='bbox 2115 1354 2268 1392; x_wconf 88' lang='lat' dir='ltr'><strong>mum</strong></span> <span class='ocrx_word' id='word_1_153' title='bbox 2288 1346 2342 1393; x_wconf 92' lang='lat' dir='ltr'><strong>et</strong></span> <span class='ocrx_word' id='word_1_154' title='bbox 2373 1347 2485 1395; x_wconf 89' lang='lat' dir='ltr'><strong>arte</strong></span> <span class='ocrx_word' id='word_1_155' title='bbox 2537 1348 2591 1395; x_wconf 91' lang='lat' dir='ltr'><strong>ct</strong></span> <span class='ocrx_word' id='word_1_156' title='bbox 2643 1348 2859 1410; x_wconf 88' lang='lat' dir='ltr'><strong>natura,</strong></span> <span class='ocrx_word' id='word_1_157' title='bbox 2916 1343 3046 1414; x_wconf 85' lang='lat' dir='ltr'><strong>quia</strong></span> <span class='ocrx_word' id='word_1_158' title='bbox 3102 1344 3376 1399; x_wconf 90' lang='lat' dir='ltr'><strong>Robertus</strong></span> <span class='ocrx_word' id='word_1_159' title='bbox 3417 1344 3719 1412; x_wconf 81' lang='lat' dir='ltr'><strong>Marminm,</strong></span> 
     </span>
    </p>
   </div>
   <div class='ocr_carea' id='block_1_27' title="bbox 2118 1428 3726 1499">
    <p class='ocr_par' dir='ltr' id='par_1_27' title="bbox 2118 1428 3726 1499">
     <span class='ocr_line' id='line_1_27' title="bbox 2118 1428 3726 1499; baseline 0.004 -17"><span class='ocrx_word' id='word_1_160' title='bbox 2118 1428 2376 1483; x_wconf 91' lang='lat' dir='ltr'><strong>dominus</strong></span> <span class='ocrx_word' id='word_1_161' title='bbox 2404 1429 2576 1499; x_wconf 90' lang='lat' dir='ltr'><strong>ipsius</strong></span> <span class='ocrx_word' id='word_1_162' title='bbox 2628 1431 2861 1499; x_wconf 80' lang='lat' dir='ltr'><strong>castelli,</strong></span> <span class='ocrx_word' id='word_1_163' title='bbox 2892 1433 3113 1487; x_wconf 87' lang='lat' dir='ltr'><strong>tenebat</strong></span> <span class='ocrx_word' id='word_1_164' title='bbox 3162 1442 3354 1489; x_wconf 86' lang='lat' dir='ltr'><strong>contra</strong></span> <span class='ocrx_word' id='word_1_165' title='bbox 3404 1450 3533 1488; x_wconf 92' lang='lat' dir='ltr'><strong>eum</strong></span> <span class='ocrx_word' id='word_1_166' title='bbox 3579 1434 3726 1489; x_wconf 83' lang='lat' dir='ltr'><strong>Fale—</strong></span> 
     </span>
    </p>
   </div>
   <div class='ocr_carea' id='block_1_28' title="bbox 386 1504 3728 1605">
    <p class='ocr_par' dir='ltr' id='par_1_28' title="bbox 386 1504 3728 1605">
     <span class='ocr_line' id='line_1_28' title="bbox 386 1504 3728 1605; baseline 0.001 -24"><span class='ocrx_word' id='word_1_167' title='bbox 386 1542 577 1581; x_wconf 90' lang='lat' dir='ltr'><strong>mense</strong></span> <span class='ocrx_word' id='word_1_168' title='bbox 609 1526 855 1600; x_wconf 81' lang='lat' dir='ltr'><strong>Augusto</strong></span> <span class='ocrx_word' id='word_1_169' title='bbox 922 1524 1259 1579; x_wconf 86' lang='lat' dir='ltr'><strong>transierunt</strong></span> <span class='ocrx_word' id='word_1_170' title='bbox 1288 1525 1343 1578; x_wconf 92' lang='lat' dir='ltr'><strong>in</strong></span> <span class='ocrx_word' id='word_1_171' title='bbox 1382 1526 1651 1601; x_wconf 84' lang='lat' dir='ltr'><strong>Angliam.</strong></span> <span class='ocrx_word' id='word_1_172' title='bbox 1688 1504 2020 1605; x_wconf 57' lang='lat' dir='ltr'><strong>lnvitavera;</strong></span> <span class='ocrx_word' id='word_1_173' title='bbox 2119 1518 2275 1572; x_wconf 55' lang='lat' dir='ltr'><strong>Siﬂm.</strong></span> <span class='ocrx_word' id='word_1_174' title='bbox 2308 1519 2574 1575; x_wconf 62' lang='lat' dir='ltr'><strong>Henricus</strong></span> <span class='ocrx_word' id='word_1_175' title='bbox 2604 1520 2750 1592; x_wconf 75' lang='grc'>(592)</span> <span class='ocrx_word' id='word_1_176' title='bbox 2810 1521 2869 1577; x_wconf 76' lang='lat' dir='ltr'><strong>ﬁt</strong></span> <span class='ocrx_word' id='word_1_177' title='bbox 2898 1523 3071 1577; x_wconf 81' lang='lat' dir='ltr'><strong>abbas</strong></span> <span class='ocrx_word' id='word_1_178' title='bbox 3124 1523 3534 1591; x_wconf 80' lang='lat' dir='ltr'><strong>Fiscannensis,</strong></span> <span class='ocrx_word' id='word_1_179' title='bbox 3564 1541 3728 1597; x_wconf 85' lang='lat' dir='ltr'><strong>nepos</strong></span> 
     </span>
    </p>
   </div>
   <div class='ocr_carea' id='block_1_29' title="bbox 383 1613 2580 1687">
    <p class='ocr_par' dir='ltr' id='par_1_29' title="bbox 383 1613 2580 1687">
     <span class='ocr_line' id='line_1_29' title="bbox 383 1613 2580 1687; baseline -0 -16"><span class='ocrx_word' id='word_1_180' title='bbox 383 1616 533 1671; x_wconf 91' lang='lat' dir='ltr'><strong>enim</strong></span> <span class='ocrx_word' id='word_1_181' title='bbox 566 1631 663 1670; x_wconf 92' lang='lat' dir='ltr'><strong>eos</strong></span> <span class='ocrx_word' id='word_1_182' title='bbox 714 1614 1039 1668; x_wconf 86' lang='lat' dir='ltr'><strong>Willermus</strong></span> <span class='ocrx_word' id='word_1_183' title='bbox 1070 1614 1137 1667; x_wconf 89' lang='lat' dir='ltr'><strong>de</strong></span> <span class='ocrx_word' id='word_1_184' title='bbox 1190 1616 1511 1681; x_wconf 79' lang='lat' dir='ltr'><strong>Albinneio,</strong></span> <span class='ocrx_word' id='word_1_185' title='bbox 1543 1617 1636 1687; x_wconf 92' lang='lat' dir='ltr'><strong>qui</strong></span> <span class='ocrx_word' id='word_1_186' title='bbox 1657 1617 1886 1671; x_wconf 88' lang='lat' dir='ltr'><strong>duxerat</strong></span> <span class='ocrx_word' id='word_1_187' title='bbox 1912 1617 2023 1675; x_wconf 69' lang='lat' dir='ltr'><strong>Eli;</strong></span> <span class='ocrx_word' id='word_1_188' title='bbox 2126 1613 2270 1684; x_wconf 85' lang='lat' dir='ltr'><strong>regis</strong></span> <span class='ocrx_word' id='word_1_189' title='bbox 2297 1614 2580 1685; x_wconf 86' lang='lat' dir='ltr'><strong>Stephani.</strong></span> 
     </span>
    </p>
   </div>
   <div class='ocr_carea' id='block_1_30' title="bbox 387 1702 2011 1777">
    <p class='ocr_par' dir='ltr' id='par_1_30' title="bbox 387 1702 2011 1777">
     <span class='ocr_line' id='line_1_30' title="bbox 387 1702 2011 1777; baseline 0 -17"><span class='ocrx_word' id='word_1_190' title='bbox 387 1705 667 1776; x_wconf 88' lang='lat' dir='ltr'><strong>quondam</strong></span> <span class='ocrx_word' id='word_1_191' title='bbox 692 1703 961 1777; x_wconf 82' lang='lat' dir='ltr'><strong>reginam,</strong></span> <span class='ocrx_word' id='word_1_192' title='bbox 1025 1718 1135 1774; x_wconf 90' lang='lat' dir='ltr'><strong>que</strong></span> <span class='ocrx_word' id='word_1_193' title='bbox 1167 1702 1409 1757; x_wconf 86' lang='lat' dir='ltr'><strong>habebat</strong></span> <span class='ocrx_word' id='word_1_194' title='bbox 1441 1705 1722 1759; x_wconf 90' lang='lat' dir='ltr'><strong>castellum</strong></span> <span class='ocrx_word' id='word_1_195' title='bbox 1755 1713 1809 1760; x_wconf 92' lang='lat' dir='ltr'><strong>et</strong></span> <span class='ocrx_word' id='word_1_196' title='bbox 1840 1705 2011 1760; x_wconf 90' lang='lat' dir='ltr'><strong>comi-</strong></span> 
     </span>
    </p>
   </div>
   <div class='ocr_carea' id='block_1_31' title="bbox 386 1797 2010 1868">
    <p class='ocr_par' dir='ltr' id='par_1_31' title="bbox 386 1797 2010 1868">
     <span class='ocr_line' id='line_1_31' title="bbox 386 1797 2010 1868; baseline -0.001 -12"><span class='ocrx_word' id='word_1_197' title='bbox 386 1808 562 1856; x_wconf 92' lang='lat' dir='ltr'><strong>tatum</strong></span> <span class='ocrx_word' id='word_1_198' title='bbox 605 1797 900 1863; x_wconf 85' lang='lat' dir='ltr'><strong>Harundel,</strong></span> <span class='ocrx_word' id='word_1_199' title='bbox 932 1797 1078 1868; x_wconf 90' lang='lat' dir='ltr'><strong>quod</strong></span> <span class='ocrx_word' id='word_1_200' title='bbox 1130 1813 1225 1851; x_wconf 84' lang='lat' dir='ltr'><strong>rex</strong></span> <span class='ocrx_word' id='word_1_201' title='bbox 1292 1797 1556 1852; x_wconf 86' lang='lat' dir='ltr'><strong>Henricus</strong></span> <span class='ocrx_word' id='word_1_202' title='bbox 1610 1799 1839 1854; x_wconf 87' lang='lat' dir='ltr'><strong>dederat</strong></span> <span class='ocrx_word' id='word_1_203' title='bbox 1871 1801 1919 1854; x_wconf 93' lang='lat' dir='ltr'><strong>ei</strong></span> <span class='ocrx_word' id='word_1_204' title='bbox 1954 1800 2010 1854; x_wconf 91' lang='lat' dir='ltr'><strong>in</strong></span> 
     </span>
    </p>
   </div>
   <div class='ocr_carea' id='block_1_32' title="bbox 390 1886 2012 1958">
    <p class='ocr_par' dir='ltr' id='par_1_32' title="bbox 390 1886 2012 1958">
     <span class='ocr_line' id='line_1_32' title="bbox 390 1886 2012 1958; baseline 0.001 -15"><span class='ocrx_word' id='word_1_205' title='bbox 390 1889 542 1943; x_wconf 90' lang='lat' dir='ltr'><strong>dote.</strong></span> <span class='ocrx_word' id='word_1_206' title='bbox 574 1887 916 1958; x_wconf 73' lang='lat' dir='ltr'><strong>Appulerunt</strong></span> <span class='ocrx_word' id='word_1_207' title='bbox 963 1886 1151 1958; x_wconf 86' lang='lat' dir='ltr'><strong>itaque</strong></span> <span class='ocrx_word' id='word_1_208' title='bbox 1183 1887 1330 1956; x_wconf 90' lang='lat' dir='ltr'><strong>apud</strong></span> <span class='ocrx_word' id='word_1_209' title='bbox 1365 1886 1663 1955; x_wconf 89' lang='lat' dir='ltr'><strong>Harundel,</strong></span> <span class='ocrx_word' id='word_1_210' title='bbox 1709 1888 1836 1958; x_wconf 90' lang='lat' dir='ltr'><strong>quia</strong></span> <span class='ocrx_word' id='word_1_211' title='bbox 1882 1896 2012 1944; x_wconf 91' lang='lat' dir='ltr'><strong>tunc</strong></span> 
     </span>
    </p>
   </div>
   <div class='ocr_carea' id='block_1_33' title="bbox 389 1974 2013 2046">
    <p class='ocr_par' dir='ltr' id='par_1_33' title="bbox 389 1974 2013 2046">
     <span class='ocr_line' id='line_1_33' title="bbox 389 1974 2013 2046; baseline -0.002 -15"><span class='ocrx_word' id='word_1_212' title='bbox 389 1976 558 2031; x_wconf 89' lang='lat' dir='ltr'><strong>alium</strong></span> <span class='ocrx_word' id='word_1_213' title='bbox 599 1981 814 2046; x_wconf 91' lang='lat' dir='ltr'><strong>portum</strong></span> <span class='ocrx_word' id='word_1_214' title='bbox 845 1989 955 2028; x_wconf 93' lang='lat' dir='ltr'><strong>non</strong></span> <span class='ocrx_word' id='word_1_215' title='bbox 978 1974 1280 2028; x_wconf 82' lang='lat' dir='ltr'><strong>habebant.</strong></span> <span class='ocrx_word' id='word_1_216' title='bbox 1335 1974 1538 2028; x_wconf 83' lang='lat' dir='ltr'><strong>Exinde</strong></span> <span class='ocrx_word' id='word_1_217' title='bbox 1576 1990 1764 2030; x_wconf 89' lang='lat' dir='ltr'><strong>comes</strong></span> <span class='ocrx_word' id='word_1_218' title='bbox 1800 1974 2013 2029; x_wconf 75' lang='lat' dir='ltr'><strong>ltober-</strong></span> 
     </span>
    </p>
   </div>
   <div class='ocr_carea' id='block_1_34' title="bbox 396 2068 2015 2140">
    <p class='ocr_par' dir='ltr' id='par_1_34' title="bbox 396 2068 2015 2140">
     <span class='ocr_line' id='line_1_34' title="bbox 396 2068 2015 2140; baseline -0.002 -14"><span class='ocrx_word' id='word_1_219' title='bbox 396 2078 484 2126; x_wconf 88' lang='lat' dir='ltr'><strong>tus</strong></span> <span class='ocrx_word' id='word_1_220' title='bbox 510 2086 631 2125; x_wconf 91' lang='lat' dir='ltr'><strong>cum</strong></span> <span class='ocrx_word' id='word_1_221' title='bbox 659 2069 859 2124; x_wconf 86' lang='lat' dir='ltr'><strong>decem</strong></span> <span class='ocrx_word' id='word_1_222' title='bbox 892 2068 1162 2123; x_wconf 89' lang='lat' dir='ltr'><strong>militibus</strong></span> <span class='ocrx_word' id='word_1_223' title='bbox 1207 2075 1261 2124; x_wconf 88' lang='lat' dir='ltr'><strong>et</strong></span> <span class='ocrx_word' id='word_1_224' title='bbox 1291 2069 1483 2124; x_wconf 89' lang='lat' dir='ltr'><strong>decem</strong></span> <span class='ocrx_word' id='word_1_225' title='bbox 1517 2070 1868 2140; x_wconf 88' lang='lat' dir='ltr'><strong>equestribus</strong></span> <span class='ocrx_word' id='word_1_226' title='bbox 1923 2086 2015 2123; x_wconf 89' lang='lat' dir='ltr'><strong>sa-</strong></span> 
     </span>
    </p>
   </div>
   <div class='ocr_carea' id='block_1_35' title="bbox 394 2160 2017 2235">
    <p class='ocr_par' dir='ltr' id='par_1_35' title="bbox 394 2160 2017 2235">
     <span class='ocr_line' id='line_1_35' title="bbox 394 2160 2017 2235; baseline -0.002 -18"><span class='ocrx_word' id='word_1_227' title='bbox 394 2163 633 2235; x_wconf 85' lang='lat' dir='ltr'><strong>gittariis</strong></span> <span class='ocrx_word' id='word_1_228' title='bbox 660 2178 761 2233; x_wconf 88' lang='lat' dir='ltr'><strong>per</strong></span> <span class='ocrx_word' id='word_1_229' title='bbox 786 2161 1024 2215; x_wconf 89' lang='lat' dir='ltr'><strong>mediam</strong></span> <span class='ocrx_word' id='word_1_230' title='bbox 1058 2170 1254 2215; x_wconf 91' lang='lat' dir='ltr'><strong>terram</strong></span> <span class='ocrx_word' id='word_1_231' title='bbox 1295 2160 1558 2231; x_wconf 91' lang='lat' dir='ltr'><strong>Stephani</strong></span> <span class='ocrx_word' id='word_1_232' title='bbox 1591 2160 1735 2232; x_wconf 86' lang='lat' dir='ltr'><strong>regis</strong></span> <span class='ocrx_word' id='word_1_233' title='bbox 1773 2160 2017 2231; x_wconf 90' lang='lat' dir='ltr'><strong>pernici-</strong></span> 
     </span>
    </p>
   </div>
   <div class='ocr_carea' id='block_1_36' title="bbox 394 2253 2013 2327">
    <p class='ocr_par' dir='ltr' id='par_1_36' title="bbox 394 2253 2013 2327">
     <span class='ocr_line' id='line_1_36' title="bbox 394 2253 2013 2327; baseline -0.002 -16"><span class='ocrx_word' id='word_1_234' title='bbox 394 2264 478 2311; x_wconf 90' lang='lat' dir='ltr'><strong>ter</strong></span> <span class='ocrx_word' id='word_1_235' title='bbox 501 2256 653 2311; x_wconf 80' lang='lat' dir='ltr'><strong>venit</strong></span> <span class='ocrx_word' id='word_1_236' title='bbox 686 2254 1139 2327; x_wconf 78' lang='lat' dir='ltr'><strong>Warenguel‘ord,</strong></span> <span class='ocrx_word' id='word_1_237' title='bbox 1161 2260 1214 2309; x_wconf 87' lang='lat' dir='ltr'><strong>et</strong></span> <span class='ocrx_word' id='word_1_238' title='bbox 1254 2254 1381 2307; x_wconf 89' lang='lat' dir='ltr'><strong>inde</strong></span> <span class='ocrx_word' id='word_1_239' title='bbox 1404 2253 1759 2318; x_wconf 87' lang='lat' dir='ltr'><strong>Gloecestrie,</strong></span> <span class='ocrx_word' id='word_1_240' title='bbox 1793 2261 1847 2307; x_wconf 90' lang='lat' dir='ltr'><strong>et</strong></span> <span class='ocrx_word' id='word_1_241' title='bbox 1877 2270 2013 2307; x_wconf 90' lang='lat' dir='ltr'><strong>nun-</strong></span> 
     </span>
    </p>
   </div>
   <div class='ocr_carea' id='block_1_37' title="bbox 394 2342 2014 2413">
    <p class='ocr_par' dir='ltr' id='par_1_37' title="bbox 394 2342 2014 2413">
     <span class='ocr_line' id='line_1_37' title="bbox 394 2342 2014 2413; baseline -0.003 -12"><span class='ocrx_word' id='word_1_242' title='bbox 394 2344 865 2401; x_wconf 86' lang='lat' dir='ltr'><strong>tiavitadventum</strong></span> <span class='ocrx_word' id='word_1_243' title='bbox 922 2343 1290 2413; x_wconf 89' lang='lat' dir='ltr'><strong>imperatricis</strong></span> <span class='ocrx_word' id='word_1_244' title='bbox 1323 2343 1565 2397; x_wconf 87' lang='lat' dir='ltr'><strong>Bricntio</strong></span> <span class='ocrx_word' id='word_1_245' title='bbox 1623 2342 1735 2397; x_wconf 83' lang='lat' dir='ltr'><strong>ﬁlio</strong></span> <span class='ocrx_word' id='word_1_246' title='bbox 1793 2343 2014 2397; x_wconf 83' lang='lat' dir='ltr'><strong>comitis</strong></span> 
     </span>
    </p>
   </div>
   <div class='ocr_carea' id='block_1_38' title="bbox 395 2436 2010 2509">
    <p class='ocr_par' dir='ltr' id='par_1_38' title="bbox 395 2436 2010 2509">
     <span class='ocr_line' id='line_1_38' title="bbox 395 2436 2010 2509; baseline -0.002 -14"><span class='ocrx_word' id='word_1_247' title='bbox 395 2449 449 2495; x_wconf 91' lang='lat' dir='ltr'><strong>et</strong></span> <span class='ocrx_word' id='word_1_248' title='bbox 503 2438 691 2494; x_wconf 84' lang='lat' dir='ltr'><strong>Miloni</strong></span> <span class='ocrx_word' id='word_1_249' title='bbox 742 2438 813 2492; x_wconf 91' lang='lat' dir='ltr'><strong>de</strong></span> <span class='ocrx_word' id='word_1_250' title='bbox 868 2436 1225 2503; x_wconf 86' lang='lat' dir='ltr'><strong>Gloecestrie,</strong></span> <span class='ocrx_word' id='word_1_251' title='bbox 1308 2454 1469 2508; x_wconf 86' lang='lat' dir='ltr'><strong>quam</strong></span> <span class='ocrx_word' id='word_1_252' title='bbox 1542 2438 1846 2509; x_wconf 85' lang='lat' dir='ltr'><strong>reliquerat</strong></span> <span class='ocrx_word' id='word_1_253' title='bbox 1888 2453 2010 2491; x_wconf 92' lang='lat' dir='ltr'><strong>cum</strong></span> 
     </span>
    </p>
   </div>
   <div class='ocr_carea' id='block_1_39' title="bbox 392 2527 2011 2597">
    <p class='ocr_par' dir='ltr' id='par_1_39' title="bbox 392 2527 2011 2597">
     <span class='ocr_line' id='line_1_39' title="bbox 392 2527 2011 2597; baseline -0.002 -14"><span class='ocrx_word' id='word_1_254' title='bbox 392 2543 561 2583; x_wconf 91' lang='lat' dir='ltr'><strong>uxore</strong></span> <span class='ocrx_word' id='word_1_255' title='bbox 582 2545 681 2582; x_wconf 90' lang='lat' dir='ltr'><strong>sua</strong></span> <span class='ocrx_word' id='word_1_256' title='bbox 713 2535 766 2582; x_wconf 90' lang='lat' dir='ltr'><strong>et</strong></span> <span class='ocrx_word' id='word_1_257' title='bbox 796 2527 919 2581; x_wconf 90' lang='lat' dir='ltr'><strong>aliis</strong></span> <span class='ocrx_word' id='word_1_258' title='bbox 974 2527 1391 2597; x_wconf 89' lang='lat' dir='ltr'><strong>impedimentis</strong></span> <span class='ocrx_word' id='word_1_259' title='bbox 1424 2527 1478 2581; x_wconf 93' lang='lat' dir='ltr'><strong>in</strong></span> <span class='ocrx_word' id='word_1_260' title='bbox 1534 2528 1760 2582; x_wconf 90' lang='lat' dir='ltr'><strong>castello</strong></span> <span class='ocrx_word' id='word_1_261' title='bbox 1794 2527 2011 2581; x_wconf 85' lang='lat' dir='ltr'><strong>Harun-</strong></span> 
     </span>
    </p>
   </div>
   <div class='ocr_carea' id='block_1_40' title="bbox 397 2618 2011 2689">
    <p class='ocr_par' dir='ltr' id='par_1_40' title="bbox 397 2618 2011 2689">
     <span class='ocr_line' id='line_1_40' title="bbox 397 2618 2011 2689; baseline -0.002 -14"><span class='ocrx_word' id='word_1_262' title='bbox 397 2621 509 2688; x_wconf 93' lang='lat' dir='ltr'><strong>del,</strong></span> <span class='ocrx_word' id='word_1_263' title='bbox 532 2620 625 2676; x_wconf 90' lang='lat' dir='ltr'><strong>ubi</strong></span> <span class='ocrx_word' id='word_1_264' title='bbox 659 2636 750 2675; x_wconf 90' lang='lat' dir='ltr'><strong>rex</strong></span> <span class='ocrx_word' id='word_1_265' title='bbox 772 2620 1080 2689; x_wconf 89' lang='lat' dir='ltr'><strong>Stephanus</strong></span> <span class='ocrx_word' id='word_1_266' title='bbox 1107 2619 1328 2674; x_wconf 90' lang='lat' dir='ltr'><strong>obsedit</strong></span> <span class='ocrx_word' id='word_1_267' title='bbox 1356 2620 1610 2684; x_wconf 91' lang='lat' dir='ltr'><strong>eam,sed</strong></span> <span class='ocrx_word' id='word_1_268' title='bbox 1636 2625 1827 2689; x_wconf 90' lang='lat' dir='ltr'><strong>postea</strong></span> <span class='ocrx_word' id='word_1_269' title='bbox 1857 2618 2011 2672; x_wconf 92' lang='lat' dir='ltr'><strong>abire</strong></span> 
     </span>
    </p>
   </div>
   <div class='ocr_carea' id='block_1_41' title="bbox 397 2706 2013 2781">
    <p class='ocr_par' dir='ltr' id='par_1_41' title="bbox 397 2706 2013 2781">
     <span class='ocr_line' id='line_1_41' title="bbox 397 2706 2013 2781; baseline -0.004 -15"><span class='ocrx_word' id='word_1_270' title='bbox 397 2710 829 2781; x_wconf 90' lang='lat' dir='ltr'><strong>permisitpacto</strong></span> <span class='ocrx_word' id='word_1_271' title='bbox 870 2709 1106 2779; x_wconf 91' lang='lat' dir='ltr'><strong>quodam</strong></span> <span class='ocrx_word' id='word_1_272' title='bbox 1159 2708 1223 2762; x_wconf 91' lang='lat' dir='ltr'><strong>ad</strong></span> <span class='ocrx_word' id='word_1_273' title='bbox 1290 2708 1547 2763; x_wconf 82' lang='lat' dir='ltr'><strong>Bristout.</strong></span> <span class='ocrx_word' id='word_1_274' title='bbox 1583 2706 2013 2778; x_wconf 84' lang='lat' dir='ltr'><strong>ObiitRogerius</strong></span> 
     </span>
    </p>
   </div>
   <div class='ocr_carea' id='block_1_42' title="bbox 400 2796 2013 2870">
    <p class='ocr_par' dir='ltr' id='par_1_42' title="bbox 400 2796 2013 2870">
     <span class='ocr_line' id='line_1_42' title="bbox 400 2796 2013 2870; baseline -0.002 -18"><span class='ocrx_word' id='word_1_275' title='bbox 400 2799 683 2870; x_wconf 91' lang='lat' dir='ltr'><strong>predictus</strong></span> <span class='ocrx_word' id='word_1_276' title='bbox 706 2798 1005 2867; x_wconf 84' lang='lat' dir='ltr'><strong>episcOpus</strong></span> <span class='ocrx_word' id='word_1_277' title='bbox 1057 2797 1512 2863; x_wconf 81' lang='lat' dir='ltr'><strong>Salesberiensis,</strong></span> <span class='ocrx_word' id='word_1_278' title='bbox 1546 2805 1651 2852; x_wconf 91' lang='lat' dir='ltr'><strong>tam</strong></span> <span class='ocrx_word' id='word_1_279' title='bbox 1700 2812 1917 2851; x_wconf 86' lang='lat' dir='ltr'><strong>merore</strong></span> <span class='ocrx_word' id='word_1_280' title='bbox 1945 2796 2013 2830; x_wconf 74' lang='grc'><strong>⁵⁸⁵</strong></span> 
     </span>
    </p>
   </div>
   <div class='ocr_carea' id='block_1_43' title="bbox 404 2888 2017 2962">
    <p class='ocr_par' dir='ltr' id='par_1_43' title="bbox 404 2888 2017 2962">
     <span class='ocr_line' id='line_1_43' title="bbox 404 2888 2017 2962; baseline -0.001 -18"><span class='ocrx_word' id='word_1_281' title='bbox 404 2906 567 2962; x_wconf 89' lang='lat' dir='ltr'><strong>quam</strong></span> <span class='ocrx_word' id='word_1_282' title='bbox 590 2889 747 2943; x_wconf 91' lang='lat' dir='ltr'><strong>senio</strong></span> <span class='ocrx_word' id='word_1_283' title='bbox 775 2888 1079 2943; x_wconf 91' lang='lat' dir='ltr'><strong>confectus.</strong></span> <span class='ocrx_word' id='word_1_284' title='bbox 1116 2890 1477 2944; x_wconf 88' lang='lat' dir='ltr'><strong>Innocentius</strong></span> <span class='ocrx_word' id='word_1_285' title='bbox 1511 2907 1651 2961; x_wconf 89' lang='lat' dir='ltr'><strong>papa</strong></span> <span class='ocrx_word' id='word_1_286' title='bbox 1682 2890 1857 2945; x_wconf 88' lang='lat' dir='ltr'><strong>tenuit</strong></span> <span class='ocrx_word' id='word_1_287' title='bbox 1882 2905 2017 2945; x_wconf 91' lang='lat' dir='ltr'><strong>con-</strong></span> 
     </span>
    </p>
   </div>
   <div class='ocr_carea' id='block_1_44' title="bbox 400 2980 2014 3045">
    <p class='ocr_par' dir='ltr' id='par_1_44' title="bbox 400 2980 2014 3045">
     <span class='ocr_line' id='line_1_44' title="bbox 400 2980 2014 3045; baseline 0 -8"><span class='ocrx_word' id='word_1_288' title='bbox 400 2983 584 3038; x_wconf 81' lang='lat' dir='ltr'><strong>cilium</strong></span> <span class='ocrx_word' id='word_1_289' title='bbox 613 2981 805 3045; x_wconf 91' lang='lat' dir='ltr'><strong>Rome,</strong></span> <span class='ocrx_word' id='word_1_290' title='bbox 832 2980 917 3034; x_wconf 91' lang='lat' dir='ltr'><strong>cui</strong></span> <span class='ocrx_word' id='word_1_291' title='bbox 959 2980 1209 3035; x_wconf 80' lang='lat' dir='ltr'><strong>interfuit</strong></span> <span class='ocrx_word' id='word_1_292' title='bbox 1260 2981 1575 3035; x_wconf 88' lang='lat' dir='ltr'><strong>Thehaldus</strong></span> <span class='ocrx_word' id='word_1_293' title='bbox 1607 2982 2014 3037; x_wconf 88' lang='lat' dir='ltr'><strong>Cantuariensis</strong></span> 
     </span>
    </p>
   </div>
   <div class='ocr_carea' id='block_1_45' title="bbox 402 3069 2015 3141">
    <p class='ocr_par' dir='ltr' id='par_1_45' title="bbox 402 3069 2015 3141">
     <span class='ocr_line' id='line_1_45' title="bbox 402 3069 2015 3141; baseline -0.001 -14"><span class='ocrx_word' id='word_1_294' title='bbox 402 3070 872 3141; x_wconf 89' lang='lat' dir='ltr'><strong>archiepiscopus.</strong></span> <span class='ocrx_word' id='word_1_295' title='bbox 922 3069 1139 3124; x_wconf 84' lang='lat' dir='ltr'><strong>Electus</strong></span> <span class='ocrx_word' id='word_1_296' title='bbox 1216 3077 1298 3123; x_wconf 91' lang='lat' dir='ltr'><strong>est</strong></span> <span class='ocrx_word' id='word_1_297' title='bbox 1355 3077 1409 3124; x_wconf 92' lang='lat' dir='ltr'><strong>et</strong></span> <span class='ocrx_word' id='word_1_298' title='bbox 1456 3071 1787 3125; x_wconf 90' lang='lat' dir='ltr'><strong>constitutus</strong></span> <span class='ocrx_word' id='word_1_299' title='bbox 1844 3070 2015 3126; x_wconf 86' lang='lat' dir='ltr'><strong>abbas</strong></span> 
     </span>
    </p>
   </div>
   <div class='ocr_carea' id='block_1_46' title="bbox 404 3164 2009 3239">
    <p class='ocr_par' dir='ltr' id='par_1_46' title="bbox 404 3164 2009 3239">
     <span class='ocr_line' id='line_1_46' title="bbox 404 3164 2009 3239; baseline 0 -18"><span class='ocrx_word' id='word_1_300' title='bbox 404 3166 698 3221; x_wconf 91' lang='lat' dir='ltr'><strong>Beccensis</strong></span> <span class='ocrx_word' id='word_1_301' title='bbox 721 3164 974 3230; x_wconf 90' lang='lat' dir='ltr'><strong>ecclesie,</strong></span> <span class='ocrx_word' id='word_1_302' title='bbox 1006 3165 1074 3218; x_wconf 91' lang='lat' dir='ltr'><strong>ab</strong></span> <span class='ocrx_word' id='word_1_303' title='bbox 1090 3165 1240 3219; x_wconf 91' lang='lat' dir='ltr'><strong>omni</strong></span> <span class='ocrx_word' id='word_1_304' title='bbox 1273 3164 1541 3235; x_wconf 90' lang='lat' dir='ltr'><strong>equaliter</strong></span> <span class='ocrx_word' id='word_1_305' title='bbox 1560 3165 2009 3239; x_wconf 85' lang='lat' dir='ltr'><strong>congregatione,</strong></span> 
     </span>
    </p>
   </div>
   <div class='ocr_carea' id='block_1_47' title="bbox 402 3256 2008 3331">
    <p class='ocr_par' dir='ltr' id='par_1_47' title="bbox 402 3256 2008 3331">
     <span class='ocr_line' id='line_1_47' title="bbox 402 3256 2008 3331; baseline 0.002 -21"><span class='ocrx_word' id='word_1_306' title='bbox 402 3256 488 3310; x_wconf 85' lang='lat' dir='ltr'><strong>vir</strong></span> <span class='ocrx_word' id='word_1_307' title='bbox 507 3272 705 3331; x_wconf 86' lang='lat' dir='ltr'><strong>magne</strong></span> <span class='ocrx_word' id='word_1_308' title='bbox 728 3256 1030 3310; x_wconf 85' lang='lat' dir='ltr'><strong>sanctitatis</strong></span> <span class='ocrx_word' id='word_1_309' title='bbox 1074 3256 1376 3311; x_wconf 86' lang='lat' dir='ltr'><strong>etscientie</strong></span> <span class='ocrx_word' id='word_1_310' title='bbox 1436 3257 1657 3312; x_wconf 90' lang='lat' dir='ltr'><strong>donnus</strong></span> <span class='ocrx_word' id='word_1_311' title='bbox 1688 3258 2008 3315; x_wconf 83' lang='lat' dir='ltr'><strong>Lethardus.</strong></span> 
     </span>
    </p>
   </div>
   <div class='ocr_carea' id='block_1_48' title="bbox 405 3344 2012 3416">
    <p class='ocr_par' dir='ltr' id='par_1_48' title="bbox 405 3344 2012 3416">
     <span class='ocr_line' id='line_1_48' title="bbox 405 3344 2012 3416; baseline 0.001 -15"><span class='ocrx_word' id='word_1_312' title='bbox 405 3348 475 3401; x_wconf 91' lang='lat' dir='ltr'><strong>de</strong></span> <span class='ocrx_word' id='word_1_313' title='bbox 494 3345 751 3400; x_wconf 86' lang='lat' dir='ltr'><strong>Bcccensi</strong></span> <span class='ocrx_word' id='word_1_314' title='bbox 810 3344 1065 3415; x_wconf 85' lang='lat' dir='ltr'><strong>prosapia</strong></span> <span class='ocrx_word' id='word_1_315' title='bbox 1104 3353 1282 3409; x_wconf 91' lang='lat' dir='ltr'><strong>natus,</strong></span> <span class='ocrx_word' id='word_1_316' title='bbox 1317 3345 1370 3398; x_wconf 93' lang='lat' dir='ltr'><strong>in</strong></span> <span class='ocrx_word' id='word_1_317' title='bbox 1421 3354 1655 3416; x_wconf 89' lang='lat' dir='ltr'><strong>utroque</strong></span> <span class='ocrx_word' id='word_1_318' title='bbox 1685 3353 2012 3403; x_wconf 88' lang='lat' dir='ltr'><strong>testamento</strong></span> 
     </span>
    </p>
   </div>
   <div class='ocr_carea' id='block_1_49' title="bbox 404 3431 2012 3506">
    <p class='ocr_par' dir='ltr' id='par_1_49' title="bbox 404 3431 2012 3506">
     <span class='ocr_line' id='line_1_49' title="bbox 404 3431 2012 3506; baseline 0.001 -18"><span class='ocrx_word' id='word_1_319' title='bbox 404 3434 652 3505; x_wconf 92' lang='lat' dir='ltr'><strong>apprime</strong></span> <span class='ocrx_word' id='word_1_320' title='bbox 673 3433 941 3497; x_wconf 90' lang='lat' dir='ltr'><strong>eruditus,</strong></span> <span class='ocrx_word' id='word_1_321' title='bbox 975 3431 1192 3503; x_wconf 87' lang='lat' dir='ltr'><strong>pollens</strong></span> <span class='ocrx_word' id='word_1_322' title='bbox 1220 3432 1473 3497; x_wconf 87' lang='lat' dir='ltr'><strong>consilio,</strong></span> <span class='ocrx_word' id='word_1_323' title='bbox 1504 3431 1737 3488; x_wconf 77' lang='lat' dir='ltr'><strong>affabilis</strong></span> <span class='ocrx_word' id='word_1_324' title='bbox 1767 3434 2012 3506; x_wconf 89' lang='lat' dir='ltr'><strong>eloquio,</strong></span> 
     </span>
    </p>
   </div>
   <div class='ocr_carea' id='block_1_50' title="bbox 403 3520 2015 3593">
    <p class='ocr_par' dir='ltr' id='par_1_50' title="bbox 403 3520 2015 3593">
     <span class='ocr_line' id='line_1_50' title="bbox 403 3520 2015 3593; baseline 0 -15"><span class='ocrx_word' id='word_1_325' title='bbox 403 3524 720 3579; x_wconf 84' lang='lat' dir='ltr'><strong>moderatus</strong></span> <span class='ocrx_word' id='word_1_326' title='bbox 748 3523 802 3576; x_wconf 93' lang='lat' dir='ltr'><strong>in</strong></span> <span class='ocrx_word' id='word_1_327' title='bbox 844 3520 1048 3587; x_wconf 82' lang='lat' dir='ltr'><strong>verbis,</strong></span> <span class='ocrx_word' id='word_1_328' title='bbox 1102 3521 1373 3576; x_wconf 89' lang='lat' dir='ltr'><strong>discretus</strong></span> <span class='ocrx_word' id='word_1_329' title='bbox 1424 3522 1476 3576; x_wconf 92' lang='lat' dir='ltr'><strong>in</strong></span> <span class='ocrx_word' id='word_1_330' title='bbox 1510 3522 1841 3593; x_wconf 89' lang='lat' dir='ltr'><strong>disciplinis,</strong></span> <span class='ocrx_word' id='word_1_331' title='bbox 1863 3524 2015 3578; x_wconf 88' lang='lat' dir='ltr'><strong>tarde</strong></span> 
     </span>
    </p>
   </div>
   <div class='ocr_carea' id='block_1_51' title="bbox 407 3613 2016 3689">
    <p class='ocr_par' dir='ltr' id='par_1_51' title="bbox 407 3613 2016 3689">
     <span class='ocr_line' id='line_1_51' title="bbox 407 3613 2016 3689; baseline -0.001 -19"><span class='ocrx_word' id='word_1_332' title='bbox 407 3615 551 3670; x_wconf 89' lang='lat' dir='ltr'><strong>lctus</strong></span> <span class='ocrx_word' id='word_1_333' title='bbox 577 3615 633 3669; x_wconf 94' lang='lat' dir='ltr'><strong>in</strong></span> <span class='ocrx_word' id='word_1_334' title='bbox 667 3613 1157 3684; x_wconf 88' lang='lat' dir='ltr'><strong>terrenis,semper</strong></span> <span class='ocrx_word' id='word_1_335' title='bbox 1174 3614 1497 3687; x_wconf 87' lang='lat' dir='ltr'><strong>gaudensin</strong></span> <span class='ocrx_word' id='word_1_336' title='bbox 1521 3616 1744 3679; x_wconf 91' lang='lat' dir='ltr'><strong>eternis,</strong></span> <span class='ocrx_word' id='word_1_337' title='bbox 1778 3616 2016 3689; x_wconf 82' lang='lat' dir='ltr'><strong>diligens</strong></span> 
     </span>
    </p>
   </div>
   <div class='ocr_carea' id='block_1_52' title="bbox 405 3702 2017 3776">
    <p class='ocr_par' dir='ltr' id='par_1_52' title="bbox 405 3702 2017 3776">
     <span class='ocr_line' id='line_1_52' title="bbox 405 3702 2017 3776; baseline 0 -17"><span class='ocrx_word' id='word_1_338' title='bbox 405 3705 607 3769; x_wconf 91' lang='lat' dir='ltr'><strong>bonos,</strong></span> <span class='ocrx_word' id='word_1_339' title='bbox 639 3703 921 3776; x_wconf 81' lang='lat' dir='ltr'><strong>corrigens</strong></span> <span class='ocrx_word' id='word_1_340' title='bbox 951 3702 1163 3768; x_wconf 90' lang='lat' dir='ltr'><strong>malos;</strong></span> <span class='ocrx_word' id='word_1_341' title='bbox 1199 3704 1291 3775; x_wconf 92' lang='lat' dir='ltr'><strong>qui</strong></span> <span class='ocrx_word' id='word_1_342' title='bbox 1324 3718 1420 3774; x_wconf 91' lang='lat' dir='ltr'><strong>pro</strong></span> <span class='ocrx_word' id='word_1_343' title='bbox 1453 3704 1717 3775; x_wconf 88' lang='lat' dir='ltr'><strong>qualitate</strong></span> <span class='ocrx_word' id='word_1_344' title='bbox 1749 3706 2017 3776; x_wconf 90' lang='lat' dir='ltr'><strong>temporis</strong></span> 
     </span>
    </p>
   </div>
   <div class='ocr_carea' id='block_1_53' title="bbox 403 3794 2017 3872">
    <p class='ocr_par' dir='ltr' id='par_1_53' title="bbox 403 3794 2017 3872">
     <span class='ocr_line' id='line_1_53' title="bbox 403 3794 2017 3872; baseline 0.001 -22"><span class='ocrx_word' id='word_1_345' title='bbox 403 3812 624 3872; x_wconf 80' lang='lat' dir='ltr'><strong>gregem</strong></span> <span class='ocrx_word' id='word_1_346' title='bbox 655 3794 761 3849; x_wconf 84' lang='lat' dir='ltr'><strong>sibi</strong></span> <span class='ocrx_word' id='word_1_347' title='bbox 807 3795 1161 3850; x_wconf 91' lang='lat' dir='ltr'><strong>commissum</strong></span> <span class='ocrx_word' id='word_1_348' title='bbox 1201 3795 1410 3865; x_wconf 84' lang='lat' dir='ltr'><strong>Optime</strong></span> <span class='ocrx_word' id='word_1_349' title='bbox 1467 3796 1623 3862; x_wconf 87' lang='lat' dir='ltr'><strong>rexit,</strong></span> <span class='ocrx_word' id='word_1_350' title='bbox 1675 3797 1801 3851; x_wconf 91' lang='lat' dir='ltr'><strong>licet</strong></span> <span class='ocrx_word' id='word_1_351' title='bbox 1825 3798 1877 3851; x_wconf 93' lang='lat' dir='ltr'><strong>in</strong></span> <span class='ocrx_word' id='word_1_352' title='bbox 1918 3813 2017 3853; x_wconf 91' lang='lat' dir='ltr'><strong>suo</strong></span> 
     </span>
    </p>
   </div>
   <div class='ocr_carea' id='block_1_54' title="bbox 400 3886 1885 3958">
    <p class='ocr_par' dir='ltr' id='par_1_54' title="bbox 400 3886 1885 3958">
     <span class='ocr_line' id='line_1_54' title="bbox 400 3886 1885 3958; baseline -0.002 -15"><span class='ocrx_word' id='word_1_353' title='bbox 400 3895 648 3958; x_wconf 90' lang='lat' dir='ltr'><strong>tempore</strong></span> <span class='ocrx_word' id='word_1_354' title='bbox 671 3886 891 3941; x_wconf 91' lang='lat' dir='ltr'><strong>assidua</strong></span> <span class='ocrx_word' id='word_1_355' title='bbox 918 3892 1243 3955; x_wconf 88' lang='lat' dir='ltr'><strong>tempestate</strong></span> <span class='ocrx_word' id='word_1_356' title='bbox 1268 3887 1442 3956; x_wconf 87' lang='lat' dir='ltr'><strong>patria</strong></span> <span class='ocrx_word' id='word_1_357' title='bbox 1474 3887 1788 3942; x_wconf 90' lang='lat' dir='ltr'><strong>turbaretur</strong></span> <span class='ocrx_word' id='word_1_358' title='bbox 1817 3888 1885 3922; x_wconf 70' lang='grc'><strong>⁵6⁵</strong></span> 
     </span>
    </p>
   </div>
   <div class='ocr_carea' id='block_1_55' title="bbox 474 3974 2011 4048">
    <p class='ocr_par' dir='ltr' id='par_1_55' title="bbox 474 3974 2011 4048">
     <span class='ocr_line' id='line_1_55' title="bbox 474 3974 2011 4048; baseline 0 -17"><span class='ocrx_word' id='word_1_359' title='bbox 474 3976 603 4047; x_wconf 84' lang='lat' dir='ltr'><strong>(An.</strong></span> <span class='ocrx_word' id='word_1_360' title='bbox 663 3976 845 4045; x_wconf 73' lang='grc'><strong>1140.)</strong></span> <span class='ocrx_word' id='word_1_361' title='bbox 893 3974 1204 4045; x_wconf 88' lang='lat' dir='ltr'><strong>Stephanus</strong></span> <span class='ocrx_word' id='word_1_362' title='bbox 1240 3976 1309 4008; x_wconf 67' lang='lat'><strong>5&quot;“</strong></span> <span class='ocrx_word' id='word_1_363' title='bbox 1367 3992 1459 4030; x_wconf 85' lang='lat' dir='ltr'><strong>rex</strong></span> <span class='ocrx_word' id='word_1_364' title='bbox 1505 3975 1712 4048; x_wconf 84' lang='lat' dir='ltr'><strong>fugavit</strong></span> <span class='ocrx_word' id='word_1_365' title='bbox 1742 3976 2011 4048; x_wconf 83' lang='lat' dir='ltr'><strong>Nigellum</strong></span> 
     </span>
    </p>
   </div>
   <div class='ocr_carea' id='block_1_56' title="bbox 400 4062 2015 4137">
    <p class='ocr_par' dir='ltr' id='par_1_56' title="bbox 400 4062 2015 4137">
     <span class='ocr_line' id='line_1_56' title="bbox 400 4062 2015 4137; baseline -0.001 -17"><span class='ocrx_word' id='word_1_366' title='bbox 400 4066 721 4136; x_wconf 88' lang='lat' dir='ltr'><strong>episcopum</strong></span> <span class='ocrx_word' id='word_1_367' title='bbox 755 4062 1064 4118; x_wconf 85' lang='lat' dir='ltr'><strong>Heliensem</strong></span> <span class='ocrx_word' id='word_1_368' title='bbox 1100 4063 1167 4117; x_wconf 92' lang='lat' dir='ltr'><strong>de</strong></span> <span class='ocrx_word' id='word_1_369' title='bbox 1195 4064 1517 4135; x_wconf 85' lang='lat' dir='ltr'><strong>episcopatu</strong></span> <span class='ocrx_word' id='word_1_370' title='bbox 1541 4081 1664 4129; x_wconf 91' lang='lat' dir='ltr'><strong>suo,</strong></span> <span class='ocrx_word' id='word_1_371' title='bbox 1694 4066 1823 4137; x_wconf 89' lang='lat' dir='ltr'><strong>quia</strong></span> <span class='ocrx_word' id='word_1_372' title='bbox 1842 4082 2015 4137; x_wconf 89' lang='lat' dir='ltr'><strong>nepos</strong></span> 
     </span>
    </p>
   </div>
   <div class='ocr_carea' id='block_1_57' title="bbox 400 4155 2010 4229">
    <p class='ocr_par' dir='ltr' id='par_1_57' title="bbox 400 4155 2010 4229">
     <span class='ocr_line' id='line_1_57' title="bbox 400 4155 2010 4229; baseline 0.001 -17"><span class='ocrx_word' id='word_1_373' title='bbox 400 4156 647 4229; x_wconf 88' lang='lat' dir='ltr'><strong>episcopi</strong></span> <span class='ocrx_word' id='word_1_374' title='bbox 678 4155 1093 4211; x_wconf 89' lang='lat' dir='ltr'><strong>Salesbiriensis</strong></span> <span class='ocrx_word' id='word_1_375' title='bbox 1158 4165 1295 4223; x_wconf 89' lang='lat' dir='ltr'><strong>erat,</strong></span> <span class='ocrx_word' id='word_1_376' title='bbox 1354 4173 1385 4210; x_wconf 87' lang='lat' dir='ltr'><strong>a</strong></span> <span class='ocrx_word' id='word_1_377' title='bbox 1434 4172 1544 4227; x_wconf 89' lang='lat' dir='ltr'><strong>quo</strong></span> <span class='ocrx_word' id='word_1_378' title='bbox 1585 4156 1915 4212; x_wconf 83' lang='lat' dir='ltr'><strong>invectivum</strong></span> <span class='ocrx_word' id='word_1_379' title='bbox 1958 4159 2010 4213; x_wconf 93' lang='lat' dir='ltr'><strong>in</strong></span> 
     </span>
    </p>
   </div>
   <div class='ocr_carea' id='block_1_58' title="bbox 402 4250 2013 4326">
    <p class='ocr_par' dir='ltr' id='par_1_58' title="bbox 402 4250 2013 4326">
     <span class='ocr_line' id='line_1_58' title="bbox 402 4250 2013 4326; baseline 0 -18"><span class='ocrx_word' id='word_1_380' title='bbox 402 4252 723 4326; x_wconf 86' lang='lat' dir='ltr'><strong>progeniem</strong></span> <span class='ocrx_word' id='word_1_381' title='bbox 760 4251 881 4320; x_wconf 88' lang='lat' dir='ltr'><strong>ejus</strong></span> <span class='ocrx_word' id='word_1_382' title='bbox 930 4259 1181 4305; x_wconf 83' lang='lat' dir='ltr'><strong>traxerat.</strong></span> <span class='ocrx_word' id='word_1_383' title='bbox 1245 4250 1344 4305; x_wconf 85' lang='lat' dir='ltr'><strong>Ubi</strong></span> <span class='ocrx_word' id='word_1_384' title='bbox 1370 4259 1553 4306; x_wconf 90' lang='lat' dir='ltr'><strong>autem</strong></span> <span class='ocrx_word' id='word_1_385' title='bbox 1606 4251 1674 4305; x_wconf 90' lang='lat' dir='ltr'><strong>ad</strong></span> <span class='ocrx_word' id='word_1_386' title='bbox 1704 4253 1882 4307; x_wconf 90' lang='lat' dir='ltr'><strong>natale</strong></span> <span class='ocrx_word' id='word_1_387' title='bbox 1927 4254 2013 4308; x_wconf 86' lang='lat' dir='ltr'><strong>vel</strong></span> 
     </span>
    </p>
   </div>
   <div class='ocr_carea' id='block_1_59' title="bbox 401 4338 2012 4414">
    <p class='ocr_par' dir='ltr' id='par_1_59' title="bbox 401 4338 2012 4414">
     <span class='ocr_line' id='line_1_59' title="bbox 401 4338 2012 4414; baseline 0.001 -18"><span class='ocrx_word' id='word_1_388' title='bbox 401 4341 469 4396; x_wconf 90' lang='lat' dir='ltr'><strong>ad</strong></span> <span class='ocrx_word' id='word_1_389' title='bbox 500 4341 704 4412; x_wconf 87' lang='lat' dir='ltr'><strong>pascha</strong></span> <span class='ocrx_word' id='word_1_390' title='bbox 737 4338 924 4405; x_wconf 85' lang='lat' dir='ltr'><strong>fuerit,</strong></span> <span class='ocrx_word' id='word_1_391' title='bbox 985 4338 1170 4393; x_wconf 89' lang='lat' dir='ltr'><strong>dicere</strong></span> <span class='ocrx_word' id='word_1_392' title='bbox 1224 4353 1334 4394; x_wconf 93' lang='lat' dir='ltr'><strong>non</strong></span> <span class='ocrx_word' id='word_1_393' title='bbox 1387 4340 1583 4394; x_wconf 88' lang='lat' dir='ltr'><strong>attinet</strong></span> <span class='ocrx_word' id='word_1_394' title='bbox 1615 4358 1628 4405; x_wconf 90' lang='lat'><strong>;</strong></span> <span class='ocrx_word' id='word_1_395' title='bbox 1656 4341 1770 4409; x_wconf 89' lang='lat' dir='ltr'><strong>jam</strong></span> <span class='ocrx_word' id='word_1_396' title='bbox 1803 4342 2012 4414; x_wconf 91' lang='lat' dir='ltr'><strong>quippe</strong></span> 
     </span>
    </p>
   </div>
   <div class='ocr_carea' id='block_1_60' title="bbox 400 4429 2012 4503">
    <p class='ocr_par' dir='ltr' id='par_1_60' title="bbox 400 4429 2012 4503">
     <span class='ocr_line' id='line_1_60' title="bbox 400 4429 2012 4503; baseline -0.001 -16"><span class='ocrx_word' id='word_1_397' title='bbox 400 4432 552 4488; x_wconf 89' lang='lat' dir='ltr'><strong>curie</strong></span> <span class='ocrx_word' id='word_1_398' title='bbox 583 4430 886 4495; x_wconf 89' lang='lat' dir='ltr'><strong>sollennes,</strong></span> <span class='ocrx_word' id='word_1_399' title='bbox 918 4437 973 4483; x_wconf 91' lang='lat' dir='ltr'><strong>et</strong></span> <span class='ocrx_word' id='word_1_400' title='bbox 1003 4436 1227 4484; x_wconf 88' lang='lat' dir='ltr'><strong>ornatus</strong></span> <span class='ocrx_word' id='word_1_401' title='bbox 1280 4429 1418 4503; x_wconf 80' lang='lat' dir='ltr'><strong>regii</strong></span> <span class='ocrx_word' id='word_1_402' title='bbox 1476 4431 1731 4486; x_wconf 89' lang='lat' dir='ltr'><strong>scematis</strong></span> <span class='ocrx_word' id='word_1_403' title='bbox 1769 4432 1837 4485; x_wconf 90' lang='lat' dir='ltr'><strong>ab</strong></span> <span class='ocrx_word' id='word_1_404' title='bbox 1870 4433 2012 4486; x_wconf 81' lang='lat' dir='ltr'><strong>anti-</strong></span> 
     </span>
    </p>
   </div>
   <div class='ocr_carea' id='block_1_61' title="bbox 400 4521 2014 4599">
    <p class='ocr_par' dir='ltr' id='par_1_61' title="bbox 400 4521 2014 4599">
     <span class='ocr_line' id='line_1_61' title="bbox 400 4521 2014 4599; baseline 0 -20"><span class='ocrx_word' id='word_1_405' title='bbox 400 4539 510 4595; x_wconf 91' lang='lat' dir='ltr'><strong>qua</strong></span> <span class='ocrx_word' id='word_1_406' title='bbox 538 4523 685 4578; x_wconf 91' lang='lat' dir='ltr'><strong>serie</strong></span> <span class='ocrx_word' id='word_1_407' title='bbox 740 4521 1087 4576; x_wconf 88' lang='lat' dir='ltr'><strong>descendens</strong></span> <span class='ocrx_word' id='word_1_408' title='bbox 1144 4536 1368 4592; x_wconf 89' lang='lat' dir='ltr'><strong>prorsus</strong></span> <span class='ocrx_word' id='word_1_409' title='bbox 1397 4533 1755 4588; x_wconf 85' lang='lat' dir='ltr'><strong>evanuerant,</strong></span> <span class='ocrx_word' id='word_1_410' title='bbox 1815 4524 2014 4599; x_wconf 87' lang='lat' dir='ltr'><strong>ingens</strong></span> 
     </span>
    </p>
   </div>
   <div class='ocr_carea' id='block_1_62' title="bbox 399 4612 2017 4684">
    <p class='ocr_par' dir='ltr' id='par_1_62' title="bbox 399 4612 2017 4684">
     <span class='ocr_line' id='line_1_62' title="bbox 399 4612 2017 4684; baseline 0 -13"><span class='ocrx_word' id='word_1_411' title='bbox 399 4615 646 4671; x_wconf 89' lang='lat' dir='ltr'><strong>thesauri</strong></span> <span class='ocrx_word' id='word_1_412' title='bbox 677 4614 835 4684; x_wconf 89' lang='lat' dir='ltr'><strong>copia</strong></span> <span class='ocrx_word' id='word_1_413' title='bbox 863 4614 1193 4684; x_wconf 89' lang='lat' dir='ltr'><strong>deperierat,</strong></span> <span class='ocrx_word' id='word_1_414' title='bbox 1236 4629 1340 4683; x_wconf 88' lang='lat' dir='ltr'><strong>pax</strong></span> <span class='ocrx_word' id='word_1_415' title='bbox 1386 4612 1439 4667; x_wconf 91' lang='lat' dir='ltr'><strong>in</strong></span> <span class='ocrx_word' id='word_1_416' title='bbox 1480 4619 1623 4669; x_wconf 91' lang='lat' dir='ltr'><strong>terra</strong></span> <span class='ocrx_word' id='word_1_417' title='bbox 1662 4616 1833 4682; x_wconf 91' lang='lat' dir='ltr'><strong>nulla,</strong></span> <span class='ocrx_word' id='word_1_418' title='bbox 1866 4618 2017 4671; x_wconf 87' lang='lat' dir='ltr'><strong>cedi-</strong></span> 
     </span>
    </p>
   </div>
   <div class='ocr_carea' id='block_1_63' title="bbox 402 4704 2015 4776">
    <p class='ocr_par' dir='ltr' id='par_1_63' title="bbox 402 4704 2015 4776">
     <span class='ocr_line' id='line_1_63' title="bbox 402 4704 2015 4776; baseline 0.001 -16"><span class='ocrx_word' id='word_1_419' title='bbox 402 4706 528 4772; x_wconf 86' lang='lat' dir='ltr'><strong>bus,</strong></span> <span class='ocrx_word' id='word_1_420' title='bbox 593 4705 888 4773; x_wconf 90' lang='lat' dir='ltr'><strong>incendiis,</strong></span> <span class='ocrx_word' id='word_1_421' title='bbox 937 4704 1149 4776; x_wconf 86' lang='lat' dir='ltr'><strong>rapinis</strong></span> <span class='ocrx_word' id='word_1_422' title='bbox 1204 4704 1390 4760; x_wconf 88' lang='lat' dir='ltr'><strong>omnia</strong></span> <span class='ocrx_word' id='word_1_423' title='bbox 1448 4707 1956 4762; x_wconf 82' lang='lat' dir='ltr'><strong>cxterminabantur</strong></span> <span class='ocrx_word' id='word_1_424' title='bbox 2001 4725 2015 4775; x_wconf 92' lang='lat'><strong>;</strong></span> 
     </span>
    </p>
   </div>
   <div class='ocr_carea' id='block_1_64' title="bbox 404 4794 2023 4866">
    <p class='ocr_par' dir='ltr' id='par_1_64' title="bbox 404 4794 2023 4866">
     <span class='ocr_line' id='line_1_64' title="bbox 404 4794 2023 4866; baseline 0.002 -16"><span class='ocrx_word' id='word_1_425' title='bbox 404 4796 701 4861; x_wconf 87' lang='lat' dir='ltr'><strong>clamor,et</strong></span> <span class='ocrx_word' id='word_1_426' title='bbox 721 4796 920 4863; x_wconf 87' lang='lat' dir='ltr'><strong>luctus,</strong></span> <span class='ocrx_word' id='word_1_427' title='bbox 948 4802 1003 4850; x_wconf 90' lang='lat' dir='ltr'><strong>et</strong></span> <span class='ocrx_word' id='word_1_428' title='bbox 1032 4795 1228 4851; x_wconf 87' lang='lat' dir='ltr'><strong>horror</strong></span> <span class='ocrx_word' id='word_1_429' title='bbox 1267 4794 1474 4866; x_wconf 92' lang='lat' dir='ltr'><strong>ubique</strong></span> <span class='ocrx_word' id='word_1_430' title='bbox 1524 4796 1616 4849; x_wconf 75' lang='grc'><strong>⁵⁸⁷.</strong></span> <span class='ocrx_word' id='word_1_431' title='bbox 1668 4795 2023 4855; x_wconf 89' lang='lat' dir='ltr'><strong>Obiitcomes</strong></span> 
     </span>
    </p>
   </div>
   <div class='ocr_carea' id='block_1_65' title="bbox 407 4888 2023 4966">
    <p class='ocr_par' dir='ltr' id='par_1_65' title="bbox 407 4888 2023 4966">
     <span class='ocr_line' id='line_1_65' title="bbox 407 4888 2023 4966; baseline 0.001 -21"><span class='ocrx_word' id='word_1_432' title='bbox 407 4889 760 4945; x_wconf 83' lang='lat' dir='ltr'><strong>Ebroicensis</strong></span> <span class='ocrx_word' id='word_1_433' title='bbox 800 4890 1122 4956; x_wconf 80' lang='lat' dir='ltr'><strong>Amalricus,</strong></span> <span class='ocrx_word' id='word_1_434' title='bbox 1151 4896 1205 4944; x_wconf 91' lang='lat' dir='ltr'><strong>et</strong></span> <span class='ocrx_word' id='word_1_435' title='bbox 1266 4891 1531 4945; x_wconf 88' lang='lat' dir='ltr'><strong>successit</strong></span> <span class='ocrx_word' id='word_1_436' title='bbox 1562 4888 1727 4946; x_wconf 81' lang='lat' dir='ltr'><strong>frater</strong></span> <span class='ocrx_word' id='word_1_437' title='bbox 1751 4892 1871 4962; x_wconf 87' lang='lat' dir='ltr'><strong>ejus</strong></span> <span class='ocrx_word' id='word_1_438' title='bbox 1922 4895 2023 4966; x_wconf 83' lang='lat' dir='ltr'><strong>Sy-</strong></span> 
     </span>
    </p>
   </div>
   <div class='ocr_carea' id='block_1_66' title="bbox 2122 1702 3645 1779">
    <p class='ocr_par' dir='ltr' id='par_1_66' title="bbox 2122 1702 3645 1779">
     <span class='ocr_line' id='line_1_66' title="bbox 2122 1702 3645 1779; baseline 0.007 -25"><span class='ocrx_word' id='word_1_439' title='bbox 2122 1711 2132 1719; x_wconf 76' lang='lat'><strong><em>‘</em></strong></span> <span class='ocrx_word' id='word_1_440' title='bbox 2190 1702 2325 1757; x_wconf 76' lang='grc'><strong>1140</strong></span> <span class='ocrx_word' id='word_1_441' title='bbox 2367 1702 2652 1761; x_wconf 86' lang='lat' dir='ltr'><strong>Conradus</strong></span> <span class='ocrx_word' id='word_1_442' title='bbox 2681 1705 2733 1762; x_wconf 91' lang='lat'><strong>3.</strong></span> <span class='ocrx_word' id='word_1_443' title='bbox 2801 1708 3105 1763; x_wconf 78' lang='lat' dir='ltr'><strong>Ludovicus</strong></span> <span class='ocrx_word' id='word_1_444' title='bbox 3152 1708 3204 1763; x_wconf 86' lang='lat'><strong>3.</strong></span> <span class='ocrx_word' id='word_1_445' title='bbox 3272 1709 3582 1779; x_wconf 77' lang='lat' dir='ltr'><strong>Stephanus</strong></span> <span class='ocrx_word' id='word_1_446' title='bbox 3610 1711 3645 1765; x_wconf 83' lang='lat'><strong>5</strong></span> 
     </span>
    </p>
   </div>
   <div class='ocr_carea' id='block_1_67' title="bbox 2188 1793 3726 1868">
    <p class='ocr_par' dir='ltr' id='par_1_67' title="bbox 2188 1793 3726 1868">
     <span class='ocr_line' id='line_1_67' title="bbox 2188 1793 3726 1868; baseline 0.003 -21"><span class='ocrx_word' id='word_1_447' title='bbox 2188 1793 2669 1867; x_wconf 67' lang='lat' dir='ltr'><strong>(An.lt4l.l[ib]</strong></span> <span class='ocrx_word' id='word_1_448' title='bbox 2733 1796 2842 1851; x_wconf 89' lang='lat' dir='ltr'><strong>Rex</strong></span> <span class='ocrx_word' id='word_1_449' title='bbox 2907 1796 3219 1868; x_wconf 90' lang='lat' dir='ltr'><strong>Stephanus</strong></span> <span class='ocrx_word' id='word_1_450' title='bbox 3273 1797 3726 1853; x_wconf 89' lang='lat' dir='ltr'><strong>Lincolieurbem</strong></span> 
     </span>
    </p>
   </div>
   <div class='ocr_carea' id='block_1_68' title="bbox 2118 1880 3730 1958">
    <p class='ocr_par' dir='ltr' id='par_1_68' title="bbox 2118 1880 3730 1958">
     <span class='ocr_line' id='line_1_68' title="bbox 2118 1880 3730 1958; baseline 0.003 -23"><span class='ocrx_word' id='word_1_451' title='bbox 2118 1880 2258 1935; x_wconf 79' lang='lat' dir='ltr'><strong>infra</strong></span> <span class='ocrx_word' id='word_1_452' title='bbox 2291 1882 2470 1937; x_wconf 89' lang='lat' dir='ltr'><strong>natale</strong></span> <span class='ocrx_word' id='word_1_453' title='bbox 2502 1883 2743 1946; x_wconf 87' lang='lat' dir='ltr'><strong>obsedit.</strong></span> <span class='ocrx_word' id='word_1_454' title='bbox 2766 1884 2925 1953; x_wconf 89' lang='lat' dir='ltr'><strong>cujus</strong></span> <span class='ocrx_word' id='word_1_455' title='bbox 2950 1886 3289 1941; x_wconf 90' lang='lat' dir='ltr'><strong>munitiones</strong></span> <span class='ocrx_word' id='word_1_456' title='bbox 3318 1885 3547 1958; x_wconf 88' lang='lat' dir='ltr'><strong>ingenio</strong></span> <span class='ocrx_word' id='word_1_457' title='bbox 3577 1900 3730 1956; x_wconf 81' lang='lat' dir='ltr'><strong>cepe-</strong></span> 
     </span>
    </p>
   </div>
   <div class='ocr_carea' id='block_1_69' title="bbox 2120 1974 3729 2049">
    <p class='ocr_par' dir='ltr' id='par_1_69' title="bbox 2120 1974 3729 2049">
     <span class='ocr_line' id='line_1_69' title="bbox 2120 1974 3729 2049; baseline 0.002 -21"><span class='ocrx_word' id='word_1_458' title='bbox 2120 1974 2523 2029; x_wconf 84' lang='lat' dir='ltr'><strong>ratRannulfus</strong></span> <span class='ocrx_word' id='word_1_459' title='bbox 2586 1991 2772 2030; x_wconf 91' lang='lat' dir='ltr'><strong>comes</strong></span> <span class='ocrx_word' id='word_1_460' title='bbox 2821 1976 3147 2033; x_wconf 87' lang='lat' dir='ltr'><strong>Cestrensis.</strong></span> <span class='ocrx_word' id='word_1_461' title='bbox 3208 1977 3478 2049; x_wconf 89' lang='lat' dir='ltr'><strong>Seditque</strong></span> <span class='ocrx_word' id='word_1_462' title='bbox 3539 1978 3618 2033; x_wconf 90' lang='lat' dir='ltr'><strong>ibi</strong></span> <span class='ocrx_word' id='word_1_463' title='bbox 3647 1994 3729 2032; x_wconf 80' lang='lat' dir='ltr'><strong>rex</strong></span> 
     </span>
    </p>
   </div>
   <div class='ocr_carea' id='block_1_70' title="bbox 2120 2062 3732 2134">
    <p class='ocr_par' dir='ltr' id='par_1_70' title="bbox 2120 2062 3732 2134">
     <span class='ocr_line' id='line_1_70' title="bbox 2120 2062 3732 2134; baseline 0.002 -17"><span class='ocrx_word' id='word_1_464' title='bbox 2120 2076 2299 2134; x_wconf 89' lang='lat' dir='ltr'><strong>usque</strong></span> <span class='ocrx_word' id='word_1_465' title='bbox 2328 2063 2395 2117; x_wconf 91' lang='lat' dir='ltr'><strong>ad</strong></span> <span class='ocrx_word' id='word_1_466' title='bbox 2421 2062 2862 2133; x_wconf 85' lang='lat' dir='ltr'><strong>purificationem</strong></span> <span class='ocrx_word' id='word_1_467' title='bbox 2918 2072 3106 2121; x_wconf 90' lang='lat' dir='ltr'><strong>sancte</strong></span> <span class='ocrx_word' id='word_1_468' title='bbox 3162 2065 3349 2121; x_wconf 80' lang='lat' dir='ltr'><strong>Marie.</strong></span> <span class='ocrx_word' id='word_1_469' title='bbox 3402 2065 3557 2121; x_wconf 87' lang='lat' dir='ltr'><strong>Tunc</strong></span> <span class='ocrx_word' id='word_1_470' title='bbox 3584 2081 3732 2121; x_wconf 83' lang='lat' dir='ltr'><strong>nam-</strong></span> 
     </span>
    </p>
   </div>
   <div class='ocr_carea' id='block_1_71' title="bbox 2119 2154 3732 2226">
    <p class='ocr_par' dir='ltr' id='par_1_71' title="bbox 2119 2154 3732 2226">
     <span class='ocr_line' id='line_1_71' title="bbox 2119 2154 3732 2226; baseline 0.003 -18"><span class='ocrx_word' id='word_1_471' title='bbox 2119 2169 2230 2225; x_wconf 91' lang='lat' dir='ltr'><strong>que</strong></span> <span class='ocrx_word' id='word_1_472' title='bbox 2254 2154 2560 2209; x_wconf 87' lang='lat' dir='ltr'><strong>Rannulfus</strong></span> <span class='ocrx_word' id='word_1_473' title='bbox 2614 2156 2894 2226; x_wconf 89' lang='lat' dir='ltr'><strong>predictus</strong></span> <span class='ocrx_word' id='word_1_474' title='bbox 2959 2158 3191 2212; x_wconf 89' lang='lat' dir='ltr'><strong>adduxit</strong></span> <span class='ocrx_word' id='word_1_475' title='bbox 3224 2172 3411 2213; x_wconf 91' lang='lat' dir='ltr'><strong>secum</strong></span> <span class='ocrx_word' id='word_1_476' title='bbox 3438 2158 3732 2213; x_wconf 86' lang='lat' dir='ltr'><strong>Robertum</strong></span> 
     </span>
    </p>
   </div>
   <div class='ocr_carea' id='block_1_72' title="bbox 2114 2241 3731 2325">
    <p class='ocr_par' dir='ltr' id='par_1_72' title="bbox 2114 2241 3731 2325">
     <span class='ocr_line' id='line_1_72' title="bbox 2114 2241 3731 2325; baseline 0.004 -30"><span class='ocrx_word' id='word_1_477' title='bbox 2114 2241 2287 2296; x_wconf 80' lang='lat' dir='ltr'><strong>filium</strong></span> <span class='ocrx_word' id='word_1_478' title='bbox 2308 2244 2453 2317; x_wconf 82' lang='lat' dir='ltr'><strong>regis</strong></span> <span class='ocrx_word' id='word_1_479' title='bbox 2483 2244 2722 2310; x_wconf 86' lang='lat' dir='ltr'><strong>Henrici,</strong></span> <span class='ocrx_word' id='word_1_480' title='bbox 2746 2245 2954 2300; x_wconf 91' lang='lat' dir='ltr'><strong>socium</strong></span> <span class='ocrx_word' id='word_1_481' title='bbox 2987 2262 3173 2311; x_wconf 89' lang='lat' dir='ltr'><strong>suum,</strong></span> <span class='ocrx_word' id='word_1_482' title='bbox 3230 2253 3284 2301; x_wconf 87' lang='lat' dir='ltr'><strong>et</strong></span> <span class='ocrx_word' id='word_1_483' title='bbox 3306 2261 3573 2325; x_wconf 79' lang='lat' dir='ltr'><strong>proceres</strong></span> <span class='ocrx_word' id='word_1_484' title='bbox 3599 2247 3731 2301; x_wconf 86' lang='lat' dir='ltr'><strong>mul-</strong></span> 
     </span>
    </p>
   </div>
   <div class='ocr_carea' id='block_1_73' title="bbox 2115 2336 3731 2413">
    <p class='ocr_par' dir='ltr' id='par_1_73' title="bbox 2115 2336 3731 2413">
     <span class='ocr_line' id='line_1_73' title="bbox 2115 2336 3731 2413; baseline 0.001 -22"><span class='ocrx_word' id='word_1_485' title='bbox 2115 2344 2200 2391; x_wconf 91' lang='lat' dir='ltr'><strong>tos</strong></span> <span class='ocrx_word' id='word_1_486' title='bbox 2230 2343 2284 2391; x_wconf 92' lang='lat' dir='ltr'><strong>ct</strong></span> <span class='ocrx_word' id='word_1_487' title='bbox 2312 2336 2516 2391; x_wconf 90' lang='lat' dir='ltr'><strong>milites</strong></span> <span class='ocrx_word' id='word_1_488' title='bbox 2536 2336 2929 2404; x_wconf 89' lang='lat' dir='ltr'><strong>validissimos,</strong></span> <span class='ocrx_word' id='word_1_489' title='bbox 2954 2339 3023 2393; x_wconf 89' lang='lat' dir='ltr'><strong>ad</strong></span> <span class='ocrx_word' id='word_1_490' title='bbox 3055 2338 3410 2393; x_wconf 85' lang='lat' dir='ltr'><strong>obsidionem</strong></span> <span class='ocrx_word' id='word_1_491' title='bbox 3441 2339 3595 2413; x_wconf 89' lang='lat' dir='ltr'><strong>regis</strong></span> <span class='ocrx_word' id='word_1_492' title='bbox 3622 2338 3731 2393; x_wconf 85' lang='lat' dir='ltr'><strong>dis-</strong></span> 
     </span>
    </p>
   </div>
   <div class='ocr_carea' id='block_1_74' title="bbox 2114 2428 3733 2485">
    <p class='ocr_par' dir='ltr' id='par_1_74' title="bbox 2114 2428 3733 2485">
     <span class='ocr_line' id='line_1_74' title="bbox 2114 2428 3733 2485; baseline 0.002 -4"><span class='ocrx_word' id='word_1_493' title='bbox 2114 2428 2432 2482; x_wconf 83' lang='lat' dir='ltr'><strong>solvendam</strong></span> <span class='ocrx_word' id='word_1_494' title='bbox 2482 2428 2613 2483; x_wconf 91' lang='lat' dir='ltr'><strong>Cum</strong></span> <span class='ocrx_word' id='word_1_495' title='bbox 2633 2434 2814 2484; x_wconf 89' lang='lat' dir='ltr'><strong>autem</strong></span> <span class='ocrx_word' id='word_1_496' title='bbox 2837 2430 3031 2485; x_wconf 89' lang='lat' dir='ltr'><strong>consul</strong></span> <span class='ocrx_word' id='word_1_497' title='bbox 3057 2429 3433 2485; x_wconf 90' lang='lat' dir='ltr'><strong>validissimus</strong></span> <span class='ocrx_word' id='word_1_498' title='bbox 3480 2437 3536 2485; x_wconf 91' lang='lat' dir='ltr'><strong>et</strong></span> <span class='ocrx_word' id='word_1_499' title='bbox 3567 2431 3733 2485; x_wconf 82' lang='lat' dir='ltr'><strong>auda-</strong></span> 
     </span>
    </p>
   </div>
   <div class='ocr_carea' id='block_1_75' title="bbox 2114 2520 3733 2593">
    <p class='ocr_par' dir='ltr' id='par_1_75' title="bbox 2114 2520 3733 2593">
     <span class='ocr_line' id='line_1_75' title="bbox 2114 2520 3733 2593; baseline 0.002 -19"><span class='ocrx_word' id='word_1_500' title='bbox 2114 2521 2366 2575; x_wconf 90' lang='lat' dir='ltr'><strong>cissimus</strong></span> <span class='ocrx_word' id='word_1_501' title='bbox 2393 2520 2648 2591; x_wconf 87' lang='lat' dir='ltr'><strong>paludem</strong></span> <span class='ocrx_word' id='word_1_502' title='bbox 2684 2537 2824 2593; x_wconf 91' lang='lat' dir='ltr'><strong>pene</strong></span> <span class='ocrx_word' id='word_1_503' title='bbox 2873 2522 3279 2577; x_wconf 90' lang='lat' dir='ltr'><strong>intransibilem</strong></span> <span class='ocrx_word' id='word_1_504' title='bbox 3311 2523 3397 2577; x_wconf 86' lang='lat' dir='ltr'><strong>vix</strong></span> <span class='ocrx_word' id='word_1_505' title='bbox 3432 2523 3733 2587; x_wconf 84' lang='lat' dir='ltr'><strong>transisset,</strong></span> 
     </span>
    </p>
   </div>
   <div class='ocr_carea' id='block_1_76' title="bbox 2115 2611 3737 2690">
    <p class='ocr_par' dir='ltr' id='par_1_76' title="bbox 2115 2611 3737 2690">
     <span class='ocr_line' id='line_1_76' title="bbox 2115 2611 3737 2690; baseline 0.004 -26"><span class='ocrx_word' id='word_1_506' title='bbox 2115 2611 2169 2664; x_wconf 93' lang='lat' dir='ltr'><strong>in</strong></span> <span class='ocrx_word' id='word_1_507' title='bbox 2199 2611 2317 2682; x_wconf 87' lang='lat' dir='ltr'><strong>ipsa</strong></span> <span class='ocrx_word' id='word_1_508' title='bbox 2338 2613 2427 2667; x_wconf 91' lang='lat' dir='ltr'><strong>die</strong></span> <span class='ocrx_word' id='word_1_509' title='bbox 2458 2613 2683 2668; x_wconf 89' lang='lat' dir='ltr'><strong>aciebus</strong></span> <span class='ocrx_word' id='word_1_510' title='bbox 2728 2614 3014 2685; x_wconf 84' lang='lat' dir='ltr'><strong>dispositis</strong></span> <span class='ocrx_word' id='word_1_511' title='bbox 3069 2631 3254 2686; x_wconf 88' lang='lat' dir='ltr'><strong>regem</strong></span> <span class='ocrx_word' id='word_1_512' title='bbox 3306 2615 3454 2671; x_wconf 89' lang='lat' dir='ltr'><strong>bello</strong></span> <span class='ocrx_word' id='word_1_513' title='bbox 3487 2631 3737 2690; x_wconf 86' lang='lat' dir='ltr'><strong>agressus</strong></span> 
     </span>
    </p>
   </div>
   <div class='ocr_carea' id='block_1_77' title="bbox 2116 2705 3735 2778">
    <p class='ocr_par' dir='ltr' id='par_1_77' title="bbox 2116 2705 3735 2778">
     <span class='ocr_line' id='line_1_77' title="bbox 2116 2705 3735 2778; baseline 0.002 -19"><span class='ocrx_word' id='word_1_514' title='bbox 2116 2713 2214 2760; x_wconf 91' lang='lat' dir='ltr'><strong>est.</strong></span> <span class='ocrx_word' id='word_1_515' title='bbox 2238 2707 2359 2777; x_wconf 87' lang='lat' dir='ltr'><strong>Ipse</strong></span> <span class='ocrx_word' id='word_1_516' title='bbox 2382 2722 2505 2760; x_wconf 91' lang='lat' dir='ltr'><strong>cum</strong></span> <span class='ocrx_word' id='word_1_517' title='bbox 2533 2705 2664 2767; x_wconf 87' lang='lat' dir='ltr'><strong>suis,</strong></span> <span class='ocrx_word' id='word_1_518' title='bbox 2690 2706 2845 2761; x_wconf 88' lang='lat' dir='ltr'><strong>utvir</strong></span> <span class='ocrx_word' id='word_1_519' title='bbox 2861 2706 3186 2762; x_wconf 82' lang='lat' dir='ltr'><strong>admirando</strong></span> <span class='ocrx_word' id='word_1_520' title='bbox 3218 2708 3538 2778; x_wconf 87' lang='lat' dir='ltr'><strong>probitatis,</strong></span> <span class='ocrx_word' id='word_1_521' title='bbox 3572 2708 3735 2763; x_wconf 88' lang='lat' dir='ltr'><strong>aciem</strong></span> 
     </span>
    </p>
   </div>
   <div class='ocr_carea' id='block_1_78' title="bbox 2117 2800 3736 2875">
    <p class='ocr_par' dir='ltr' id='par_1_78' title="bbox 2117 2800 3736 2875">
     <span class='ocr_line' id='line_1_78' title="bbox 2117 2800 3736 2875; baseline 0.003 -22"><span class='ocrx_word' id='word_1_522' title='bbox 2117 2800 2345 2870; x_wconf 86' lang='lat' dir='ltr'><strong>primam</strong></span> <span class='ocrx_word' id='word_1_523' title='bbox 2378 2805 2755 2854; x_wconf 86' lang='lat' dir='ltr'><strong>construxerat</strong></span> <span class='ocrx_word' id='word_1_524' title='bbox 2814 2814 2828 2866; x_wconf 92' lang='lat'><strong>;</strong></span> <span class='ocrx_word' id='word_1_525' title='bbox 2860 2800 3159 2855; x_wconf 90' lang='lat' dir='ltr'><strong>secundam</strong></span> <span class='ocrx_word' id='word_1_526' title='bbox 3203 2801 3306 2867; x_wconf 92' lang='lat' dir='ltr'><strong>illi,</strong></span> <span class='ocrx_word' id='word_1_527' title='bbox 3335 2818 3483 2873; x_wconf 88' lang='lat' dir='ltr'><strong>quos</strong></span> <span class='ocrx_word' id='word_1_528' title='bbox 3516 2803 3736 2875; x_wconf 82' lang='lat' dir='ltr'><strong>Stepha-</strong></span> 
     </span>
    </p>
   </div>
   <div class='ocr_carea' id='block_1_79' title="bbox 2118 2889 3726 2955">
    <p class='ocr_par' dir='ltr' id='par_1_79' title="bbox 2118 2889 3726 2955">
     <span class='ocr_line' id='line_1_79' title="bbox 2118 2889 3726 2955; baseline 0.002 -11"><span class='ocrx_word' id='word_1_529' title='bbox 2118 2906 2220 2945; x_wconf 90' lang='lat' dir='ltr'><strong>nus</strong></span> <span class='ocrx_word' id='word_1_530' title='bbox 2243 2906 2335 2944; x_wconf 92' lang='lat' dir='ltr'><strong>rex</strong></span> <span class='ocrx_word' id='word_1_531' title='bbox 2362 2889 2841 2945; x_wconf 88' lang='lat' dir='ltr'><strong>dehereditavcrat</strong></span> <span class='ocrx_word' id='word_1_532' title='bbox 2865 2908 2878 2955; x_wconf 86' lang='lat'><strong>;</strong></span> <span class='ocrx_word' id='word_1_533' title='bbox 2915 2891 3128 2945; x_wconf 87' lang='lat' dir='ltr'><strong>tertiam</strong></span> <span class='ocrx_word' id='word_1_534' title='bbox 3160 2891 3438 2946; x_wconf 83' lang='lat' dir='ltr'><strong>Robertus</strong></span> <span class='ocrx_word' id='word_1_535' title='bbox 3466 2892 3583 2947; x_wconf 88' lang='lat' dir='ltr'><strong>dux</strong></span> <span class='ocrx_word' id='word_1_536' title='bbox 3613 2910 3726 2947; x_wconf 88' lang='lat' dir='ltr'><strong>ma-</strong></span> 
     </span>
    </p>
   </div>
   <div class='ocr_carea' id='block_1_80' title="bbox 2115 2982 3728 3057">
    <p class='ocr_par' dir='ltr' id='par_1_80' title="bbox 2115 2982 3728 3057">
     <span class='ocr_line' id='line_1_80' title="bbox 2115 2982 3728 3057; baseline 0.002 -20"><span class='ocrx_word' id='word_1_537' title='bbox 2115 2998 2257 3057; x_wconf 89' lang='lat' dir='ltr'><strong>gnus</strong></span> <span class='ocrx_word' id='word_1_538' title='bbox 2304 2998 2426 3037; x_wconf 93' lang='lat' dir='ltr'><strong>cum</strong></span> <span class='ocrx_word' id='word_1_539' title='bbox 2459 2982 2594 3036; x_wconf 91' lang='lat' dir='ltr'><strong>suis.</strong></span> <span class='ocrx_word' id='word_1_540' title='bbox 2666 2982 2777 3037; x_wconf 88' lang='lat' dir='ltr'><strong>Rex</strong></span> <span class='ocrx_word' id='word_1_541' title='bbox 2836 2983 3046 3038; x_wconf 91' lang='lat' dir='ltr'><strong>interea</strong></span> <span class='ocrx_word' id='word_1_542' title='bbox 3102 2984 3420 3054; x_wconf 89' lang='lat' dir='ltr'><strong>Stephanus</strong></span> <span class='ocrx_word' id='word_1_543' title='bbox 3481 3001 3728 3040; x_wconf 90' lang='lat' dir='ltr'><strong>curarum</strong></span> 
     </span>
    </p>
   </div>
   <div class='ocr_carea' id='block_1_81' title="bbox 2116 3073 3731 3138">
    <p class='ocr_par' dir='ltr' id='par_1_81' title="bbox 2116 3073 3731 3138">
     <span class='ocr_line' id='line_1_81' title="bbox 2116 3073 3731 3138; baseline 0.002 -9"><span class='ocrx_word' id='word_1_544' title='bbox 2116 3081 2408 3129; x_wconf 89' lang='lat' dir='ltr'><strong>exestuans</strong></span> <span class='ocrx_word' id='word_1_545' title='bbox 2459 3073 2731 3138; x_wconf 86' lang='lat' dir='ltr'><strong>ﬂuctibus,</strong></span> <span class='ocrx_word' id='word_1_546' title='bbox 2794 3074 3014 3130; x_wconf 81' lang='lat' dir='ltr'><strong>missam</strong></span> <span class='ocrx_word' id='word_1_547' title='bbox 3073 3075 3129 3130; x_wconf 90' lang='lat' dir='ltr'><strong>in</strong></span> <span class='ocrx_word' id='word_1_548' title='bbox 3188 3082 3337 3131; x_wconf 88' lang='lat' dir='ltr'><strong>tanta</strong></span> <span class='ocrx_word' id='word_1_549' title='bbox 3397 3077 3731 3132; x_wconf 89' lang='lat' dir='ltr'><strong>solennitate</strong></span> 
     </span>
    </p>
   </div>
   <div class='ocr_carea' id='block_1_82' title="bbox 2116 3162 3732 3234">
    <p class='ocr_par' dir='ltr' id='par_1_82' title="bbox 2116 3162 3732 3234">
     <span class='ocr_line' id='line_1_82' title="bbox 2116 3162 3732 3234; baseline 0.001 -15"><span class='ocrx_word' id='word_1_550' title='bbox 2116 3164 2365 3219; x_wconf 89' lang='lat' dir='ltr'><strong>audierat</strong></span> <span class='ocrx_word' id='word_1_551' title='bbox 2432 3164 2602 3234; x_wconf 79' lang='lat' dir='ltr'><strong>(Febr.</strong></span> <span class='ocrx_word' id='word_1_552' title='bbox 2651 3165 2729 3234; x_wconf 78' lang='lat'><strong>2.)</strong></span> <span class='ocrx_word' id='word_1_553' title='bbox 2758 3162 2886 3219; x_wconf 89' lang='lat' dir='ltr'><strong>Cum</strong></span> <span class='ocrx_word' id='word_1_554' title='bbox 2945 3172 3131 3220; x_wconf 87' lang='lat' dir='ltr'><strong>autem</strong></span> <span class='ocrx_word' id='word_1_555' title='bbox 3200 3164 3269 3221; x_wconf 90' lang='lat' dir='ltr'><strong>de</strong></span> <span class='ocrx_word' id='word_1_556' title='bbox 3302 3181 3459 3222; x_wconf 89' lang='lat' dir='ltr'><strong>more</strong></span> <span class='ocrx_word' id='word_1_557' title='bbox 3521 3182 3732 3223; x_wconf 89' lang='lat' dir='ltr'><strong>cereum</strong></span> 
     </span>
    </p>
   </div>
   <div class='ocr_carea' id='block_1_83' title="bbox 2115 3252 3734 3327">
    <p class='ocr_par' dir='ltr' id='par_1_83' title="bbox 2115 3252 3734 3327">
     <span class='ocr_line' id='line_1_83' title="bbox 2115 3252 3734 3327; baseline 0.002 -20"><span class='ocrx_word' id='word_1_558' title='bbox 2115 3268 2243 3327; x_wconf 87' lang='lat' dir='ltr'><strong>rege</strong></span> <span class='ocrx_word' id='word_1_559' title='bbox 2272 3253 2499 3324; x_wconf 83' lang='lat' dir='ltr'><strong>dignum</strong></span> <span class='ocrx_word' id='word_1_560' title='bbox 2530 3255 2643 3308; x_wconf 90' lang='lat' dir='ltr'><strong>Deo</strong></span> <span class='ocrx_word' id='word_1_561' title='bbox 2686 3252 2941 3320; x_wconf 69' lang='lat' dir='ltr'><strong>offerens,</strong></span> <span class='ocrx_word' id='word_1_562' title='bbox 2974 3253 3231 3309; x_wconf 88' lang='lat' dir='ltr'><strong>manibus</strong></span> <span class='ocrx_word' id='word_1_563' title='bbox 3290 3254 3587 3310; x_wconf 81' lang='lat' dir='ltr'><strong>Alexandri</strong></span> <span class='ocrx_word' id='word_1_564' title='bbox 3615 3255 3734 3326; x_wconf 80' lang='lat' dir='ltr'><strong>epi-</strong></span> 
     </span>
    </p>
   </div>
   <div class='ocr_carea' id='block_1_84' title="bbox 2115 3344 3736 3419">
    <p class='ocr_par' dir='ltr' id='par_1_84' title="bbox 2115 3344 3736 3419">
     <span class='ocr_line' id='line_1_84' title="bbox 2115 3344 3736 3419; baseline 0 -19"><span class='ocrx_word' id='word_1_565' title='bbox 2115 3346 2268 3416; x_wconf 91' lang='lat' dir='ltr'><strong>sc0pi</strong></span> <span class='ocrx_word' id='word_1_566' title='bbox 2297 3344 2627 3417; x_wconf 89' lang='lat' dir='ltr'><strong>imponeret,</strong></span> <span class='ocrx_word' id='word_1_567' title='bbox 2687 3345 2997 3401; x_wconf 85' lang='lat' dir='ltr'><strong>confractus</strong></span> <span class='ocrx_word' id='word_1_568' title='bbox 3055 3353 3156 3400; x_wconf 92' lang='lat' dir='ltr'><strong>est.</strong></span> <span class='ocrx_word' id='word_1_569' title='bbox 3227 3346 3339 3402; x_wconf 81' lang='lat' dir='ltr'><strong>Hoc</strong></span> <span class='ocrx_word' id='word_1_570' title='bbox 3397 3344 3504 3402; x_wconf 88' lang='lat' dir='ltr'><strong>fuit</strong></span> <span class='ocrx_word' id='word_1_571' title='bbox 3535 3364 3646 3419; x_wconf 81' lang='lat' dir='ltr'><strong>regi</strong></span> <span class='ocrx_word' id='word_1_572' title='bbox 3668 3348 3736 3401; x_wconf 89' lang='lat' dir='ltr'><strong>si-</strong></span> 
     </span>
    </p>
   </div>
   <div class='ocr_carea' id='block_1_85' title="bbox 2117 3433 3730 3508">
    <p class='ocr_par' dir='ltr' id='par_1_85' title="bbox 2117 3433 3730 3508">
     <span class='ocr_line' id='line_1_85' title="bbox 2117 3433 3730 3508; baseline 0 -20"><span class='ocrx_word' id='word_1_573' title='bbox 2117 3451 2284 3508; x_wconf 85' lang='lat' dir='ltr'><strong>gnum</strong></span> <span class='ocrx_word' id='word_1_574' title='bbox 2316 3434 2690 3490; x_wconf 89' lang='lat' dir='ltr'><strong>contricionis.</strong></span> <span class='ocrx_word' id='word_1_575' title='bbox 2727 3433 2932 3489; x_wconf 83' lang='lat' dir='ltr'><strong>Cecidit</strong></span> <span class='ocrx_word' id='word_1_576' title='bbox 2988 3434 3153 3489; x_wconf 90' lang='lat' dir='ltr'><strong>etiam</strong></span> <span class='ocrx_word' id='word_1_577' title='bbox 3185 3449 3356 3504; x_wconf 89' lang='lat' dir='ltr'><strong>super</strong></span> <span class='ocrx_word' id='word_1_578' title='bbox 3383 3435 3555 3490; x_wconf 85' lang='lat' dir='ltr'><strong>altare</strong></span> <span class='ocrx_word' id='word_1_579' title='bbox 3579 3436 3730 3506; x_wconf 85' lang='lat' dir='ltr'><strong>pixis,</strong></span> 
     </span>
    </p>
   </div>
   <div class='ocr_carea' id='block_1_86' title="bbox 2119 3525 3730 3597">
    <p class='ocr_par' dir='ltr' id='par_1_86' title="bbox 2119 3525 3730 3597">
     <span class='ocr_line' id='line_1_86' title="bbox 2119 3525 3730 3597; baseline -0.001 -17"><span class='ocrx_word' id='word_1_580' title='bbox 2119 3543 2318 3597; x_wconf 90' lang='lat' dir='ltr'><strong>corpus</strong></span> <span class='ocrx_word' id='word_1_581' title='bbox 2375 3527 2590 3583; x_wconf 90' lang='lat' dir='ltr'><strong>Domini</strong></span> <span class='ocrx_word' id='word_1_582' title='bbox 2650 3526 2848 3592; x_wconf 91' lang='lat' dir='ltr'><strong>inerat,</strong></span> <span class='ocrx_word' id='word_1_583' title='bbox 2890 3526 3127 3596; x_wconf 88' lang='lat' dir='ltr'><strong>abrupto</strong></span> <span class='ocrx_word' id='word_1_584' title='bbox 3185 3525 3433 3594; x_wconf 86' lang='lat' dir='ltr'><strong>vinculo,</strong></span> <span class='ocrx_word' id='word_1_585' title='bbox 3485 3534 3730 3597; x_wconf 89' lang='lat' dir='ltr'><strong>presente</strong></span> 
     </span>
    </p>
   </div>
   <div class='ocr_carea' id='block_1_87' title="bbox 2118 3617 3730 3693">
    <p class='ocr_par' dir='ltr' id='par_1_87' title="bbox 2118 3617 3730 3693">
     <span class='ocr_line' id='line_1_87' title="bbox 2118 3617 3730 3693; baseline -0.001 -20"><span class='ocrx_word' id='word_1_586' title='bbox 2118 3620 2384 3690; x_wconf 88' lang='lat' dir='ltr'><strong>episcopi.</strong></span> <span class='ocrx_word' id='word_1_587' title='bbox 2411 3619 2521 3674; x_wconf 85' lang='lat' dir='ltr'><strong>Hoc</strong></span> <span class='ocrx_word' id='word_1_588' title='bbox 2542 3620 2703 3674; x_wconf 90' lang='lat' dir='ltr'><strong>etiam</strong></span> <span class='ocrx_word' id='word_1_589' title='bbox 2763 3617 2864 3673; x_wconf 78' lang='lat' dir='ltr'><strong>fuit</strong></span> <span class='ocrx_word' id='word_1_590' title='bbox 2919 3618 3035 3692; x_wconf 88' lang='lat' dir='ltr'><strong>regi</strong></span> <span class='ocrx_word' id='word_1_591' title='bbox 3054 3618 3273 3693; x_wconf 82' lang='lat' dir='ltr'><strong>signum</strong></span> <span class='ocrx_word' id='word_1_592' title='bbox 3290 3618 3471 3674; x_wconf 91' lang='lat' dir='ltr'><strong>ruine.</strong></span> <span class='ocrx_word' id='word_1_593' title='bbox 3501 3618 3730 3674; x_wconf 89' lang='lat' dir='ltr'><strong>Proinde</strong></span> 
     </span>
    </p>
   </div>
   <div class='ocr_carea' id='block_1_88' title="bbox 2120 3709 3733 3783">
    <p class='ocr_par' dir='ltr' id='par_1_88' title="bbox 2120 3709 3733 3783">
     <span class='ocr_line' id='line_1_88' title="bbox 2120 3709 3733 3783; baseline -0.003 -17"><span class='ocrx_word' id='word_1_594' title='bbox 2120 3728 2212 3767; x_wconf 88' lang='lat' dir='ltr'><strong>rex</strong></span> <span class='ocrx_word' id='word_1_595' title='bbox 2241 3711 2659 3766; x_wconf 88' lang='lat' dir='ltr'><strong>strenuissimus</strong></span> <span class='ocrx_word' id='word_1_596' title='bbox 2690 3709 3061 3783; x_wconf 88' lang='lat' dir='ltr'><strong>progreditur,</strong></span> <span class='ocrx_word' id='word_1_597' title='bbox 3086 3709 3346 3781; x_wconf 89' lang='lat' dir='ltr'><strong>aciesque</strong></span> <span class='ocrx_word' id='word_1_598' title='bbox 3373 3724 3500 3764; x_wconf 90' lang='lat' dir='ltr'><strong>cum</strong></span> <span class='ocrx_word' id='word_1_599' title='bbox 3527 3724 3733 3765; x_wconf 82' lang='lat' dir='ltr'><strong>summa</strong></span> 
     </span>
    </p>
   </div>
   <div class='ocr_carea' id='block_1_89' title="bbox 2118 3802 3730 3874">
    <p class='ocr_par' dir='ltr' id='par_1_89' title="bbox 2118 3802 3730 3874">
     <span class='ocr_line' id='line_1_89' title="bbox 2118 3802 3730 3874; baseline 0.001 -17"><span class='ocrx_word' id='word_1_600' title='bbox 2118 3803 2411 3858; x_wconf 87' lang='lat' dir='ltr'><strong>securitate</strong></span> <span class='ocrx_word' id='word_1_601' title='bbox 2442 3803 2592 3858; x_wconf 91' lang='lat' dir='ltr'><strong>bello</strong></span> <span class='ocrx_word' id='word_1_602' title='bbox 2623 3802 2887 3873; x_wconf 90' lang='lat' dir='ltr'><strong>disponit.</strong></span> <span class='ocrx_word' id='word_1_603' title='bbox 2946 3802 3068 3873; x_wconf 90' lang='lat' dir='ltr'><strong>Ipse</strong></span> <span class='ocrx_word' id='word_1_604' title='bbox 3126 3803 3300 3874; x_wconf 90' lang='lat' dir='ltr'><strong>pedes</strong></span> <span class='ocrx_word' id='word_1_605' title='bbox 3341 3818 3569 3858; x_wconf 90' lang='lat' dir='ltr'><strong>omnem</strong></span> <span class='ocrx_word' id='word_1_606' title='bbox 3594 3803 3730 3859; x_wconf 88' lang='lat' dir='ltr'><strong>circa</strong></span> 
     </span>
    </p>
   </div>
   <div class='ocr_carea' id='block_1_90' title="bbox 2120 3892 3732 3965">
    <p class='ocr_par' dir='ltr' id='par_1_90' title="bbox 2120 3892 3732 3965">
     <span class='ocr_line' id='line_1_90' title="bbox 2120 3892 3732 3965; baseline 0.001 -18"><span class='ocrx_word' id='word_1_607' title='bbox 2120 3911 2181 3949; x_wconf 90' lang='lat' dir='ltr'><strong>se</strong></span> <span class='ocrx_word' id='word_1_608' title='bbox 2214 3893 2621 3948; x_wconf 89' lang='lat' dir='ltr'><strong>multitudinem</strong></span> <span class='ocrx_word' id='word_1_609' title='bbox 2666 3893 3038 3954; x_wconf 89' lang='lat' dir='ltr'><strong>loricatorum,</strong></span> <span class='ocrx_word' id='word_1_610' title='bbox 3082 3893 3241 3965; x_wconf 89' lang='lat' dir='ltr'><strong>equis</strong></span> <span class='ocrx_word' id='word_1_611' title='bbox 3290 3892 3573 3961; x_wconf 88' lang='lat' dir='ltr'><strong>abductis,</strong></span> <span class='ocrx_word' id='word_1_612' title='bbox 3612 3894 3732 3948; x_wconf 89' lang='lat' dir='ltr'><strong>stri-</strong></span> 
     </span>
    </p>
   </div>
   <div class='ocr_carea' id='block_1_91' title="bbox 2117 3981 3734 4047">
    <p class='ocr_par' dir='ltr' id='par_1_91' title="bbox 2117 3981 3734 4047">
     <span class='ocr_line' id='line_1_91' title="bbox 2117 3981 3734 4047; baseline -0.001 -10"><span class='ocrx_word' id='word_1_613' title='bbox 2117 3983 2363 4038; x_wconf 87' lang='lat' dir='ltr'><strong>ctissime</strong></span> <span class='ocrx_word' id='word_1_614' title='bbox 2395 3982 2722 4047; x_wconf 78' lang='lat' dir='ltr'><strong>collocavit;</strong></span> <span class='ocrx_word' id='word_1_615' title='bbox 2756 3981 3015 4037; x_wconf 86' lang='lat' dir='ltr'><strong>consules</strong></span> <span class='ocrx_word' id='word_1_616' title='bbox 3074 3998 3197 4037; x_wconf 91' lang='lat' dir='ltr'><strong>cum</strong></span> <span class='ocrx_word' id='word_1_617' title='bbox 3257 3981 3375 4036; x_wconf 89' lang='lat' dir='ltr'><strong>suis</strong></span> <span class='ocrx_word' id='word_1_618' title='bbox 3437 3982 3495 4036; x_wconf 93' lang='lat' dir='ltr'><strong>in</strong></span> <span class='ocrx_word' id='word_1_619' title='bbox 3526 3983 3734 4038; x_wconf 90' lang='lat' dir='ltr'><strong>duabus</strong></span> 
     </span>
    </p>
   </div>
   <div class='ocr_carea' id='block_1_92' title="bbox 2114 4073 3729 4148">
    <p class='ocr_par' dir='ltr' id='par_1_92' title="bbox 2114 4073 3729 4148">
     <span class='ocr_line' id='line_1_92' title="bbox 2114 4073 3729 4148; baseline -0.003 -16"><span class='ocrx_word' id='word_1_620' title='bbox 2114 4076 2338 4132; x_wconf 89' lang='lat' dir='ltr'><strong>aciebus</strong></span> <span class='ocrx_word' id='word_1_621' title='bbox 2361 4075 2517 4146; x_wconf 89' lang='lat' dir='ltr'><strong>equis</strong></span> <span class='ocrx_word' id='word_1_622' title='bbox 2571 4081 2910 4148; x_wconf 83' lang='lat' dir='ltr'><strong>pugnaturos</strong></span> <span class='ocrx_word' id='word_1_623' title='bbox 2962 4074 3217 4128; x_wconf 78' lang='lat' dir='ltr'><strong>instituit.</strong></span> <span class='ocrx_word' id='word_1_624' title='bbox 3277 4073 3389 4128; x_wconf 88' lang='lat' dir='ltr'><strong>Deo</strong></span> <span class='ocrx_word' id='word_1_625' title='bbox 3435 4074 3729 4129; x_wconf 89' lang='lat' dir='ltr'><strong>admodum</strong></span> 
     </span>
    </p>
   </div>
   <div class='ocr_carea' id='block_1_93' title="bbox 2115 4168 3730 4243">
    <p class='ocr_par' dir='ltr' id='par_1_93' title="bbox 2115 4168 3730 4243">
     <span class='ocr_line' id='line_1_93' title="bbox 2115 4168 3730 4243; baseline -0.002 -18"><span class='ocrx_word' id='word_1_626' title='bbox 2115 4187 2281 4243; x_wconf 89' lang='lat' dir='ltr'><strong>parve</strong></span> <span class='ocrx_word' id='word_1_627' title='bbox 2311 4178 2594 4241; x_wconf 90' lang='lat' dir='ltr'><strong>equestres</strong></span> <span class='ocrx_word' id='word_1_628' title='bbox 2605 4169 2751 4224; x_wconf 83' lang='lat' dir='ltr'><strong>acies</strong></span> <span class='ocrx_word' id='word_1_629' title='bbox 2777 4169 2868 4224; x_wconf 90' lang='lat' dir='ltr'><strong>ille</strong></span> <span class='ocrx_word' id='word_1_630' title='bbox 2885 4176 3306 4240; x_wconf 85' lang='lat' dir='ltr'><strong>comparuerant</strong></span> <span class='ocrx_word' id='word_1_631' title='bbox 3327 4185 3341 4232; x_wconf 91' lang='lat'><strong>;</strong></span> <span class='ocrx_word' id='word_1_632' title='bbox 3360 4183 3574 4239; x_wconf 91' lang='lat' dir='ltr'><strong>paucos</strong></span> <span class='ocrx_word' id='word_1_633' title='bbox 3586 4168 3730 4224; x_wconf 88' lang='lat' dir='ltr'><strong>enim</strong></span> 
     </span>
    </p>
   </div>
   <div class='ocr_carea' id='block_1_94' title="bbox 2113 4258 3733 4317">
    <p class='ocr_par' dir='ltr' id='par_1_94' title="bbox 2113 4258 3733 4317">
     <span class='ocr_line' id='line_1_94' title="bbox 2113 4258 3733 4317; baseline -0.002 -1"><span class='ocrx_word' id='word_1_634' title='bbox 2113 4277 2301 4317; x_wconf 90' lang='lat' dir='ltr'><strong>secum</strong></span> <span class='ocrx_word' id='word_1_635' title='bbox 2333 4260 2441 4315; x_wconf 83' lang='lat' dir='ltr'><strong>licti</strong></span> <span class='ocrx_word' id='word_1_636' title='bbox 2475 4260 2749 4315; x_wconf 88' lang='lat' dir='ltr'><strong>etfactiosi</strong></span> <span class='ocrx_word' id='word_1_637' title='bbox 2784 4260 3040 4314; x_wconf 88' lang='lat' dir='ltr'><strong>consules</strong></span> <span class='ocrx_word' id='word_1_638' title='bbox 3055 4258 3421 4313; x_wconf 85' lang='lat' dir='ltr'><strong>adduxerant.</strong></span> <span class='ocrx_word' id='word_1_639' title='bbox 3450 4260 3611 4315; x_wconf 82' lang='lat' dir='ltr'><strong>Acies</strong></span> <span class='ocrx_word' id='word_1_640' title='bbox 3636 4274 3733 4313; x_wconf 85' lang='lat' dir='ltr'><strong>au-</strong></span> 
     </span>
    </p>
   </div>
   <div class='ocr_carea' id='block_1_95' title="bbox 2115 4347 3736 4424">
    <p class='ocr_par' dir='ltr' id='par_1_95' title="bbox 2115 4347 3736 4424">
     <span class='ocr_line' id='line_1_95' title="bbox 2115 4347 3736 4424; baseline -0.002 -19"><span class='ocrx_word' id='word_1_641' title='bbox 2115 4357 2222 4405; x_wconf 90' lang='lat' dir='ltr'><strong>tem</strong></span> <span class='ocrx_word' id='word_1_642' title='bbox 2266 4348 2467 4424; x_wconf 86' lang='lat' dir='ltr'><strong>regalis</strong></span> <span class='ocrx_word' id='word_1_643' title='bbox 2494 4348 2727 4402; x_wconf 90' lang='lat' dir='ltr'><strong>maxima</strong></span> <span class='ocrx_word' id='word_1_644' title='bbox 2758 4356 2897 4416; x_wconf 80' lang='lat' dir='ltr'><strong>erat,</strong></span> <span class='ocrx_word' id='word_1_645' title='bbox 2930 4363 3041 4402; x_wconf 94' lang='lat' dir='ltr'><strong>uno</strong></span> <span class='ocrx_word' id='word_1_646' title='bbox 3068 4353 3301 4413; x_wconf 87' lang='lat' dir='ltr'><strong>tantum,</strong></span> <span class='ocrx_word' id='word_1_647' title='bbox 3330 4347 3736 4420; x_wconf 84' lang='lat' dir='ltr'><strong>scilicetipsius</strong></span> 
     </span>
    </p>
   </div>
   <div class='ocr_carea' id='block_1_96' title="bbox 2120 4438 3739 4516">
    <p class='ocr_par' dir='ltr' id='par_1_96' title="bbox 2120 4438 3739 4516">
     <span class='ocr_line' id='line_1_96' title="bbox 2120 4438 3739 4516; baseline -0.003 -17"><span class='ocrx_word' id='word_1_648' title='bbox 2120 4444 2267 4516; x_wconf 81' lang='lat' dir='ltr'><strong>regis</strong></span> <span class='ocrx_word' id='word_1_649' title='bbox 2326 4441 2587 4516; x_wconf 82' lang='lat' dir='ltr'><strong>insignita</strong></span> <span class='ocrx_word' id='word_1_650' title='bbox 2637 4439 2856 4495; x_wconf 88' lang='lat' dir='ltr'><strong>vexillo.</strong></span> <span class='ocrx_word' id='word_1_651' title='bbox 2921 4438 3252 4510; x_wconf 82' lang='lat' dir='ltr'><strong>Principium</strong></span> <span class='ocrx_word' id='word_1_652' title='bbox 3312 4456 3527 4513; x_wconf 84' lang='lat' dir='ltr'><strong>pugne.</strong></span> <span class='ocrx_word' id='word_1_653' title='bbox 3587 4440 3739 4496; x_wconf 81' lang='lat' dir='ltr'><strong>Acies</strong></span> 
     </span>
    </p>
   </div>
   <div class='ocr_carea' id='block_1_97' title="bbox 2120 4529 3737 4605">
    <p class='ocr_par' dir='ltr' id='par_1_97' title="bbox 2120 4529 3737 4605">
     <span class='ocr_line' id='line_1_97' title="bbox 2120 4529 3737 4605; baseline -0.002 -15"><span class='ocrx_word' id='word_1_654' title='bbox 2120 4533 2599 4600; x_wconf 62' lang='lat' dir='ltr'><strong>exheredatorum,</strong></span> <span class='ocrx_word' id='word_1_655' title='bbox 2630 4547 2738 4603; x_wconf 93' lang='lat' dir='ltr'><strong>quc</strong></span> <span class='ocrx_word' id='word_1_656' title='bbox 2792 4529 3029 4602; x_wconf 90' lang='lat' dir='ltr'><strong>preibat,</strong></span> <span class='ocrx_word' id='word_1_657' title='bbox 3068 4531 3340 4602; x_wconf 89' lang='lat' dir='ltr'><strong>percussit</strong></span> <span class='ocrx_word' id='word_1_658' title='bbox 3368 4532 3551 4589; x_wconf 86' lang='lat' dir='ltr'><strong>aciem</strong></span> <span class='ocrx_word' id='word_1_659' title='bbox 3586 4548 3737 4605; x_wconf 83' lang='lat' dir='ltr'><strong>rega-</strong></span> 
     </span>
    </p>
   </div>
   <div class='ocr_carea' id='block_1_98' title="bbox 2122 4625 3737 4703">
    <p class='ocr_par' dir='ltr' id='par_1_98' title="bbox 2122 4625 3737 4703">
     <span class='ocr_line' id='line_1_98' title="bbox 2122 4625 3737 4703; baseline 0.001 -19"><span class='ocrx_word' id='word_1_660' title='bbox 2122 4630 2250 4693; x_wconf 89' lang='lat' dir='ltr'><strong>lem,</strong></span> <span class='ocrx_word' id='word_1_661' title='bbox 2299 4629 2352 4683; x_wconf 91' lang='lat' dir='ltr'><strong>in</strong></span> <span class='ocrx_word' id='word_1_662' title='bbox 2380 4643 2487 4700; x_wconf 87' lang='lat' dir='ltr'><strong>qua</strong></span> <span class='ocrx_word' id='word_1_663' title='bbox 2526 4626 2719 4682; x_wconf 91' lang='lat' dir='ltr'><strong>consul</strong></span> <span class='ocrx_word' id='word_1_664' title='bbox 2748 4625 2950 4682; x_wconf 78' lang='lat' dir='ltr'><strong>Alanus</strong></span> <span class='ocrx_word' id='word_1_665' title='bbox 2970 4634 3026 4682; x_wconf 90' lang='lat' dir='ltr'><strong>et</strong></span> <span class='ocrx_word' id='word_1_666' title='bbox 3056 4626 3147 4682; x_wconf 90' lang='lat' dir='ltr'><strong>ille</strong></span> <span class='ocrx_word' id='word_1_667' title='bbox 3165 4626 3475 4683; x_wconf 82' lang='lat' dir='ltr'><strong>deMellent</strong></span> <span class='ocrx_word' id='word_1_668' title='bbox 3502 4638 3560 4686; x_wconf 91' lang='lat' dir='ltr'><strong>et</strong></span> <span class='ocrx_word' id='word_1_669' title='bbox 3593 4630 3737 4703; x_wconf 82' lang='lat' dir='ltr'><strong>Hugo</strong></span> 
     </span>
    </p>
   </div>
   <div class='ocr_carea' id='block_1_99' title="bbox 2124 4714 3738 4788">
    <p class='ocr_par' dir='ltr' id='par_1_99' title="bbox 2124 4714 3738 4788">
     <span class='ocr_line' id='line_1_99' title="bbox 2124 4714 3738 4788; baseline -0.001 -15"><span class='ocrx_word' id='word_1_670' title='bbox 2124 4716 2319 4774; x_wconf 91' lang='lat' dir='ltr'><strong>consul</strong></span> <span class='ocrx_word' id='word_1_671' title='bbox 2350 4717 2418 4772; x_wconf 91' lang='lat' dir='ltr'><strong>de</strong></span> <span class='ocrx_word' id='word_1_672' title='bbox 2445 4715 2702 4788; x_wconf 86' lang='lat' dir='ltr'><strong>Estangle</strong></span> <span class='ocrx_word' id='word_1_673' title='bbox 2733 4724 2788 4770; x_wconf 91' lang='lat' dir='ltr'><strong>et</strong></span> <span class='ocrx_word' id='word_1_674' title='bbox 2818 4714 3020 4786; x_wconf 83' lang='lat' dir='ltr'><strong>Symon</strong></span> <span class='ocrx_word' id='word_1_675' title='bbox 3052 4732 3241 4772; x_wconf 90' lang='lat' dir='ltr'><strong>comes</strong></span> <span class='ocrx_word' id='word_1_676' title='bbox 3301 4724 3358 4772; x_wconf 89' lang='lat' dir='ltr'><strong>et</strong></span> <span class='ocrx_word' id='word_1_677' title='bbox 3390 4717 3486 4773; x_wconf 91' lang='lat' dir='ltr'><strong>ille</strong></span> <span class='ocrx_word' id='word_1_678' title='bbox 3517 4718 3589 4774; x_wconf 89' lang='lat' dir='ltr'><strong>de</strong></span> <span class='ocrx_word' id='word_1_679' title='bbox 3609 4718 3738 4772; x_wconf 83' lang='lat' dir='ltr'><strong>Wa-</strong></span> 
     </span>
    </p>
   </div>
   <div class='ocr_carea' id='block_1_100' title="bbox 2124 4803 3740 4879">
    <p class='ocr_par' dir='ltr' id='par_1_100' title="bbox 2124 4803 3740 4879">
     <span class='ocr_line' id='line_1_100' title="bbox 2124 4803 3740 4879; baseline 0 -18"><span class='ocrx_word' id='word_1_680' title='bbox 2124 4822 2296 4861; x_wconf 89' lang='lat' dir='ltr'><strong>renna</strong></span> <span class='ocrx_word' id='word_1_681' title='bbox 2327 4805 2563 4871; x_wconf 88' lang='lat' dir='ltr'><strong>inerant,</strong></span> <span class='ocrx_word' id='word_1_682' title='bbox 2613 4810 2765 4859; x_wconf 88' lang='lat' dir='ltr'><strong>tanto</strong></span> <span class='ocrx_word' id='word_1_683' title='bbox 2830 4803 3061 4874; x_wconf 89' lang='lat' dir='ltr'><strong>impetu,</strong></span> <span class='ocrx_word' id='word_1_684' title='bbox 3091 4804 3241 4876; x_wconf 93' lang='lat' dir='ltr'><strong>quod</strong></span> <span class='ocrx_word' id='word_1_685' title='bbox 3280 4805 3470 4860; x_wconf 86' lang='lat' dir='ltr'><strong>statim</strong></span> <span class='ocrx_word' id='word_1_686' title='bbox 3504 4806 3660 4879; x_wconf 86' lang='lat' dir='ltr'><strong>quasi</strong></span> <span class='ocrx_word' id='word_1_687' title='bbox 3690 4807 3740 4861; x_wconf 91' lang='lat' dir='ltr'><strong>in</strong></span> 
     </span>
    </p>
   </div>
   <div class='ocr_carea' id='block_1_101' title="bbox 2123 4891 3744 4963">
    <p class='ocr_par' dir='ltr' id='par_1_101' title="bbox 2123 4891 3744 4963">
     <span class='ocr_line' id='line_1_101' title="bbox 2123 4891 3744 4963; baseline -0.001 -14"><span class='ocrx_word' id='word_1_688' title='bbox 2123 4895 2233 4951; x_wconf 93' lang='lat' dir='ltr'><strong>ictu</strong></span> <span class='ocrx_word' id='word_1_689' title='bbox 2265 4893 2410 4949; x_wconf 88' lang='lat' dir='ltr'><strong>oculi</strong></span> <span class='ocrx_word' id='word_1_690' title='bbox 2433 4893 2696 4963; x_wconf 85' lang='lat' dir='ltr'><strong>dissipata</strong></span> <span class='ocrx_word' id='word_1_691' title='bbox 2748 4898 2853 4956; x_wconf 91' lang='lat' dir='ltr'><strong>cst,</strong></span> <span class='ocrx_word' id='word_1_692' title='bbox 2887 4898 2942 4947; x_wconf 93' lang='lat' dir='ltr'><strong>et</strong></span> <span class='ocrx_word' id='word_1_693' title='bbox 2971 4891 3169 4947; x_wconf 90' lang='lat' dir='ltr'><strong>divisio</strong></span> <span class='ocrx_word' id='word_1_694' title='bbox 3199 4906 3393 4948; x_wconf 89' lang='lat' dir='ltr'><strong>eorum</strong></span> <span class='ocrx_word' id='word_1_695' title='bbox 3428 4892 3485 4947; x_wconf 93' lang='lat' dir='ltr'><strong>in</strong></span> <span class='ocrx_word' id='word_1_696' title='bbox 3516 4893 3621 4949; x_wconf 90' lang='lat' dir='ltr'><strong>tria</strong></span> <span class='ocrx_word' id='word_1_697' title='bbox 3646 4892 3744 4948; x_wconf 85' lang='lat' dir='ltr'><strong>de-</strong></span> 
     </span>
    </p>
   </div>
   <div class='ocr_carea' id='block_1_102' title="bbox 1757 5022 2386 5079">
    <p class='ocr_par' dir='ltr' id='par_1_102' title="bbox 1757 5022 2386 5079">
     <span class='ocr_line' id='line_1_102' title="bbox 1757 5022 2386 5079; baseline 0.002 -3"><span class='ocrx_word' id='word_1_698' title='bbox 1757 5022 1974 5078; x_wconf 67' lang='lat' dir='ltr'><strong>VARl/E</strong></span> <span class='ocrx_word' id='word_1_699' title='bbox 2013 5022 2386 5079; x_wconf 80' lang='lat' dir='ltr'><strong>LBCTIONES.</strong></span> 
     </span>
    </p>
   </div>
   <div class='ocr_carea' id='block_1_103' title="bbox 482 5120 3749 5193">
    <p class='ocr_par' dir='ltr' id='par_1_103' title="bbox 482 5120 3749 5193">
     <span class='ocr_line' id='line_1_103' title="bbox 482 5120 3749 5193; baseline 0.002 -21"><span class='ocrx_word' id='word_1_700' title='bbox 482 5121 553 5157; x_wconf 73' lang='grc'><strong>⁸⁸³</strong></span> <span class='ocrx_word' id='word_1_701' title='bbox 586 5134 832 5176; x_wconf 88' lang='lat' dir='ltr'><strong>memore</strong></span> <span class='ocrx_word' id='word_1_702' title='bbox 865 5121 919 5176; x_wconf 87' lang='lat' dir='ltr'><strong>E.</strong></span> <span class='ocrx_word' id='word_1_703' title='bbox 953 5122 1024 5158; x_wconf 71' lang='grc'><strong>⁸⁸⁸</strong></span> <span class='ocrx_word' id='word_1_704' title='bbox 1052 5122 1120 5178; x_wconf 88' lang='lat' dir='ltr'><strong>ab</strong></span> <span class='ocrx_word' id='word_1_705' title='bbox 1155 5123 1377 5179; x_wconf 86' lang='lat' dir='ltr'><strong>omni-</strong></span> <span class='ocrx_word' id='word_1_706' title='bbox 1412 5123 1726 5179; x_wconf 90' lang='lat' dir='ltr'><strong>turbaretur</strong></span> <span class='ocrx_word' id='word_1_707' title='bbox 1754 5125 1949 5181; x_wconf 82' lang='lat' dir='ltr'><strong>desunt</strong></span> <span class='ocrx_word' id='word_1_708' title='bbox 1977 5126 2069 5182; x_wconf 88' lang='lat' dir='ltr'><strong>8b.</strong></span> <span class='ocrx_word' id='word_1_709' title='bbox 2096 5127 2221 5181; x_wconf 81' lang='lat' dir='ltr'><strong>Post</strong></span> <span class='ocrx_word' id='word_1_710' title='bbox 2263 5126 2374 5179; x_wconf 69' lang='lat' dir='ltr'><strong>haec</strong></span> <span class='ocrx_word' id='word_1_711' title='bbox 2398 5138 2594 5178; x_wconf 68' lang='lat' dir='ltr'><strong>nouum</strong></span> <span class='ocrx_word' id='word_1_712' title='bbox 2622 5139 2828 5178; x_wconf 85' lang='lat' dir='ltr'><strong>annum</strong></span> <span class='ocrx_word' id='word_1_713' title='bbox 2859 5123 3131 5192; x_wconf 78' lang='lat' dir='ltr'><strong>incipiunt</strong></span> <span class='ocrx_word' id='word_1_714' title='bbox 3160 5120 3217 5176; x_wconf 78' lang='grc'><strong>2.</strong></span> <span class='ocrx_word' id='word_1_715' title='bbox 3247 5121 3300 5176; x_wconf 87' lang='grc'><strong>3.</strong></span> <span class='ocrx_word' id='word_1_716' title='bbox 3344 5120 3428 5188; x_wconf 81' lang='lat' dir='ltr'><strong>7b,</strong></span> <span class='ocrx_word' id='word_1_717' title='bbox 3459 5122 3555 5177; x_wconf 90' lang='lat' dir='ltr'><strong>8d.</strong></span> <span class='ocrx_word' id='word_1_718' title='bbox 3588 5127 3749 5193; x_wconf 66' lang='lat' dir='ltr'><strong>atque</strong></span> 
     </span>
    </p>
   </div>
   <div class='ocr_carea' id='block_1_104' title="bbox 410 5193 3750 5267">
    <p class='ocr_par' dir='ltr' id='par_1_104' title="bbox 410 5193 3750 5267">
     <span class='ocr_line' id='line_1_104' title="bbox 410 5193 3750 5267; baseline 0 -19"><span class='ocrx_word' id='word_1_719' title='bbox 410 5194 669 5267; x_wconf 75' lang='lat' dir='ltr'><strong>Henricus</strong></span> <span class='ocrx_word' id='word_1_720' title='bbox 697 5193 1033 5267; x_wconf 77' lang='lat' dir='ltr'><strong>Huntingd_.,</strong></span> <span class='ocrx_word' id='word_1_721' title='bbox 1053 5201 1354 5265; x_wconf 80' lang='lat' dir='ltr'><strong>sequentem</strong></span> <span class='ocrx_word' id='word_1_722' title='bbox 1390 5194 1497 5267; x_wconf 83' lang='lat' dir='ltr'><strong>Rex</strong></span> <span class='ocrx_word' id='word_1_723' title='bbox 1533 5196 1847 5267; x_wconf 90' lang='lat' dir='ltr'><strong>Stephanus</strong></span> <span class='ocrx_word' id='word_1_724' title='bbox 1876 5197 2117 5252; x_wconf 80' lang='lat' dir='ltr'><strong>Lincolie</strong></span> <span class='ocrx_word' id='word_1_725' title='bbox 2156 5203 2253 5251; x_wconf 85' lang='lat' dir='ltr'><strong>etc.</strong></span> <span class='ocrx_word' id='word_1_726' title='bbox 2273 5199 2614 5250; x_wconf 85' lang='lat' dir='ltr'><strong>numerantes</strong></span> <span class='ocrx_word' id='word_1_727' title='bbox 2646 5196 2777 5248; x_wconf 77' lang='grc'><strong>4141</strong></span> <span class='ocrx_word' id='word_1_728' title='bbox 2845 5194 2915 5267; x_wconf 29' lang='grc' dir='ltr'><strong>ιζ</strong></span> <span class='ocrx_word' id='word_1_729' title='bbox 2930 5194 2985 5247; x_wconf 77' lang='grc'><strong>4.</strong></span> <span class='ocrx_word' id='word_1_730' title='bbox 3012 5193 3065 5267; x_wconf 19' lang='lat' dir='ltr'><strong>6g.</strong></span> <span class='ocrx_word' id='word_1_731' title='bbox 3098 5198 3149 5247; x_wconf 89' lang='lat' dir='ltr'><strong>ct</strong></span> <span class='ocrx_word' id='word_1_732' title='bbox 3168 5196 3249 5267; x_wconf 77' lang='lat' dir='ltr'><strong>sie</strong></span> <span class='ocrx_word' id='word_1_733' title='bbox 3275 5194 3529 5267; x_wconf 73' lang='lat' dir='ltr'><strong>deinceps</strong></span> <span class='ocrx_word' id='word_1_734' title='bbox 3551 5210 3585 5267; x_wconf 53' lang='lat'><em>3</em></span> <span class='ocrx_word' id='word_1_735' title='bbox 3611 5193 3750 5264; x_wconf 84' lang='lat' dir='ltr'><strong>quod</strong></span> 
     </span>
    </p>
   </div>
   <div class='ocr_carea' id='block_1_105' title="bbox 409 5264 3747 5337">
    <p class='ocr_par' dir='ltr' id='par_1_105' title="bbox 409 5264 3747 5337">
     <span class='ocr_line' id='line_1_105' title="bbox 409 5264 3747 5337; baseline -0.001 -19"><span class='ocrx_word' id='word_1_736' title='bbox 409 5265 570 5318; x_wconf 86' lang='lat' dir='ltr'><strong>unice</strong></span> <span class='ocrx_word' id='word_1_737' title='bbox 597 5277 826 5337; x_wconf 77' lang='lat' dir='ltr'><strong>verum._</strong></span> <span class='ocrx_word' id='word_1_738' title='bbox 848 5265 945 5337; x_wconf 19' lang='lat' dir='ltr'><strong>At;</strong></span> <span class='ocrx_word' id='word_1_739' title='bbox 965 5264 1034 5337; x_wconf 51' lang='grc' dir='ltr'><strong>Εζ</strong></span> <span class='ocrx_word' id='word_1_740' title='bbox 1054 5264 1253 5320; x_wconf 78' lang='lat' dir='ltr'><strong>etcum</strong></span> <span class='ocrx_word' id='word_1_741' title='bbox 1295 5282 1352 5320; x_wconf 90' lang='lat' dir='ltr'><strong>eo</strong></span> <span class='ocrx_word' id='word_1_742' title='bbox 1381 5266 1473 5322; x_wconf 92' lang='lat' dir='ltr'><strong>8b.</strong></span> <span class='ocrx_word' id='word_1_743' title='bbox 1499 5268 1595 5321; x_wconf 81' lang='lat' dir='ltr'><strong>hoc</strong></span> <span class='ocrx_word' id='word_1_744' title='bbox 1626 5264 1735 5321; x_wconf 76' lang='lat' dir='ltr'><strong>loco</strong></span> <span class='ocrx_word' id='word_1_745' title='bbox 1756 5272 1814 5321; x_wconf 86' lang='lat' dir='ltr'><strong>in</strong></span> <span class='ocrx_word' id='word_1_746' title='bbox 1845 5269 2023 5323; x_wconf 67' lang='lat' dir='ltr'><strong>eodem</strong></span> <span class='ocrx_word' id='word_1_747' title='bbox 2069 5283 2211 5323; x_wconf 84' lang='lat' dir='ltr'><strong>anno</strong></span> <span class='ocrx_word' id='word_1_748' title='bbox 2229 5271 2528 5337; x_wconf 82' lang='lat' dir='ltr'><strong>pergentes,</strong></span> <span class='ocrx_word' id='word_1_749' title='bbox 2559 5271 2858 5336; x_wconf 83' lang='lat' dir='ltr'><strong>sequentem</strong></span> <span class='ocrx_word' id='word_1_750' title='bbox 2889 5264 3000 5318; x_wconf 87' lang='lat' dir='ltr'><strong>Rex</strong></span> <span class='ocrx_word' id='word_1_751' title='bbox 3030 5264 3343 5335; x_wconf 86' lang='lat' dir='ltr'><strong>Stephanus</strong></span> <span class='ocrx_word' id='word_1_752' title='bbox 3372 5264 3625 5320; x_wconf 86' lang='lat' dir='ltr'><strong>Lincolie</strong></span> <span class='ocrx_word' id='word_1_753' title='bbox 3654 5270 3747 5319; x_wconf 82' lang='lat' dir='ltr'><strong>etc.</strong></span> 
     </span>
    </p>
   </div>
   <div class='ocr_carea' id='block_1_106' title="bbox 410 5333 3752 5408">
    <p class='ocr_par' dir='ltr' id='par_1_106' title="bbox 410 5333 3752 5408">
     <span class='ocr_line' id='line_1_106' title="bbox 410 5333 3752 5408; baseline 0.001 -23"><span class='ocrx_word' id='word_1_754' title='bbox 410 5336 702 5408; x_wconf 63' lang='lat' dir='ltr'><strong>numerant</strong></span> <span class='ocrx_word' id='word_1_755' title='bbox 733 5333 884 5387; x_wconf 61' lang='lat'><strong>1141&#39;.</strong></span> <span class='ocrx_word' id='word_1_756' title='bbox 922 5334 954 5408; x_wconf 73' lang='lat'><strong><em>3</em></strong></span> <span class='ocrx_word' id='word_1_757' title='bbox 989 5333 1042 5408; x_wconf 12' lang='lat'><strong>73</strong></span> <span class='ocrx_word' id='word_1_758' title='bbox 1089 5337 1139 5390; x_wconf 80' lang='lat'><strong>5.</strong></span> <span class='ocrx_word' id='word_1_759' title='bbox 1176 5342 1225 5390; x_wconf 86' lang='lat' dir='ltr'><strong>et</strong></span> <span class='ocrx_word' id='word_1_760' title='bbox 1253 5339 1331 5390; x_wconf 87' lang='lat' dir='ltr'><strong>sic</strong></span> <span class='ocrx_word' id='word_1_761' title='bbox 1362 5353 1524 5406; x_wconf 79' lang='lat' dir='ltr'><strong>porro</strong></span> <span class='ocrx_word' id='word_1_762' title='bbox 1551 5340 1866 5408; x_wconf 78' lang='lat' dir='ltr'><strong>quibuscum</strong></span> <span class='ocrx_word' id='word_1_763' title='bbox 1896 5340 2024 5394; x_wconf 85' lang='lat' dir='ltr'><strong>inde</strong></span> <span class='ocrx_word' id='word_1_764' title='bbox 2053 5340 2124 5393; x_wconf 80' lang='lat' dir='ltr'><strong>ab</strong></span> <span class='ocrx_word' id='word_1_765' title='bbox 2149 5356 2202 5393; x_wconf 88' lang='lat' dir='ltr'><strong>a.</strong></span> <span class='ocrx_word' id='word_1_766' title='bbox 2229 5333 2387 5392; x_wconf 57' lang='lat'><strong>1553.</strong></span> <span class='ocrx_word' id='word_1_767' title='bbox 2444 5357 2463 5385; x_wconf 82' lang='grc' dir='ltr'>ι</span> <span class='ocrx_word' id='word_1_768' title='bbox 2494 5333 2795 5392; x_wconf 72' lang='lat' dir='ltr'><strong>Ludovicus</strong></span> <span class='ocrx_word' id='word_1_769' title='bbox 2821 5352 2919 5390; x_wconf 80' lang='lat' dir='ltr'><strong>rea:</strong></span> <span class='ocrx_word' id='word_1_770' title='bbox 2945 5333 3279 5390; x_wconf 81' lang='lat' dir='ltr'><strong>Francorum</strong></span> <span class='ocrx_word' id='word_1_771' title='bbox 3301 5358 3328 5384; x_wconf 76' lang='grc' dir='ltr'><strong>υ</strong></span> <span class='ocrx_word' id='word_1_772' title='bbox 3360 5341 3460 5391; x_wconf 88' lang='lat' dir='ltr'><strong>etc.</strong></span> <span class='ocrx_word' id='word_1_773' title='bbox 3489 5338 3752 5391; x_wconf 80' lang='lat' dir='ltr'><strong>consentit</strong></span> 
     </span>
    </p>
   </div>
   <div class='ocr_carea' id='block_1_107' title="bbox 417 5403 3754 5480">
    <p class='ocr_par' dir='ltr' id='par_1_107' title="bbox 417 5403 3754 5480">
     <span class='ocr_line' id='line_1_107' title="bbox 417 5403 3754 5480; baseline 0.001 -21"><span class='ocrx_word' id='word_1_774' title='bbox 417 5405 510 5480; x_wconf 64' lang='lat' dir='ltr'><strong>Et}.</strong></span> <span class='ocrx_word' id='word_1_775' title='bbox 544 5403 697 5480; x_wconf 72' lang='lat' dir='ltr'><strong>Quod</strong></span> <span class='ocrx_word' id='word_1_776' title='bbox 726 5418 889 5480; x_wconf 87' lang='lat' dir='ltr'><strong>quum</strong></span> <span class='ocrx_word' id='word_1_777' title='bbox 912 5407 1118 5480; x_wconf 82' lang='lat' dir='ltr'><strong>falsum</strong></span> <span class='ocrx_word' id='word_1_778' title='bbox 1145 5409 1219 5461; x_wconf 86' lang='lat' dir='ltr'><strong>sit</strong></span> <span class='ocrx_word' id='word_1_779' title='bbox 1249 5403 1449 5480; x_wconf 78' lang='lat' dir='ltr'><strong>tamen,</strong></span> <span class='ocrx_word' id='word_1_780' title='bbox 1481 5403 1650 5479; x_wconf 72' lang='lat' dir='ltr'><strong>quum</strong></span> <span class='ocrx_word' id='word_1_781' title='bbox 1671 5415 1861 5465; x_wconf 83' lang='lat' dir='ltr'><strong>auctor</strong></span> <span class='ocrx_word' id='word_1_782' title='bbox 1881 5413 2000 5480; x_wconf 78' lang='lat' dir='ltr'><strong>ipse</strong></span> <span class='ocrx_word' id='word_1_783' title='bbox 2025 5411 2254 5465; x_wconf 84' lang='lat' dir='ltr'><strong>codicem</strong></span> <span class='ocrx_word' id='word_1_784' title='bbox 2287 5409 2344 5463; x_wconf 87' lang='lat' dir='ltr'><strong>E.</strong></span> <span class='ocrx_word' id='word_1_785' title='bbox 2377 5410 2617 5464; x_wconf 83' lang='lat' dir='ltr'><strong>lustrans</strong></span> <span class='ocrx_word' id='word_1_786' title='bbox 2647 5424 2883 5463; x_wconf 83' lang='lat' dir='ltr'><strong>errorem</strong></span> <span class='ocrx_word' id='word_1_787' title='bbox 2910 5421 3018 5480; x_wconf 77' lang='lat' dir='ltr'><strong>non</strong></span> <span class='ocrx_word' id='word_1_788' title='bbox 3045 5409 3368 5480; x_wconf 45' lang='lat' dir='ltr'><strong>corruperit,</strong></span> <span class='ocrx_word' id='word_1_789' title='bbox 3412 5422 3511 5462; x_wconf 84' lang='lat' dir='ltr'><strong>nos</strong></span> <span class='ocrx_word' id='word_1_790' title='bbox 3540 5422 3754 5480; x_wconf 67' lang='lat' dir='ltr'><strong>quoque</strong></span> 
     </span>
    </p>
   </div>
   <div class='ocr_carea' id='block_1_108' title="bbox 414 5476 3749 5550">
    <p class='ocr_par' dir='ltr' id='par_1_108' title="bbox 414 5476 3749 5550">
     <span class='ocr_line' id='line_1_108' title="bbox 414 5476 3749 5550; baseline 0 -19"><span class='ocrx_word' id='word_1_791' title='bbox 414 5476 864 5550; x_wconf 68' lang='lat' dir='ltr'><strong>illum_mtactt_i_m</strong></span> <span class='ocrx_word' id='word_1_792' title='bbox 893 5479 1193 5530; x_wconf 74' lang='lat' dir='ltr'><strong>censuimus</strong></span> <span class='ocrx_word' id='word_1_793' title='bbox 1230 5476 1629 5548; x_wconf 80' lang='lat' dir='ltr'><strong>reliquendum,</strong></span> <span class='ocrx_word' id='word_1_794' title='bbox 1644 5486 1694 5536; x_wconf 84' lang='lat' dir='ltr'><strong>et</strong></span> <span class='ocrx_word' id='word_1_795' title='bbox 1714 5476 1957 5550; x_wconf 74' lang='lat' dir='ltr'><strong>margini</strong></span> <span class='ocrx_word' id='word_1_796' title='bbox 1979 5488 2189 5537; x_wconf 82' lang='lat' dir='ltr'><strong>tantum</strong></span> <span class='ocrx_word' id='word_1_797' title='bbox 2212 5496 2363 5536; x_wconf 80' lang='lat' dir='ltr'><strong>veros</strong></span> <span class='ocrx_word' id='word_1_798' title='bbox 2410 5495 2661 5535; x_wconf 81' lang='lat' dir='ltr'><strong>numeros</strong></span> <span class='ocrx_word' id='word_1_799' title='bbox 2685 5477 3057 5550; x_wconf 83' lang='lat' dir='ltr'><strong>imponendos.</strong></span> <span class='ocrx_word' id='word_1_800' title='bbox 3087 5478 3154 5512; x_wconf 72' lang='grc'><strong>⁸⁸⁷</strong></span> <span class='ocrx_word' id='word_1_801' title='bbox 3182 5478 3503 5548; x_wconf 89' lang='lat' dir='ltr'><strong>Stephanus</strong></span> <span class='ocrx_word' id='word_1_802' title='bbox 3524 5476 3596 5517; x_wconf 49' lang='grc' dir='ltr'><strong><em>ὲ</em></strong></span> <span class='ocrx_word' id='word_1_803' title='bbox 3624 5476 3749 5533; x_wconf 82' lang='lat' dir='ltr'><strong>ubi-</strong></span> 
     </span>
    </p>
   </div>
   <div class='ocr_carea' id='block_1_109' title="bbox 413 5544 864 5620">
    <p class='ocr_par' dir='ltr' id='par_1_109' title="bbox 413 5544 864 5620">
     <span class='ocr_line' id='line_1_109' title="bbox 413 5544 864 5620; baseline -0.013 -18"><span class='ocrx_word' id='word_1_804' title='bbox 413 5562 525 5620; x_wconf 91' lang='lat' dir='ltr'><strong>que</strong></span> <span class='ocrx_word' id='word_1_805' title='bbox 554 5544 748 5599; x_wconf 80' lang='lat' dir='ltr'><strong>desunt</strong></span> <span class='ocrx_word' id='word_1_806' title='bbox 773 5544 864 5597; x_wconf 87' lang='lat' dir='ltr'><strong>7b.</strong></span> 
     </span>
    </p>
   </div>
   <div class='ocr_carea' id='block_1_110' title="bbox 1967 5650 2179 5706">
    <p class='ocr_par' dir='ltr' id='par_1_110' title="bbox 1967 5650 2179 5706">
     <span class='ocr_line' id='line_1_110' title="bbox 1967 5650 2179 5706; baseline 0.005 -1"><span class='ocrx_word' id='word_1_807' title='bbox 1967 5650 2179 5706; x_wconf 70' lang='grc' dir='ltr'><strong>ΝΟΤᾸΞ.</strong></span> 
     </span>
    </p>
   </div>
   <div class='ocr_carea' id='block_1_111' title="bbox 486 5712 944 5787">
    <p class='ocr_par' dir='ltr' id='par_1_111' title="bbox 486 5712 944 5787">
     <span class='ocr_line' id='line_1_111' title="bbox 486 5712 944 5787; baseline -0.007 -17"><span class='ocrx_word' id='word_1_808' title='bbox 486 5713 634 5787; x_wconf 71' lang='lat'><strong>(592)</strong></span> <span class='ocrx_word' id='word_1_809' title='bbox 669 5712 743 5767; x_wconf 89' lang='lat' dir='ltr'><strong>De</strong></span> <span class='ocrx_word' id='word_1_810' title='bbox 770 5712 944 5786; x_wconf 83' lang='lat' dir='ltr'><strong>Sully.</strong></span> 
     </span>
    </p>
   </div>
  </div>
