  <div class='ocr_page' id='page_1' title='image "/cluster/home/n/w/nwhite01/storage/ocr_20150623/160/uva.x000829802/234.png"; bbox 0 0 3858 6206; ppageno 0'>
   <div class='ocr_carea' id='block_1_1' title="bbox 109 263 195 317">
    <p class='ocr_par' dir='ltr' id='par_1_1' title="bbox 109 263 195 317">
     <span class='ocr_line' id='line_1_1' title="bbox 109 263 195 317; baseline -0.012 0"><span class='ocrx_word' id='word_1_1' title='bbox 109 263 195 317; x_wconf 68' lang='grc'><strong>457</strong></span> 
     </span>
    </p>
   </div>
   <div class='ocr_carea' id='block_1_2' title="bbox 228 395 1522 439">
    <p class='ocr_par' dir='ltr' id='par_1_2' title="bbox 228 395 1522 439">
     <span class='ocr_line' id='line_1_2' title="bbox 228 395 1522 439; baseline -0.005 0"><span class='ocrx_word' id='word_1_2' title='bbox 228 397 562 439; x_wconf 68' lang='lat' dir='ltr'><strong>ROMANORUM</strong></span> <span class='ocrx_word' id='word_1_3' title='bbox 730 395 1067 436; x_wconf 72' lang='lat' dir='ltr'><strong>FRANCOBUM.</strong></span> <span class='ocrx_word' id='word_1_4' title='bbox 1218 396 1522 435; x_wconf 72' lang='lat' dir='ltr'><strong>ANGLORUM.</strong></span> 
     </span>
    </p>
   </div>
   <div class='ocr_carea' id='block_1_3' title="bbox 107 472 1696 544">
    <p class='ocr_par' dir='ltr' id='par_1_3' title="bbox 107 472 1696 544">
     <span class='ocr_line' id='line_1_3' title="bbox 107 472 1696 544; baseline -0.003 -14"><span class='ocrx_word' id='word_1_5' title='bbox 107 477 251 532; x_wconf 88' lang='lat' dir='ltr'><strong>venit.</strong></span> <span class='ocrx_word' id='word_1_6' title='bbox 304 474 405 529; x_wconf 86' lang='lat' dir='ltr'><strong>Alii</strong></span> <span class='ocrx_word' id='word_1_7' title='bbox 456 489 702 544; x_wconf 78' lang='lat' dir='ltr'><strong>namque</strong></span> <span class='ocrx_word' id='word_1_8' title='bbox 750 488 939 528; x_wconf 88' lang='lat' dir='ltr'><strong>eorum</strong></span> <span class='ocrx_word' id='word_1_9' title='bbox 973 472 1141 527; x_wconf 84' lang='lat' dir='ltr'><strong>occisi</strong></span> <span class='ocrx_word' id='word_1_10' title='bbox 1182 480 1331 538; x_wconf 88' lang='lat' dir='ltr'><strong>sunt,</strong></span> <span class='ocrx_word' id='word_1_11' title='bbox 1388 472 1476 526; x_wconf 93' lang='lat' dir='ltr'><strong>alii</strong></span> <span class='ocrx_word' id='word_1_12' title='bbox 1529 472 1696 542; x_wconf 91' lang='lat' dir='ltr'><strong>capti,</strong></span> 
     </span>
    </p>
   </div>
   <div class='ocr_carea' id='block_1_4' title="bbox 105 561 1699 637">
    <p class='ocr_par' dir='ltr' id='par_1_4' title="bbox 105 561 1699 637">
     <span class='ocr_line' id='line_1_4' title="bbox 105 561 1699 637; baseline -0.002 -18"><span class='ocrx_word' id='word_1_13' title='bbox 105 567 183 620; x_wconf 92' lang='lat' dir='ltr'><strong>alii</strong></span> <span class='ocrx_word' id='word_1_14' title='bbox 217 563 564 637; x_wconf 75' lang='lat' dir='ltr'><strong>aufugerunt.</strong></span> <span class='ocrx_word' id='word_1_15' title='bbox 601 562 759 617; x_wconf 80' lang='lat' dir='ltr'><strong>Acies</strong></span> <span class='ocrx_word' id='word_1_16' title='bbox 800 562 887 615; x_wconf 90' lang='lat' dir='ltr'><strong>cui</strong></span> <span class='ocrx_word' id='word_1_17' title='bbox 932 561 1349 632; x_wconf 88' lang='lat' dir='ltr'><strong>principabatur</strong></span> <span class='ocrx_word' id='word_1_18' title='bbox 1405 562 1595 616; x_wconf 76' lang='lat' dir='ltr'><strong>consul</strong></span> <span class='ocrx_word' id='word_1_19' title='bbox 1632 562 1699 616; x_wconf 92' lang='lat' dir='ltr'><strong>de</strong></span> 
     </span>
    </p>
   </div>
   <div class='ocr_carea' id='block_1_5' title="bbox 107 649 1705 720">
    <p class='ocr_par' dir='ltr' id='par_1_5' title="bbox 107 649 1705 720">
     <span class='ocr_line' id='line_1_5' title="bbox 107 649 1705 720; baseline -0.003 -13"><span class='ocrx_word' id='word_1_20' title='bbox 107 653 387 708; x_wconf 79' lang='lat' dir='ltr'><strong>Albemarle</strong></span> <span class='ocrx_word' id='word_1_21' title='bbox 418 658 475 705; x_wconf 86' lang='lat' dir='ltr'><strong>et</strong></span> <span class='ocrx_word' id='word_1_22' title='bbox 536 650 843 706; x_wconf 88' lang='lat' dir='ltr'><strong>Willermus</strong></span> <span class='ocrx_word' id='word_1_23' title='bbox 873 649 1139 720; x_wconf 75' lang='lat' dir='ltr'><strong>Yprensis</strong></span> <span class='ocrx_word' id='word_1_24' title='bbox 1189 650 1458 720; x_wconf 88' lang='lat' dir='ltr'><strong>percussit</strong></span> <span class='ocrx_word' id='word_1_25' title='bbox 1488 650 1705 703; x_wconf 86' lang='lat' dir='ltr'><strong>Walen-</strong></span> 
     </span>
    </p>
   </div>
   <div class='ocr_carea' id='block_1_6' title="bbox 105 740 1698 816">
    <p class='ocr_par' dir='ltr' id='par_1_6' title="bbox 105 740 1698 816">
     <span class='ocr_line' id='line_1_6' title="bbox 105 740 1698 816; baseline -0.003 -16"><span class='ocrx_word' id='word_1_26' title='bbox 105 762 196 810; x_wconf 85' lang='lat' dir='ltr'><strong>ses,</strong></span> <span class='ocrx_word' id='word_1_27' title='bbox 225 744 313 816; x_wconf 88' lang='lat' dir='ltr'><strong>qui</strong></span> <span class='ocrx_word' id='word_1_28' title='bbox 343 760 374 797; x_wconf 92' lang='lat' dir='ltr'><strong>a</strong></span> <span class='ocrx_word' id='word_1_29' title='bbox 410 742 584 797; x_wconf 84' lang='lat' dir='ltr'><strong>latere</strong></span> <span class='ocrx_word' id='word_1_30' title='bbox 615 741 1010 812; x_wconf 80' lang='lat' dir='ltr'><strong>procedebant,</strong></span> <span class='ocrx_word' id='word_1_31' title='bbox 1065 749 1117 795; x_wconf 92' lang='lat' dir='ltr'><strong>et</strong></span> <span class='ocrx_word' id='word_1_32' title='bbox 1161 742 1211 794; x_wconf 91' lang='lat' dir='ltr'><strong>in</strong></span> <span class='ocrx_word' id='word_1_33' title='bbox 1259 740 1440 811; x_wconf 89' lang='lat' dir='ltr'><strong>fugam</strong></span> <span class='ocrx_word' id='word_1_34' title='bbox 1499 741 1698 808; x_wconf 81' lang='lat' dir='ltr'><strong>coegit.</strong></span> 
     </span>
    </p>
   </div>
   <div class='ocr_carea' id='block_1_7' title="bbox 106 831 1699 901">
    <p class='ocr_par' dir='ltr' id='par_1_7' title="bbox 106 831 1699 901">
     <span class='ocr_line' id='line_1_7' title="bbox 106 831 1699 901; baseline -0.003 -12"><span class='ocrx_word' id='word_1_35' title='bbox 106 837 195 890; x_wconf 85' lang='lat' dir='ltr'><strong>Sed</strong></span> <span class='ocrx_word' id='word_1_36' title='bbox 241 835 384 889; x_wconf 89' lang='lat' dir='ltr'><strong>acies</strong></span> <span class='ocrx_word' id='word_1_37' title='bbox 435 833 682 888; x_wconf 86' lang='lat' dir='ltr'><strong>consulis</strong></span> <span class='ocrx_word' id='word_1_38' title='bbox 734 831 1044 887; x_wconf 87' lang='lat' dir='ltr'><strong>Cestrensis</strong></span> <span class='ocrx_word' id='word_1_39' title='bbox 1096 832 1371 901; x_wconf 76' lang='lat' dir='ltr'><strong>percussit</strong></span> <span class='ocrx_word' id='word_1_40' title='bbox 1421 833 1699 886; x_wconf 87' lang='lat' dir='ltr'><strong>cohortem</strong></span> 
     </span>
    </p>
   </div>
   <div class='ocr_carea' id='block_1_8' title="bbox 107 920 1706 995">
    <p class='ocr_par' dir='ltr' id='par_1_8' title="bbox 107 920 1706 995">
     <span class='ocr_line' id='line_1_8' title="bbox 107 920 1706 995; baseline -0.003 -17"><span class='ocrx_word' id='word_1_41' title='bbox 107 924 408 995; x_wconf 88' lang='lat' dir='ltr'><strong>prcdictam,</strong></span> <span class='ocrx_word' id='word_1_42' title='bbox 444 929 501 976; x_wconf 86' lang='lat' dir='ltr'><strong>et</strong></span> <span class='ocrx_word' id='word_1_43' title='bbox 533 920 794 990; x_wconf 89' lang='lat' dir='ltr'><strong>dissipata</strong></span> <span class='ocrx_word' id='word_1_44' title='bbox 825 927 909 974; x_wconf 91' lang='lat' dir='ltr'><strong>est</strong></span> <span class='ocrx_word' id='word_1_45' title='bbox 951 920 1005 973; x_wconf 91' lang='lat' dir='ltr'><strong>in</strong></span> <span class='ocrx_word' id='word_1_46' title='bbox 1038 928 1342 987; x_wconf 89' lang='lat' dir='ltr'><strong>momento,</strong></span> <span class='ocrx_word' id='word_1_47' title='bbox 1376 921 1520 975; x_wconf 86' lang='lat' dir='ltr'><strong>sicut</strong></span> <span class='ocrx_word' id='word_1_48' title='bbox 1557 920 1706 974; x_wconf 81' lang='lat' dir='ltr'><strong>acies</strong></span> 
     </span>
    </p>
   </div>
   <div class='ocr_carea' id='block_1_9' title="bbox 109 1011 1706 1088">
    <p class='ocr_par' dir='ltr' id='par_1_9' title="bbox 109 1011 1706 1088">
     <span class='ocr_line' id='line_1_9' title="bbox 109 1011 1706 1088; baseline 0 -22"><span class='ocrx_word' id='word_1_49' title='bbox 109 1015 249 1085; x_wconf 87' lang='lat' dir='ltr'><strong>prior.</strong></span> <span class='ocrx_word' id='word_1_50' title='bbox 298 1013 573 1088; x_wconf 82' lang='lat' dir='ltr'><strong>Fugerunt</strong></span> <span class='ocrx_word' id='word_1_51' title='bbox 606 1011 774 1086; x_wconf 80' lang='lat' dir='ltr'><strong>igitur</strong></span> <span class='ocrx_word' id='word_1_52' title='bbox 800 1026 992 1066; x_wconf 89' lang='lat' dir='ltr'><strong>omnes</strong></span> <span class='ocrx_word' id='word_1_53' title='bbox 1037 1012 1255 1082; x_wconf 85' lang='lat' dir='ltr'><strong>equites</strong></span> <span class='ocrx_word' id='word_1_54' title='bbox 1290 1012 1456 1085; x_wconf 75' lang='lat' dir='ltr'><strong>regis,</strong></span> <span class='ocrx_word' id='word_1_55' title='bbox 1488 1019 1541 1066; x_wconf 91' lang='lat' dir='ltr'><strong>et</strong></span> <span class='ocrx_word' id='word_1_56' title='bbox 1572 1012 1706 1066; x_wconf 87' lang='lat' dir='ltr'><strong>Wil-</strong></span> 
     </span>
    </p>
   </div>
   <div class='ocr_carea' id='block_1_10' title="bbox 108 1107 1702 1180">
    <p class='ocr_par' dir='ltr' id='par_1_10' title="bbox 108 1107 1702 1180">
     <span class='ocr_line' id='line_1_10' title="bbox 108 1107 1702 1180; baseline -0.003 -15"><span class='ocrx_word' id='word_1_57' title='bbox 108 1112 284 1166; x_wconf 88' lang='lat' dir='ltr'><strong>lermus</strong></span> <span class='ocrx_word' id='word_1_58' title='bbox 310 1108 598 1179; x_wconf 88' lang='lat' dir='ltr'><strong>Yprensis,</strong></span> <span class='ocrx_word' id='word_1_59' title='bbox 627 1108 709 1161; x_wconf 84' lang='lat' dir='ltr'><strong>vir</strong></span> <span class='ocrx_word' id='word_1_60' title='bbox 737 1107 1113 1162; x_wconf 79' lang='lat' dir='ltr'><strong>exconsularis</strong></span> <span class='ocrx_word' id='word_1_61' title='bbox 1160 1114 1214 1161; x_wconf 90' lang='lat' dir='ltr'><strong>et</strong></span> <span class='ocrx_word' id='word_1_62' title='bbox 1257 1123 1454 1180; x_wconf 84' lang='lat' dir='ltr'><strong>magne</strong></span> <span class='ocrx_word' id='word_1_63' title='bbox 1514 1107 1702 1177; x_wconf 89' lang='lat' dir='ltr'><strong>probi-</strong></span> 
     </span>
    </p>
   </div>
   <div class='ocr_carea' id='block_1_11' title="bbox 108 1199 1698 1275">
    <p class='ocr_par' dir='ltr' id='par_1_11' title="bbox 108 1199 1698 1275">
     <span class='ocr_line' id='line_1_11' title="bbox 108 1199 1698 1275; baseline -0.003 -17"><span class='ocrx_word' id='word_1_64' title='bbox 108 1205 226 1258; x_wconf 88' lang='lat' dir='ltr'><strong>tatis.</strong></span> <span class='ocrx_word' id='word_1_65' title='bbox 257 1202 506 1257; x_wconf 82' lang='lat' dir='ltr'><strong>Aliivcro</strong></span> <span class='ocrx_word' id='word_1_66' title='bbox 536 1200 678 1271; x_wconf 89' lang='lat' dir='ltr'><strong>capti</strong></span> <span class='ocrx_word' id='word_1_67' title='bbox 713 1206 862 1266; x_wconf 88' lang='lat' dir='ltr'><strong>sunt,</strong></span> <span class='ocrx_word' id='word_1_68' title='bbox 918 1201 1013 1271; x_wconf 89' lang='lat' dir='ltr'><strong>qui</strong></span> <span class='ocrx_word' id='word_1_69' title='bbox 1046 1199 1174 1275; x_wconf 87' lang='lat' dir='ltr'><strong>fuge</strong></span> <span class='ocrx_word' id='word_1_70' title='bbox 1207 1217 1317 1255; x_wconf 90' lang='lat' dir='ltr'><strong>non</strong></span> <span class='ocrx_word' id='word_1_71' title='bbox 1378 1208 1698 1271; x_wconf 89' lang='lat' dir='ltr'><strong>paruerunt.</strong></span> 
     </span>
    </p>
   </div>
   <div class='ocr_carea' id='block_1_12' title="bbox 108 1287 1702 1353">
    <p class='ocr_par' dir='ltr' id='par_1_12' title="bbox 108 1287 1702 1353">
     <span class='ocr_line' id='line_1_12' title="bbox 108 1287 1702 1353; baseline -0.003 -6"><span class='ocrx_word' id='word_1_72' title='bbox 108 1294 194 1348; x_wconf 71' lang='lat' dir='ltr'><strong>lies</strong></span> <span class='ocrx_word' id='word_1_73' title='bbox 217 1291 369 1353; x_wconf 85' lang='lat' dir='ltr'><strong>mira,</strong></span> <span class='ocrx_word' id='word_1_74' title='bbox 413 1290 584 1343; x_wconf 91' lang='lat' dir='ltr'><strong>nimis</strong></span> <span class='ocrx_word' id='word_1_75' title='bbox 632 1305 663 1343; x_wconf 88' lang='lat' dir='ltr'><strong>a</strong></span> <span class='ocrx_word' id='word_1_76' title='bbox 710 1288 897 1343; x_wconf 91' lang='lat' dir='ltr'><strong>multis</strong></span> <span class='ocrx_word' id='word_1_77' title='bbox 931 1287 1213 1342; x_wconf 89' lang='lat' dir='ltr'><strong>mirandal</strong></span> <span class='ocrx_word' id='word_1_78' title='bbox 1275 1305 1399 1343; x_wconf 91' lang='lat' dir='ltr'><strong>cum</strong></span> <span class='ocrx_word' id='word_1_79' title='bbox 1448 1305 1542 1343; x_wconf 91' lang='lat' dir='ltr'><strong>rex</strong></span> <span class='ocrx_word' id='word_1_80' title='bbox 1583 1290 1702 1344; x_wconf 88' lang='lat' dir='ltr'><strong>Ste-</strong></span> 
     </span>
    </p>
   </div>
   <div class='ocr_carea' id='block_1_13' title="bbox 108 1383 1702 1458">
    <p class='ocr_par' dir='ltr' id='par_1_13' title="bbox 108 1383 1702 1458">
     <span class='ocr_line' id='line_1_13' title="bbox 108 1383 1702 1458; baseline -0.003 -17"><span class='ocrx_word' id='word_1_81' title='bbox 108 1390 316 1458; x_wconf 87' lang='lat' dir='ltr'><strong>phanus,</strong></span> <span class='ocrx_word' id='word_1_82' title='bbox 354 1386 584 1458; x_wconf 79' lang='lat' dir='ltr'><strong>rugiens</strong></span> <span class='ocrx_word' id='word_1_83' title='bbox 621 1392 679 1439; x_wconf 91' lang='lat' dir='ltr'><strong>ut</strong></span> <span class='ocrx_word' id='word_1_84' title='bbox 718 1384 826 1451; x_wconf 91' lang='lat' dir='ltr'><strong>leo,</strong></span> <span class='ocrx_word' id='word_1_85' title='bbox 859 1384 1009 1438; x_wconf 90' lang='lat' dir='ltr'><strong>solus</strong></span> <span class='ocrx_word' id='word_1_86' title='bbox 1050 1384 1104 1437; x_wconf 91' lang='lat' dir='ltr'><strong>in</strong></span> <span class='ocrx_word' id='word_1_87' title='bbox 1144 1399 1339 1453; x_wconf 88' lang='lat' dir='ltr'><strong>campo</strong></span> <span class='ocrx_word' id='word_1_88' title='bbox 1369 1383 1702 1453; x_wconf 90' lang='lat' dir='ltr'><strong>persisteret,</strong></span> 
     </span>
    </p>
   </div>
   <div class='ocr_carea' id='block_1_14' title="bbox 114 1472 1704 1544">
    <p class='ocr_par' dir='ltr' id='par_1_14' title="bbox 114 1472 1704 1544">
     <span class='ocr_line' id='line_1_14' title="bbox 114 1472 1704 1544; baseline -0.003 -13"><span class='ocrx_word' id='word_1_89' title='bbox 114 1476 276 1532; x_wconf 85' lang='lat' dir='ltr'><strong>nullus</strong></span> <span class='ocrx_word' id='word_1_90' title='bbox 298 1477 366 1532; x_wconf 89' lang='lat' dir='ltr'><strong>ad</strong></span> <span class='ocrx_word' id='word_1_91' title='bbox 392 1492 521 1531; x_wconf 90' lang='lat' dir='ltr'><strong>eum</strong></span> <span class='ocrx_word' id='word_1_92' title='bbox 556 1475 824 1530; x_wconf 84' lang='lat' dir='ltr'><strong>accedere</strong></span> <span class='ocrx_word' id='word_1_93' title='bbox 867 1474 1118 1544; x_wconf 86' lang='lat' dir='ltr'><strong>auderet,</strong></span> <span class='ocrx_word' id='word_1_94' title='bbox 1146 1474 1387 1529; x_wconf 86' lang='lat' dir='ltr'><strong>stridens</strong></span> <span class='ocrx_word' id='word_1_95' title='bbox 1426 1472 1704 1540; x_wconf 87' lang='lat' dir='ltr'><strong>dentibus,</strong></span> 
     </span>
    </p>
   </div>
   <div class='ocr_carea' id='block_1_15' title="bbox 108 1566 1709 1641">
    <p class='ocr_par' dir='ltr' id='par_1_15' title="bbox 108 1566 1709 1641">
     <span class='ocr_line' id='line_1_15' title="bbox 108 1566 1709 1641; baseline -0.002 -18"><span class='ocrx_word' id='word_1_96' title='bbox 108 1586 350 1641; x_wconf 88' lang='lat' dir='ltr'><strong>spumans</strong></span> <span class='ocrx_word' id='word_1_97' title='bbox 376 1585 493 1631; x_wconf 89' lang='lat' dir='ltr'><strong>ore,</strong></span> <span class='ocrx_word' id='word_1_98' title='bbox 556 1568 672 1638; x_wconf 89' lang='lat' dir='ltr'><strong>apri</strong></span> <span class='ocrx_word' id='word_1_99' title='bbox 709 1582 882 1634; x_wconf 90' lang='lat' dir='ltr'><strong>more,</strong></span> <span class='ocrx_word' id='word_1_100' title='bbox 934 1567 1162 1638; x_wconf 78' lang='lat' dir='ltr'><strong>bipenni</strong></span> <span class='ocrx_word' id='word_1_101' title='bbox 1207 1566 1442 1637; x_wconf 85' lang='lat' dir='ltr'><strong>quadam</strong></span> <span class='ocrx_word' id='word_1_102' title='bbox 1499 1566 1709 1620; x_wconf 87' lang='lat' dir='ltr'><strong>crebris</strong></span> 
     </span>
    </p>
   </div>
   <div class='ocr_carea' id='block_1_16' title="bbox 108 1654 1707 1729">
    <p class='ocr_par' dir='ltr' id='par_1_16' title="bbox 108 1654 1707 1729">
     <span class='ocr_line' id='line_1_16' title="bbox 108 1654 1707 1729; baseline -0.003 -16"><span class='ocrx_word' id='word_1_103' title='bbox 108 1660 304 1729; x_wconf 85' lang='lat' dir='ltr'><strong>pulsans</strong></span> <span class='ocrx_word' id='word_1_104' title='bbox 331 1657 539 1712; x_wconf 88' lang='lat' dir='ltr'><strong>ictibus</strong></span> <span class='ocrx_word' id='word_1_105' title='bbox 572 1656 810 1712; x_wconf 87' lang='lat' dir='ltr'><strong>hostium</strong></span> <span class='ocrx_word' id='word_1_106' title='bbox 873 1657 1188 1727; x_wconf 69' lang='lat' dir='ltr'><strong>pracipuos,</strong></span> <span class='ocrx_word' id='word_1_107' title='bbox 1223 1655 1388 1710; x_wconf 90' lang='lat' dir='ltr'><strong>nimis</strong></span> <span class='ocrx_word' id='word_1_108' title='bbox 1426 1654 1494 1709; x_wconf 88' lang='lat' dir='ltr'><strong>ab</strong></span> <span class='ocrx_word' id='word_1_109' title='bbox 1528 1654 1707 1710; x_wconf 86' lang='lat' dir='ltr'><strong>omni-</strong></span> 
     </span>
    </p>
   </div>
   <div class='ocr_carea' id='block_1_17' title="bbox 110 1743 1706 1809">
    <p class='ocr_par' dir='ltr' id='par_1_17' title="bbox 110 1743 1706 1809">
     <span class='ocr_line' id='line_1_17' title="bbox 110 1743 1706 1809; baseline -0.002 -10"><span class='ocrx_word' id='word_1_110' title='bbox 110 1749 193 1801; x_wconf 90' lang='lat' dir='ltr'><strong>bus</strong></span> <span class='ocrx_word' id='word_1_111' title='bbox 220 1745 613 1801; x_wconf 82' lang='lat' dir='ltr'><strong>admirabatur.</strong></span> <span class='ocrx_word' id='word_1_112' title='bbox 652 1744 690 1799; x_wconf 89' lang='grc' dir='ltr'>Ο</span> <span class='ocrx_word' id='word_1_113' title='bbox 721 1744 765 1798; x_wconf 92' lang='lat' dir='ltr'><strong>si</strong></span> <span class='ocrx_word' id='word_1_114' title='bbox 797 1753 1016 1799; x_wconf 88' lang='lat' dir='ltr'><strong>centum</strong></span> <span class='ocrx_word' id='word_1_115' title='bbox 1074 1743 1284 1798; x_wconf 90' lang='lat' dir='ltr'><strong>similes</strong></span> <span class='ocrx_word' id='word_1_116' title='bbox 1313 1752 1521 1809; x_wconf 88' lang='lat' dir='ltr'><strong>essent,</strong></span> <span class='ocrx_word' id='word_1_117' title='bbox 1553 1759 1706 1797; x_wconf 91' lang='lat' dir='ltr'><strong>cam-</strong></span> 
     </span>
    </p>
   </div>
   <div class='ocr_carea' id='block_1_18' title="bbox 107 1836 1705 1911">
    <p class='ocr_par' dir='ltr' id='par_1_18' title="bbox 107 1836 1705 1911">
     <span class='ocr_line' id='line_1_18' title="bbox 107 1836 1705 1911; baseline -0.003 -18"><span class='ocrx_word' id='word_1_118' title='bbox 107 1856 213 1910; x_wconf 87' lang='lat' dir='ltr'><strong>pum</strong></span> <span class='ocrx_word' id='word_1_119' title='bbox 254 1839 458 1893; x_wconf 91' lang='lat' dir='ltr'><strong>diutius</strong></span> <span class='ocrx_word' id='word_1_120' title='bbox 490 1837 893 1892; x_wconf 87' lang='lat' dir='ltr'><strong>defenderentl</strong></span> <span class='ocrx_word' id='word_1_121' title='bbox 939 1838 1069 1894; x_wconf 87' lang='lat' dir='ltr'><strong>Cum</strong></span> <span class='ocrx_word' id='word_1_122' title='bbox 1100 1837 1252 1891; x_wconf 91' lang='lat' dir='ltr'><strong>solus</strong></span> <span class='ocrx_word' id='word_1_123' title='bbox 1290 1837 1433 1907; x_wconf 88' lang='lat' dir='ltr'><strong>ipse,</strong></span> <span class='ocrx_word' id='word_1_124' title='bbox 1485 1836 1571 1891; x_wconf 87' lang='lat' dir='ltr'><strong>vix</strong></span> <span class='ocrx_word' id='word_1_125' title='bbox 1605 1853 1705 1911; x_wconf 73' lang='lat' dir='ltr'><strong>pa-</strong></span> 
     </span>
    </p>
   </div>
   <div class='ocr_carea' id='block_1_19' title="bbox 107 1928 1704 2003">
    <p class='ocr_par' dir='ltr' id='par_1_19' title="bbox 107 1928 1704 2003">
     <span class='ocr_line' id='line_1_19' title="bbox 107 1928 1704 2003; baseline -0.004 -17"><span class='ocrx_word' id='word_1_126' title='bbox 107 1934 191 1986; x_wconf 87' lang='lat' dir='ltr'><strong>tuit</strong></span> <span class='ocrx_word' id='word_1_127' title='bbox 222 1932 402 2003; x_wconf 80' lang='lat' dir='ltr'><strong>prede.</strong></span> <span class='ocrx_word' id='word_1_128' title='bbox 435 1929 666 1999; x_wconf 79' lang='lat' dir='ltr'><strong>Capitur</strong></span> <span class='ocrx_word' id='word_1_129' title='bbox 702 1930 871 2001; x_wconf 78' lang='lat' dir='ltr'><strong>igitur</strong></span> <span class='ocrx_word' id='word_1_130' title='bbox 903 1947 993 1984; x_wconf 87' lang='lat' dir='ltr'><strong>rex</strong></span> <span class='ocrx_word' id='word_1_131' title='bbox 1030 1930 1326 2001; x_wconf 80' lang='lat' dir='ltr'><strong>Anglorum</strong></span> <span class='ocrx_word' id='word_1_132' title='bbox 1389 1928 1704 1998; x_wconf 87' lang='lat' dir='ltr'><strong>Stephanus</strong></span> 
     </span>
    </p>
   </div>
   <div class='ocr_carea' id='block_1_20' title="bbox 106 2015 1700 2089">
    <p class='ocr_par' dir='ltr' id='par_1_20' title="bbox 106 2015 1700 2089">
     <span class='ocr_line' id='line_1_20' title="bbox 106 2015 1700 2089; baseline -0.002 -17"><span class='ocrx_word' id='word_1_133' title='bbox 106 2021 148 2072; x_wconf 90' lang='lat' dir='ltr'><strong>in</strong></span> <span class='ocrx_word' id='word_1_134' title='bbox 173 2020 252 2073; x_wconf 90' lang='lat' dir='ltr'><strong>dic</strong></span> <span class='ocrx_word' id='word_1_135' title='bbox 278 2018 688 2089; x_wconf 82' lang='lat' dir='ltr'><strong>purificationis</strong></span> <span class='ocrx_word' id='word_1_136' title='bbox 720 2025 910 2072; x_wconf 89' lang='lat' dir='ltr'><strong>sancte</strong></span> <span class='ocrx_word' id='word_1_137' title='bbox 966 2017 1151 2084; x_wconf 82' lang='lat' dir='ltr'><strong>Mario,</strong></span> <span class='ocrx_word' id='word_1_138' title='bbox 1184 2024 1238 2071; x_wconf 92' lang='lat' dir='ltr'><strong>et</strong></span> <span class='ocrx_word' id='word_1_139' title='bbox 1290 2016 1345 2070; x_wconf 92' lang='lat' dir='ltr'><strong>in</strong></span> <span class='ocrx_word' id='word_1_140' title='bbox 1402 2015 1700 2070; x_wconf 87' lang='lat' dir='ltr'><strong>Lincoliam</strong></span> 
     </span>
    </p>
   </div>
   <div class='ocr_carea' id='block_1_21' title="bbox 106 2108 1694 2181">
    <p class='ocr_par' dir='ltr' id='par_1_21' title="bbox 106 2108 1694 2181">
     <span class='ocr_line' id='line_1_21' title="bbox 106 2108 1694 2181; baseline -0.002 -17"><span class='ocrx_word' id='word_1_141' title='bbox 106 2112 160 2164; x_wconf 87' lang='lat' dir='ltr'><strong>ab</strong></span> <span class='ocrx_word' id='word_1_142' title='bbox 188 2112 426 2167; x_wconf 91' lang='lat' dir='ltr'><strong>hostibus</strong></span> <span class='ocrx_word' id='word_1_143' title='bbox 457 2111 743 2181; x_wconf 87' lang='lat' dir='ltr'><strong>diruptam</strong></span> <span class='ocrx_word' id='word_1_144' title='bbox 794 2108 1184 2164; x_wconf 87' lang='lat' dir='ltr'><strong>miserabiliter</strong></span> <span class='ocrx_word' id='word_1_145' title='bbox 1210 2108 1564 2180; x_wconf 70' lang='lat' dir='ltr'><strong>introductus</strong></span> <span class='ocrx_word' id='word_1_146' title='bbox 1595 2114 1694 2162; x_wconf 88' lang='lat' dir='ltr'><strong>est.</strong></span> 
     </span>
    </p>
   </div>
   <div class='ocr_carea' id='block_1_22' title="bbox 108 2199 1695 2276">
    <p class='ocr_par' dir='ltr' id='par_1_22' title="bbox 108 2199 1695 2276">
     <span class='ocr_line' id='line_1_22' title="bbox 108 2199 1695 2276; baseline -0.001 -22"><span class='ocrx_word' id='word_1_147' title='bbox 108 2200 184 2255; x_wconf 85' lang='lat' dir='ltr'><strong>Dei</strong></span> <span class='ocrx_word' id='word_1_148' title='bbox 226 2202 384 2276; x_wconf 77' lang='lat' dir='ltr'><strong>igitur</strong></span> <span class='ocrx_word' id='word_1_149' title='bbox 408 2200 632 2270; x_wconf 90' lang='lat' dir='ltr'><strong>judicio</strong></span> <span class='ocrx_word' id='word_1_150' title='bbox 683 2202 829 2255; x_wconf 88' lang='lat' dir='ltr'><strong>circa</strong></span> <span class='ocrx_word' id='word_1_151' title='bbox 860 2216 1046 2273; x_wconf 86' lang='lat' dir='ltr'><strong>regem</strong></span> <span class='ocrx_word' id='word_1_152' title='bbox 1093 2207 1338 2270; x_wconf 86' lang='lat' dir='ltr'><strong>peracto,</strong></span> <span class='ocrx_word' id='word_1_153' title='bbox 1372 2200 1591 2253; x_wconf 90' lang='lat' dir='ltr'><strong>ducitur</strong></span> <span class='ocrx_word' id='word_1_154' title='bbox 1628 2199 1695 2253; x_wconf 87' lang='lat' dir='ltr'><strong>ad</strong></span> 
     </span>
    </p>
   </div>
   <div class='ocr_carea' id='block_1_23' title="bbox 110 2291 1697 2362">
    <p class='ocr_par' dir='ltr' id='par_1_23' title="bbox 110 2291 1697 2362">
     <span class='ocr_line' id='line_1_23' title="bbox 110 2291 1697 2362; baseline 0.001 -19"><span class='ocrx_word' id='word_1_155' title='bbox 110 2291 506 2362; x_wconf 85' lang='lat' dir='ltr'><strong>iinperatriccm,</strong></span> <span class='ocrx_word' id='word_1_156' title='bbox 544 2300 599 2347; x_wconf 90' lang='lat' dir='ltr'><strong>et</strong></span> <span class='ocrx_word' id='word_1_157' title='bbox 644 2293 696 2346; x_wconf 88' lang='lat' dir='ltr'><strong>in</strong></span> <span class='ocrx_word' id='word_1_158' title='bbox 740 2292 876 2347; x_wconf 91' lang='lat' dir='ltr'><strong>turri</strong></span> <span class='ocrx_word' id='word_1_159' title='bbox 919 2293 987 2347; x_wconf 90' lang='lat' dir='ltr'><strong>de</strong></span> <span class='ocrx_word' id='word_1_160' title='bbox 1037 2292 1292 2347; x_wconf 79' lang='lat' dir='ltr'><strong>Bristoud</strong></span> <span class='ocrx_word' id='word_1_161' title='bbox 1342 2292 1398 2345; x_wconf 92' lang='lat' dir='ltr'><strong>in</strong></span> <span class='ocrx_word' id='word_1_162' title='bbox 1449 2291 1697 2346; x_wconf 86' lang='lat' dir='ltr'><strong>custodia</strong></span> 
     </span>
    </p>
   </div>
   <div class='ocr_carea' id='block_1_24' title="bbox 111 2388 1697 2460">
    <p class='ocr_par' dir='ltr' id='par_1_24' title="bbox 111 2388 1697 2460">
     <span class='ocr_line' id='line_1_24' title="bbox 111 2388 1697 2460; baseline -0.003 -18"><span class='ocrx_word' id='word_1_163' title='bbox 111 2389 322 2457; x_wconf 91' lang='lat' dir='ltr'><strong>ponitur.</strong></span> <span class='ocrx_word' id='word_1_164' title='bbox 357 2390 509 2445; x_wconf 90' lang='lat' dir='ltr'><strong>Tunc</strong></span> <span class='ocrx_word' id='word_1_165' title='bbox 536 2389 862 2459; x_wconf 86' lang='lat' dir='ltr'><strong>imperatrix</strong></span> <span class='ocrx_word' id='word_1_166' title='bbox 902 2389 969 2442; x_wconf 89' lang='lat' dir='ltr'><strong>ab</strong></span> <span class='ocrx_word' id='word_1_167' title='bbox 1013 2388 1163 2443; x_wconf 91' lang='lat' dir='ltr'><strong>omni</strong></span> <span class='ocrx_word' id='word_1_168' title='bbox 1194 2394 1359 2460; x_wconf 89' lang='lat' dir='ltr'><strong>gente</strong></span> <span class='ocrx_word' id='word_1_169' title='bbox 1399 2388 1697 2459; x_wconf 78' lang='lat' dir='ltr'><strong>Anglorum</strong></span> 
     </span>
    </p>
   </div>
   <div class='ocr_carea' id='block_1_25' title="bbox 112 2478 1702 2551">
    <p class='ocr_par' dir='ltr' id='par_1_25' title="bbox 112 2478 1702 2551">
     <span class='ocr_line' id='line_1_25' title="bbox 112 2478 1702 2551; baseline -0.001 -18"><span class='ocrx_word' id='word_1_170' title='bbox 112 2480 375 2551; x_wconf 84' lang='lat' dir='ltr'><strong>suscipitur</strong></span> <span class='ocrx_word' id='word_1_171' title='bbox 406 2482 462 2535; x_wconf 90' lang='lat' dir='ltr'><strong>in</strong></span> <span class='ocrx_word' id='word_1_172' title='bbox 509 2481 817 2535; x_wconf 87' lang='lat' dir='ltr'><strong>dominam.</strong></span> <span class='ocrx_word' id='word_1_173' title='bbox 867 2480 1110 2551; x_wconf 84' lang='lat' dir='ltr'><strong>exceptis</strong></span> <span class='ocrx_word' id='word_1_174' title='bbox 1169 2480 1553 2543; x_wconf 73' lang='lat' dir='ltr'><strong>lientensibus,</strong></span> <span class='ocrx_word' id='word_1_175' title='bbox 1606 2478 1702 2532; x_wconf 88' lang='lat' dir='ltr'><strong>ubi</strong></span> 
     </span>
    </p>
   </div>
   <div class='ocr_carea' id='block_1_26' title="bbox 114 2572 1707 2648">
    <p class='ocr_par' dir='ltr' id='par_1_26' title="bbox 114 2572 1707 2648">
     <span class='ocr_line' id='line_1_26' title="bbox 114 2572 1707 2648; baseline -0.001 -22"><span class='ocrx_word' id='word_1_176' title='bbox 114 2575 272 2648; x_wconf 81' lang='lat' dir='ltr'><strong>regina</strong></span> <span class='ocrx_word' id='word_1_177' title='bbox 301 2585 353 2629; x_wconf 90' lang='lat' dir='ltr'><strong>et</strong></span> <span class='ocrx_word' id='word_1_178' title='bbox 381 2576 705 2629; x_wconf 79' lang='lat' dir='ltr'><strong>Willermus</strong></span> <span class='ocrx_word' id='word_1_179' title='bbox 736 2575 1001 2645; x_wconf 87' lang='lat' dir='ltr'><strong>Yprensis</strong></span> <span class='ocrx_word' id='word_1_180' title='bbox 1055 2582 1245 2629; x_wconf 89' lang='lat' dir='ltr'><strong>contra</strong></span> <span class='ocrx_word' id='word_1_181' title='bbox 1276 2590 1394 2628; x_wconf 89' lang='lat' dir='ltr'><strong>eam</strong></span> <span class='ocrx_word' id='word_1_182' title='bbox 1438 2588 1535 2643; x_wconf 91' lang='lat' dir='ltr'><strong>pro</strong></span> <span class='ocrx_word' id='word_1_183' title='bbox 1575 2572 1707 2625; x_wconf 87' lang='lat' dir='ltr'><strong>viri-</strong></span> 
     </span>
    </p>
   </div>
   <div class='ocr_carea' id='block_1_27' title="bbox 114 2661 1707 2739">
    <p class='ocr_par' dir='ltr' id='par_1_27' title="bbox 114 2661 1707 2739">
     <span class='ocr_line' id='line_1_27' title="bbox 114 2661 1707 2739; baseline -0.001 -24"><span class='ocrx_word' id='word_1_184' title='bbox 114 2661 625 2739; x_wconf 73' lang='lat' dir='ltr'><strong>busmpugnabant.</strong></span> <span class='ocrx_word' id='word_1_185' title='bbox 673 2664 939 2733; x_wconf 84' lang='lat' dir='ltr'><strong>Suscepta</strong></span> <span class='ocrx_word' id='word_1_186' title='bbox 985 2664 1136 2733; x_wconf 89' lang='lat' dir='ltr'><strong>prius</strong></span> <span class='ocrx_word' id='word_1_187' title='bbox 1193 2669 1274 2717; x_wconf 91' lang='lat' dir='ltr'><strong>est</strong></span> <span class='ocrx_word' id='word_1_188' title='bbox 1326 2661 1647 2733; x_wconf 84' lang='lat' dir='ltr'><strong>impcratrix</strong></span> <span class='ocrx_word' id='word_1_189' title='bbox 1676 2678 1707 2715; x_wconf 90' lang='lat' dir='ltr'><strong>a</strong></span> 
     </span>
    </p>
   </div>
   <div class='ocr_carea' id='block_1_28' title="bbox 115 2749 1706 2823">
    <p class='ocr_par' dir='ltr' id='par_1_28' title="bbox 115 2749 1706 2823">
     <span class='ocr_line' id='line_1_28' title="bbox 115 2749 1706 2823; baseline 0.001 -21"><span class='ocrx_word' id='word_1_190' title='bbox 115 2749 263 2823; x_wconf 83' lang='lat' dir='ltr'><strong>legato</strong></span> <span class='ocrx_word' id='word_1_191' title='bbox 308 2753 563 2807; x_wconf 82' lang='lat' dir='ltr'><strong>Romano</strong></span> <span class='ocrx_word' id='word_1_192' title='bbox 619 2751 985 2807; x_wconf 83' lang='lat' dir='ltr'><strong>Wintonicnsi</strong></span> <span class='ocrx_word' id='word_1_193' title='bbox 1039 2753 1325 2822; x_wconf 89' lang='lat' dir='ltr'><strong>episcopo,</strong></span> <span class='ocrx_word' id='word_1_194' title='bbox 1382 2760 1436 2805; x_wconf 92' lang='lat' dir='ltr'><strong>et</strong></span> <span class='ocrx_word' id='word_1_195' title='bbox 1494 2765 1620 2805; x_wconf 88' lang='lat' dir='ltr'><strong>mox</strong></span> <span class='ocrx_word' id='word_1_196' title='bbox 1675 2766 1706 2804; x_wconf 87' lang='lat' dir='ltr'><strong>a</strong></span> 
     </span>
    </p>
   </div>
   <div class='ocr_carea' id='block_1_29' title="bbox 115 2837 1703 2912">
    <p class='ocr_par' dir='ltr' id='par_1_29' title="bbox 115 2837 1703 2912">
     <span class='ocr_line' id='line_1_29' title="bbox 115 2837 1703 2912; baseline 0.001 -21"><span class='ocrx_word' id='word_1_197' title='bbox 115 2837 590 2896; x_wconf 86' lang='lat' dir='ltr'><strong>Londonicnsibus.</strong></span> <span class='ocrx_word' id='word_1_198' title='bbox 644 2841 815 2912; x_wconf 87' lang='lat' dir='ltr'><strong>Igitur</strong></span> <span class='ocrx_word' id='word_1_199' title='bbox 862 2840 976 2895; x_wconf 89' lang='lat' dir='ltr'><strong>sive</strong></span> <span class='ocrx_word' id='word_1_200' title='bbox 1013 2840 1368 2895; x_wconf 88' lang='lat' dir='ltr'><strong>subdolorum</strong></span> <span class='ocrx_word' id='word_1_201' title='bbox 1421 2838 1703 2904; x_wconf 90' lang='lat' dir='ltr'><strong>instinctu,</strong></span> 
     </span>
    </p>
   </div>
   <div class='ocr_carea' id='block_1_30' title="bbox 114 2930 1708 3003">
    <p class='ocr_par' dir='ltr' id='par_1_30' title="bbox 114 2930 1708 3003">
     <span class='ocr_line' id='line_1_30' title="bbox 114 2930 1708 3003; baseline 0.001 -22"><span class='ocrx_word' id='word_1_202' title='bbox 114 2930 208 2985; x_wconf 84' lang='lat' dir='ltr'><strong>sive</strong></span> <span class='ocrx_word' id='word_1_203' title='bbox 248 2933 336 2987; x_wconf 90' lang='lat' dir='ltr'><strong>Dei</strong></span> <span class='ocrx_word' id='word_1_204' title='bbox 367 2940 530 2997; x_wconf 89' lang='lat' dir='ltr'><strong>nutu,</strong></span> <span class='ocrx_word' id='word_1_205' title='bbox 596 2932 825 3003; x_wconf 86' lang='lat' dir='ltr'><strong>expulsa</strong></span> <span class='ocrx_word' id='word_1_206' title='bbox 863 2939 948 2986; x_wconf 87' lang='lat' dir='ltr'><strong>est</strong></span> <span class='ocrx_word' id='word_1_207' title='bbox 992 2948 1023 2984; x_wconf 89' lang='lat' dir='ltr'><strong>a</strong></span> <span class='ocrx_word' id='word_1_208' title='bbox 1076 2930 1601 2995; x_wconf 87' lang='lat' dir='ltr'><strong>Londonicnsibus;</strong></span> <span class='ocrx_word' id='word_1_209' title='bbox 1653 2936 1708 2983; x_wconf 91' lang='lat' dir='ltr'><strong>et</strong></span> 
     </span>
    </p>
   </div>
   <div class='ocr_carea' id='block_1_31' title="bbox 936 256 2534 311">
    <p class='ocr_par' dir='ltr' id='par_1_31' title="bbox 936 256 2534 311">
     <span class='ocr_line' id='line_1_31' title="bbox 936 256 2534 311; baseline 0 -2"><span class='ocrx_word' id='word_1_210' title='bbox 936 256 1278 310; x_wconf 76' lang='lat' dir='ltr'><strong>CHRONICA.</strong></span> <span class='ocrx_word' id='word_1_211' title='bbox 1325 286 1388 293; x_wconf 93' lang='lat'><strong>—</strong></span> <span class='ocrx_word' id='word_1_212' title='bbox 1431 257 1809 311; x_wconf 61' lang='lat' dir='ltr'><strong>Alitil‘AlllliM</strong></span> <span class='ocrx_word' id='word_1_213' title='bbox 1855 257 2131 311; x_wconf 77' lang='lat' dir='ltr'><strong>ltOBER&#39;H</strong></span> <span class='ocrx_word' id='word_1_214' title='bbox 2175 257 2255 310; x_wconf 85' lang='lat' dir='ltr'><strong>DE</strong></span> <span class='ocrx_word' id='word_1_215' title='bbox 2298 256 2534 311; x_wconf 83' lang='lat' dir='ltr'><strong>MONTE.</strong></span> 
     </span>
    </p>
   </div>
   <div class='ocr_carea' id='block_1_32' title="bbox 3303 261 3409 327">
    <p class='ocr_par' dir='ltr' id='par_1_32' title="bbox 3303 261 3409 327">
     <span class='ocr_line' id='line_1_32' title="bbox 3303 261 3409 327; baseline 0 0"><span class='ocrx_word' id='word_1_216' title='bbox 3303 261 3409 327; x_wconf 64' lang='lat'><strong>458</strong></span> 
     </span>
    </p>
   </div>
   <div class='ocr_carea' id='block_1_33' title="bbox 1721 382 3414 460">
    <p class='ocr_par' dir='ltr' id='par_1_33' title="bbox 1721 382 3414 460">
     <span class='ocr_line' id='line_1_33' title="bbox 1721 382 3414 460; baseline 0.002 -23"><span class='ocrx_word' id='word_1_217' title='bbox 1721 391 1770 455; x_wconf 75' lang='grc' dir='ltr'><strong>Α</strong></span> <span class='ocrx_word' id='word_1_218' title='bbox 1802 384 2151 438; x_wconf 86' lang='lat' dir='ltr'><strong>concordiam</strong></span> <span class='ocrx_word' id='word_1_219' title='bbox 2179 383 2307 437; x_wconf 83' lang='lat' dir='ltr'><strong>fecit</strong></span> <span class='ocrx_word' id='word_1_220' title='bbox 2336 398 2457 437; x_wconf 91' lang='lat' dir='ltr'><strong>cum</strong></span> <span class='ocrx_word' id='word_1_221' title='bbox 2489 382 2691 436; x_wconf 88' lang='lat' dir='ltr'><strong>comite</strong></span> <span class='ocrx_word' id='word_1_222' title='bbox 2713 382 2973 439; x_wconf 79' lang='lat' dir='ltr'><strong>Gaufrido</strong></span> <span class='ocrx_word' id='word_1_223' title='bbox 3005 384 3414 460; x_wconf 84' lang='lat' dir='ltr'><strong>Andegavensi,</strong></span> 
     </span>
    </p>
   </div>
   <div class='ocr_carea' id='block_1_34' title="bbox 1803 477 3419 553">
    <p class='ocr_par' dir='ltr' id='par_1_34' title="bbox 1803 477 3419 553">
     <span class='ocr_line' id='line_1_34' title="bbox 1803 477 3419 553; baseline 0.003 -20"><span class='ocrx_word' id='word_1_224' title='bbox 1803 489 1858 533; x_wconf 88' lang='lat' dir='ltr'><strong>et</strong></span> <span class='ocrx_word' id='word_1_225' title='bbox 1900 494 2226 533; x_wconf 90' lang='lat' dir='ltr'><strong>concessum</strong></span> <span class='ocrx_word' id='word_1_226' title='bbox 2252 486 2333 532; x_wconf 92' lang='lat' dir='ltr'><strong>est</strong></span> <span class='ocrx_word' id='word_1_227' title='bbox 2367 478 2416 531; x_wconf 92' lang='lat' dir='ltr'><strong>ei</strong></span> <span class='ocrx_word' id='word_1_228' title='bbox 2450 477 2736 532; x_wconf 81' lang='lat' dir='ltr'><strong>castellum</strong></span> <span class='ocrx_word' id='word_1_229' title='bbox 2772 478 3116 545; x_wconf 86' lang='lat' dir='ltr'><strong>Montifortis,</strong></span> <span class='ocrx_word' id='word_1_230' title='bbox 3155 483 3302 553; x_wconf 92' lang='lat' dir='ltr'><strong>quod</strong></span> <span class='ocrx_word' id='word_1_231' title='bbox 3352 500 3419 538; x_wconf 89' lang='lat' dir='ltr'><strong>ex</strong></span> 
     </span>
    </p>
   </div>
   <div class='ocr_carea' id='block_1_35' title="bbox 1804 566 3420 641">
    <p class='ocr_par' dir='ltr' id='par_1_35' title="bbox 1804 566 3420 641">
     <span class='ocr_line' id='line_1_35' title="bbox 1804 566 3420 641; baseline 0.004 -20"><span class='ocrx_word' id='word_1_232' title='bbox 1804 576 2053 637; x_wconf 89' lang='lat' dir='ltr'><strong>tempore</strong></span> <span class='ocrx_word' id='word_1_233' title='bbox 2086 567 2279 622; x_wconf 91' lang='lat' dir='ltr'><strong>mortis</strong></span> <span class='ocrx_word' id='word_1_234' title='bbox 2314 566 2530 622; x_wconf 88' lang='lat' dir='ltr'><strong>chrici</strong></span> <span class='ocrx_word' id='word_1_235' title='bbox 2573 567 2718 641; x_wconf 87' lang='lat' dir='ltr'><strong>regis</strong></span> <span class='ocrx_word' id='word_1_236' title='bbox 2758 569 3096 637; x_wconf 89' lang='lat' dir='ltr'><strong>possederat.</strong></span> <span class='ocrx_word' id='word_1_237' title='bbox 3139 570 3420 627; x_wconf 87' lang='lat' dir='ltr'><strong>Subdide-</strong></span> 
     </span>
    </p>
   </div>
   <div class='ocr_carea' id='block_1_36' title="bbox 1803 657 3420 729">
    <p class='ocr_par' dir='ltr' id='par_1_36' title="bbox 1803 657 3420 729">
     <span class='ocr_line' id='line_1_36' title="bbox 1803 657 3420 729; baseline 0.004 -18"><span class='ocrx_word' id='word_1_238' title='bbox 1803 666 1928 712; x_wconf 91' lang='lat' dir='ltr'><strong>runt</strong></span> <span class='ocrx_word' id='word_1_239' title='bbox 1959 657 2142 729; x_wconf 85' lang='lat' dir='ltr'><strong>itaque</strong></span> <span class='ocrx_word' id='word_1_240' title='bbox 2178 674 2237 712; x_wconf 92' lang='lat' dir='ltr'><strong>se</strong></span> <span class='ocrx_word' id='word_1_241' title='bbox 2272 657 2447 713; x_wconf 88' lang='lat' dir='ltr'><strong>nobili</strong></span> <span class='ocrx_word' id='word_1_242' title='bbox 2490 658 2721 729; x_wconf 90' lang='lat' dir='ltr'><strong>principi</strong></span> <span class='ocrx_word' id='word_1_243' title='bbox 2765 658 2927 713; x_wconf 90' lang='lat' dir='ltr'><strong>etiam</strong></span> <span class='ocrx_word' id='word_1_244' title='bbox 2978 675 3169 715; x_wconf 87' lang='lat' dir='ltr'><strong>omnes</strong></span> <span class='ocrx_word' id='word_1_245' title='bbox 3215 662 3420 717; x_wconf 82' lang='lat' dir='ltr'><strong>Rotho-</strong></span> 
     </span>
    </p>
   </div>
   <div class='ocr_carea' id='block_1_37' title="bbox 1803 746 3423 821">
    <p class='ocr_par' dir='ltr' id='par_1_37' title="bbox 1803 746 3423 821">
     <span class='ocr_line' id='line_1_37' title="bbox 1803 746 3423 821; baseline 0.004 -21"><span class='ocrx_word' id='word_1_246' title='bbox 1803 747 1971 821; x_wconf 84' lang='lat' dir='ltr'><strong>magi,</strong></span> <span class='ocrx_word' id='word_1_247' title='bbox 2007 762 2116 801; x_wconf 90' lang='lat' dir='ltr'><strong>non</strong></span> <span class='ocrx_word' id='word_1_248' title='bbox 2147 746 2296 800; x_wconf 89' lang='lat' dir='ltr'><strong>cives</strong></span> <span class='ocrx_word' id='word_1_249' title='bbox 2353 746 2526 813; x_wconf 90' lang='lat' dir='ltr'><strong>urbis,</strong></span> <span class='ocrx_word' id='word_1_250' title='bbox 2559 746 2655 800; x_wconf 92' lang='lat' dir='ltr'><strong>scd</strong></span> <span class='ocrx_word' id='word_1_251' title='bbox 2690 746 2742 799; x_wconf 89' lang='lat' dir='ltr'><strong>hi</strong></span> <span class='ocrx_word' id='word_1_252' title='bbox 2797 746 3076 812; x_wconf 75' lang='lat' dir='ltr'><strong>videlicet,</strong></span> <span class='ocrx_word' id='word_1_253' title='bbox 3120 750 3214 818; x_wconf 91' lang='lat' dir='ltr'><strong>qui</strong></span> <span class='ocrx_word' id='word_1_254' title='bbox 3272 766 3423 805; x_wconf 90' lang='lat' dir='ltr'><strong>com-</strong></span> 
     </span>
    </p>
   </div>
   <div class='ocr_carea' id='block_1_38' title="bbox 1806 837 3417 909">
    <p class='ocr_par' dir='ltr' id='par_1_38' title="bbox 1806 837 3417 909">
     <span class='ocr_line' id='line_1_38' title="bbox 1806 837 3417 909; baseline 0.003 -19"><span class='ocrx_word' id='word_1_255' title='bbox 1806 846 2030 892; x_wconf 90' lang='lat' dir='ltr'><strong>manent</strong></span> <span class='ocrx_word' id='word_1_256' title='bbox 2066 837 2202 893; x_wconf 91' lang='lat' dir='ltr'><strong>citra</strong></span> <span class='ocrx_word' id='word_1_257' title='bbox 2243 837 2468 891; x_wconf 84' lang='lat' dir='ltr'><strong>ﬂuvium</strong></span> <span class='ocrx_word' id='word_1_258' title='bbox 2515 837 2769 908; x_wconf 87' lang='lat' dir='ltr'><strong>Sequano</strong></span> <span class='ocrx_word' id='word_1_259' title='bbox 2797 854 2971 909; x_wconf 90' lang='lat' dir='ltr'><strong>usque</strong></span> <span class='ocrx_word' id='word_1_260' title='bbox 3010 839 3213 893; x_wconf 81' lang='lat' dir='ltr'><strong>flumen</strong></span> <span class='ocrx_word' id='word_1_261' title='bbox 3249 840 3417 896; x_wconf 83' lang='lat' dir='ltr'><strong>Risle.</strong></span> 
     </span>
    </p>
   </div>
   <div class='ocr_carea' id='block_1_39' title="bbox 1809 924 3421 1007">
    <p class='ocr_par' dir='ltr' id='par_1_39' title="bbox 1809 924 3421 1007">
     <span class='ocr_line' id='line_1_39' title="bbox 1809 924 3421 1007; baseline 0.004 -26"><span class='ocrx_word' id='word_1_262' title='bbox 1809 928 2039 983; x_wconf 80' lang='lat' dir='ltr'><strong>lteddita</strong></span> <span class='ocrx_word' id='word_1_263' title='bbox 2070 938 2151 983; x_wconf 89' lang='lat' dir='ltr'><strong>est</strong></span> <span class='ocrx_word' id='word_1_264' title='bbox 2179 930 2342 983; x_wconf 91' lang='lat' dir='ltr'><strong>etiam</strong></span> <span class='ocrx_word' id='word_1_265' title='bbox 2375 924 2587 983; x_wconf 81' lang='lat' dir='ltr'><strong>Falesia</strong></span> <span class='ocrx_word' id='word_1_266' title='bbox 2632 929 2818 983; x_wconf 90' lang='lat' dir='ltr'><strong>comiti</strong></span> <span class='ocrx_word' id='word_1_267' title='bbox 2864 930 3123 985; x_wconf 83' lang='lat' dir='ltr'><strong>Gaufrido</strong></span> <span class='ocrx_word' id='word_1_268' title='bbox 3164 931 3421 1007; x_wconf 87' lang='lat' dir='ltr'><strong>Andega-</strong></span> 
     </span>
    </p>
   </div>
   <div class='ocr_carea' id='block_1_40' title="bbox 1805 1018 3418 1088">
    <p class='ocr_par' dir='ltr' id='par_1_40' title="bbox 1805 1018 3418 1088">
     <span class='ocr_line' id='line_1_40' title="bbox 1805 1018 3418 1088; baseline 0.004 -15"><span class='ocrx_word' id='word_1_269' title='bbox 1805 1019 1978 1073; x_wconf 87' lang='lat' dir='ltr'><strong>vensi.</strong></span> <span class='ocrx_word' id='word_1_270' title='bbox 2012 1020 2295 1088; x_wconf 86' lang='lat' dir='ltr'><strong>Inceptum</strong></span> <span class='ocrx_word' id='word_1_271' title='bbox 2337 1025 2421 1073; x_wconf 90' lang='lat' dir='ltr'><strong>est</strong></span> <span class='ocrx_word' id='word_1_272' title='bbox 2447 1018 2743 1088; x_wconf 90' lang='lat' dir='ltr'><strong>capitulum</strong></span> <span class='ocrx_word' id='word_1_273' title='bbox 2805 1019 2981 1087; x_wconf 87' lang='lat' dir='ltr'><strong>Beeci,</strong></span> <span class='ocrx_word' id='word_1_274' title='bbox 3038 1027 3145 1074; x_wconf 88' lang='lat' dir='ltr'><strong>tam</strong></span> <span class='ocrx_word' id='word_1_275' title='bbox 3185 1022 3418 1079; x_wconf 91' lang='lat' dir='ltr'><strong>consilio</strong></span> 
     </span>
    </p>
   </div>
   <div class='ocr_carea' id='block_1_41' title="bbox 1806 1109 2810 1182">
    <p class='ocr_par' dir='ltr' id='par_1_41' title="bbox 1806 1109 2810 1182">
     <span class='ocr_line' id='line_1_41' title="bbox 1806 1109 2810 1182; baseline 0 -18"><span class='ocrx_word' id='word_1_276' title='bbox 1806 1126 1969 1180; x_wconf 89' lang='lat' dir='ltr'><strong>quam</strong></span> <span class='ocrx_word' id='word_1_277' title='bbox 2001 1110 2206 1165; x_wconf 89' lang='lat' dir='ltr'><strong>auxilio</strong></span> <span class='ocrx_word' id='word_1_278' title='bbox 2240 1110 2461 1166; x_wconf 82' lang='lat' dir='ltr'><strong>Robcrti</strong></span> <span class='ocrx_word' id='word_1_279' title='bbox 2493 1109 2810 1182; x_wconf 87' lang='lat' dir='ltr'><strong>Noviburgi.</strong></span> 
     </span>
    </p>
   </div>
   <div class='ocr_carea' id='block_1_42' title="bbox 1878 1199 2789 1273">
    <p class='ocr_par' dir='ltr' id='par_1_42' title="bbox 1878 1199 2789 1273">
     <span class='ocr_line' id='line_1_42' title="bbox 1878 1199 2789 1273; baseline 0.002 -20"><span class='ocrx_word' id='word_1_280' title='bbox 1878 1201 2007 1255; x_wconf 65' lang='grc'>1141</span> <span class='ocrx_word' id='word_1_281' title='bbox 2023 1243 2037 1267; x_wconf 87' lang='grc'><em>,</em></span> <span class='ocrx_word' id='word_1_282' title='bbox 2081 1199 2279 1273; x_wconf 63' lang='lat' dir='ltr'><strong>[V142,]</strong></span> <span class='ocrx_word' id='word_1_283' title='bbox 2427 1201 2699 1256; x_wconf 83' lang='lat' dir='ltr'><strong>Conradus</strong></span> <span class='ocrx_word' id='word_1_284' title='bbox 2738 1201 2789 1255; x_wconf 74' lang='grc'><strong>4.</strong></span> 
     </span>
    </p>
   </div>
   <div class='ocr_carea' id='block_1_43' title="bbox 2390 1291 2787 1361">
    <p class='ocr_par' dir='ltr' id='par_1_43' title="bbox 2390 1291 2787 1361">
     <span class='ocr_line' id='line_1_43' title="bbox 2390 1291 2787 1361; baseline -0.003 -15"><span class='ocrx_word' id='word_1_285' title='bbox 2390 1294 2688 1361; x_wconf 78' lang='lat' dir='ltr'><strong>Stephanus</strong></span> <span class='ocrx_word' id='word_1_286' title='bbox 2733 1291 2787 1345; x_wconf 90' lang='lat'><strong>6.</strong></span> 
     </span>
    </p>
   </div>
   <div class='ocr_carea' id='block_1_44' title="bbox 1878 1380 3425 1447">
    <p class='ocr_par' dir='ltr' id='par_1_44' title="bbox 1878 1380 3425 1447">
     <span class='ocr_line' id='line_1_44' title="bbox 1878 1380 3425 1447; baseline 0.007 -12"><span class='ocrx_word' id='word_1_287' title='bbox 1878 1380 2154 1435; x_wconf 84' lang='lat' dir='ltr'><strong>Robertus</strong></span> <span class='ocrx_word' id='word_1_288' title='bbox 2194 1396 2380 1435; x_wconf 89' lang='lat' dir='ltr'><strong>eomes</strong></span> <span class='ocrx_word' id='word_1_289' title='bbox 2411 1380 2741 1436; x_wconf 89' lang='lat' dir='ltr'><strong>Gloccestrie</strong></span> <span class='ocrx_word' id='word_1_290' title='bbox 2764 1381 2818 1435; x_wconf 91' lang='lat' dir='ltr'><strong>in</strong></span> <span class='ocrx_word' id='word_1_291' title='bbox 2851 1389 3022 1437; x_wconf 88' lang='lat' dir='ltr'><strong>estate</strong></span> <span class='ocrx_word' id='word_1_292' title='bbox 3053 1386 3425 1447; x_wconf 87' lang='lat' dir='ltr'><strong>transfretavit</strong></span> 
     </span>
    </p>
   </div>
   <div class='ocr_carea' id='block_1_45' title="bbox 1810 1469 3426 1536">
    <p class='ocr_par' dir='ltr' id='par_1_45' title="bbox 1810 1469 3426 1536">
     <span class='ocr_line' id='line_1_45' title="bbox 1810 1469 3426 1536; baseline 0.004 -13"><span class='ocrx_word' id='word_1_293' title='bbox 1810 1469 1865 1523; x_wconf 93' lang='lat' dir='ltr'><strong>in</strong></span> <span class='ocrx_word' id='word_1_294' title='bbox 1915 1469 2327 1535; x_wconf 87' lang='lat' dir='ltr'><strong>Normanniam,</strong></span> <span class='ocrx_word' id='word_1_295' title='bbox 2363 1469 2572 1523; x_wconf 91' lang='lat' dir='ltr'><strong>ducens</strong></span> <span class='ocrx_word' id='word_1_296' title='bbox 2621 1484 2806 1523; x_wconf 89' lang='lat' dir='ltr'><strong>secum</strong></span> <span class='ocrx_word' id='word_1_297' title='bbox 2842 1470 3090 1536; x_wconf 88' lang='lat' dir='ltr'><strong>obsides,</strong></span> <span class='ocrx_word' id='word_1_298' title='bbox 3146 1472 3289 1528; x_wconf 82' lang='lat' dir='ltr'><strong>filios</strong></span> <span class='ocrx_word' id='word_1_299' title='bbox 3317 1474 3426 1528; x_wconf 89' lang='lat' dir='ltr'><strong>sci-</strong></span> 
     </span>
    </p>
   </div>
   <div class='ocr_carea' id='block_1_46' title="bbox 1811 1560 3422 1635">
    <p class='ocr_par' dir='ltr' id='par_1_46' title="bbox 1811 1560 3422 1635">
     <span class='ocr_line' id='line_1_46' title="bbox 1811 1560 3422 1635; baseline 0.003 -21"><span class='ocrx_word' id='word_1_300' title='bbox 1811 1561 1942 1616; x_wconf 87' lang='lat' dir='ltr'><strong>licet</strong></span> <span class='ocrx_word' id='word_1_301' title='bbox 1967 1560 2229 1616; x_wconf 91' lang='lat' dir='ltr'><strong>comitum</strong></span> <span class='ocrx_word' id='word_1_302' title='bbox 2271 1567 2325 1615; x_wconf 90' lang='lat' dir='ltr'><strong>et</strong></span> <span class='ocrx_word' id='word_1_303' title='bbox 2352 1567 2665 1634; x_wconf 88' lang='lat' dir='ltr'><strong>magnatum</strong></span> <span class='ocrx_word' id='word_1_304' title='bbox 2706 1560 2920 1633; x_wconf 87' lang='lat' dir='ltr'><strong>Anglic,</strong></span> <span class='ocrx_word' id='word_1_305' title='bbox 2953 1563 3046 1634; x_wconf 79' lang='lat' dir='ltr'><strong>qui</strong></span> <span class='ocrx_word' id='word_1_306' title='bbox 3088 1563 3422 1635; x_wconf 88' lang='lat' dir='ltr'><strong>imperatrici</strong></span> 
     </span>
    </p>
   </div>
   <div class='ocr_carea' id='block_1_47' title="bbox 1813 1649 3425 1721">
    <p class='ocr_par' dir='ltr' id='par_1_47' title="bbox 1813 1649 3425 1721">
     <span class='ocr_line' id='line_1_47' title="bbox 1813 1649 3425 1721; baseline 0.004 -18"><span class='ocrx_word' id='word_1_307' title='bbox 1813 1649 2087 1717; x_wconf 89' lang='lat' dir='ltr'><strong>favebant,</strong></span> <span class='ocrx_word' id='word_1_308' title='bbox 2116 1649 2422 1721; x_wconf 89' lang='lat' dir='ltr'><strong>petentium</strong></span> <span class='ocrx_word' id='word_1_309' title='bbox 2464 1650 2724 1721; x_wconf 87' lang='lat' dir='ltr'><strong>quatinus</strong></span> <span class='ocrx_word' id='word_1_310' title='bbox 2766 1650 2889 1706; x_wconf 92' lang='lat' dir='ltr'><strong>illos</strong></span> <span class='ocrx_word' id='word_1_311' title='bbox 2919 1668 3104 1707; x_wconf 89' lang='lat' dir='ltr'><strong>comes</strong></span> <span class='ocrx_word' id='word_1_312' title='bbox 3133 1653 3425 1710; x_wconf 84' lang='lat' dir='ltr'><strong>Gaufridus</strong></span> 
     </span>
    </p>
   </div>
   <div class='ocr_carea' id='block_1_48' title="bbox 1811 1744 3423 1819">
    <p class='ocr_par' dir='ltr' id='par_1_48' title="bbox 1811 1744 3423 1819">
     <span class='ocr_line' id='line_1_48' title="bbox 1811 1744 3423 1819; baseline 0.002 -20"><span class='ocrx_word' id='word_1_313' title='bbox 1811 1746 2096 1812; x_wconf 86' lang='lat' dir='ltr'><strong>retineret,</strong></span> <span class='ocrx_word' id='word_1_314' title='bbox 2132 1752 2185 1799; x_wconf 88' lang='lat' dir='ltr'><strong>et</strong></span> <span class='ocrx_word' id='word_1_315' title='bbox 2214 1745 2281 1799; x_wconf 89' lang='lat' dir='ltr'><strong>ad</strong></span> <span class='ocrx_word' id='word_1_316' title='bbox 2315 1761 2544 1819; x_wconf 81' lang='lat' dir='ltr'><strong>regnum</strong></span> <span class='ocrx_word' id='word_1_317' title='bbox 2574 1744 2767 1818; x_wconf 85' lang='lat' dir='ltr'><strong>Anglic</strong></span> <span class='ocrx_word' id='word_1_318' title='bbox 2810 1745 3215 1819; x_wconf 84' lang='lat' dir='ltr'><strong>subjugandum</strong></span> <span class='ocrx_word' id='word_1_319' title='bbox 3248 1755 3423 1803; x_wconf 85' lang='lat' dir='ltr'><strong>trans-</strong></span> 
     </span>
    </p>
   </div>
   <div class='ocr_carea' id='block_1_49' title="bbox 1806 1838 3428 1912">
    <p class='ocr_par' dir='ltr' id='par_1_49' title="bbox 1806 1838 3428 1912">
     <span class='ocr_line' id='line_1_49' title="bbox 1806 1838 3428 1912; baseline 0.003 -20"><span class='ocrx_word' id='word_1_320' title='bbox 1806 1838 2017 1893; x_wconf 87' lang='lat' dir='ltr'><strong>fretans</strong></span> <span class='ocrx_word' id='word_1_321' title='bbox 2046 1856 2106 1893; x_wconf 92' lang='lat' dir='ltr'><strong>se</strong></span> <span class='ocrx_word' id='word_1_322' title='bbox 2137 1846 2475 1911; x_wconf 89' lang='lat' dir='ltr'><strong>prepararct.</strong></span> <span class='ocrx_word' id='word_1_323' title='bbox 2532 1838 2687 1902; x_wconf 86' lang='lat' dir='ltr'><strong>Quod</strong></span> <span class='ocrx_word' id='word_1_324' title='bbox 2743 1854 2929 1894; x_wconf 91' lang='lat' dir='ltr'><strong>comes</strong></span> <span class='ocrx_word' id='word_1_325' title='bbox 2969 1840 3035 1893; x_wconf 87' lang='lat' dir='ltr'><strong>ad</strong></span> <span class='ocrx_word' id='word_1_326' title='bbox 3080 1847 3299 1912; x_wconf 90' lang='lat' dir='ltr'><strong>tempus</strong></span> <span class='ocrx_word' id='word_1_327' title='bbox 3339 1859 3428 1897; x_wconf 92' lang='lat' dir='ltr'><strong>re-</strong></span> 
     </span>
    </p>
   </div>
   <div class='ocr_carea' id='block_1_50' title="bbox 1805 1929 3422 2003">
    <p class='ocr_par' dir='ltr' id='par_1_50' title="bbox 1805 1929 3422 2003">
     <span class='ocr_line' id='line_1_50' title="bbox 1805 1929 3422 2003; baseline 0.002 -18"><span class='ocrx_word' id='word_1_328' title='bbox 1805 1931 1943 1996; x_wconf 88' lang='lat' dir='ltr'><strong>nuit,</strong></span> <span class='ocrx_word' id='word_1_329' title='bbox 1977 1929 2108 2002; x_wconf 88' lang='lat' dir='ltr'><strong>quia</strong></span> <span class='ocrx_word' id='word_1_330' title='bbox 2149 1930 2513 1985; x_wconf 87' lang='lat' dir='ltr'><strong>rebellionem</strong></span> <span class='ocrx_word' id='word_1_331' title='bbox 2555 1930 3040 2003; x_wconf 88' lang='lat' dir='ltr'><strong>Andegavensium</strong></span> <span class='ocrx_word' id='word_1_332' title='bbox 3097 1940 3151 1986; x_wconf 91' lang='lat' dir='ltr'><strong>et</strong></span> <span class='ocrx_word' id='word_1_333' title='bbox 3189 1933 3422 1989; x_wconf 90' lang='lat' dir='ltr'><strong>aliorum</strong></span> 
     </span>
    </p>
   </div>
   <div class='ocr_carea' id='block_1_51' title="bbox 1804 2019 3421 2083">
    <p class='ocr_par' dir='ltr' id='par_1_51' title="bbox 1804 2019 3421 2083">
     <span class='ocr_line' id='line_1_51' title="bbox 1804 2019 3421 2083; baseline 0.002 -9"><span class='ocrx_word' id='word_1_334' title='bbox 1804 2021 2086 2075; x_wconf 88' lang='lat' dir='ltr'><strong>hominum</strong></span> <span class='ocrx_word' id='word_1_335' title='bbox 2118 2036 2339 2075; x_wconf 85' lang='lat' dir='ltr'><strong>suorum</strong></span> <span class='ocrx_word' id='word_1_336' title='bbox 2383 2019 2630 2075; x_wconf 84' lang='lat' dir='ltr'><strong>timebat.</strong></span> <span class='ocrx_word' id='word_1_337' title='bbox 2663 2019 2914 2074; x_wconf 86' lang='lat' dir='ltr'><strong>Tradidit</strong></span> <span class='ocrx_word' id='word_1_338' title='bbox 2940 2027 3123 2074; x_wconf 90' lang='lat' dir='ltr'><strong>tamen</strong></span> <span class='ocrx_word' id='word_1_339' title='bbox 3153 2021 3229 2075; x_wconf 87' lang='lat' dir='ltr'><strong>illi</strong></span> <span class='ocrx_word' id='word_1_340' title='bbox 3279 2022 3421 2083; x_wconf 76' lang='lat' dir='ltr'><strong>lien-</strong></span> 
     </span>
    </p>
   </div>
   <div class='ocr_carea' id='block_1_52' title="bbox 1802 2110 3417 2184">
    <p class='ocr_par' dir='ltr' id='par_1_52' title="bbox 1802 2110 3417 2184">
     <span class='ocr_line' id='line_1_52' title="bbox 1802 2110 3417 2184; baseline 0.001 -18"><span class='ocrx_word' id='word_1_341' title='bbox 1802 2112 1971 2166; x_wconf 91' lang='lat' dir='ltr'><strong>ricum</strong></span> <span class='ocrx_word' id='word_1_342' title='bbox 2030 2111 2458 2184; x_wconf 84' lang='lat' dir='ltr'><strong>primogenitum</strong></span> <span class='ocrx_word' id='word_1_343' title='bbox 2512 2110 2682 2164; x_wconf 84' lang='lat' dir='ltr'><strong>lilium</strong></span> <span class='ocrx_word' id='word_1_344' title='bbox 2733 2126 2914 2177; x_wconf 91' lang='lat' dir='ltr'><strong>suum,</strong></span> <span class='ocrx_word' id='word_1_345' title='bbox 2974 2117 3034 2164; x_wconf 90' lang='lat' dir='ltr'><strong>ut</strong></span> <span class='ocrx_word' id='word_1_346' title='bbox 3062 2127 3186 2165; x_wconf 91' lang='lat' dir='ltr'><strong>eum</strong></span> <span class='ocrx_word' id='word_1_347' title='bbox 3233 2128 3417 2167; x_wconf 89' lang='lat' dir='ltr'><strong>secum</strong></span> 
     </span>
    </p>
   </div>
   <div class='ocr_carea' id='block_1_53' title="bbox 1799 2202 3419 2272">
    <p class='ocr_par' dir='ltr' id='par_1_53' title="bbox 1799 2202 3419 2272">
     <span class='ocr_line' id='line_1_53' title="bbox 1799 2202 3419 2272; baseline 0.001 -15"><span class='ocrx_word' id='word_1_348' title='bbox 1799 2205 2026 2259; x_wconf 89' lang='lat' dir='ltr'><strong>duceret</strong></span> <span class='ocrx_word' id='word_1_349' title='bbox 2100 2204 2207 2257; x_wconf 79' lang='lat' dir='ltr'><strong>Nec</strong></span> <span class='ocrx_word' id='word_1_350' title='bbox 2246 2218 2399 2258; x_wconf 90' lang='lat' dir='ltr'><strong>mora</strong></span> <span class='ocrx_word' id='word_1_351' title='bbox 2436 2209 2693 2272; x_wconf 87' lang='lat' dir='ltr'><strong>prescnte</strong></span> <span class='ocrx_word' id='word_1_352' title='bbox 2726 2202 2924 2257; x_wconf 91' lang='lat' dir='ltr'><strong>comite</strong></span> <span class='ocrx_word' id='word_1_353' title='bbox 2960 2202 3198 2257; x_wconf 80' lang='lat' dir='ltr'><strong>ltoberto</strong></span> <span class='ocrx_word' id='word_1_354' title='bbox 3248 2204 3419 2259; x_wconf 85' lang='lat' dir='ltr'><strong>obsc-</strong></span> 
     </span>
    </p>
   </div>
   <div class='ocr_carea' id='block_1_54' title="bbox 1798 2289 3417 2361">
    <p class='ocr_par' dir='ltr' id='par_1_54' title="bbox 1798 2289 3417 2361">
     <span class='ocr_line' id='line_1_54' title="bbox 1798 2289 3417 2361; baseline 0 -14"><span class='ocrx_word' id='word_1_355' title='bbox 1798 2292 2186 2347; x_wconf 88' lang='lat' dir='ltr'><strong>ditcastellum</strong></span> <span class='ocrx_word' id='word_1_356' title='bbox 2221 2291 2570 2361; x_wconf 67' lang='lat' dir='ltr'><strong>Alnei(592*)</strong></span> <span class='ocrx_word' id='word_1_357' title='bbox 2596 2298 2649 2345; x_wconf 91' lang='lat' dir='ltr'><strong>et</strong></span> <span class='ocrx_word' id='word_1_358' title='bbox 2679 2290 2844 2360; x_wconf 88' lang='lat' dir='ltr'><strong>cepit.</strong></span> <span class='ocrx_word' id='word_1_359' title='bbox 2884 2289 3152 2357; x_wconf 85' lang='lat' dir='ltr'><strong>Etmajori</strong></span> <span class='ocrx_word' id='word_1_360' title='bbox 3172 2292 3417 2347; x_wconf 81' lang='lat' dir='ltr'><strong>exercitu</strong></span> 
     </span>
    </p>
   </div>
   <div class='ocr_carea' id='block_1_55' title="bbox 1801 2377 3425 2455">
    <p class='ocr_par' dir='ltr' id='par_1_55' title="bbox 1801 2377 3425 2455">
     <span class='ocr_line' id='line_1_55' title="bbox 1801 2377 3425 2455; baseline 0 -20"><span class='ocrx_word' id='word_1_361' title='bbox 1801 2387 2155 2455; x_wconf 85' lang='lat' dir='ltr'><strong>congregato,</strong></span> <span class='ocrx_word' id='word_1_362' title='bbox 2213 2395 2450 2453; x_wconf 81' lang='lat' dir='ltr'><strong>pergens</strong></span> <span class='ocrx_word' id='word_1_363' title='bbox 2493 2378 2562 2432; x_wconf 90' lang='lat' dir='ltr'><strong>ad</strong></span> <span class='ocrx_word' id='word_1_364' title='bbox 2611 2377 2963 2444; x_wconf 86' lang='lat' dir='ltr'><strong>Moritolium,</strong></span> <span class='ocrx_word' id='word_1_365' title='bbox 3006 2378 3281 2432; x_wconf 86' lang='lat' dir='ltr'><strong>redditum</strong></span> <span class='ocrx_word' id='word_1_366' title='bbox 3314 2387 3425 2435; x_wconf 74' lang='lat' dir='ltr'><strong>est</strong></span> 
     </span>
    </p>
   </div>
   <div class='ocr_carea' id='block_1_56' title="bbox 1806 2465 3422 2540">
    <p class='ocr_par' dir='ltr' id='par_1_56' title="bbox 1806 2465 3422 2540">
     <span class='ocr_line' id='line_1_56' title="bbox 1806 2465 3422 2540; baseline -0.001 -14"><span class='ocrx_word' id='word_1_367' title='bbox 1806 2472 1878 2539; x_wconf 91' lang='lat' dir='ltr'><strong>ei,</strong></span> <span class='ocrx_word' id='word_1_368' title='bbox 1925 2480 1979 2526; x_wconf 90' lang='lat' dir='ltr'><strong>et</strong></span> <span class='ocrx_word' id='word_1_369' title='bbox 2018 2469 2413 2530; x_wconf 86' lang='lat' dir='ltr'><strong>Tenechebrai,</strong></span> <span class='ocrx_word' id='word_1_370' title='bbox 2450 2468 2699 2533; x_wconf 79' lang='lat' dir='ltr'><strong>Cereces,</strong></span> <span class='ocrx_word' id='word_1_371' title='bbox 2749 2465 3023 2533; x_wconf 91' lang='lat' dir='ltr'><strong>Tiliolum,</strong></span> <span class='ocrx_word' id='word_1_372' title='bbox 3048 2467 3259 2522; x_wconf 88' lang='lat' dir='ltr'><strong>scilicet</strong></span> <span class='ocrx_word' id='word_1_373' title='bbox 3287 2486 3422 2540; x_wconf 85' lang='lat' dir='ltr'><strong>qua-</strong></span> 
     </span>
    </p>
   </div>
   <div class='ocr_carea' id='block_1_57' title="bbox 1809 2554 3422 2628">
    <p class='ocr_par' dir='ltr' id='par_1_57' title="bbox 1809 2554 3422 2628">
     <span class='ocr_line' id='line_1_57' title="bbox 1809 2554 3422 2628; baseline -0.002 -13"><span class='ocrx_word' id='word_1_374' title='bbox 1809 2568 1932 2615; x_wconf 89' lang='lat' dir='ltr'><strong>tuor</strong></span> <span class='ocrx_word' id='word_1_375' title='bbox 1987 2558 2210 2614; x_wconf 88' lang='lat' dir='ltr'><strong>castella</strong></span> <span class='ocrx_word' id='word_1_376' title='bbox 2271 2556 2493 2628; x_wconf 88' lang='lat' dir='ltr'><strong>propria</strong></span> <span class='ocrx_word' id='word_1_377' title='bbox 2548 2554 2767 2610; x_wconf 89' lang='lat' dir='ltr'><strong>comitis</strong></span> <span class='ocrx_word' id='word_1_378' title='bbox 2821 2554 3230 2609; x_wconf 79' lang='lat' dir='ltr'><strong>Moritolicnsis.</strong></span> <span class='ocrx_word' id='word_1_379' title='bbox 3289 2557 3422 2613; x_wconf 89' lang='lat' dir='ltr'><strong>Inde</strong></span> 
     </span>
    </p>
   </div>
   <div class='ocr_carea' id='block_1_58' title="bbox 1808 2646 3421 2713">
    <p class='ocr_par' dir='ltr' id='par_1_58' title="bbox 1808 2646 3421 2713">
     <span class='ocr_line' id='line_1_58' title="bbox 1808 2646 3421 2713; baseline -0.001 -9"><span class='ocrx_word' id='word_1_380' title='bbox 1808 2651 2229 2705; x_wconf 88' lang='lat' dir='ltr'><strong>Abrineatcnses</strong></span> <span class='ocrx_word' id='word_1_381' title='bbox 2268 2648 2635 2703; x_wconf 88' lang='lat' dir='ltr'><strong>subdiderunt</strong></span> <span class='ocrx_word' id='word_1_382' title='bbox 2662 2662 2723 2701; x_wconf 92' lang='lat' dir='ltr'><strong>se</strong></span> <span class='ocrx_word' id='word_1_383' title='bbox 2762 2646 2958 2710; x_wconf 51' lang='lat' dir='ltr'><strong>eidem:</strong></span> <span class='ocrx_word' id='word_1_384' title='bbox 2985 2646 3133 2713; x_wconf 92' lang='lat' dir='ltr'><strong>duci,</strong></span> <span class='ocrx_word' id='word_1_385' title='bbox 3174 2655 3230 2702; x_wconf 91' lang='lat' dir='ltr'><strong>et</strong></span> <span class='ocrx_word' id='word_1_386' title='bbox 3278 2648 3421 2703; x_wconf 90' lang='lat' dir='ltr'><strong>Con-</strong></span> 
     </span>
    </p>
   </div>
   <div class='ocr_carea' id='block_1_59' title="bbox 1806 2740 3424 2801">
    <p class='ocr_par' dir='ltr' id='par_1_59' title="bbox 1806 2740 3424 2801">
     <span class='ocr_line' id='line_1_59' title="bbox 1806 2740 3424 2801; baseline -0.002 -1"><span class='ocrx_word' id='word_1_387' title='bbox 1806 2745 2216 2801; x_wconf 89' lang='lat' dir='ltr'><strong>stantinienses.</strong></span> <span class='ocrx_word' id='word_1_388' title='bbox 2300 2744 2410 2798; x_wconf 78' lang='lat' dir='ltr'><strong>Rex</strong></span> <span class='ocrx_word' id='word_1_389' title='bbox 2466 2741 2796 2797; x_wconf 84' lang='lat' dir='ltr'><strong>Francorum</strong></span> <span class='ocrx_word' id='word_1_390' title='bbox 2867 2740 3176 2796; x_wconf 89' lang='lat' dir='ltr'><strong>Ludovicus</strong></span> <span class='ocrx_word' id='word_1_391' title='bbox 3233 2743 3424 2798; x_wconf 86' lang='lat' dir='ltr'><strong>afﬂixit</strong></span> 
     </span>
    </p>
   </div>
   <div class='ocr_carea' id='block_1_60' title="bbox 1806 2836 3420 2907">
    <p class='ocr_par' dir='ltr' id='par_1_60' title="bbox 1806 2836 3420 2907">
     <span class='ocr_line' id='line_1_60' title="bbox 1806 2836 3420 2907; baseline -0.002 -11"><span class='ocrx_word' id='word_1_392' title='bbox 1806 2841 2062 2896; x_wconf 84' lang='lat' dir='ltr'><strong>comitem</strong></span> <span class='ocrx_word' id='word_1_393' title='bbox 2118 2838 2461 2905; x_wconf 85' lang='lat' dir='ltr'><strong>chaldum,</strong></span> <span class='ocrx_word' id='word_1_394' title='bbox 2529 2843 2581 2891; x_wconf 90' lang='lat' dir='ltr'><strong>et</strong></span> <span class='ocrx_word' id='word_1_395' title='bbox 2651 2836 2881 2891; x_wconf 88' lang='lat' dir='ltr'><strong>vastavit</strong></span> <span class='ocrx_word' id='word_1_396' title='bbox 2953 2844 3152 2892; x_wconf 81' lang='lat' dir='ltr'><strong>terram</strong></span> <span class='ocrx_word' id='word_1_397' title='bbox 3215 2854 3420 2907; x_wconf 91' lang='lat' dir='ltr'><strong>suam,</strong></span> 
     </span>
    </p>
   </div>
   <div class='ocr_carea' id='block_1_61' title="bbox 1810 2931 3427 3004">
    <p class='ocr_par' dir='ltr' id='par_1_61' title="bbox 1810 2931 3427 3004">
     <span class='ocr_line' id='line_1_61' title="bbox 1810 2931 3427 3004; baseline -0.001 -14"><span class='ocrx_word' id='word_1_398' title='bbox 1810 2936 2042 2990; x_wconf 86' lang='lat' dir='ltr'><strong>maxime</strong></span> <span class='ocrx_word' id='word_1_399' title='bbox 2095 2935 2150 2990; x_wconf 92' lang='lat' dir='ltr'><strong>in</strong></span> <span class='ocrx_word' id='word_1_400' title='bbox 2198 2932 2518 3004; x_wconf 81' lang='lat' dir='ltr'><strong>Campania,</strong></span> <span class='ocrx_word' id='word_1_401' title='bbox 2575 2931 2669 2986; x_wconf 92' lang='lat' dir='ltr'><strong>ubi</strong></span> <span class='ocrx_word' id='word_1_402' title='bbox 2701 2931 2980 2987; x_wconf 85' lang='lat' dir='ltr'><strong>combuxit</strong></span> <span class='ocrx_word' id='word_1_403' title='bbox 3018 2931 3305 2987; x_wconf 88' lang='lat' dir='ltr'><strong>castellum</strong></span> <span class='ocrx_word' id='word_1_404' title='bbox 3331 2949 3427 3004; x_wconf 88' lang='lat' dir='ltr'><strong>op-</strong></span> 
     </span>
    </p>
   </div>
   <div class='ocr_carea' id='block_1_62' title="bbox 2940 1204 3317 1263">
    <p class='ocr_par' dir='ltr' id='par_1_62' title="bbox 2940 1204 3317 1263">
     <span class='ocr_line' id='line_1_62' title="bbox 2940 1204 3317 1263; baseline 0.016 -6"><span class='ocrx_word' id='word_1_405' title='bbox 2940 1204 3228 1261; x_wconf 80' lang='lat' dir='ltr'><strong>Ludovicus</strong></span> <span class='ocrx_word' id='word_1_406' title='bbox 3264 1208 3317 1263; x_wconf 73' lang='grc'><strong>4.</strong></span> 
     </span>
    </p>
   </div>
   <div class='ocr_carea' id='block_1_63' title="bbox 116 3022 3429 3127">
    <p class='ocr_par' dir='ltr' id='par_1_63' title="bbox 116 3022 3429 3127">
     <span class='ocr_line' id='line_1_63' title="bbox 116 3022 3429 3127; baseline 0.001 -50"><span class='ocrx_word' id='word_1_407' title='bbox 116 3037 271 3095; x_wconf 83' lang='lat' dir='ltr'><strong>regem</strong></span> <span class='ocrx_word' id='word_1_408' title='bbox 298 3032 427 3079; x_wconf 91' lang='lat' dir='ltr'><strong>tunc</strong></span> <span class='ocrx_word' id='word_1_409' title='bbox 457 3026 513 3079; x_wconf 91' lang='lat' dir='ltr'><strong>in</strong></span> <span class='ocrx_word' id='word_1_410' title='bbox 553 3023 919 3094; x_wconf 89' lang='lat' dir='ltr'><strong>compedibus</strong></span> <span class='ocrx_word' id='word_1_411' title='bbox 967 3023 1097 3094; x_wconf 89' lang='lat' dir='ltr'><strong>poni</strong></span> <span class='ocrx_word' id='word_1_412' title='bbox 1144 3023 1326 3091; x_wconf 79' lang='lat' dir='ltr'><strong>jussit.</strong></span> <span class='ocrx_word' id='word_1_413' title='bbox 1361 3022 1493 3076; x_wconf 88' lang='lat' dir='ltr'><strong>Post</strong></span> <span class='ocrx_word' id='word_1_414' title='bbox 1522 3027 1705 3076; x_wconf 89' lang='lat' dir='ltr'><strong>autem</strong></span> <span class='ocrx_word' id='word_1_415' title='bbox 1733 3061 1781 3127; x_wconf 64' lang='grc' dir='ltr'>Ο</span> <span class='ocrx_word' id='word_1_416' title='bbox 1809 3027 2021 3092; x_wconf 88' lang='lat' dir='ltr'><strong>timum,</strong></span> <span class='ocrx_word' id='word_1_417' title='bbox 2081 3025 2364 3093; x_wconf 89' lang='lat' dir='ltr'><strong>Vitreium,</strong></span> <span class='ocrx_word' id='word_1_418' title='bbox 2408 3023 2650 3091; x_wconf 89' lang='lat' dir='ltr'><strong>scilicet;</strong></span> <span class='ocrx_word' id='word_1_419' title='bbox 2698 3023 2791 3078; x_wconf 90' lang='lat' dir='ltr'><strong>ubi</strong></span> <span class='ocrx_word' id='word_1_420' title='bbox 2843 3024 3143 3079; x_wconf 91' lang='lat' dir='ltr'><strong>multitudo</strong></span> <span class='ocrx_word' id='word_1_421' title='bbox 3190 3026 3429 3080; x_wconf 87' lang='lat' dir='ltr'><strong>maxima</strong></span> 
     </span>
    </p>
   </div>
   <div class='ocr_carea' id='block_1_64' title="bbox 117 3109 1707 3185">
    <p class='ocr_par' dir='ltr' id='par_1_64' title="bbox 117 3109 1707 3185">
     <span class='ocr_line' id='line_1_64' title="bbox 117 3109 1707 3185; baseline 0 -23"><span class='ocrx_word' id='word_1_422' title='bbox 117 3111 215 3166; x_wconf 85' lang='lat' dir='ltr'><strong>dies</strong></span> <span class='ocrx_word' id='word_1_423' title='bbox 240 3113 576 3184; x_wconf 85' lang='lat' dir='ltr'><strong>aliquantos,</strong></span> <span class='ocrx_word' id='word_1_424' title='bbox 619 3128 741 3167; x_wconf 91' lang='lat' dir='ltr'><strong>cum</strong></span> <span class='ocrx_word' id='word_1_425' title='bbox 780 3111 1050 3166; x_wconf 84' lang='lat' dir='ltr'><strong>avunculo</strong></span> <span class='ocrx_word' id='word_1_426' title='bbox 1097 3125 1197 3165; x_wconf 92' lang='lat' dir='ltr'><strong>suo</strong></span> <span class='ocrx_word' id='word_1_427' title='bbox 1239 3126 1367 3185; x_wconf 85' lang='lat' dir='ltr'><strong>rege</strong></span> <span class='ocrx_word' id='word_1_428' title='bbox 1421 3109 1707 3163; x_wconf 89' lang='lat' dir='ltr'><strong>Scotorum</strong></span> 
     </span>
    </p>
   </div>
   <div class='ocr_carea' id='block_1_65' title="bbox 117 3196 1713 3264">
    <p class='ocr_par' dir='ltr' id='par_1_65' title="bbox 117 3196 1713 3264">
     <span class='ocr_line' id='line_1_65' title="bbox 117 3196 1713 3264; baseline -0.003 -11"><span class='ocrx_word' id='word_1_429' title='bbox 117 3200 320 3255; x_wconf 85' lang='lat' dir='ltr'><strong>etfratre</strong></span> <span class='ocrx_word' id='word_1_430' title='bbox 347 3217 449 3256; x_wconf 91' lang='lat' dir='ltr'><strong>suo</strong></span> <span class='ocrx_word' id='word_1_431' title='bbox 479 3200 727 3255; x_wconf 76' lang='lat' dir='ltr'><strong>Roberto</strong></span> <span class='ocrx_word' id='word_1_432' title='bbox 749 3200 959 3255; x_wconf 88' lang='lat' dir='ltr'><strong>viribus</strong></span> <span class='ocrx_word' id='word_1_433' title='bbox 979 3198 1182 3254; x_wconf 88' lang='lat' dir='ltr'><strong>coactis</strong></span> <span class='ocrx_word' id='word_1_434' title='bbox 1206 3197 1454 3264; x_wconf 86' lang='lat' dir='ltr'><strong>veniens,</strong></span> <span class='ocrx_word' id='word_1_435' title='bbox 1484 3196 1713 3251; x_wconf 88' lang='lat' dir='ltr'><strong>obsedit</strong></span> 
     </span>
    </p>
   </div>
   <div class='ocr_carea' id='block_1_66' title="bbox 118 3290 1712 3365">
    <p class='ocr_par' dir='ltr' id='par_1_66' title="bbox 118 3290 1712 3365">
     <span class='ocr_line' id='line_1_66' title="bbox 118 3290 1712 3365; baseline -0.002 -18"><span class='ocrx_word' id='word_1_436' title='bbox 118 3294 278 3349; x_wconf 88' lang='lat' dir='ltr'><strong>turrim</strong></span> <span class='ocrx_word' id='word_1_437' title='bbox 308 3295 719 3351; x_wconf 84' lang='lat' dir='ltr'><strong>Wintoniensis</strong></span> <span class='ocrx_word' id='word_1_438' title='bbox 748 3294 1028 3365; x_wconf 85' lang='lat' dir='ltr'><strong>episcopi;</strong></span> <span class='ocrx_word' id='word_1_439' title='bbox 1064 3292 1360 3364; x_wconf 89' lang='lat' dir='ltr'><strong>episc0pus</strong></span> <span class='ocrx_word' id='word_1_440' title='bbox 1390 3298 1572 3346; x_wconf 89' lang='lat' dir='ltr'><strong>autem</strong></span> <span class='ocrx_word' id='word_1_441' title='bbox 1603 3290 1712 3345; x_wconf 93' lang='lat' dir='ltr'><strong>mi-</strong></span> 
     </span>
    </p>
   </div>
   <div class='ocr_carea' id='block_1_67' title="bbox 117 3379 1719 3455">
    <p class='ocr_par' dir='ltr' id='par_1_67' title="bbox 117 3379 1719 3455">
     <span class='ocr_line' id='line_1_67' title="bbox 117 3379 1719 3455; baseline 0.001 -23"><span class='ocrx_word' id='word_1_442' title='bbox 117 3379 175 3434; x_wconf 85' lang='lat' dir='ltr'><strong>sit</strong></span> <span class='ocrx_word' id='word_1_443' title='bbox 208 3398 294 3452; x_wconf 89' lang='lat' dir='ltr'><strong>pro</strong></span> <span class='ocrx_word' id='word_1_444' title='bbox 325 3384 516 3455; x_wconf 81' lang='lat' dir='ltr'><strong>regina</strong></span> <span class='ocrx_word' id='word_1_445' title='bbox 551 3389 604 3437; x_wconf 89' lang='lat' dir='ltr'><strong>et</strong></span> <span class='ocrx_word' id='word_1_446' title='bbox 646 3382 929 3437; x_wconf 87' lang='lat' dir='ltr'><strong>Willermo</strong></span> <span class='ocrx_word' id='word_1_447' title='bbox 957 3381 1188 3452; x_wconf 86' lang='lat' dir='ltr'><strong>Yprensi</strong></span> <span class='ocrx_word' id='word_1_448' title='bbox 1221 3387 1276 3434; x_wconf 91' lang='lat' dir='ltr'><strong>et</strong></span> <span class='ocrx_word' id='word_1_449' title='bbox 1303 3380 1503 3434; x_wconf 87' lang='lat' dir='ltr'><strong>ceteris</strong></span> <span class='ocrx_word' id='word_1_450' title='bbox 1523 3394 1719 3450; x_wconf 88' lang='lat' dir='ltr'><strong>proce-</strong></span> 
     </span>
    </p>
   </div>
   <div class='ocr_carea' id='block_1_68' title="bbox 118 3470 1722 3548">
    <p class='ocr_par' dir='ltr' id='par_1_68' title="bbox 118 3470 1722 3548">
     <span class='ocr_line' id='line_1_68' title="bbox 118 3470 1722 3548; baseline 0 -25"><span class='ocrx_word' id='word_1_451' title='bbox 118 3472 244 3528; x_wconf 86' lang='lat' dir='ltr'><strong>ribus</strong></span> <span class='ocrx_word' id='word_1_452' title='bbox 269 3476 479 3548; x_wconf 89' lang='lat' dir='ltr'><strong>Anglie.</strong></span> <span class='ocrx_word' id='word_1_453' title='bbox 540 3474 740 3529; x_wconf 87' lang='lat' dir='ltr'><strong>Factus</strong></span> <span class='ocrx_word' id='word_1_454' title='bbox 786 3481 868 3528; x_wconf 90' lang='lat' dir='ltr'><strong>est</strong></span> <span class='ocrx_word' id='word_1_455' title='bbox 921 3473 1088 3545; x_wconf 86' lang='lat' dir='ltr'><strong>igitur</strong></span> <span class='ocrx_word' id='word_1_456' title='bbox 1126 3472 1384 3543; x_wconf 89' lang='lat' dir='ltr'><strong>utrinque</strong></span> <span class='ocrx_word' id='word_1_457' title='bbox 1442 3470 1722 3525; x_wconf 85' lang='lat' dir='ltr'><strong>exercitus</strong></span> 
     </span>
    </p>
   </div>
   <div class='ocr_carea' id='block_1_69' title="bbox 119 3567 1717 3644">
    <p class='ocr_par' dir='ltr' id='par_1_69' title="bbox 119 3567 1717 3644">
     <span class='ocr_line' id='line_1_69' title="bbox 119 3567 1717 3644; baseline -0.001 -23"><span class='ocrx_word' id='word_1_458' title='bbox 119 3584 335 3644; x_wconf 86' lang='lat' dir='ltr'><strong>magnus.</strong></span> <span class='ocrx_word' id='word_1_459' title='bbox 393 3571 563 3626; x_wconf 79' lang='lat' dir='ltr'><strong>Venit</strong></span> <span class='ocrx_word' id='word_1_460' title='bbox 595 3569 813 3626; x_wconf 87' lang='lat' dir='ltr'><strong>tandem</strong></span> <span class='ocrx_word' id='word_1_461' title='bbox 848 3570 1129 3625; x_wconf 84' lang='lat' dir='ltr'><strong>exercitus</strong></span> <span class='ocrx_word' id='word_1_462' title='bbox 1179 3567 1613 3632; x_wconf 89' lang='lat' dir='ltr'><strong>Londonicnsis;</strong></span> <span class='ocrx_word' id='word_1_463' title='bbox 1663 3573 1717 3621; x_wconf 91' lang='lat' dir='ltr'><strong>et</strong></span> 
     </span>
    </p>
   </div>
   <div class='ocr_carea' id='block_1_70' title="bbox 119 3659 1718 3734">
    <p class='ocr_par' dir='ltr' id='par_1_70' title="bbox 119 3659 1718 3734">
     <span class='ocr_line' id='line_1_70' title="bbox 119 3659 1718 3734; baseline -0.001 -21"><span class='ocrx_word' id='word_1_464' title='bbox 119 3663 201 3715; x_wconf 84' lang='lat' dir='ltr'><strong>acti</strong></span> <span class='ocrx_word' id='word_1_465' title='bbox 232 3680 542 3727; x_wconf 88' lang='lat' dir='ltr'><strong>numerose,</strong></span> <span class='ocrx_word' id='word_1_466' title='bbox 589 3662 682 3734; x_wconf 89' lang='lat' dir='ltr'><strong>qui</strong></span> <span class='ocrx_word' id='word_1_467' title='bbox 729 3668 919 3717; x_wconf 89' lang='lat' dir='ltr'><strong>contra</strong></span> <span class='ocrx_word' id='word_1_468' title='bbox 960 3661 1366 3732; x_wconf 85' lang='lat' dir='ltr'><strong>imperatriccm</strong></span> <span class='ocrx_word' id='word_1_469' title='bbox 1408 3659 1718 3714; x_wconf 89' lang='lat' dir='ltr'><strong>contende-</strong></span> 
     </span>
    </p>
   </div>
   <div class='ocr_carea' id='block_1_71' title="bbox 122 3749 1721 3825">
    <p class='ocr_par' dir='ltr' id='par_1_71' title="bbox 122 3749 1721 3825">
     <span class='ocr_line' id='line_1_71' title="bbox 122 3749 1721 3825; baseline 0.001 -22"><span class='ocrx_word' id='word_1_470' title='bbox 122 3751 245 3815; x_wconf 86' lang='lat' dir='ltr'><strong>bant,</strong></span> <span class='ocrx_word' id='word_1_471' title='bbox 274 3772 390 3810; x_wconf 89' lang='lat' dir='ltr'><strong>eam</strong></span> <span class='ocrx_word' id='word_1_472' title='bbox 420 3755 689 3811; x_wconf 81' lang='lat' dir='ltr'><strong>recedere</strong></span> <span class='ocrx_word' id='word_1_473' title='bbox 720 3754 1125 3825; x_wconf 84' lang='lat' dir='ltr'><strong>compulerunt.</strong></span> <span class='ocrx_word' id='word_1_474' title='bbox 1164 3752 1315 3823; x_wconf 88' lang='lat' dir='ltr'><strong>Capti</strong></span> <span class='ocrx_word' id='word_1_475' title='bbox 1374 3760 1504 3805; x_wconf 89' lang='lat' dir='ltr'><strong>sunt</strong></span> <span class='ocrx_word' id='word_1_476' title='bbox 1552 3749 1721 3823; x_wconf 88' lang='lat' dir='ltr'><strong>igitur</strong></span> 
     </span>
    </p>
   </div>
   <div class='ocr_carea' id='block_1_72' title="bbox 122 3839 1716 3915">
    <p class='ocr_par' dir='ltr' id='par_1_72' title="bbox 122 3839 1716 3915">
     <span class='ocr_line' id='line_1_72' title="bbox 122 3839 1716 3915; baseline 0 -23"><span class='ocrx_word' id='word_1_477' title='bbox 122 3841 269 3895; x_wconf 88' lang='lat' dir='ltr'><strong>multi.</strong></span> <span class='ocrx_word' id='word_1_478' title='bbox 299 3845 496 3915; x_wconf 81' lang='lat' dir='ltr'><strong>Captus</strong></span> <span class='ocrx_word' id='word_1_479' title='bbox 529 3850 616 3898; x_wconf 87' lang='lat' dir='ltr'><strong>est</strong></span> <span class='ocrx_word' id='word_1_480' title='bbox 646 3852 700 3897; x_wconf 91' lang='lat' dir='ltr'><strong>et</strong></span> <span class='ocrx_word' id='word_1_481' title='bbox 740 3844 1009 3898; x_wconf 81' lang='lat' dir='ltr'><strong>Robertus</strong></span> <span class='ocrx_word' id='word_1_482' title='bbox 1038 3842 1207 3897; x_wconf 89' lang='lat' dir='ltr'><strong>frater</strong></span> <span class='ocrx_word' id='word_1_483' title='bbox 1240 3839 1627 3912; x_wconf 89' lang='lat' dir='ltr'><strong>imperatricis,</strong></span> <span class='ocrx_word' id='word_1_484' title='bbox 1663 3839 1716 3893; x_wconf 90' lang='lat' dir='ltr'><strong>in</strong></span> 
     </span>
    </p>
   </div>
   <div class='ocr_carea' id='block_1_73' title="bbox 119 3927 1711 4002">
    <p class='ocr_par' dir='ltr' id='par_1_73' title="bbox 119 3927 1711 4002">
     <span class='ocr_line' id='line_1_73' title="bbox 119 3927 1711 4002; baseline 0.001 -22"><span class='ocrx_word' id='word_1_485' title='bbox 119 3929 254 3998; x_wconf 84' lang='lat' dir='ltr'><strong>cujus</strong></span> <span class='ocrx_word' id='word_1_486' title='bbox 281 3934 411 3987; x_wconf 91' lang='lat' dir='ltr'><strong>turri</strong></span> <span class='ocrx_word' id='word_1_487' title='bbox 440 3950 540 3988; x_wconf 84' lang='lat' dir='ltr'><strong>rex</strong></span> <span class='ocrx_word' id='word_1_488' title='bbox 563 3939 699 3999; x_wconf 89' lang='lat' dir='ltr'><strong>erat,</strong></span> <span class='ocrx_word' id='word_1_489' title='bbox 730 3932 888 4001; x_wconf 85' lang='lat' dir='ltr'><strong>cujus</strong></span> <span class='ocrx_word' id='word_1_490' title='bbox 908 3932 1025 3987; x_wconf 88' lang='lat' dir='ltr'><strong>sola</strong></span> <span class='ocrx_word' id='word_1_491' title='bbox 1051 3930 1312 4002; x_wconf 87' lang='lat' dir='ltr'><strong>captione</strong></span> <span class='ocrx_word' id='word_1_492' title='bbox 1354 3944 1444 3983; x_wconf 89' lang='lat' dir='ltr'><strong>rex</strong></span> <span class='ocrx_word' id='word_1_493' title='bbox 1477 3927 1711 3982; x_wconf 87' lang='lat' dir='ltr'><strong>evadere</strong></span> 
     </span>
    </p>
   </div>
   <div class='ocr_carea' id='block_1_74' title="bbox 122 4017 1715 4091">
    <p class='ocr_par' dir='ltr' id='par_1_74' title="bbox 122 4017 1715 4091">
     <span class='ocr_line' id='line_1_74' title="bbox 122 4017 1715 4091; baseline -0.001 -19"><span class='ocrx_word' id='word_1_494' title='bbox 122 4025 325 4087; x_wconf 85' lang='lat' dir='ltr'><strong>poterat.</strong></span> <span class='ocrx_word' id='word_1_495' title='bbox 352 4021 656 4077; x_wconf 86' lang='lat' dir='ltr'><strong>Absolutus</strong></span> <span class='ocrx_word' id='word_1_496' title='bbox 686 4027 770 4075; x_wconf 90' lang='lat' dir='ltr'><strong>est</strong></span> <span class='ocrx_word' id='word_1_497' title='bbox 793 4025 1045 4091; x_wconf 84' lang='lat' dir='ltr'><strong>uterque.</strong></span> <span class='ocrx_word' id='word_1_498' title='bbox 1089 4020 1180 4074; x_wconf 91' lang='lat' dir='ltr'><strong>Sic</strong></span> <span class='ocrx_word' id='word_1_499' title='bbox 1221 4035 1313 4074; x_wconf 83' lang='lat' dir='ltr'><strong>rex</strong></span> <span class='ocrx_word' id='word_1_500' title='bbox 1360 4017 1457 4071; x_wconf 92' lang='lat' dir='ltr'><strong>Dci</strong></span> <span class='ocrx_word' id='word_1_501' title='bbox 1503 4017 1715 4088; x_wconf 87' lang='lat' dir='ltr'><strong>justitia</strong></span> 
     </span>
    </p>
   </div>
   <div class='ocr_carea' id='block_1_75' title="bbox 122 4112 1717 4185">
    <p class='ocr_par' dir='ltr' id='par_1_75' title="bbox 122 4112 1717 4185">
     <span class='ocr_line' id='line_1_75' title="bbox 122 4112 1717 4185; baseline 0 -20"><span class='ocrx_word' id='word_1_502' title='bbox 122 4112 483 4171; x_wconf 86' lang='lat' dir='ltr'><strong>miserabiliter</strong></span> <span class='ocrx_word' id='word_1_503' title='bbox 524 4121 742 4185; x_wconf 89' lang='lat' dir='ltr'><strong>captus,</strong></span> <span class='ocrx_word' id='word_1_504' title='bbox 793 4115 886 4168; x_wconf 90' lang='lat' dir='ltr'><strong>Dei</strong></span> <span class='ocrx_word' id='word_1_505' title='bbox 931 4112 1717 4169; x_wconf 83' lang='lat' dir='ltr'><strong>misericordiamiserabiliter</strong></span> 
     </span>
    </p>
   </div>
   <div class='ocr_carea' id='block_1_76' title="bbox 125 4202 1719 4278">
    <p class='ocr_par' dir='ltr' id='par_1_76' title="bbox 125 4202 1719 4278">
     <span class='ocr_line' id='line_1_76' title="bbox 125 4202 1719 4278; baseline 0.003 -23"><span class='ocrx_word' id='word_1_506' title='bbox 125 4202 360 4263; x_wconf 89' lang='lat' dir='ltr'><strong>liberatus</strong></span> <span class='ocrx_word' id='word_1_507' title='bbox 384 4217 468 4263; x_wconf 86' lang='lat' dir='ltr'><strong>est</strong></span> <span class='ocrx_word' id='word_1_508' title='bbox 498 4209 637 4274; x_wconf 74' lang='lat' dir='ltr'><strong>(Nor</strong></span> <span class='ocrx_word' id='word_1_509' title='bbox 664 4208 698 4278; x_wconf 89' lang='lat'><strong>).</strong></span> <span class='ocrx_word' id='word_1_510' title='bbox 757 4207 955 4261; x_wconf 81' lang='lat' dir='ltr'><strong>Fuerat</strong></span> <span class='ocrx_word' id='word_1_511' title='bbox 984 4214 1167 4261; x_wconf 90' lang='lat' dir='ltr'><strong>autem</strong></span> <span class='ocrx_word' id='word_1_512' title='bbox 1212 4206 1487 4261; x_wconf 74' lang='lat' dir='ltr'><strong>Robertus</strong></span> <span class='ocrx_word' id='word_1_513' title='bbox 1525 4213 1719 4276; x_wconf 90' lang='lat' dir='ltr'><strong>captus</strong></span> 
     </span>
    </p>
   </div>
   <div class='ocr_carea' id='block_1_77' title="bbox 127 4291 1718 4352">
    <p class='ocr_par' dir='ltr' id='par_1_77' title="bbox 127 4291 1718 4352">
     <span class='ocr_line' id='line_1_77' title="bbox 127 4291 1718 4352; baseline 0.003 -9"><span class='ocrx_word' id='word_1_514' title='bbox 127 4291 173 4345; x_wconf 90' lang='lat' dir='ltr'><strong>in</strong></span> <span class='ocrx_word' id='word_1_515' title='bbox 206 4295 285 4351; x_wconf 87' lang='lat' dir='ltr'><strong>die</strong></span> <span class='ocrx_word' id='word_1_516' title='bbox 325 4295 679 4352; x_wconf 86' lang='lat' dir='ltr'><strong>exaltationis</strong></span> <span class='ocrx_word' id='word_1_517' title='bbox 730 4304 919 4350; x_wconf 88' lang='lat' dir='ltr'><strong>sancte</strong></span> <span class='ocrx_word' id='word_1_518' title='bbox 965 4295 1162 4350; x_wconf 91' lang='lat' dir='ltr'><strong>crucis.</strong></span> <span class='ocrx_word' id='word_1_519' title='bbox 1208 4295 1412 4349; x_wconf 85' lang='lat' dir='ltr'><strong>Eodem</strong></span> <span class='ocrx_word' id='word_1_520' title='bbox 1459 4310 1603 4349; x_wconf 88' lang='lat' dir='ltr'><strong>anno</strong></span> <span class='ocrx_word' id='word_1_521' title='bbox 1665 4295 1718 4348; x_wconf 91' lang='lat' dir='ltr'><strong>in</strong></span> 
     </span>
    </p>
   </div>
   <div class='ocr_carea' id='block_1_78' title="bbox 129 4377 1725 4456">
    <p class='ocr_par' dir='ltr' id='par_1_78' title="bbox 129 4377 1725 4456">
     <span class='ocr_line' id='line_1_78' title="bbox 129 4377 1725 4456; baseline 0 -20"><span class='ocrx_word' id='word_1_522' title='bbox 129 4377 310 4449; x_wconf 77' lang='lat' dir='ltr'><strong>ectavis</strong></span> <span class='ocrx_word' id='word_1_523' title='bbox 346 4382 557 4456; x_wconf 87' lang='lat' dir='ltr'><strong>paschc</strong></span> <span class='ocrx_word' id='word_1_524' title='bbox 590 4383 884 4455; x_wconf 90' lang='lat' dir='ltr'><strong>episcopus</strong></span> <span class='ocrx_word' id='word_1_525' title='bbox 913 4382 1567 4438; x_wconf 81' lang='lat' dir='ltr'><strong>LuxoviensisJohannes</strong></span> <span class='ocrx_word' id='word_1_526' title='bbox 1596 4382 1725 4436; x_wconf 91' lang='lat' dir='ltr'><strong>sub-</strong></span> 
     </span>
    </p>
   </div>
   <div class='ocr_carea' id='block_1_79' title="bbox 127 4472 1726 4549">
    <p class='ocr_par' dir='ltr' id='par_1_79' title="bbox 127 4472 1726 4549">
     <span class='ocr_line' id='line_1_79' title="bbox 127 4472 1726 4549; baseline 0.002 -25"><span class='ocrx_word' id='word_1_527' title='bbox 127 4472 244 4529; x_wconf 90' lang='lat' dir='ltr'><strong>didit</strong></span> <span class='ocrx_word' id='word_1_528' title='bbox 265 4492 322 4531; x_wconf 90' lang='lat' dir='ltr'><strong>se</strong></span> <span class='ocrx_word' id='word_1_529' title='bbox 352 4475 624 4532; x_wconf 84' lang='lat' dir='ltr'><strong>Gaufrido</strong></span> <span class='ocrx_word' id='word_1_530' title='bbox 652 4476 838 4531; x_wconf 91' lang='lat' dir='ltr'><strong>comiti</strong></span> <span class='ocrx_word' id='word_1_531' title='bbox 864 4475 1273 4549; x_wconf 84' lang='lat' dir='ltr'><strong>Andegavensi,</strong></span> <span class='ocrx_word' id='word_1_532' title='bbox 1307 4482 1359 4528; x_wconf 91' lang='lat' dir='ltr'><strong>ct</strong></span> <span class='ocrx_word' id='word_1_533' title='bbox 1392 4474 1632 4529; x_wconf 91' lang='lat' dir='ltr'><strong>reddidit</strong></span> <span class='ocrx_word' id='word_1_534' title='bbox 1676 4474 1726 4527; x_wconf 92' lang='lat' dir='ltr'><strong>ei</strong></span> 
     </span>
    </p>
   </div>
   <div class='ocr_carea' id='block_1_80' title="bbox 130 4568 1726 4644">
    <p class='ocr_par' dir='ltr' id='par_1_80' title="bbox 130 4568 1726 4644">
     <span class='ocr_line' id='line_1_80' title="bbox 130 4568 1726 4644; baseline 0.003 -23"><span class='ocrx_word' id='word_1_535' title='bbox 130 4568 379 4627; x_wconf 86' lang='lat' dir='ltr'><strong>civitatem</strong></span> <span class='ocrx_word' id='word_1_536' title='bbox 425 4588 597 4644; x_wconf 88' lang='lat' dir='ltr'><strong>quam</strong></span> <span class='ocrx_word' id='word_1_537' title='bbox 646 4572 971 4643; x_wconf 88' lang='lat' dir='ltr'><strong>aliquandiu</strong></span> <span class='ocrx_word' id='word_1_538' title='bbox 1032 4578 1223 4627; x_wconf 90' lang='lat' dir='ltr'><strong>contra</strong></span> <span class='ocrx_word' id='word_1_539' title='bbox 1278 4587 1403 4625; x_wconf 92' lang='lat' dir='ltr'><strong>eum</strong></span> <span class='ocrx_word' id='word_1_540' title='bbox 1457 4576 1726 4626; x_wconf 86' lang='lat' dir='ltr'><strong>tenuerat.</strong></span> 
     </span>
    </p>
   </div>
   <div class='ocr_carea' id='block_1_81' title="bbox 128 4654 1731 4730">
    <p class='ocr_par' dir='ltr' id='par_1_81' title="bbox 128 4654 1731 4730">
     <span class='ocr_line' id='line_1_81' title="bbox 128 4654 1731 4730; baseline 0.002 -21"><span class='ocrx_word' id='word_1_541' title='bbox 128 4654 318 4713; x_wconf 88' lang='lat' dir='ltr'><strong>Subditi</strong></span> <span class='ocrx_word' id='word_1_542' title='bbox 365 4669 495 4714; x_wconf 89' lang='lat' dir='ltr'><strong>sunt</strong></span> <span class='ocrx_word' id='word_1_543' title='bbox 537 4660 701 4714; x_wconf 88' lang='lat' dir='ltr'><strong>etiam</strong></span> <span class='ocrx_word' id='word_1_544' title='bbox 742 4660 791 4715; x_wconf 90' lang='lat' dir='ltr'><strong>ei</strong></span> <span class='ocrx_word' id='word_1_545' title='bbox 847 4675 1041 4714; x_wconf 90' lang='lat' dir='ltr'><strong>omnes</strong></span> <span class='ocrx_word' id='word_1_546' title='bbox 1080 4666 1338 4730; x_wconf 88' lang='lat' dir='ltr'><strong>potentes</strong></span> <span class='ocrx_word' id='word_1_547' title='bbox 1379 4658 1731 4713; x_wconf 85' lang='lat' dir='ltr'><strong>Luxoviensis</strong></span> 
     </span>
    </p>
   </div>
   <div class='ocr_carea' id='block_1_82' title="bbox 129 4750 1728 4822">
    <p class='ocr_par' dir='ltr' id='par_1_82' title="bbox 129 4750 1728 4822">
     <span class='ocr_line' id='line_1_82' title="bbox 129 4750 1728 4822; baseline -0.001 -18"><span class='ocrx_word' id='word_1_548' title='bbox 129 4751 414 4807; x_wconf 86' lang='lat' dir='ltr'><strong>comitatus.</strong></span> <span class='ocrx_word' id='word_1_549' title='bbox 443 4752 601 4807; x_wconf 88' lang='lat' dir='ltr'><strong>Circa</strong></span> <span class='ocrx_word' id='word_1_550' title='bbox 629 4758 992 4821; x_wconf 88' lang='lat' dir='ltr'><strong>pentecosten</strong></span> <span class='ocrx_word' id='word_1_551' title='bbox 1024 4751 1165 4806; x_wconf 86' lang='lat' dir='ltr'><strong>obiit</strong></span> <span class='ocrx_word' id='word_1_552' title='bbox 1208 4751 1487 4822; x_wconf 89' lang='lat' dir='ltr'><strong>predictus</strong></span> <span class='ocrx_word' id='word_1_553' title='bbox 1516 4750 1728 4805; x_wconf 85' lang='lat' dir='ltr'><strong>Johan-</strong></span> 
     </span>
    </p>
   </div>
   <div class='ocr_carea' id='block_1_83' title="bbox 132 4842 1729 4915">
    <p class='ocr_par' dir='ltr' id='par_1_83' title="bbox 132 4842 1729 4915">
     <span class='ocr_line' id='line_1_83' title="bbox 132 4842 1729 4915; baseline 0.001 -22"><span class='ocrx_word' id='word_1_554' title='bbox 132 4857 215 4896; x_wconf 90' lang='lat' dir='ltr'><strong>nes</strong></span> <span class='ocrx_word' id='word_1_555' title='bbox 239 4844 553 4915; x_wconf 85' lang='lat' dir='ltr'><strong>episcOpus.</strong></span> <span class='ocrx_word' id='word_1_556' title='bbox 592 4842 686 4898; x_wconf 83' lang='lat' dir='ltr'><strong>Ilic</strong></span> <span class='ocrx_word' id='word_1_557' title='bbox 713 4843 943 4898; x_wconf 86' lang='lat' dir='ltr'><strong>multum</strong></span> <span class='ocrx_word' id='word_1_558' title='bbox 977 4844 1354 4914; x_wconf 89' lang='lat' dir='ltr'><strong>episc0palcm</strong></span> <span class='ocrx_word' id='word_1_559' title='bbox 1380 4842 1571 4897; x_wconf 89' lang='lat' dir='ltr'><strong>sedem</strong></span> <span class='ocrx_word' id='word_1_560' title='bbox 1608 4842 1729 4896; x_wconf 91' lang='lat' dir='ltr'><strong>edi-</strong></span> 
     </span>
    </p>
   </div>
   <div class='ocr_carea' id='block_1_84' title="bbox 132 4927 1729 5004">
    <p class='ocr_par' dir='ltr' id='par_1_84' title="bbox 132 4927 1729 5004">
     <span class='ocr_line' id='line_1_84' title="bbox 132 4927 1729 5004; baseline 0.002 -22"><span class='ocrx_word' id='word_1_561' title='bbox 132 4927 253 4984; x_wconf 86' lang='lat' dir='ltr'><strong>ﬁciis</strong></span> <span class='ocrx_word' id='word_1_562' title='bbox 279 4940 330 4987; x_wconf 91' lang='lat' dir='ltr'><strong>et</strong></span> <span class='ocrx_word' id='word_1_563' title='bbox 360 4932 709 4988; x_wconf 82' lang='lat' dir='ltr'><strong>ornamentis</strong></span> <span class='ocrx_word' id='word_1_564' title='bbox 745 4932 1006 4988; x_wconf 87' lang='lat' dir='ltr'><strong>accrevit.</strong></span> <span class='ocrx_word' id='word_1_565' title='bbox 1062 4932 1264 4988; x_wconf 88' lang='lat' dir='ltr'><strong>Urbem</strong></span> <span class='ocrx_word' id='word_1_566' title='bbox 1298 4947 1539 5004; x_wconf 90' lang='lat' dir='ltr'><strong>quoque,</strong></span> <span class='ocrx_word' id='word_1_567' title='bbox 1573 4931 1729 5003; x_wconf 87' lang='lat' dir='ltr'><strong>cujus</strong></span> 
     </span>
    </p>
   </div>
   <div class='ocr_carea' id='block_1_85' title="bbox 131 5023 1729 5095">
    <p class='ocr_par' dir='ltr' id='par_1_85' title="bbox 131 5023 1729 5095">
     <span class='ocr_line' id='line_1_85' title="bbox 131 5023 1729 5095; baseline 0.001 -21"><span class='ocrx_word' id='word_1_568' title='bbox 131 5037 293 5079; x_wconf 88' lang='lat' dir='ltr'><strong>muros</strong></span> <span class='ocrx_word' id='word_1_569' title='bbox 321 5025 657 5080; x_wconf 82' lang='lat' dir='ltr'><strong>llumbertus</strong></span> <span class='ocrx_word' id='word_1_570' title='bbox 687 5025 984 5095; x_wconf 89' lang='lat' dir='ltr'><strong>episcopus</strong></span> <span class='ocrx_word' id='word_1_571' title='bbox 1018 5033 1239 5095; x_wconf 88' lang='lat' dir='ltr'><strong>propter</strong></span> <span class='ocrx_word' id='word_1_572' title='bbox 1280 5024 1572 5079; x_wconf 87' lang='lat' dir='ltr'><strong>ecclesiam</strong></span> <span class='ocrx_word' id='word_1_573' title='bbox 1606 5023 1729 5077; x_wconf 86' lang='lat' dir='ltr'><strong>edi-</strong></span> 
     </span>
    </p>
   </div>
   <div class='ocr_carea' id='block_1_86' title="bbox 132 5110 1723 5183">
    <p class='ocr_par' dir='ltr' id='par_1_86' title="bbox 132 5110 1723 5183">
     <span class='ocr_line' id='line_1_86' title="bbox 132 5110 1723 5183; baseline 0.003 -20"><span class='ocrx_word' id='word_1_574' title='bbox 132 5110 376 5170; x_wconf 80' lang='lat' dir='ltr'><strong>ticaudam</strong></span> <span class='ocrx_word' id='word_1_575' title='bbox 409 5118 773 5183; x_wconf 87' lang='lat' dir='ltr'><strong>destruxerat,</strong></span> <span class='ocrx_word' id='word_1_576' title='bbox 807 5117 1063 5170; x_wconf 86' lang='lat' dir='ltr'><strong>menibus</strong></span> <span class='ocrx_word' id='word_1_577' title='bbox 1089 5116 1335 5171; x_wconf 89' lang='lat' dir='ltr'><strong>ambivit.</strong></span> <span class='ocrx_word' id='word_1_578' title='bbox 1370 5114 1645 5170; x_wconf 90' lang='lat' dir='ltr'><strong>Successit</strong></span> <span class='ocrx_word' id='word_1_579' title='bbox 1672 5114 1723 5168; x_wconf 92' lang='lat' dir='ltr'><strong>ei</strong></span> 
     </span>
    </p>
   </div>
   <div class='ocr_carea' id='block_1_87' title="bbox 137 5208 1736 5285">
    <p class='ocr_par' dir='ltr' id='par_1_87' title="bbox 137 5208 1736 5285">
     <span class='ocr_line' id='line_1_87' title="bbox 137 5208 1736 5285; baseline 0.004 -26"><span class='ocrx_word' id='word_1_580' title='bbox 137 5211 369 5265; x_wconf 78' lang='lat' dir='ltr'><strong>Arnulfus</strong></span> <span class='ocrx_word' id='word_1_581' title='bbox 418 5226 600 5281; x_wconf 88' lang='lat' dir='ltr'><strong>nepos</strong></span> <span class='ocrx_word' id='word_1_582' title='bbox 638 5210 777 5279; x_wconf 85' lang='lat' dir='ltr'><strong>ejus,</strong></span> <span class='ocrx_word' id='word_1_583' title='bbox 831 5211 1113 5285; x_wconf 81' lang='lat' dir='ltr'><strong>Sagiensis</strong></span> <span class='ocrx_word' id='word_1_584' title='bbox 1160 5210 1603 5275; x_wconf 90' lang='lat' dir='ltr'><strong>archidiaconus,</strong></span> <span class='ocrx_word' id='word_1_585' title='bbox 1652 5208 1736 5266; x_wconf 91' lang='lat' dir='ltr'><strong>vir</strong></span> 
     </span>
    </p>
   </div>
   <div class='ocr_carea' id='block_1_88' title="bbox 138 5302 1736 5375">
    <p class='ocr_par' dir='ltr' id='par_1_88' title="bbox 138 5302 1736 5375">
     <span class='ocr_line' id='line_1_88' title="bbox 138 5302 1736 5375; baseline 0.001 -21"><span class='ocrx_word' id='word_1_586' title='bbox 138 5302 413 5359; x_wconf 84' lang='lat' dir='ltr'><strong>admodum</strong></span> <span class='ocrx_word' id='word_1_587' title='bbox 463 5303 716 5370; x_wconf 90' lang='lat' dir='ltr'><strong>callidus,</strong></span> <span class='ocrx_word' id='word_1_588' title='bbox 750 5303 1040 5375; x_wconf 85' lang='lat' dir='ltr'><strong>eloquens,</strong></span> <span class='ocrx_word' id='word_1_589' title='bbox 1086 5303 1379 5361; x_wconf 89' lang='lat' dir='ltr'><strong>litteratus.</strong></span> <span class='ocrx_word' id='word_1_590' title='bbox 1414 5302 1736 5357; x_wconf 85' lang='lat' dir='ltr'><strong>Waleranus</strong></span> 
     </span>
    </p>
   </div>
   <div class='ocr_carea' id='block_1_89' title="bbox 137 5395 1737 5467">
    <p class='ocr_par' dir='ltr' id='par_1_89' title="bbox 137 5395 1737 5467">
     <span class='ocr_line' id='line_1_89' title="bbox 137 5395 1737 5467; baseline 0.003 -22"><span class='ocrx_word' id='word_1_591' title='bbox 137 5406 305 5449; x_wconf 85' lang='lat' dir='ltr'><strong>comes</strong></span> <span class='ocrx_word' id='word_1_592' title='bbox 332 5396 578 5462; x_wconf 74' lang='lat' dir='ltr'><strong>Mellent,</strong></span> <span class='ocrx_word' id='word_1_593' title='bbox 610 5396 703 5467; x_wconf 89' lang='lat' dir='ltr'><strong>qui</strong></span> <span class='ocrx_word' id='word_1_594' title='bbox 734 5397 991 5452; x_wconf 89' lang='lat' dir='ltr'><strong>omnibus</strong></span> <span class='ocrx_word' id='word_1_595' title='bbox 1047 5396 1377 5452; x_wconf 87' lang='lat' dir='ltr'><strong>Normannie</strong></span> <span class='ocrx_word' id='word_1_596' title='bbox 1408 5395 1737 5467; x_wconf 86' lang='lat' dir='ltr'><strong>primatibus</strong></span> 
     </span>
    </p>
   </div>
   <div class='ocr_carea' id='block_1_90' title="bbox 138 5482 1733 5556">
    <p class='ocr_par' dir='ltr' id='par_1_90' title="bbox 138 5482 1733 5556">
     <span class='ocr_line' id='line_1_90' title="bbox 138 5482 1733 5556; baseline 0.003 -23"><span class='ocrx_word' id='word_1_597' title='bbox 138 5482 553 5540; x_wconf 82' lang='lat' dir='ltr'><strong>etﬁrmitatibus</strong></span> <span class='ocrx_word' id='word_1_598' title='bbox 585 5493 640 5542; x_wconf 90' lang='lat' dir='ltr'><strong>et</strong></span> <span class='ocrx_word' id='word_1_599' title='bbox 680 5486 986 5543; x_wconf 90' lang='lat' dir='ltr'><strong>redditibus</strong></span> <span class='ocrx_word' id='word_1_600' title='bbox 1026 5493 1081 5541; x_wconf 91' lang='lat' dir='ltr'><strong>et</strong></span> <span class='ocrx_word' id='word_1_601' title='bbox 1125 5486 1388 5542; x_wconf 84' lang='lat' dir='ltr'><strong>afﬁnibus</strong></span> <span class='ocrx_word' id='word_1_602' title='bbox 1431 5484 1733 5556; x_wconf 84' lang='lat' dir='ltr'><strong>prcstabat,</strong></span> 
     </span>
    </p>
   </div>
   <div class='ocr_carea' id='block_1_91' title="bbox 1811 3118 3425 3176">
    <p class='ocr_par' dir='ltr' id='par_1_91' title="bbox 1811 3118 3425 3176">
     <span class='ocr_line' id='line_1_91' title="bbox 1811 3118 3425 3176; baseline -0.002 0"><span class='ocrx_word' id='word_1_603' title='bbox 1811 3122 2011 3176; x_wconf 81' lang='lat' dir='ltr'><strong>diversi</strong></span> <span class='ocrx_word' id='word_1_604' title='bbox 2042 3137 2205 3175; x_wconf 80' lang='lat' dir='ltr'><strong>sexus</strong></span> <span class='ocrx_word' id='word_1_605' title='bbox 2258 3120 2543 3175; x_wconf 89' lang='lat' dir='ltr'><strong>hominum</strong></span> <span class='ocrx_word' id='word_1_606' title='bbox 2576 3128 2632 3172; x_wconf 90' lang='lat' dir='ltr'><strong>ct</strong></span> <span class='ocrx_word' id='word_1_607' title='bbox 2693 3118 2853 3173; x_wconf 87' lang='lat' dir='ltr'><strong>etatis</strong></span> <span class='ocrx_word' id='word_1_608' title='bbox 2904 3119 3240 3173; x_wconf 86' lang='lat' dir='ltr'><strong>concremati</strong></span> <span class='ocrx_word' id='word_1_609' title='bbox 3278 3126 3425 3175; x_wconf 89' lang='lat' dir='ltr'><strong>sunt.</strong></span> 
     </span>
    </p>
   </div>
   <div class='ocr_carea' id='block_1_92' title="bbox 1812 3211 3430 3283">
    <p class='ocr_par' dir='ltr' id='par_1_92' title="bbox 1812 3211 3430 3283">
     <span class='ocr_line' id='line_1_92' title="bbox 1812 3211 3430 3283; baseline -0.001 -15"><span class='ocrx_word' id='word_1_610' title='bbox 1812 3214 2172 3269; x_wconf 84' lang='lat' dir='ltr'><strong>Innocentius</strong></span> <span class='ocrx_word' id='word_1_611' title='bbox 2212 3229 2353 3283; x_wconf 88' lang='lat' dir='ltr'><strong>papa</strong></span> <span class='ocrx_word' id='word_1_612' title='bbox 2382 3212 2662 3267; x_wconf 87' lang='lat' dir='ltr'><strong>interdixit</strong></span> <span class='ocrx_word' id='word_1_613' title='bbox 2693 3217 2823 3266; x_wconf 92' lang='lat' dir='ltr'><strong>tunc</strong></span> <span class='ocrx_word' id='word_1_614' title='bbox 2853 3220 3055 3265; x_wconf 90' lang='lat' dir='ltr'><strong>terram</strong></span> <span class='ocrx_word' id='word_1_615' title='bbox 3093 3211 3430 3267; x_wconf 92' lang='lat' dir='ltr'><strong>dominicam</strong></span> 
     </span>
    </p>
   </div>
   <div class='ocr_carea' id='block_1_93' title="bbox 1820 3299 3431 3377">
    <p class='ocr_par' dir='ltr' id='par_1_93' title="bbox 1820 3299 3431 3377">
     <span class='ocr_line' id='line_1_93' title="bbox 1820 3299 3431 3377; baseline -0.001 -21"><span class='ocrx_word' id='word_1_616' title='bbox 1820 3303 1997 3373; x_wconf 80' lang='lat' dir='ltr'><strong>ipsius</strong></span> <span class='ocrx_word' id='word_1_617' title='bbox 2028 3302 2197 3377; x_wconf 87' lang='lat' dir='ltr'><strong>regis,</strong></span> <span class='ocrx_word' id='word_1_618' title='bbox 2229 3301 2359 3373; x_wconf 89' lang='lat' dir='ltr'><strong>quia</strong></span> <span class='ocrx_word' id='word_1_619' title='bbox 2410 3301 2637 3356; x_wconf 89' lang='lat' dir='ltr'><strong>nolebat</strong></span> <span class='ocrx_word' id='word_1_620' title='bbox 2674 3299 2922 3370; x_wconf 88' lang='lat' dir='ltr'><strong>recipere</strong></span> <span class='ocrx_word' id='word_1_621' title='bbox 2954 3299 3431 3371; x_wconf 80' lang='lat' dir='ltr'><strong>areliiepiscOpum</strong></span> 
     </span>
    </p>
   </div>
   <div class='ocr_carea' id='block_1_94' title="bbox 1822 3389 3438 3462">
    <p class='ocr_par' dir='ltr' id='par_1_94' title="bbox 1822 3389 3438 3462">
     <span class='ocr_line' id='line_1_94' title="bbox 1822 3389 3438 3462; baseline 0.001 -18"><span class='ocrx_word' id='word_1_622' title='bbox 1822 3392 2216 3447; x_wconf 87' lang='lat' dir='ltr'><strong>Bituricensem</strong></span> <span class='ocrx_word' id='word_1_623' title='bbox 2242 3409 2257 3457; x_wconf 89' lang='lat'><strong>;</strong></span> <span class='ocrx_word' id='word_1_624' title='bbox 2288 3406 2451 3462; x_wconf 89' lang='lat' dir='ltr'><strong>quem</strong></span> <span class='ocrx_word' id='word_1_625' title='bbox 2486 3398 2664 3446; x_wconf 91' lang='lat' dir='ltr'><strong>tamen</strong></span> <span class='ocrx_word' id='word_1_626' title='bbox 2694 3395 2883 3461; x_wconf 90' lang='lat' dir='ltr'><strong>postea</strong></span> <span class='ocrx_word' id='word_1_627' title='bbox 2925 3389 3165 3460; x_wconf 87' lang='lat' dir='ltr'><strong>recepit;</strong></span> <span class='ocrx_word' id='word_1_628' title='bbox 3202 3399 3259 3445; x_wconf 92' lang='lat' dir='ltr'><strong>et</strong></span> <span class='ocrx_word' id='word_1_629' title='bbox 3296 3406 3438 3461; x_wconf 87' lang='lat' dir='ltr'><strong>papa</strong></span> 
     </span>
    </p>
   </div>
   <div class='ocr_carea' id='block_1_95' title="bbox 1821 3478 3441 3550">
    <p class='ocr_par' dir='ltr' id='par_1_95' title="bbox 1821 3478 3441 3550">
     <span class='ocr_line' id='line_1_95' title="bbox 1821 3478 3441 3550; baseline -0.001 -15"><span class='ocrx_word' id='word_1_630' title='bbox 1821 3480 2058 3535; x_wconf 88' lang='lat' dir='ltr'><strong>absolvit</strong></span> <span class='ocrx_word' id='word_1_631' title='bbox 2096 3496 2221 3534; x_wconf 90' lang='lat' dir='ltr'><strong>eum</strong></span> <span class='ocrx_word' id='word_1_632' title='bbox 2264 3481 2331 3534; x_wconf 90' lang='lat' dir='ltr'><strong>de</strong></span> <span class='ocrx_word' id='word_1_633' title='bbox 2371 3487 2742 3547; x_wconf 89' lang='lat' dir='ltr'><strong>sacramento,</strong></span> <span class='ocrx_word' id='word_1_634' title='bbox 2784 3479 2932 3550; x_wconf 91' lang='lat' dir='ltr'><strong>quod</strong></span> <span class='ocrx_word' id='word_1_635' title='bbox 2994 3478 3441 3535; x_wconf 87' lang='lat' dir='ltr'><strong>irrationabiliter</strong></span> 
     </span>
    </p>
   </div>
   <div class='ocr_carea' id='block_1_96' title="bbox 1818 3570 3438 3627">
    <p class='ocr_par' dir='ltr' id='par_1_96' title="bbox 1818 3570 3438 3627">
     <span class='ocr_line' id='line_1_96' title="bbox 1818 3570 3438 3627; baseline 0.002 -3"><span class='ocrx_word' id='word_1_636' title='bbox 1818 3571 2042 3625; x_wconf 88' lang='lat' dir='ltr'><strong>fecerat.</strong></span> <span class='ocrx_word' id='word_1_637' title='bbox 2071 3571 2311 3625; x_wconf 85' lang='lat' dir='ltr'><strong>Ecclesia</strong></span> <span class='ocrx_word' id='word_1_638' title='bbox 2346 3571 2416 3625; x_wconf 91' lang='lat' dir='ltr'><strong>de</strong></span> <span class='ocrx_word' id='word_1_639' title='bbox 2466 3570 2807 3625; x_wconf 88' lang='lat' dir='ltr'><strong>Bcllomontc</strong></span> <span class='ocrx_word' id='word_1_640' title='bbox 2847 3571 3007 3625; x_wconf 90' lang='lat' dir='ltr'><strong>datur</strong></span> <span class='ocrx_word' id='word_1_641' title='bbox 3037 3570 3271 3626; x_wconf 90' lang='lat' dir='ltr'><strong>ecclesie</strong></span> <span class='ocrx_word' id='word_1_642' title='bbox 3300 3571 3438 3627; x_wconf 87' lang='lat' dir='ltr'><strong>Bec-</strong></span> 
     </span>
    </p>
   </div>
   <div class='ocr_carea' id='block_1_97' title="bbox 1819 3658 3436 3731">
    <p class='ocr_par' dir='ltr' id='par_1_97' title="bbox 1819 3658 3436 3731">
     <span class='ocr_line' id='line_1_97' title="bbox 1819 3658 3436 3731; baseline -0.001 -16"><span class='ocrx_word' id='word_1_643' title='bbox 1819 3659 1971 3715; x_wconf 89' lang='lat' dir='ltr'><strong>ccnsi</strong></span> <span class='ocrx_word' id='word_1_644' title='bbox 2026 3659 2214 3731; x_wconf 68' lang='lat' dir='ltr'><strong>(Hum.</strong></span> <span class='ocrx_word' id='word_1_645' title='bbox 2279 3658 2562 3729; x_wconf 86' lang='lat' dir='ltr'><strong>vui.)ch</strong></span> <span class='ocrx_word' id='word_1_646' title='bbox 2606 3658 2908 3729; x_wconf 86' lang='lat' dir='ltr'><strong>Anglorum</strong></span> <span class='ocrx_word' id='word_1_647' title='bbox 2949 3659 3263 3729; x_wconf 88' lang='lat' dir='ltr'><strong>Stephanus</strong></span> <span class='ocrx_word' id='word_1_648' title='bbox 3302 3675 3436 3715; x_wconf 91' lang='lat' dir='ltr'><strong>con-</strong></span> 
     </span>
    </p>
   </div>
   <div class='ocr_carea' id='block_1_98' title="bbox 1820 3748 3434 3821">
    <p class='ocr_par' dir='ltr' id='par_1_98' title="bbox 1820 3748 3434 3821">
     <span class='ocr_line' id='line_1_98' title="bbox 1820 3748 3434 3821; baseline -0.001 -15"><span class='ocrx_word' id='word_1_649' title='bbox 1820 3751 2014 3806; x_wconf 90' lang='lat' dir='ltr'><strong>struxit</strong></span> <span class='ocrx_word' id='word_1_650' title='bbox 2065 3758 2305 3805; x_wconf 90' lang='lat' dir='ltr'><strong>castrum</strong></span> <span class='ocrx_word' id='word_1_651' title='bbox 2366 3749 2512 3820; x_wconf 90' lang='lat' dir='ltr'><strong>apud</strong></span> <span class='ocrx_word' id='word_1_652' title='bbox 2542 3748 2902 3804; x_wconf 87' lang='lat' dir='ltr'><strong>Wintoniam.</strong></span> <span class='ocrx_word' id='word_1_653' title='bbox 2968 3750 3118 3805; x_wconf 91' lang='lat' dir='ltr'><strong>Tunc</strong></span> <span class='ocrx_word' id='word_1_654' title='bbox 3168 3766 3434 3821; x_wconf 89' lang='lat' dir='ltr'><strong>superve-</strong></span> 
     </span>
    </p>
   </div>
   <div class='ocr_carea' id='block_1_99' title="bbox 1823 3841 3434 3912">
    <p class='ocr_par' dir='ltr' id='par_1_99' title="bbox 1823 3841 3434 3912">
     <span class='ocr_line' id='line_1_99' title="bbox 1823 3841 3434 3912; baseline -0.002 -13"><span class='ocrx_word' id='word_1_655' title='bbox 1823 3845 1985 3900; x_wconf 89' lang='lat' dir='ltr'><strong>niens</strong></span> <span class='ocrx_word' id='word_1_656' title='bbox 2029 3842 2321 3897; x_wconf 91' lang='lat' dir='ltr'><strong>multitudo</strong></span> <span class='ocrx_word' id='word_1_657' title='bbox 2353 3841 2524 3895; x_wconf 91' lang='lat' dir='ltr'><strong>nimia</strong></span> <span class='ocrx_word' id='word_1_658' title='bbox 2555 3841 2793 3896; x_wconf 90' lang='lat' dir='ltr'><strong>hostium</strong></span> <span class='ocrx_word' id='word_1_659' title='bbox 2840 3857 2905 3895; x_wconf 90' lang='lat' dir='ltr'><strong>ex</strong></span> <span class='ocrx_word' id='word_1_660' title='bbox 2951 3841 3256 3912; x_wconf 88' lang='lat' dir='ltr'><strong>insperato,</strong></span> <span class='ocrx_word' id='word_1_661' title='bbox 3310 3857 3434 3896; x_wconf 89' lang='lat' dir='ltr'><strong>cum</strong></span> 
     </span>
    </p>
   </div>
   <div class='ocr_carea' id='block_1_100' title="bbox 1815 3932 3434 4010">
    <p class='ocr_par' dir='ltr' id='par_1_100' title="bbox 1815 3932 3434 4010">
     <span class='ocr_line' id='line_1_100' title="bbox 1815 3932 3434 4010; baseline -0.002 -20"><span class='ocrx_word' id='word_1_662' title='bbox 1815 3935 1951 4010; x_wconf 90' lang='lat' dir='ltr'><strong>regii</strong></span> <span class='ocrx_word' id='word_1_663' title='bbox 1982 3935 2186 3990; x_wconf 91' lang='lat' dir='ltr'><strong>milites</strong></span> <span class='ocrx_word' id='word_1_664' title='bbox 2225 3933 2644 3989; x_wconf 89' lang='lat' dir='ltr'><strong>circuitionibus</strong></span> <span class='ocrx_word' id='word_1_665' title='bbox 2696 3932 2915 3987; x_wconf 91' lang='lat' dir='ltr'><strong>bellicis</strong></span> <span class='ocrx_word' id='word_1_666' title='bbox 2955 3932 3315 4003; x_wconf 89' lang='lat' dir='ltr'><strong>incepisseut,</strong></span> <span class='ocrx_word' id='word_1_667' title='bbox 3378 3940 3434 3987; x_wconf 90' lang='lat' dir='ltr'><strong>et</strong></span> 
     </span>
    </p>
   </div>
   <div class='ocr_carea' id='block_1_101' title="bbox 1819 4021 3439 4096">
    <p class='ocr_par' dir='ltr' id='par_1_101' title="bbox 1819 4021 3439 4096">
     <span class='ocr_line' id='line_1_101' title="bbox 1819 4021 3439 4096; baseline -0.001 -17"><span class='ocrx_word' id='word_1_668' title='bbox 1819 4041 1928 4081; x_wconf 91' lang='lat' dir='ltr'><strong>non</strong></span> <span class='ocrx_word' id='word_1_669' title='bbox 1958 4025 2266 4096; x_wconf 89' lang='lat' dir='ltr'><strong>potuissent</strong></span> <span class='ocrx_word' id='word_1_670' title='bbox 2311 4022 2586 4091; x_wconf 90' lang='lat' dir='ltr'><strong>resistere,</strong></span> <span class='ocrx_word' id='word_1_671' title='bbox 2637 4037 2823 4096; x_wconf 87' lang='lat' dir='ltr'><strong>regem</strong></span> <span class='ocrx_word' id='word_1_672' title='bbox 2880 4022 2937 4076; x_wconf 93' lang='lat' dir='ltr'><strong>in</strong></span> <span class='ocrx_word' id='word_1_673' title='bbox 2987 4021 3171 4096; x_wconf 87' lang='lat' dir='ltr'><strong>fugam</strong></span> <span class='ocrx_word' id='word_1_674' title='bbox 3203 4037 3439 4093; x_wconf 89' lang='lat' dir='ltr'><strong>compu-</strong></span> 
     </span>
    </p>
   </div>
   <div class='ocr_carea' id='block_1_102' title="bbox 1819 4116 3442 4188">
    <p class='ocr_par' dir='ltr' id='par_1_102' title="bbox 1819 4116 3442 4188">
     <span class='ocr_line' id='line_1_102' title="bbox 1819 4116 3442 4188; baseline -0.002 -13"><span class='ocrx_word' id='word_1_675' title='bbox 1819 4120 2036 4185; x_wconf 88' lang='lat' dir='ltr'><strong>lerunt;</strong></span> <span class='ocrx_word' id='word_1_676' title='bbox 2080 4119 2236 4174; x_wconf 90' lang='lat' dir='ltr'><strong>multi</strong></span> <span class='ocrx_word' id='word_1_677' title='bbox 2267 4126 2449 4173; x_wconf 91' lang='lat' dir='ltr'><strong>autem</strong></span> <span class='ocrx_word' id='word_1_678' title='bbox 2481 4118 2548 4172; x_wconf 90' lang='lat' dir='ltr'><strong>de</strong></span> <span class='ocrx_word' id='word_1_679' title='bbox 2578 4119 2692 4173; x_wconf 89' lang='lat' dir='ltr'><strong>suis</strong></span> <span class='ocrx_word' id='word_1_680' title='bbox 2743 4118 2888 4188; x_wconf 88' lang='lat' dir='ltr'><strong>capti</strong></span> <span class='ocrx_word' id='word_1_681' title='bbox 2919 4123 3068 4171; x_wconf 90' lang='lat' dir='ltr'><strong>sunt.</strong></span> <span class='ocrx_word' id='word_1_682' title='bbox 3130 4116 3331 4187; x_wconf 69' lang='lat' dir='ltr'><strong>Captus</strong></span> <span class='ocrx_word' id='word_1_683' title='bbox 3356 4125 3442 4172; x_wconf 89' lang='lat' dir='ltr'><strong>est</strong></span> 
     </span>
    </p>
   </div>
   <div class='ocr_carea' id='block_1_103' title="bbox 1818 4208 3445 4283">
    <p class='ocr_par' dir='ltr' id='par_1_103' title="bbox 1818 4208 3445 4283">
     <span class='ocr_line' id='line_1_103' title="bbox 1818 4208 3445 4283; baseline -0.002 -15"><span class='ocrx_word' id='word_1_684' title='bbox 1818 4213 1981 4268; x_wconf 92' lang='lat' dir='ltr'><strong>etiam</strong></span> <span class='ocrx_word' id='word_1_685' title='bbox 2026 4212 2346 4268; x_wconf 88' lang='lat' dir='ltr'><strong>Willermus</strong></span> <span class='ocrx_word' id='word_1_686' title='bbox 2380 4210 2567 4265; x_wconf 63' lang='lat' dir='ltr'><strong>ilartel</strong></span> <span class='ocrx_word' id='word_1_687' title='bbox 2619 4211 2834 4282; x_wconf 86' lang='lat' dir='ltr'><strong>dapifer</strong></span> <span class='ocrx_word' id='word_1_688' title='bbox 2880 4209 3044 4283; x_wconf 85' lang='lat' dir='ltr'><strong>regis,</strong></span> <span class='ocrx_word' id='word_1_689' title='bbox 3078 4208 3172 4280; x_wconf 92' lang='lat' dir='ltr'><strong>qui</strong></span> <span class='ocrx_word' id='word_1_690' title='bbox 3232 4224 3331 4279; x_wconf 91' lang='lat' dir='ltr'><strong>pro</strong></span> <span class='ocrx_word' id='word_1_691' title='bbox 3364 4224 3445 4264; x_wconf 87' lang='lat' dir='ltr'><strong>re-</strong></span> 
     </span>
    </p>
   </div>
   <div class='ocr_carea' id='block_1_104' title="bbox 1827 4300 3446 4376">
    <p class='ocr_par' dir='ltr' id='par_1_104' title="bbox 1827 4300 3446 4376">
     <span class='ocr_line' id='line_1_104' title="bbox 1827 4300 3446 4376; baseline -0.002 -17"><span class='ocrx_word' id='word_1_692' title='bbox 1827 4306 2147 4376; x_wconf 91' lang='lat' dir='ltr'><strong>demptione</strong></span> <span class='ocrx_word' id='word_1_693' title='bbox 2203 4320 2302 4359; x_wconf 89' lang='lat' dir='ltr'><strong>sua</strong></span> <span class='ocrx_word' id='word_1_694' title='bbox 2353 4304 2510 4359; x_wconf 89' lang='lat' dir='ltr'><strong>dedit</strong></span> <span class='ocrx_word' id='word_1_695' title='bbox 2547 4303 2762 4376; x_wconf 89' lang='lat' dir='ltr'><strong>insigne</strong></span> <span class='ocrx_word' id='word_1_696' title='bbox 2815 4302 3100 4359; x_wconf 90' lang='lat' dir='ltr'><strong>castellum</strong></span> <span class='ocrx_word' id='word_1_697' title='bbox 3145 4300 3215 4356; x_wconf 89' lang='lat' dir='ltr'><strong>de</strong></span> <span class='ocrx_word' id='word_1_698' title='bbox 3273 4301 3446 4356; x_wconf 91' lang='lat' dir='ltr'><strong>Sires-</strong></span> 
     </span>
    </p>
   </div>
   <div class='ocr_carea' id='block_1_105' title="bbox 1754 4395 3441 4499">
    <p class='ocr_par' dir='ltr' id='par_1_105' title="bbox 1754 4395 3441 4499">
     <span class='ocr_line' id='line_1_105' title="bbox 1754 4395 3441 4499; baseline -0.004 -45"><span class='ocrx_word' id='word_1_699' title='bbox 1754 4433 1805 4499; x_wconf 71' lang='grc' dir='ltr'>Ο</span> <span class='ocrx_word' id='word_1_700' title='bbox 1827 4400 2024 4455; x_wconf 90' lang='lat' dir='ltr'><strong>burna.</strong></span> <span class='ocrx_word' id='word_1_701' title='bbox 2057 4400 2257 4499; x_wconf 81' lang='lat' dir='ltr'><strong>Eodem</strong></span> <span class='ocrx_word' id='word_1_702' title='bbox 2300 4414 2448 4499; x_wconf 70' lang='lat' dir='ltr'><strong>anno</strong></span> <span class='ocrx_word' id='word_1_703' title='bbox 2478 4414 2572 4453; x_wconf 88' lang='lat' dir='ltr'><strong>rex</strong></span> <span class='ocrx_word' id='word_1_704' title='bbox 2609 4395 3265 4499; x_wconf 50' lang='lat' dir='ltr'><strong>obseditﬂiin‘pcratriccm</strong></span> <span class='ocrx_word' id='word_1_705' title='bbox 3296 4395 3441 4499; x_wconf 77' lang='lat' dir='ltr'><strong>apud</strong></span> 
     </span>
    </p>
   </div>
   <div class='ocr_carea' id='block_1_106' title="bbox 1831 4483 3446 4558">
    <p class='ocr_par' dir='ltr' id='par_1_106' title="bbox 1831 4483 3446 4558">
     <span class='ocr_line' id='line_1_106' title="bbox 1831 4483 3446 4558; baseline -0.004 -14"><span class='ocrx_word' id='word_1_706' title='bbox 1831 4487 2150 4554; x_wconf 84' lang='lat' dir='ltr'><strong>Oxineford,</strong></span> <span class='ocrx_word' id='word_1_707' title='bbox 2192 4495 2316 4558; x_wconf 89' lang='lat' dir='ltr'><strong>post</strong></span> <span class='ocrx_word' id='word_1_708' title='bbox 2348 4486 2545 4541; x_wconf 90' lang='lat' dir='ltr'><strong>festum</strong></span> <span class='ocrx_word' id='word_1_709' title='bbox 2591 4485 2767 4541; x_wconf 90' lang='lat' dir='ltr'><strong>sancti</strong></span> <span class='ocrx_word' id='word_1_710' title='bbox 2824 4483 3123 4549; x_wconf 80' lang='lat' dir='ltr'><strong>Michaelis,</strong></span> <span class='ocrx_word' id='word_1_711' title='bbox 3165 4499 3343 4555; x_wconf 90' lang='lat' dir='ltr'><strong>usque</strong></span> <span class='ocrx_word' id='word_1_712' title='bbox 3378 4483 3446 4538; x_wconf 90' lang='lat' dir='ltr'><strong>ad</strong></span> 
     </span>
    </p>
   </div>
   <div class='ocr_carea' id='block_1_107' title="bbox 1831 4576 3450 4648">
    <p class='ocr_par' dir='ltr' id='par_1_107' title="bbox 1831 4576 3450 4648">
     <span class='ocr_line' id='line_1_107' title="bbox 1831 4576 3450 4648; baseline -0.002 -14"><span class='ocrx_word' id='word_1_713' title='bbox 1831 4580 2128 4636; x_wconf 86' lang='lat' dir='ltr'><strong>adventum</strong></span> <span class='ocrx_word' id='word_1_714' title='bbox 2158 4579 2397 4633; x_wconf 89' lang='lat' dir='ltr'><strong>Domini.</strong></span> <span class='ocrx_word' id='word_1_715' title='bbox 2443 4579 2500 4633; x_wconf 91' lang='lat' dir='ltr'><strong>ln</strong></span> <span class='ocrx_word' id='word_1_716' title='bbox 2532 4594 2598 4633; x_wconf 87' lang='lat' dir='ltr'><strong>eo</strong></span> <span class='ocrx_word' id='word_1_717' title='bbox 2641 4578 2847 4648; x_wconf 89' lang='lat' dir='ltr'><strong>quippe</strong></span> <span class='ocrx_word' id='word_1_718' title='bbox 2881 4576 3115 4632; x_wconf 88' lang='lat' dir='ltr'><strong>termino</strong></span> <span class='ocrx_word' id='word_1_719' title='bbox 3142 4576 3288 4630; x_wconf 88' lang='lat' dir='ltr'><strong>haud</strong></span> <span class='ocrx_word' id='word_1_720' title='bbox 3321 4591 3450 4646; x_wconf 90' lang='lat' dir='ltr'><strong>pro-</strong></span> 
     </span>
    </p>
   </div>
   <div class='ocr_carea' id='block_1_108' title="bbox 1831 4664 3446 4737">
    <p class='ocr_par' dir='ltr' id='par_1_108' title="bbox 1831 4664 3446 4737">
     <span class='ocr_line' id='line_1_108' title="bbox 1831 4664 3446 4737; baseline -0.003 -12"><span class='ocrx_word' id='word_1_721' title='bbox 1831 4670 1919 4725; x_wconf 90' lang='lat' dir='ltr'><strong>cul</strong></span> <span class='ocrx_word' id='word_1_722' title='bbox 1951 4686 1981 4723; x_wconf 92' lang='lat' dir='ltr'><strong>a</strong></span> <span class='ocrx_word' id='word_1_723' title='bbox 2038 4666 2205 4723; x_wconf 91' lang='lat' dir='ltr'><strong>natali</strong></span> <span class='ocrx_word' id='word_1_724' title='bbox 2246 4667 2471 4723; x_wconf 89' lang='lat' dir='ltr'><strong>recessit</strong></span> <span class='ocrx_word' id='word_1_725' title='bbox 2511 4666 2635 4722; x_wconf 89' lang='lat' dir='ltr'><strong>inde</strong></span> <span class='ocrx_word' id='word_1_726' title='bbox 2668 4664 2980 4737; x_wconf 86' lang='lat' dir='ltr'><strong>imperatrix</strong></span> <span class='ocrx_word' id='word_1_727' title='bbox 3023 4672 3183 4721; x_wconf 88' lang='lat' dir='ltr'><strong>nocte</strong></span> <span class='ocrx_word' id='word_1_728' title='bbox 3217 4681 3315 4736; x_wconf 92' lang='lat' dir='ltr'><strong>per</strong></span> <span class='ocrx_word' id='word_1_729' title='bbox 3342 4666 3446 4720; x_wconf 89' lang='lat' dir='ltr'><strong>Ta-</strong></span> 
     </span>
    </p>
   </div>
   <div class='ocr_carea' id='block_1_109' title="bbox 1833 4755 3448 4831">
    <p class='ocr_par' dir='ltr' id='par_1_109' title="bbox 1833 4755 3448 4831">
     <span class='ocr_line' id='line_1_109' title="bbox 1833 4755 3448 4831; baseline -0.002 -17"><span class='ocrx_word' id='word_1_730' title='bbox 1833 4759 2024 4815; x_wconf 89' lang='lat' dir='ltr'><strong>masim</strong></span> <span class='ocrx_word' id='word_1_731' title='bbox 2047 4756 2782 4831; x_wconf 86' lang='lat' dir='ltr'><strong>glaciatam,eircumamicta</strong></span> <span class='ocrx_word' id='word_1_732' title='bbox 2802 4755 3052 4810; x_wconf 86' lang='lat' dir='ltr'><strong>vestibus</strong></span> <span class='ocrx_word' id='word_1_733' title='bbox 3083 4755 3246 4821; x_wconf 87' lang='lat' dir='ltr'><strong>albis,</strong></span> <span class='ocrx_word' id='word_1_734' title='bbox 3262 4771 3448 4811; x_wconf 84' lang='lat' dir='ltr'><strong>rever-</strong></span> 
     </span>
    </p>
   </div>
   <div class='ocr_carea' id='block_1_110' title="bbox 1829 4843 3446 4909">
    <p class='ocr_par' dir='ltr' id='par_1_110' title="bbox 1829 4843 3446 4909">
     <span class='ocr_line' id='line_1_110' title="bbox 1829 4843 3446 4909; baseline -0.003 -6"><span class='ocrx_word' id='word_1_735' title='bbox 1829 4849 2116 4904; x_wconf 86' lang='lat' dir='ltr'><strong>beratione</strong></span> <span class='ocrx_word' id='word_1_736' title='bbox 2161 4846 2304 4902; x_wconf 90' lang='lat' dir='ltr'><strong>nivis</strong></span> <span class='ocrx_word' id='word_1_737' title='bbox 2358 4854 2413 4901; x_wconf 91' lang='lat' dir='ltr'><strong>et</strong></span> <span class='ocrx_word' id='word_1_738' title='bbox 2470 4845 2833 4901; x_wconf 90' lang='lat' dir='ltr'><strong>similitudine</strong></span> <span class='ocrx_word' id='word_1_739' title='bbox 2893 4843 3215 4899; x_wconf 88' lang='lat' dir='ltr'><strong>fallentibus</strong></span> <span class='ocrx_word' id='word_1_740' title='bbox 3246 4845 3446 4909; x_wconf 87' lang='lat' dir='ltr'><strong>oculos</strong></span> 
     </span>
    </p>
   </div>
   <div class='ocr_carea' id='block_1_111' title="bbox 1831 4933 3450 5008">
    <p class='ocr_par' dir='ltr' id='par_1_111' title="bbox 1831 4933 3450 5008">
     <span class='ocr_line' id='line_1_111' title="bbox 1831 4933 3450 5008; baseline -0.004 -14"><span class='ocrx_word' id='word_1_741' title='bbox 1831 4938 2227 4994; x_wconf 88' lang='lat' dir='ltr'><strong>obsidentium.</strong></span> <span class='ocrx_word' id='word_1_742' title='bbox 2276 4935 2423 4990; x_wconf 88' lang='lat' dir='ltr'><strong>Abiit</strong></span> <span class='ocrx_word' id='word_1_743' title='bbox 2469 4943 2650 4990; x_wconf 88' lang='lat' dir='ltr'><strong>autem</strong></span> <span class='ocrx_word' id='word_1_744' title='bbox 2708 4934 3079 5008; x_wconf 86' lang='lat' dir='ltr'><strong>Warengum;</strong></span> <span class='ocrx_word' id='word_1_745' title='bbox 3112 4941 3168 4988; x_wconf 88' lang='lat' dir='ltr'><strong>et</strong></span> <span class='ocrx_word' id='word_1_746' title='bbox 3214 4934 3293 4988; x_wconf 90' lang='lat' dir='ltr'><strong>sic</strong></span> <span class='ocrx_word' id='word_1_747' title='bbox 3324 4933 3450 4988; x_wconf 89' lang='lat' dir='ltr'><strong>Oxi-</strong></span> 
     </span>
    </p>
   </div>
   <div class='ocr_carea' id='block_1_112' title="bbox 1834 5025 3452 5101">
    <p class='ocr_par' dir='ltr' id='par_1_112' title="bbox 1834 5025 3452 5101">
     <span class='ocr_line' id='line_1_112' title="bbox 1834 5025 3452 5101; baseline -0.004 -17"><span class='ocrx_word' id='word_1_748' title='bbox 1834 5030 2025 5086; x_wconf 90' lang='lat' dir='ltr'><strong>neford</strong></span> <span class='ocrx_word' id='word_1_749' title='bbox 2056 5029 2277 5084; x_wconf 90' lang='lat' dir='ltr'><strong>tandem</strong></span> <span class='ocrx_word' id='word_1_750' title='bbox 2310 5027 2425 5101; x_wconf 89' lang='lat' dir='ltr'><strong>regi</strong></span> <span class='ocrx_word' id='word_1_751' title='bbox 2456 5027 2671 5081; x_wconf 90' lang='lat' dir='ltr'><strong>reddita</strong></span> <span class='ocrx_word' id='word_1_752' title='bbox 2707 5033 2807 5081; x_wconf 90' lang='lat' dir='ltr'><strong>est.</strong></span> <span class='ocrx_word' id='word_1_753' title='bbox 2856 5025 3001 5080; x_wconf 91' lang='lat' dir='ltr'><strong>Obiit</strong></span> <span class='ocrx_word' id='word_1_754' title='bbox 3032 5026 3315 5080; x_wconf 86' lang='lat' dir='ltr'><strong>Johanncs</strong></span> <span class='ocrx_word' id='word_1_755' title='bbox 3342 5025 3452 5078; x_wconf 89' lang='lat' dir='ltr'><strong>im-</strong></span> 
     </span>
    </p>
   </div>
   <div class='ocr_carea' id='block_1_113' title="bbox 1826 5114 3439 5189">
    <p class='ocr_par' dir='ltr' id='par_1_113' title="bbox 1826 5114 3439 5189">
     <span class='ocr_line' id='line_1_113' title="bbox 1826 5114 3439 5189; baseline -0.003 -16"><span class='ocrx_word' id='word_1_756' title='bbox 1826 5126 2046 5189; x_wconf 88' lang='lat' dir='ltr'><strong>perator</strong></span> <span class='ocrx_word' id='word_1_757' title='bbox 2072 5116 2724 5187; x_wconf 86' lang='lat' dir='ltr'><strong>ConstantinOpolitanus,</strong></span> <span class='ocrx_word' id='word_1_758' title='bbox 2763 5131 2886 5170; x_wconf 92' lang='lat' dir='ltr'><strong>cum</strong></span> <span class='ocrx_word' id='word_1_759' title='bbox 2928 5114 3094 5169; x_wconf 88' lang='lat' dir='ltr'><strong>nimis</strong></span> <span class='ocrx_word' id='word_1_760' title='bbox 3121 5114 3439 5168; x_wconf 88' lang='lat' dir='ltr'><strong>intenderet</strong></span> 
     </span>
    </p>
   </div>
   <div class='ocr_carea' id='block_1_114' title="bbox 1836 5205 3460 5281">
    <p class='ocr_par' dir='ltr' id='par_1_114' title="bbox 1836 5205 3460 5281">
     <span class='ocr_line' id='line_1_114' title="bbox 1836 5205 3460 5281; baseline -0.004 -16"><span class='ocrx_word' id='word_1_761' title='bbox 1836 5226 2021 5265; x_wconf 87' lang='lat' dir='ltr'><strong>arcum</strong></span> <span class='ocrx_word' id='word_1_762' title='bbox 2047 5225 2166 5264; x_wconf 90' lang='lat' dir='ltr'><strong>cum</strong></span> <span class='ocrx_word' id='word_1_763' title='bbox 2198 5208 2395 5281; x_wconf 86' lang='lat' dir='ltr'><strong>sagitta</strong></span> <span class='ocrx_word' id='word_1_764' title='bbox 2417 5207 2670 5274; x_wconf 89' lang='lat' dir='ltr'><strong>toxicata,</strong></span> <span class='ocrx_word' id='word_1_765' title='bbox 2691 5206 2830 5262; x_wconf 92' lang='lat' dir='ltr'><strong>adeo</strong></span> <span class='ocrx_word' id='word_1_766' title='bbox 2857 5214 2915 5261; x_wconf 90' lang='lat' dir='ltr'><strong>ut</strong></span> <span class='ocrx_word' id='word_1_767' title='bbox 2945 5206 3000 5260; x_wconf 91' lang='lat' dir='ltr'><strong>in</strong></span> <span class='ocrx_word' id='word_1_768' title='bbox 3026 5222 3191 5261; x_wconf 87' lang='lat' dir='ltr'><strong>manu</strong></span> <span class='ocrx_word' id='word_1_769' title='bbox 3222 5205 3460 5260; x_wconf 89' lang='lat' dir='ltr'><strong>letaliter</strong></span> 
     </span>
    </p>
   </div>
   <div class='ocr_carea' id='block_1_115' title="bbox 1837 5294 3321 5362">
    <p class='ocr_par' dir='ltr' id='par_1_115' title="bbox 1837 5294 3321 5362">
     <span class='ocr_line' id='line_1_115' title="bbox 1837 5294 3321 5362; baseline -0.003 -9"><span class='ocrx_word' id='word_1_770' title='bbox 1837 5298 2235 5353; x_wconf 89' lang='lat' dir='ltr'><strong>vulneraretur.</strong></span> <span class='ocrx_word' id='word_1_771' title='bbox 2273 5295 2368 5351; x_wconf 88' lang='lat' dir='ltr'><strong>Cui</strong></span> <span class='ocrx_word' id='word_1_772' title='bbox 2388 5296 2655 5352; x_wconf 89' lang='lat' dir='ltr'><strong>successit</strong></span> <span class='ocrx_word' id='word_1_773' title='bbox 2686 5295 2949 5350; x_wconf 88' lang='lat' dir='ltr'><strong>Emanucl</strong></span> <span class='ocrx_word' id='word_1_774' title='bbox 2980 5294 3127 5349; x_wconf 79' lang='lat' dir='ltr'><strong>filius</strong></span> <span class='ocrx_word' id='word_1_775' title='bbox 3149 5294 3289 5362; x_wconf 89' lang='lat' dir='ltr'><strong>ejus.</strong></span> <span class='ocrx_word' id='word_1_776' title='bbox 3316 5344 3321 5349; x_wconf 91' lang='lat'><strong>.</strong></span> 
     </span>
    </p>
   </div>
   <div class='ocr_carea' id='block_1_116' title="bbox 1910 5389 3101 5463">
    <p class='ocr_par' dir='ltr' id='par_1_116' title="bbox 1910 5389 3101 5463">
     <span class='ocr_line' id='line_1_116' title="bbox 1910 5389 3101 5463; baseline -0.002 -16"><span class='ocrx_word' id='word_1_777' title='bbox 1910 5392 2047 5447; x_wconf 73' lang='lat' dir='ltr'><strong>me</strong></span> <span class='ocrx_word' id='word_1_778' title='bbox 2107 5389 2310 5463; x_wconf 65' lang='lat'><strong>[1143.]</strong></span> <span class='ocrx_word' id='word_1_779' title='bbox 2353 5390 2409 5446; x_wconf 82' lang='lat'><strong>5.</strong></span> <span class='ocrx_word' id='word_1_780' title='bbox 2698 5392 2751 5445; x_wconf 71' lang='grc' dir='ltr'><strong>δ.</strong></span> <span class='ocrx_word' id='word_1_781' title='bbox 3045 5390 3101 5446; x_wconf 88' lang='lat'><strong>7.</strong></span> 
     </span>
    </p>
   </div>
   <div class='ocr_carea' id='block_1_117' title="bbox 1910 5477 3458 5551">
    <p class='ocr_par' dir='ltr' id='par_1_117' title="bbox 1910 5477 3458 5551">
     <span class='ocr_line' id='line_1_117' title="bbox 1910 5477 3458 5551; baseline -0.005 -16"><span class='ocrx_word' id='word_1_782' title='bbox 1910 5480 2053 5535; x_wconf 90' lang='lat' dir='ltr'><strong>Obiit</strong></span> <span class='ocrx_word' id='word_1_783' title='bbox 2083 5478 2348 5535; x_wconf 83' lang='lat' dir='ltr'><strong>Ricardus</strong></span> <span class='ocrx_word' id='word_1_784' title='bbox 2382 5478 2697 5549; x_wconf 87' lang='lat' dir='ltr'><strong>Bajocensis</strong></span> <span class='ocrx_word' id='word_1_785' title='bbox 2737 5478 3064 5551; x_wconf 86' lang='lat' dir='ltr'><strong>episcOpus;</strong></span> <span class='ocrx_word' id='word_1_786' title='bbox 3117 5477 3204 5533; x_wconf 90' lang='lat' dir='ltr'><strong>cui</strong></span> <span class='ocrx_word' id='word_1_787' title='bbox 3234 5488 3458 5532; x_wconf 85' lang='lat' dir='ltr'><strong>succes—</strong></span> 
     </span>
    </p>
   </div>
   <div class='ocr_carea' id='block_1_118' title="bbox 1688 5579 1901 5635">
    <p class='ocr_par' dir='ltr' id='par_1_118' title="bbox 1688 5579 1901 5635">
     <span class='ocr_line' id='line_1_118' title="bbox 1688 5579 1901 5635; baseline -0.009 0"><span class='ocrx_word' id='word_1_788' title='bbox 1688 5579 1901 5635; x_wconf 76' lang='lat' dir='ltr'><strong>NOT/E.</strong></span> 
     </span>
    </p>
   </div>
   <div class='ocr_carea' id='block_1_119' title="bbox 204 5653 1281 5728">
    <p class='ocr_par' dir='ltr' id='par_1_119' title="bbox 204 5653 1281 5728">
     <span class='ocr_line' id='line_1_119' title="bbox 204 5653 1281 5728; baseline 0.003 -19"><span class='ocrx_word' id='word_1_789' title='bbox 204 5653 375 5722; x_wconf 65' lang='lat'><strong>(592‘)</strong></span> <span class='ocrx_word' id='word_1_790' title='bbox 416 5656 650 5728; x_wconf 84' lang='lat' dir='ltr'><strong>Aulnay,</strong></span> <span class='ocrx_word' id='word_1_791' title='bbox 684 5658 827 5715; x_wconf 88' lang='lat' dir='ltr'><strong>inter</strong></span> <span class='ocrx_word' id='word_1_792' title='bbox 857 5660 1001 5716; x_wconf 86' lang='lat' dir='ltr'><strong>Caen</strong></span> <span class='ocrx_word' id='word_1_793' title='bbox 1044 5668 1099 5716; x_wconf 86' lang='lat' dir='ltr'><strong>et</strong></span> <span class='ocrx_word' id='word_1_794' title='bbox 1131 5659 1281 5713; x_wconf 90' lang='lat' dir='ltr'><strong>Vire.</strong></span> 
     </span>
    </p>
   </div>
   <div class='ocr_carea' id='block_1_120' title="bbox 456 5759 1000 5825">
    <p class='ocr_par' dir='ltr' id='par_1_120' title="bbox 456 5759 1000 5825">
     <span class='ocr_line' id='line_1_120' title="bbox 456 5759 1000 5825; baseline 0.004 -5"><span class='ocrx_word' id='word_1_795' title='bbox 456 5759 752 5822; x_wconf 75' lang='lat' dir='ltr'><strong>PATROL.</strong></span> <span class='ocrx_word' id='word_1_796' title='bbox 804 5761 1000 5825; x_wconf 87' lang='lat' dir='ltr'><strong>CLX.</strong></span> 
     </span>
    </p>
   </div>
   <div class='ocr_carea' id='block_1_121' title="bbox 2950 5750 3023 5807">
    <p class='ocr_par' dir='ltr' id='par_1_121' title="bbox 2950 5750 3023 5807">
     <span class='ocr_line' id='line_1_121' title="bbox 2950 5750 3023 5807; baseline -0.014 0"><span class='ocrx_word' id='word_1_797' title='bbox 2950 5750 3023 5807; x_wconf 80' lang='grc'><strong>15</strong></span> 
     </span>
    </p>
   </div>
  </div>
