3858 6206
464 306 570 360 459

609 451 962 493 ROMANORUM.
1113 448 1460 487 FRANCORUM.
1612 450 1710 486 ANG
1720 448 1914 487 LORUM.

464 531 535 585 sit
583 528 875 599 Philippus
933 526 1002 579 de
1046 524 1341 579 Haricuria.
1411 524 1555 577 Obiit
1607 524 1767 577 etiam
1822 523 2084 577 lticardus

466 620 821 675 Abrincensis
841 617 1158 687 episcopus,
1177 623 1231 669 et
1258 615 1521 669 successit
1544 615 1805 669 Ricardus
1834 615 2081 683 ejusdem

468 710 703 763 ecclesie
731 710 992 762 decanus.
1027 707 1228 761 Eodem
1264 722 1407 760 anno
1446 720 1630 759 comes
1676 705 2082 777 Andegavensis

468 802 693 856 obsedit
721 800 1191 871 Cesarisburgum,
1221 799 1399 852 donec
1429 799 1476 851 ei
1511 798 1847 851 redderetur.
1878 797 2080 850 Reddi-

468 900 580 947 tum
604 902 689 947 est
707 894 870 948 etiam
893 893 1232 957 Vernolium,
1263 898 1315 945 et
1342 890 1501 945 vallis
1518 888 1756 942 Hodulii.
1789 889 2078 943 Gauterius

468 985 632 1039 etiam
691 984 942 1038 Gifardus
1000 999 1206 1049 comes,
1239 990 1293 1036 et
1341 982 1432 1035 alii
1486 982 1819 1045 Caletenses,
1888 997 2074 1050 pacem

466 1076 586 1143 ejus
607 1076 792 1145 adepti
822 1083 967 1130 sunt.
1003 1075 1187 1128 Mense
1220 1073 1532 1143 Septembri
1554 1074 1747 1127 eodem
1774 1088 1918 1125 anno
1944 1072 2081 1125 obiit

468 1166 824 1220 Innocentius
856 1182 997 1235 papa
1053 1168 1209 1231 (Sept.
1253 1162 1366 1227 24),
1402 1170 1456 1215 et
1511 1162 1775 1215 successit
1805 1162 1979 1215 Guido
2010 1162 2078 1215 de

467 1257 719 1320 Castello,
753 1265 940 1311 sancte
970 1258 1037 1289 ⁵6⁸
1072 1256 1315 1309 Romane
1343 1254 1581 1308 ecclesie
1618 1254 1931 1319 cardinalis,
1983 1268 2080 1306 vo-

463 1357 725 1420 catusque
751 1356 833 1403 est
860 1348 1183 1410 Celestinus,
1233 1364 1371 1417 papa
1408 1348 1587 1400 159118.
1639 1347 1793 1401 Sedit
1831 1354 2010 1400 autem
2042 1348 2076 1399 5

466 1459 686 1498 menses
716 1450 769 1495 et
816 1442 849 1493 5
893 1441 1012 1494 dies
1040 1441 1211 1509 (593).
1271 1440 1465 1507 (llum.
1522 1440 1660 1509 vm.)
1702 1440 1807 1492 Rex
1850 1438 2082 1508 Stepha-

467 1551 571 1589 nus
600 1533 847 1587 interfuit
876 1531 1112 1587 concilio
1154 1530 1437 1584 Londonie
1478 1531 1531 1584 in
1566 1531 1747 1585 media
1774 1530 2081 1603 quadrage-

465 1623 625 1685 sima,
657 1621 827 1692 quod,
860 1621 989 1691 quia
1040 1620 1225 1673 nullus
1259 1621 1436 1675 honor
1486 1620 1571 1673 vel
1620 1620 1832 1675 clericis
1872 1620 1955 1674 vel
1989 1635 2083 1674 cc—

1674 299 2013 354 SIUEBERTI
2065 295 2574 352 GEMBLACENSIS.
3090 328 3095 331 λ
3639 308 3717 363 460

2103 438 2153 503 Α
2183 427 2359 481 fectus
2421 433 2522 493 est,
2575 432 2627 481 et
2694 427 3197 484 excommunicatus
3252 437 3417 486 morte
3467 432 3719 503 depascitur

2185 528 2392 574 eterna.
2427 521 2691 575 Similiter
2720 521 3016 576 Gaufridus
3056 523 3245 578 consul
3289 524 3424 579 inter
3469 528 3598 583 acies
3625 545 3722 585 suo-

2185 629 2301 665 rum
2334 611 2605 668 confertas
2644 628 2674 665 a
2712 612 2951 682 quodam
2993 612 3179 681 pedite
3219 613 3473 671 vilissimo
3508 618 3635 673 solus
3655 636 3721 674 sa-

2183 706 2319 775 gitta
2342 722 2638 775 percussus
2676 711 2781 770 est,
2811 711 2865 759 et
2909 705 3028 775 ipse
3056 706 3252 761 vulnus
3276 707 3470 773 ridens,
3500 719 3604 780 post
3633 712 3722 766 dies

2184 806 2363 853 tamen
2406 815 2472 853 ex
2526 800 2646 869 ipso
2694 798 2923 854 vulnere
2962 800 3451 856 excommunicatus
3499 804 3722 859 occubuit.

2183 886 2315 940 Ecce
2370 887 2460 941 Dei
2516 886 2810 941 laudabilis
2864 887 3124 942 omnibus
3184 889 3384 944 sanctis
3451 892 3723 961 predicanda

2175 975 2420 1041 ejusdem
2453 975 2679 1029 sceleris
2718 975 2913 1030 eadem
2948 976 3210 1031 vindicta.
3246 978 3377 1032 Dum
3410 986 3575 1035 autem
3591 984 3722 1036 eccle-

2181 1062 2261 1115 sia
2308 1062 2396 1115 illa
2441 1079 2537 1132 pro
2580 1063 2804 1117 castello
2846 1070 3149 1129 teneretur,
3205 1064 3447 1120 ebullivit
3495 1069 3722 1140 sanguisa

2181 1152 2482 1220 parietibus
2506 1152 2742 1207 ecclesie
2769 1154 3079 1221 etclaustri,
3097 1154 3516 1229 indignationem
3535 1157 3722 1212 divinam

2180 1243 2577 1303 manifestans.
2623 1244 3017 1299 sceleratorum
3087 1261 3217 1301 vero
3281 1248 3722 1303 exterminationem

2177 1337 2528 1391 denuntians.
2578 1336 2834 1392 Arnulfus
2872 1353 3003 1395 vero
3054 1336 3202 1393 filius
3246 1339 3494 1406 consulis,
3521 1341 3601 1411 qui
3634 1352 3724 1411 pOsl

2184 1432 2413 1479 mortem
2460 1424 2630 1496 patris
2666 1425 2953 1480 ecclesiam
3014 1427 3070 1480 in
3124 1428 3344 1482 castella
3374 1428 3632 1494 retinebat,
3658 1447 3722 1482 ca-

2186 1520 2308 1582 ptus
2353 1520 2436 1567 est
2475 1519 2529 1567 et
2573 1512 2840 1568 exulatus.
2893 1512 3156 1584 Princeps
3211 1523 3388 1570 autem
3440 1516 3639 1571 militum
3672 1518 3721 1571 ab

2184 1617 2328 1671 equo
2373 1616 2637 1657 corruens
2676 1600 2850 1656 effuso
2915 1603 3142 1658 cerebro
3183 1605 3456 1674 expiravit.
3510 1605 3717 1675 Princeps

467 1712 634 1765 clesie
669 1711 761 1763 Dei
786 1726 817 1763 a
845 1708 1163 1777 raptoribus
1222 1707 1594 1773 deferebatur,
1627 1715 1684 1762 et
1731 1724 1872 1778 eque
1901 1708 2082 1778 capie-
2108 1740 2156 1807 Β
2185 1694 2431 1807 Ροάίιίιιπι
2462 1694 2771 1807 “fluuius.
2797 1694 2994 1750 δοῖίιιιε
3026 1697 3290 1753 CCCIOSias
3336 1698 3565 1773 frangere
3591 1709 3635 1754 et
3671 1701 3724 1754 in-

466 1802 670 1855 bantur
698 1809 753 1855 et
791 1799 1202 1854 redimebantur
1231 1798 1413 1853 clerici
1452 1806 1506 1853 et
1551 1798 1698 1863 laici,
1749 1799 1924 1853 tenuit
1954 1799 2082 1852 Vin-

469 1889 739 1944 toniensis
794 1888 1111 1958 cpiscOpus,
1188 1886 1343 1940 urbis
1421 1887 1589 1941 Rome
1661 1887 1894 1959 legatus,
1936 1887 2080 1957 apud

468 1978 829 2042 Londoniam,
875 1976 1090 2031 clericis
1122 1990 1218 2046 pro
1279 1983 1525 2046 tempore
1584 1976 1992 2037 necessarium;
2024 1976 2077 2029 in

467 2080 579 2135 quo
629 2064 898 2118 sancitum
939 2070 1044 2128 est,
1100 2079 1169 2116 ne
1209 2062 1432 2133 aliquis,
1490 2062 1584 2133 qui
1646 2062 1845 2117 clerico
1887 2079 2079 2117 manus

465 2155 737 2211 violenter
764 2155 1074 2229 ingesserit,
1109 2155 1177 2208 ab
1211 2154 1316 2209 alio
1347 2153 1521 2223 possit
1547 2152 1779 2219 absolvi,
1815 2170 1976 2224 quam
2011 2154 2078 2207 ab

464 2247 585 2317 ipso
625 2264 787 2317 papa,
817 2254 872 2301 et
904 2247 959 2300 in
992 2247 1268 2316 presentia
1309 2245 1504 2315 ipsius.
1542 2244 1694 2299 Unde
1733 2244 1947 2298 clericis
1978 2245 2078 2299 ali-

464 2338 788 2410 quantulum
842 2338 1156 2393 serenitatis
1218 2338 1304 2392 vix
1360 2337 1551 2391 illuxit.
1612 2337 1928 2407 Stephanus
1979 2353 2074 2393 rex

462 2428 659 2483 eodem
690 2443 833 2482 anno
878 2427 1193 2481 Gaufridum
1226 2426 1294 2479 de
1335 2425 1659 2499 Magnavilla
1710 2426 1763 2478 in
1801 2427 1949 2480 curia
1980 2442 2077 2481 sua

463 2515 770 2587 cepitapud
792 2515 1048 2569 Sanctum
1083 2515 1370 2569 Albanum.
1407 2513 1580 2586 Igitur
1608 2520 1667 2567 ut
1694 2529 1785 2567 rex
1817 2512 2079 2568 liberaret

463 2620 612 2668 eum,
666 2603 911 2658 reddidit
939 2603 988 2657 ei
1043 2602 1230 2656 turrim
1282 2600 1561 2655 Londonie
1599 2608 1653 2653 et
1681 2599 1960 2654 castellum
2009 2600 2078 2652 de

464 2695 798 2750 Walendene
820 2702 873 2749 et
899 2693 1035 2748 illud
1064 2693 1132 2747 de
1157 2692 1446 2747 Plaiseith.
1479 2692 1577 2756 Qui
1614 2707 1808 2746 carens
1852 2706 2076 2760 posses-

462 2786 734 2851 sionibus,
772 2786 967 2840 invasit
1019 2784 1294 2838 abbatiam
1336 2784 1749 2845 Ramesensem,
1804 2788 1857 2835 et
1895 2796 2081 2835 mona-

464 2874 580 2930 chis
608 2875 851 2944 expulsis
884 2882 1131 2944 raptores
1163 2871 1406 2925 immisit.
1463 2871 1586 2924 Erat
1632 2876 1811 2923 autem
1864 2886 2080 2924 summe

464 2963 775 3035 probitatis,
805 2964 900 3017 sed
926 2963 1151 3032 majoris
1184 2961 1238 3014 in
1273 2962 1441 3014 Deum
1483 2960 1888 3014 obstinationis.
1925 2960 2078 3015 Win-

2184 1785 2447 1851 cendere,
2501 1785 2722 1841 demum
2777 1803 2927 1841 mare
2985 1789 3278 1855 transiens,
3320 1791 3464 1845 navis
3506 1792 3724 1845 inmobilis

2184 1874 2329 1929 facta
2380 1884 2485 1930 est.
2542 1875 2641 1939 Qui
2671 1876 2873 1934 .tercio
2932 1884 3081 1932 sorte
3129 1877 3257 1932 data
3317 1887 3370 1933 et
3412 1878 3509 1933 sibi
3564 1878 3722 1943 sortita,

2182 1964 2383 2021 missus
2426 1972 2508 2021 est
2553 1965 2609 2020 in
2650 1968 2855 2037 scapha
2894 1984 3019 2022 cum
3050 1985 3223 2025 uxore
3273 1978 3327 2026 et
3383 1971 3615 2041 pecunia;
3656 1970 3722 2040 qui

2182 2057 2362 2112 statim
2411 2057 2788 2128 deperierunt.
2853 2059 3012 2114 Navis
3068 2076 3202 2117 vero
3245 2069 3304 2116 ul
3364 2068 3510 2117 antea
3559 2069 3725 2133 peccata

2180 2148 2410 2203 suleavit
2442 2164 2669 2220 equora.
2704 2150 2792 2219 (Α.
2837 2153 3011 2217 Roth.)
3042 2149 3336 2207 Gaufridus
3384 2167 3551 2208 comes
3593 2152 3725 2205 Ande-

2180 2239 2455 2313 gavensis,
2491 2247 2828 2313 congregato
2871 2256 3074 2314 magno
3124 2244 3386 2310 exercitu,
3425 2249 3537 2313 post
3576 2242 3723 2297 festum

2179 2331 2352 2384 sancti
2386 2331 2580 2400 Hylarii
2637 2331 2856 2403 transiit
2906 2331 3221 2403 Sequanam
3262 2334 3402 2405 apud
3432 2334 3726 2397 Vernum;et

2178 2420 2396 2475 metatis
2433 2420 2626 2475 castris
2655 2422 2801 2492 apud
2854 2421 3104 2477 Sanctam
3147 2424 3455 2480 Trinitatem
3485 2424 3544 2479 de
3573 2432 3716 2478 monte

2181 2514 2530 2587 Rothomagi,
2555 2516 2813 2587 sequenti
2840 2515 2952 2582 die,
2983 2517 3251 2574 videlicet
3272 2519 3325 2573 in
3348 2517 3612 2574 festivitate
3634 2532 3726 2570 san-

2180 2617 2391 2663 ctorum
2448 2609 2668 2664 Fabiani
2702 2618 2758 2665 et
2807 2609 3127 2667 Sebastiani
3197 2614 3343 2684 (Jan.
3395 2613 3494 2684 l9),
3536 2620 3731 2682 receptus

2182 2704 2264 2751 est
2291 2713 2321 2750 a
2348 2696 2564 2751 civibus
2606 2698 2937 2772 Rothomagi
2974 2700 3321 2757 sollenniter.
3357 2703 3413 2757 In
3450 2702 3555 2772 ipso
3584 2707 3727 2755 tamen

2181 2803 2281 2843 suo
2304 2788 2554 2856 introitu,
2595 2797 2649 2844 et
2677 2806 2775 2861 per
2807 2798 2978 2847 totum
3015 2792 3166 2847 diem
3212 2811 3382 2866 usque
3406 2800 3518 2865 post
3550 2807 3721 2853 nonam,

2182 2875 2284 2931 fuit
2333 2885 2529 2932 ventus
2576 2878 3126 2947 vehementissimus,
3192 2881 3354 2937 silvas
3395 2881 3640 2936 eradicans
3681 2887 3719 2932 et

2180 2966 2374 3021 domos
2408 2974 2761 3037 prosternens
2825 2970 3058 3025 Reddita
3096 2971 3257 3036 urbe,
3294 2973 3530 3027 homines
3554 2970 3720 3025 comitis

466 3058 735 3112 toniensis
783 3058 1101 3128 episc0pus,
1131 3063 1184 3111 et
1230 3064 1418 3125 postea
1450 3054 1855 3108 Cantuariensis
1890 3055 2072 3109 archi-
2105 3114 2147 3136 Π
2178 3061 2474 3129 Warenne,
2533 3064 2627 3134 qui
2670 3064 2782 3135 regi
2847 3065 3128 3136 Stephano
3168 3067 3438 3133 favebant,
3486 3065 3720 3121 noluerunt

819 3115 834 3128 ι
978 3115 990 3127 ι
1091 3115 1098 3120 -
1231 3115 1240 3125 ι
2126 3115 2147 3134 1
2323 3115 2328 3116 ν
2388 3115 2473 3129 ίηι
2544 3115 2626 3134 1"-
2671 3115 2781 3135 --ιιγ
2849 3115 3123 3136 ⁷“““Τ““’”““’
3169 3115 3438 3133 ηυντ-η’»
3487 3115 3661 3121 -π-*ήη

461 3147 774 3218 ερίεοοῃυδ,
810 3148 1035 3201 Romam
1085 3146 1365 3214 petierunt
1418 3145 1487 3197 d0
1546 3144 1819 3216 legatione
1877 3144 2069 3210 acturi,
2101 3115 2150 3181 (³
2177 3159 2379 3207 turrem
2413 3154 2667 3210 reddere.
2700 3154 2925 3211 Obsedit
2950 3173 3081 3229 ergo
3124 3175 3246 3214 eam
3288 3175 3462 3215 comes
3498 3155 3723 3211 Gaufridus

459 3245 677 3292 mortuo
701 3237 814 3305 jam
862 3236 1181 3290 Innocentio
1216 3251 1376 3304 papa.
1410 3234 1652 3288 Decessit
1684 3234 1770 3303 pie
1803 3235 2070 3288 memorie

462 3326 614 3398 Hugo
654 3324 955 3380 canonicus
996 3324 1176 3378 Sancti
1227 3322 1455 3377 Victoris
1513 3321 1771 3389 Parisius,
1824 3323 1907 3375 vir
1945 3323 2070 3376 reli-

457 3417 666 3489 giosus,
700 3422 753 3470 et
782 3415 1076 3470 admodum
1111 3422 1215 3468 tam
1270 3413 1612 3468 secularibus
1667 3430 1828 3485 quam
1871 3414 2072 3469 divinis

460 3506 631 3561 literis
659 3506 939 3570 eruditus;
977 3505 1297 3575 relinquens
1325 3505 1526 3560 multos
1571 3505 1741 3559 libros
1778 3506 1832 3558 in
1860 3521 2067 3560 monu-

458 3605 648 3653 mento
671 3615 770 3653 sue
790 3598 1019 3653 scientie
1056 3598 1143 3649 ⁵⁸9.

527 3687 681 3743 1143.
728 3687 927 3759 [1144]
1004 3688 1275 3742 Eanredus
1313 3687 1366 3748 6,

1023 3782 1322 3849 Stephanus
1364 3780 1416 3834 8.

526 3866 713 3938 (Hum.
749 3871 882 3934 vni.)
940 3868 1253 3938 Stephanus
1330 3884 1423 3923 rex
1477 3867 1769 3922 Lincoliam
1822 3866 2063 3931 obsedit,

450 3959 547 4015 ubi
569 3976 693 4015 cum
716 3960 1081 4016 munitionem
1110 3966 1300 4015 contra
1328 3959 1635 4024 castellum,
1664 3958 1811 4030 quod
1838 3959 1888 4011 vi
1914 3958 2062 4012 obti-

410 4030 637 4119 \nebat,
696 4053 889 4108 consul
950 4052 1253 4106 Cestrensis
1299 4057 1668 4115 construeret,
1708 4050 1945 4121 Operarii
1977 4050 2060 4104 sui

448 4142 516 4196 ab
547 4142 762 4198 ostibus
793 4140 1059 4213 prefocati
1122 4148 1247 4195 sunt
1282 4140 1393 4195 fere
1433 4141 1712 4215 octOginta
1786 4140 1861 4193 Re
1896 4140 2063 4211 igitur

448 4238 789 4308 imperfecta,
823 4254 916 4290 rex
944 4236 1207 4291 confusus
1236 4235 1521 4297 abscessit,
1579 4234 1873 4289 Gaufridus
1922 4250 2059 4289 con-

447 4329 533 4384 sul
563 4329 633 4384 de
664 4328 986 4402 Magnavilla
1016 4344 1199 4400 regem
1232 4326 1572 4381 validissime
1610 4327 1840 4391 vexavit,
1895 4332 1950 4380 et
2000 4326 2055 4380 in

445 4417 709 4472 omnibus
736 4416 893 4471 valde
924 4416 1194 4491 gloriosus
1234 4414 1457 4469 eti'ulsit.
1512 4416 1693 4468 Mense
1724 4423 1905 4468 autem
1940 4416 2055 4468 Au-

443 4506 589 4580 gusti
620 4504 1199 4572 miraculum,justitia
1252 4520 1353 4557 sua
1383 4503 1636 4576 dignum,
1667 4502 1762 4557 Dei
1794 4502 2058 4573 splendor

443 4598 712 4653 exhibuit.
748 4599 891 4653 Duos
940 4612 1199 4667 namque,
1227 4597 1321 4667 qui
1374 4595 1661 4651 monachis
1692 4594 1913 4661 avulsis,
1965 4611 2055 4650 ec-

442 4692 639 4747 clesias
672 4692 767 4747 Dei
806 4698 1190 4747 converterant
1220 4691 1277 4744 in
1327 4690 1574 4753 castella,
1637 4689 1893 4743 similiter
1923 4704 2052 4758 pec-

444 4789 634 4837 cantes
657 4784 823 4837 simili
852 4800 995 4854 pena
1025 4783 1291 4838 multavit.
1329 4782 1597 4837 Robertus
1626 4795 1864 4851 namque
1912 4779 2052 4834 Mar-

444 4872 639 4939 mium,
671 4874 752 4929 vir
777 4874 1094 4937 bellicosus,
1133 4874 1239 4929 hoc
1271 4874 1324 4927 in
1368 4873 1603 4927 ecclesia
1647 4872 1715 4925 de
1749 4871 2055 4926 Conventre

442 4978 739 5033 perversus
764 4972 1038 5035 exegerat.
1065 4966 1232 5019 Porro
1269 4964 1560 5019 Gaufridus
1592 4963 1645 5017 in
1674 4961 1911 5017 ecclesia
1943 4962 2053 5016 Ra-

443 5052 706 5117 mesensi,
759 5059 819 5105 ut
874 5052 1130 5117 diximus,
1172 5054 1355 5107 scelus
1403 5054 1548 5108 idem
1591 5059 1916 5123 patraverat.
1975 5053 2053 5105 In-

443 5160 679 5219 surgens
699 5143 866 5217 igitur
904 5144 1177 5199 Robertus
1214 5145 1500 5200 Marmium
1552 5144 1607 5198 in
1663 5144 1869 5209 hostes,
1912 5142 2055 5198 inter

442 5255 666 5295 suorum
695 5254 903 5295 cuneos
931 5255 1113 5294 coram
1155 5241 1275 5312 ipso
1307 5241 1644 5297 monasterio
1682 5241 1834 5297 solus
1885 5240 2053 5295 inter-

1518 3688 1807 3743 Ludovicus
1845 3687 1897 3742 6.

2174 3254 2228 3299 et
2259 3245 2558 3301 Galeranus
2588 3263 2774 3302 comes
2804 3248 3044 3315 Mellent,
3074 3258 3132 3305 et
3159 3251 3325 3306 ceteri
3348 3248 3600 3322 principes
3627 3245 3722 3300 Nor-

2174 3343 2414 3408 mannie,
2467 3342 2562 3412 qui
2596 3342 2707 3409 jam
2742 3360 2861 3397 cum
2920 3343 3060 3400 duce
3104 3346 3420 3401 concordati
3455 3352 3604 3400 erant.
3641 3340 3715 3393 Fa-

2173 3434 2273 3488 ctis
2305 3433 2471 3504 igitur
2515 3435 2787 3490 machinis
2836 3437 3042 3503 multis,
3080 3454 3195 3494 non
3229 3444 3512 3510 potuerunt
3536 3450 3633 3490 eam
3656 3447 3718 3486 ex-

2171 3542 2419 3598 pugnare
2450 3535 2677 3597 propter
2728 3528 2890 3583 situm
2926 3530 3031 3584 loci
3078 3538 3136 3586 et
3164 3532 3337 3603 ipsius
3387 3530 3517 3585 arcis
3551 3525 3715 3582 fortitu-

2171 3613 2377 3669 dinem.
2412 3616 2468 3669 In
2502 3615 2592 3670 illa
2615 3617 2905 3673 obsidione
2933 3625 3187 3675 mortuus
3213 3627 3295 3675 est
3314 3635 3487 3676 comes
3503 3616 3715 3672 Pertiren~

2170 3703 2243 3757 sis
2273 3704 2568 3771 Rotrodus,
2599 3706 2921 3777 relinquens
2942 3708 3082 3764 duos
3116 3709 3262 3765 ﬁlios
3289 3709 3544 3781 parvulos,
3572 3705 3715 3757 Retro-

2167 3795 2296 3849 dum
2321 3802 2374 3850 et
2399 3796 2717 3852 Gaufridum
2749 3799 2909 3868 (594).
2958 3800 3194 3856 Uxorem
3243 3816 3369 3858 vero
3408 3814 3543 3855 suam
3571 3798 3711 3866 postea

2167 3884 2473 3940 Ludovicus
2517 3902 2613 3940 rex
2662 3885 2972 3943 francorum
3013 3889 3173 3945 dedit
3202 3890 3434 3946 Roberto
3462 3883 3590 3942 fratri
3619 3893 3708 3935 suo.

2164 3972 2402 4028 Tandem
2466 3974 2762 4031 deficiente
2818 3977 3080 4032 alimonia
3144 3980 3285 4034 intra
3350 3992 3514 4033 arcem
3562 3969 3712 4026 Rolho'

2164 4064 2305 4136 magi
2361 4064 2596 4131 obsessi,
2638 4066 3000 4122 reddiderunt
3030 4084 3089 4121 se
3140 4076 3195 4124 et
3250 4076 3466 4133 turrem,
3509 4058 3707 4119 videlicﬁt

2161 4157 2420 4214 Gaufrido
2464 4166 2624 4214 antea
2682 4161 3061 4234 Andegavensi
3136 4163 3340 4227 comiti,
3399 4161 3499 4233 jam
3552 4150 3704 4210 exinde

2161 4250 2598 4306 Normannorum
2656 4251 2781 4306 duci
2855 4254 3011 4308 Anno
3060 4254 3328 4324 preterito
3365 4250 3575 4324 quedam
3618 4255 3707 4314 pal's

2159 4338 2406 4407 ejusdem
2442 4339 2607 4393 turris
2639 4351 2939 4405 corruerat,
2990 4358 3055 4396 ex
3087 4358 3154 4397 ea
3187 4349 3336 4412 parte
3365 4338 3609 4397 videlicet.
3637 4343 3706 4400 Ρθτ

2159 4442 2319 4495 quam
2355 4427 2464 4480 dux
2505 4426 2799 4482 Gaufridus
2829 4428 3018 4483 urbem
3052 4430 3364 4496 intraverat,
3397 4443 3506 4483 cum
3536 4423 3578 4478 ei
3616 4415 3707 4472 red-

2158 4517 2270 4572 dita
2315 4525 2418 4583 est,
2453 4528 2508 4572 et
2556 4519 2610 4573 in
2658 4536 2765 4591 qua
2806 4521 3092 4575 machinas
3125 4538 3253 4578 suas
3300 4520 3474 4592 posuit
3516 4514 3573 4571 ad
3615 4522 3707 4565 can-

2157 4604 2281 4659 dem
2309 4606 2497 4660 turrim
2553 4609 2997 4681 expugnandam.
3041 4610 3316 4665 Ordinatis
3345 4608 3498 4683 igitur
3523 4604 3569 4659 in
3596 4610 3704 4683 turre

2157 4700 2212 4747 et
2240 4693 2400 4760 urbe,
2455 4710 2562 4765 que
2595 4680 2906 4750 necessaria
2954 4696 3199 4764 fuerunt,
3274 4680 3389 4752 dux
3424 4692 3624 4763 impiger
3655 4680 3704 4735 ad

2156 4785 2431 4839 anteriora
2477 4802 2535 4839 se
2586 4788 2891 4842 extendens
2939 4798 3273 4863 congregato
3310 4786 3531 4843 maxime
3573 4789 3703 4870 eque-

2156 4873 2251 4927 stri
2307 4874 2573 4940 exercitu,
2622 4890 2731 4930 non
2757 4876 2934 4930 solum
2966 4893 3215 4947 suorum,
3260 4878 3356 4933 sed
3407 4874 3553 4929 etiam
3597 4879 3700 4920 am!-

2156 4980 2340 5019 corum
2384 4974 2440 5020 et
2464 4965 2813 5022 dominorum
2846 4996 2913 5007 —-
2944 4976 3170 5024 venerat
3226 4968 3370 5024 enim
3398 4978 3563 5022 comes
3587 4957 3700 5012 Flau-

2155 5055 2374 5111 drensis
2402 5058 2645 5113 sororius
2692 5060 2832 5127 ejus,
2865 5077 2988 5116 cum
3018 5061 3159 5116 1400
3202 5059 3495 5133 equitibus;
3523 5049 3701 5107 venerat

2155 5157 2210 5206 et
2248 5151 2555 5206 Ludovicus
2604 5169 2697 5207 rex
2741 5153 3071 5210 Francorum
3116 5170 3242 5209 cum
3299 5151 3462 5222 cepiis
3514 5144 3701 5204 suis-

2153 5254 2409 5309 agressus
2461 5248 2544 5294 est
2573 5255 2889 5313 expugnare
2919 5241 3202 5297 castellum
3252 5236 3551 5299 Drincurtis,
3587 5223 3697 5299 quod

1780 5340 2000 5395 VARl/E
2039 5337 2415 5393 LECTIONES.

514 5428 583 5463 ⁵⁸⁸
605 5436 720 5506 post
750 5432 891 5506 hanc
917 5445 1321 5506 vocemerasum
1350 5438 1425 5506 est
1452 5430 1636 5506 Marie.
1655 5502 1687 5506 _
1714 5431 1782 5465 569
1811 5430 2058 5506 Decessit
2084 5464 2154 5472 —
2182 5434 2416 5506 scientie
2475 5438 2535 5489 in
2562 5450 2762 5490 rasura
2805 5436 2872 5490 ab
2921 5436 3033 5492 alia
3060 5453 3254 5506 manu,
3283 5439 3494 5505 fortasse
3518 5420 3695 5506 δοθέν

441 5487 761 5582 pesmitjb:
937 5504 1030 5569 qui
1053 5516 1237 5555 eorum
1264 5502 1369 5556 loco
1400 5503 1622 5582 habent:
1650 5501 1973 5582 Emmanuel
2010 5487 3029 5582 imperatorconstantinopolitantis"
3057 5487 3460 5579 difﬁiﬁépiéﬁi
3513 5487 3694 5557 ϐοιπεάί

442 5571 791 5642 imperatoris
818 5571 1212 5637 Romanorum,
1244 5587 1484 5627 sororem
1518 5572 1776 5628 videlicet
1814 5571 2217 5647 Friderici,’qui
2258 5576 2438 5632 eidem
2474 5571 3036 5634 Conrado'successit.

2000 5672 2211 5729 ΝΟΤᾹΞ.

512 5740 653 5810 (593)
685 5739 873 5795 Potius
912 5738 999 5795 12.
1043 5753 1168 5793 nam
1191 5738 1327 5794 obiit
1352 5740 1439 5796 die
1466 5742 1500 5793 9
1525 5742 1699 5797 Martii
1729 5743 1888 5796 1144.

2182 5722 2328 5815 ζ594)
2362 5745 2420 5800 Et
2451 5722 2793 5817 Stephanum
2829 5747 3024 5814 BOUQ.
