3858 6206
122 327 220 383 461

253 467 624 508 ROMANORUM.
791 468 1133 508 FRANCORUM.
1284 469 1588 508 ANGLORUM.

110 543 291 598 adhuc
340 542 613 597 tenebant
662 543 713 598 ei
770 543 1081 598 ."sistendo
1133 543 1459 613 stipendarii
1520 543 1737 598 comitis

108 634 420 697 Warenne;
482 633 581 704 qui
636 633 890 689 videntes
946 651 1004 689 se
1036 634 1087 689 ei
1130 650 1239 689 non
1271 651 1430 705 posse
1462 636 1736 701 resistere,

108 722 473 778 reddiderunt
503 722 817 793 predictum
864 723 1180 788 castellum,
1223 723 1351 778 licet
1375 723 1546 778 inviti.
1585 724 1737 798 llugo

106 815 269 870 etiam
293 814 364 869 de
387 813 639 869 Gornaco
699 814 939 868 reddidit
991 815 1272 869 castellum
1306 815 1374 868 de
1436 814 1635 882 Leons,
1668 816 1734 869 ti-

105 923 263 961 mens
284 921 356 960 ne
398 921 589 960 comes
615 921 837 961 omnem
890 913 1089 961 terram
1134 922 1286 960 suam
1321 907 1731 962 exterminaret.

104 997 414 1054 Paciﬁcatis
456 998 645 1069 itaque
703 997 963 1053 omnibus
1010 998 1065 1051 in
1101 998 1458 1063 Normannia,
1501 1009 1732 1069 excepto

102 1090 332 1146 castello
361 1090 433 1145 de
456 1090 670 1154 Archis,
712 1090 863 1160 quod
888 1088 1209 1144 Willermus
1247 1090 1549 1144 monachus
1572 1090 1733 1144 Flau-

102 1178 323 1234 drensis
376 1178 560 1233 adhuc
627 1178 871 1243 tenebat,
921 1186 1148 1248 pmpter
1198 1178 1519 1233 fidelitatem
1588 1180 1733 1251 regis

100 1267 398 1339 Stephani,
430 1266 560 1321 licet
586 1266 840 1320 homines
860 1265 1019 1320 ducis
1043 1266 1290 1320 Gaufridi
1333 1266 1465 1320 illud
1492 1267 1613 1321 sine
1646 1267 1733 1320 in-

96 1355 459 1411 termissione
488 1353 833 1419 obsiderent,
907 1352 1192 1407 redierunt
1238 1353 1442 1424 quique
1504 1355 1558 1407 in
1611 1370 1731 1410 sua.

96 1444 244 1499 Obiit
274 1444 564 1499 Iohannes
595 1440 923 1496 Salarieusis
962 1441 1258 1512 episcopus
1291 1460 1305 1507 ;
1339 1442 1426 1496 cui
1460 1443 1727 1497 successit

96 1536 368 1591 Girardus
399 1534 702 1589 canonicus
749 1532 998 1601 ejusdem
1059 1532 1315 1599 ecclesie,
1348 1533 1430 1587 vir
1448 1532 1727 1601 jocundus

95 1636 150 1682 et
178 1626 491 1682 admodum
524 1624 818 1678 litteratus.
878 1622 985 1676 Iste
1045 1621 1326 1676 Iohannes
1354 1637 1468 1676 rem
1502 1622 1724 1696 dignam

998 326 1341 381 CHRONICA.
1386 356 1451 364 —
1494 327 1867 380 AL'CTARIUM
1914 326 2194 381 ROBERTI
2237 326 2318 380 DE
2358 326 2597 382 ΜΟΝΤΕ.

1762 457 1816 525 Α
1843 460 2032 509 notum
2057 469 2243 509 carros
2268 454 2542 524 lapidibus
2571 462 2799 508 onustos
2831 462 2885 510 et
2907 456 3092 531 lignis,
3129 474 3367 524 annona,
3401 468 3457 516 et

3347 333 3452 387 462

1840 542 2007 596 rebus
2048 542 2191 608 aliis,
2225 542 2340 596 suis
2376 541 2620 595 humeris
2649 543 2863 597 trahere
2894 545 2962 598 ad
3020 561 3161 616 opus
3186 549 3446 620 ecclesie,

1840 630 1995 699 cujus
2026 638 2205 685 turres
2238 637 2367 685 tunc
2414 628 2640 685 ﬁebant.
2702 632 2815 696 Quo
2876 632 2970 703 qui
3005 649 3115 689 non
3144 635 3302 703 vidit,
3338 639 3450 707 jam

1838 721 2039 776 similia
2068 738 2177 777 non
2234 722 2462 778 videbit.
2523 723 2638 776 Non
2696 722 2872 777 solum
2938 725 3036 791 ibi,
3068 726 3166 780 sed
3203 728 3366 783 etiam
3397 730 3454 783 in

1838 819 1951 867 tota
1981 830 2125 884 pene
2158 812 2384 868 Francia
2437 820 2490 868 et
2521 814 2855 869 Normannia
2907 825 2961 870 et
3010 816 3132 870 aliis
3156 818 3345 873 multis
3372 819 3456 876 lo-

1836 901 1938 967 cis,
1970 901 2173 972 ubique
2201 900 2481 955 humilitas
2512 909 2567 956 et
2621 902 2867 964 afﬂictio,
2909 903 3118 975 ubique
3145 906 3453 975 penitentie

1836 994 2176 1049 etmalorum
2212 994 2489 1062 remissio,
2532 995 2740 1066 ubique
2799 996 2979 1051 luctus
3033 1007 3088 1052 et
3139 999 3451 1055 contrictio.

1834 1082 2064 1136 Videres
2108 1082 2344 1137 feminas
2389 1091 2443 1137 et
2487 1084 2743 1138 homines
2797 1102 2896 1155 per
2953 1086 3255 1157 profundas
3290 1090 3449 1157 palu-

1833 1169 1932 1225 des
1945 1172 2183 1241 genibus
2206 1172 2442 1235 trahere,
2467 1171 2796 1227 verberibus
2853 1175 2998 1241 cedi,
3026 1176 3220 1230 crebra
3240 1174 3451 1247 ubique

1834 1262 2099 1317 miracula
2129 1262 2267 1327 fieri,
2317 1264 2426 1317 Deo
2471 1270 2663 1318 cantus
2722 1274 2775 1318 et
2810 1265 3021 1334 jubilos
3068 1269 3243 1325 reddi.
3285 1272 3454 1326 Extat

1835 1350 1982 1405 enim
2017 1352 2085 1405 de
2111 1352 2210 1407 hac
2242 1368 2300 1406 re
2342 1352 2493 1423 prius
2535 1352 2780 1407 inaudita
2810 1354 3054 1427 Hugonis
3077 1356 3311 1427 epistola
3344 1359 3453 1414 Ro-

1828 1438 2203 1511 thomagensis
2239 1440 2641 1511 archiepiscopi
2719 1443 2786 1496 ad
2852 1443 3257 1500 Theodoricum
3319 1448 3449 1518 epi-

1827 1541 2056 1597 sc0pum
2113 1528 2561 1595 Ambianensem,
2615 1545 2783 1600 super
2849 1531 2949 1586 hac
2993 1547 3048 1586 re
3076 1534 3446 1590 scicitantem.

1828 1618 2050 1672 Diceres
2084 1620 2429 1690 prOphetiam
2500 1622 2715 1691 impleri
2751 1640 2765 1687 ;
2796 1624 3034 1691 Spiritus
3089 1631 3197 1681 vite
3249 1631 3455 1683 eratin

94 1714 373 1769 memoria
433 1720 684 1783 tempore
741 1709 960 1764 Henrici
991 1710 1139 1783 regis
1190 1708 1388 1764 eﬂecit.
1425 1709 1728 1765 Canonicos
1757 1716 1962 1794 Brutis
1995 1715 2272 1780 (Βηθὴλ,
2313 1713 2431 1784 20).
2491 1714 2785 1769 Gaufridus
2825 1716 2933 1771 dux
2976 1725 3199 1788 pontem
3242 1721 3453 1777 Rotho-

95 1806 246 1861 enim
279 1804 568 1860 seculares
631 1818 729 1857 sue
786 1801 1022 1856 ecclesie
1080 1801 1407 1873 regulariter
1437 1808 1490 1855 et
1531 1818 1730 1856 secun-

94 1901 227 1955 dum
272 1900 455 1954 sancti
484 1895 773 1972 Augustini
806 1895 1208 1951 institutionem
1238 1896 1422 1951 vivere
1452 1896 1599 1963 fecit,
1633 1897 1732 1950 ad-

94 1992 226 2047 ditis
258 1990 506 2047 ofﬁcinis
556 1988 997 2064 congruentibus
1035 1995 1089 2043 et
1140 1988 1401 2043 claustro.
1436 1989 1547 2044 Hoc
1578 1989 1723 2043 idem

92 2087 386 2142 Iohannes
414 2084 794 2152 Luxoviensis,
826 2084 1133 2139 avunculus
1171 2085 1309 2152 ejus,
1352 2093 1406 2138 et
1431 2082 1725 2138 Gaufridus

95 2174 461 2231 Carnotensis
494 2172 742 2244 episcOpi
774 2179 1048 2243 temptare
1106 2171 1159 2226 in
1188 2172 1304 2226 suis
1331 2172 1581 2227 ecclesiis
1619 2188 1723 2227 vo-

94 2268 375 2332 luerunt;
436 2264 536 2319 sed
596 2264 654 2318 in
706 2264 825 2333 ipso
883 2271 1082 2319 conatu
1143 2263 1484 2317 defecerunt.
1539 2262 1725 2317 Mense

96 2351 290 2407 Martio
320 2351 463 2407 obiit
524 2351 828 2407 Celestinus
859 2368 1001 2422 papa
1048 2352 1233 2422 (Ma-rt.
1268 2352 1357 2421 9);
1389 2352 1478 2406 cui
1504 2368 1726 2406 succes-

96 2442 164 2496 sit
194 2440 470 2495 Girardus
508 2441 643 2496 civis
666 2439 1053 2505 Bononiensis,
1110 2439 1413 2494 canonicus
1457 2440 1727 2512 regularis

99 2541 151 2588 et
177 2532 559 2588 cancellarius
587 2532 829 2588 Romane
861 2530 1098 2586 ecclesie
1160 2539 1215 2586 et
1245 2532 1541 2586 cardinalis
1579 2532 1724 2586 tituli

96 2622 335 2678 ecclesie
363 2628 555 2676 sancte
586 2621 763 2676 crucis
796 2621 882 2675 vel
903 2620 1234 2687 Jerusalem,
1259 2621 1404 2692 quod
1436 2622 1582 2675 idem
1603 2630 1685 2676 est
1710 2636 1724 2688 ;

97 2721 330 2770 vocatus
358 2720 552 2785 postea
581 2712 777 2768 Lucius
809 2714 884 2781 ll,
928 2728 1070 2784 papa
1113 2713 1296 2780 170W,
1330 2713 1424 2783 qui
1449 2713 1595 2768 sedit
1615 2728 1725 2768 uno

98 2822 271 2863 anno.

163 2898 330 2953 1144.
365 2896 567 2968 [1145]
604 2896 889 2953 Conradus
914 2898 967 2951 7.

710 2990 1019 3059 Stephanus
1059 2988 1113 3044 9.

1257 2897 1563 2953 Ludovicus
1594 2898 1646 2952 7.

1831 1804 1974 1876 magi
2004 1802 2177 1858 reficit
2217 1803 2611 1858 firmissimum.
2687 1803 2834 1859 Obiit
2867 1805 3068 1861 Lucius
3100 1823 3242 1877 papa
3260 1824 3453 1864 mense

1832 1890 2021 1946 Martio
2050 1892 2228 1961 (Febr.
2257 1892 2385 1961 25);
2418 1893 2505 1948 cui
2572 1895 2841 1949 successit
2897 1896 3227 1964 Bernardus,
3283 1900 3455 1954 abbas

1831 1983 2151 2037 monasterii
2182 1984 2355 2038 sancti
2408 1984 2698 2053 Anastasii,
2760 1986 2911 2057 quod
2940 1995 3026 2040 est
3072 1996 3221 2042 extra
3264 2005 3453 2044 muros

1828 2070 2018 2138 Rome,
2048 2072 2142 2126 ubi
2174 2072 2534 2128 Innocentius
2560 2090 2724 2145 papa,
2749 2073 2842 2145 qui
2872 2081 3097 2145 quartus
3125 2084 3253 2131 ante
3285 2076 3451 2132 istum

1827 2161 2020 2230 fuerat,
2054 2163 2329 2218 abbatiam
2385 2165 2598 2221 noviter
2643 2164 2849 2220 fecerat
2898 2167 2967 2221 de
3017 2167 3212 2223 ordine
3242 2183 3445 2224 mona-

1825 2258 2055 2313 chorum
2087 2259 2156 2313 de
2188 2258 2444 2326 Cistelth;
2479 2267 2533 2315 et
2588 2262 2900 2316 Bcrnardus
2940 2263 3115 2318 abbas
3163 2263 3233 2318 de
3265 2263 3448 2318 Clara-

1827 2346 1989 2412 valle,
2021 2348 2244 2418 quando
2276 2348 2406 2403 illuc
2455 2349 2605 2404 misit
2652 2359 3012 2419 conventum,
3061 2352 3206 2405 hunc
3262 2351 3447 2421 prefe-

1827 2450 1977 2497 cerat
2002 2460 2015 2508 ;
2041 2444 2275 2497 maxime
2334 2444 2463 2513 quia
2502 2460 2645 2515 papa
2705 2445 2982 2501 Romanus
3014 2447 3312 2517 aliquando
3342 2464 3445 2501 an-

1827 2536 2045 2602 tequam
2078 2532 2146 2586 ad
2175 2534 2562 2588 monachatum
2596 2534 2699 2589 iste
2727 2535 2960 2603 veniret,
2986 2536 3054 2589 ad
3096 2552 3311 2590 sacrum
3356 2552 3442 2591 or-

1828 2621 2012 2675 dinem
2045 2622 2196 2676 illum
2231 2630 2579 2693 promoverat
2632 2624 2757 2679 Erat
2787 2624 2933 2679 enim
2973 2631 3442 2694 transmontanus,

1829 2721 2018 2786 utpote
2049 2717 2185 2771 civis
2216 2717 2476 2772 Pisensis.
2524 2718 2644 2772 Fuit
2709 2726 2890 2775 autem
2942 2721 3225 2775 ordinatus
3267 2722 3443 2791 prima

1828 2806 2179 2863 hebdomada
2202 2810 2414 2864 mensis
2444 2810 2645 2882 Martii,
2691 2821 2745 2866 et
2775 2821 2999 2868 vocatus
3028 2821 3111 2867 est
3140 2814 3447 2888 Eugenius,

1826 2914 1966 2969 papa
2002 2899 2165 2954 171ιιε
2199 2900 2483 2970 Inceptum
2517 2907 2601 2955 est
2653 2909 2817 2971 caput
2838 2902 3157 2957 monasterii
3194 2903 3445 2958 Beccen-

1824 2989 1902 3042 sis
1930 2989 2166 3044 ecclesie
2198 2989 2378 3060 pridie
2430 2990 2546 3046 Kal.
2590 2992 2839 3065 Augusti,
2901 3001 3161 3065 prcsente
3204 2994 3295 3065 pie
3330 3010 3449 3050 me-

164 3086 393 3157 atum.)
425 3085 739 3155 Stephanus
789 3100 882 3140 rex
914 3084 1210 3156 Anglorum
1271 3084 1424 3153 prius
1454 3083 1509 3138 in
1551 3099 1722 3158 agen-
1748 3096 1794 3164 ρ
1823 3082 1997 3136 morie
2017 3081 2204 3136 donno
2248 3082 2480 3137 Lotardo
2506 3082 2704 3138 abbate
2726 3083 2815 3137 ⁵⁷0.

98 3178 180 3234 dis
208 3180 363 3235 circa
394 3178 677 3234 discursus
707 3176 952 3248 Hugonis
1010 3177 1165 3251 Bigot
1229 3183 1529 3246 occupatus
1576 3176 1676 3230 fuit
1706 3195 1720 3244 ;

103 3275 196 3329 sed
229 3275 290 3328 in
322 3280 503 3328 estate
537 3273 807 3329 Robertus
857 3271 1051 3327 consul
1082 3280 1136 3326 et
1165 3272 1344 3326 omnis
1375 3271 1722 3326 inimicorum

103 3367 373 3441 regalium
426 3371 581 3420 cetus
632 3364 917 3421 castellum
956 3370 1375 3419 construxerant
1422 3363 1569 3434 apud
1626 3363 1725 3418 Fe-

104 3456 464 3512 rendunum:
507 3453 607 3508 sed
661 3469 755 3508 rex
804 3468 915 3508 non
962 3452 1207 3526 segniter
1271 3451 1477 3507 viribus
1520 3450 1726 3506 coactis

105 3546 348 3613 advolat,
384 3551 442 3599 et
474 3543 941 3599 Londoniensium
986 3542 1287 3597 terribilem
1354 3548 1409 3596 et
1463 3555 1726 3595 numero-

105 3655 227 3694 sum
259 3636 498 3693 adduxit
530 3635 850 3691 exercitum.
906 3633 1231 3689 Assilientes
1250 3633 1418 3707 igitur
1448 3632 1576 3686 totis
1606 3631 1729 3685 dic-

108 3731 205 3785 bus
235 3736 506 3794 castrum,
549 3726 681 3781 dum
721 3725 995 3781 Robertus
1032 3725 1224 3781 consul
1285 3732 1339 3778 et
1377 3722 1619 3778 fautores
1645 3722 1729 3776 sui

109 3819 297 3890 copias
322 3817 567 3886 majores
600 3830 710 3870 non
743 3814 932 3885 procul
975 3814 1043 3868 ab
1102 3813 1346 3869 exercitu
1378 3811 1525 3885 regis
1555 3826 1729 3882 expe-

106 3914 360 3974 ctarent;
402 3904 805 3980 gloriosissima
856 3903 1154 3974 probitate,
1215 3917 1325 3957 non
1365 3901 1484 3956 sine
1535 3916 1734 3973 magna

104 3997 398 4072 sanguinis
435 3996 727 4063 effusione,
784 4002 1070 4067 ceperunt.
1131 3996 1283 4051 Tunc
1352 3994 1574 4049 demum
1615 3992 1730 4067 regi

108 4094 328 4150 fortuna
366 4092 519 4164 cepit
573 4092 631 4147 in
688 4092 886 4148 melius
948 4090 1269 4162 permutari,
1303 4098 1357 4147 et
1388 4092 1444 4146 in
1494 4089 1730 4146 sublime

109 4186 391 4258 protelari.
454 4184 821 4240 Lincoliensis
887 4184 1184 4255 episcOpus
1245 4184 1444 4239 iterum
1504 4184 1730 4239 Romam

110 4282 312 4357 pergit,
342 4279 656 4335 Alexander
707 4278 994 4343 videlicet;
1030 4278 1125 4349 qui
1176 4293 1299 4332 cum
1358 4294 1501 4349 pape
1559 4277 1734 4349 gratia

112 4369 369 4442 sequenti
395 4383 540 4423 anno
576 4367 818 4432 rediens,
859 4382 890 4420 a
914 4365 1028 4420 suis
1057 4382 1180 4420 cum
1200 4364 1404 4436 gaudio
1443 4372 1735 4433 susceptus

2002 3175 2161 3229 1145.
2187 3175 2364 3245 [1146]
2587 3177 2641 3230 8.
2862 3178 2917 3231 8.
3135 3178 3262 3235 r10.

1898 3263 2086 3329 (llum.
2118 3264 2258 3334 VIII.)
2294 3264 2405 3319 Rex
2462 3264 2776 3334 Stephanus
2824 3281 3082 3337 magnum
3107 3281 3451 3341 congregans

1827 3352 2149 3419 exercitum,
2195 3353 2476 3407 castellum
2545 3354 2850 3409 construxit
2899 3354 3347 3428 inexpugnabile,
3375 3355 3451 3409 si—

1828 3453 1940 3500 tum
1982 3453 2172 3501 contra
2216 3447 2600 3523 Walingefort,
2651 3449 2745 3503 ubi
2813 3450 3326 3505 Rannulfuscomcs
3352 3449 3454 3504 Ce-

1827 3533 2079 3598 strensis,
2106 3534 2219 3601 jam
2245 3534 2358 3608 regi
2384 3536 2679 3590 concordia
2709 3538 3061 3606 conjunctus,
3086 3554 3211 3593 cum
3235 3537 3451 3611 magnis

1835 3620 2084 3675 interfuit
2136 3622 2333 3691 copiis.
2388 3623 2599 3679 Dehinc
2645 3641 2776 3680 vero
2831 3628 3024 3681 consul
3059 3627 3178 3698 ipse
3207 3626 3275 3681 ad
3309 3626 3456 3700 regis

1834 3709 2041 3763 curiam
2066 3725 2189 3764 cum
2209 3709 2436 3779 paciﬁce
2474 3712 2716 3766 venisset
2770 3714 2914 3781 apud
2946 3714 3324 3776 Norhantone,
3356 3730 3453 3769 rex

1833 3788 2013 3851 nichil
2033 3797 2143 3851 tale
2174 3802 2512 3852 metuentem
2544 3799 2693 3869 cepit
2722 3807 2776 3853 et
2805 3801 2861 3853 in
2891 3816 3167 3855 carcerem
3202 3802 3444 3867 intrusit,

1834 3889 2014 3944 donec
2042 3889 2298 3944 redderet
2348 3889 2397 3944 ei
2457 3889 2818 3946 clarissimum
2861 3892 3102 3947 Lincolie
3134 3892 3446 3960 castellum,

1834 3986 1980 4057 quod
2010 3986 2078 4040 ab
2132 4001 2200 4041 eo
2238 3986 2429 4041 dolose
2489 3993 2731 4057 ceperat,
2780 3994 2835 4042 et
2882 3994 3066 4043 cetera
3116 4003 3450 4059 quecunque

1832 4076 2049 4130 fuerant
2102 4075 2327 4130 ditionis
2399 4091 2497 4130 sue
2574 4076 2800 4130 castella
2901 4076 2989 4131 Sic
3044 4076 3214 4148 igitur
3259 4076 3452 4131 codsul

1833 4167 2044 4234 ejectus
2069 4182 2287 4223 carcere
2315 4167 2372 4221 in
2404 4166 2635 4221 liberum
2667 4168 2998 4222 constitutus
3030 4173 3113 4222 est
3135 4167 3445 4222 arbitrium.

1833 4256 1972 4310 Visis
2001 4256 2301 4323 miraculis,
2344 4272 2451 4327 que
2497 4254 2706 4310 ﬁebant
2763 4257 2818 4310 in
2878 4256 3016 4313 locis
3066 4255 3364 4330 religiosis,
3395 4263 3450 4311 et

1835 4342 2132 4399 afflictione
2163 4360 2285 4397 cum
2307 4343 2616 4398 humilitate
2640 4344 2987 4399 multimoda.
3040 4343 3210 4399 carris
3233 4343 3461 4398 venien-

113 4399 369 4442 acqucuu
395 4399 540 4423 auuu
579 4399 818 4432 ιυυιῠιω,
859 4399 890 4420 α.
915 4399 1028 4420 auio
1057 4399 1180 4420 uuul
1200 4399 1404 4436 εςαυυιυ
1444 4399 1735 4433 δυουιμμιυο
1759 4399 1816 4467 D
1861 4432 1870 4441 ι
2169 4433 2176 4441 ¹
2340 4432 2350 4442 ⁸

113 4469 214 4517 est.
240 4462 305 4517 In
327 4470 504 4516 estate
535 4459 808 4515 redditum
860 4466 944 4514 est
997 4459 1281 4513 castellum
1323 4459 1561 4512 Arceuse
1592 4458 1731 4526 (5935)
1837 4433 2028 4526 “busf
2053 4433 2240 4526 νηί-ηδ
2281 4441 2445 4526 etiam
2476 4448 2597 4526 P01“

1898 4448 1985 4486 ωε
2015 4450 2028 4497 ;
2053 4433 2240 4487 audita
2281 4432 2445 4486 etiam
2476 4432 2879 4503 conquestione
2937 4431 3365 4486 christianorum
3385 4431 3455 4486 de

113 4550 237 4606 duci
272 4550 559 4615 Gaufrido,
613 4549 794 4605 occiso
852 4548 1136 4603 Willermo
1196 4548 1466 4603 monacho
1509 4519 1735 4602 fortuitu
1836 4521 2041 4576 gamus
2062 4520 2199 4615 109‘s
2246 4520 2587 4615 γοηίοηιὶυπι
2622 4536 2794 4615 ξυρθτ
2847 4519 3154 4615 υΡΡίοξιθ
3188 4534 3454 4615 Pa?“-

115 4635 167 4692 in
226 4647 380 4694 turre
434 4610 655 4713 sagitta,
710 4636 805 4708 qui
865 4636 943 4690 illi
1019 4642 1257 4706 preerat.
1325 4634 1530 4689 Eodem
1589 4649 1736 4690 anno
1840 4612 2380 4713 Γξιξξτνρξθξλίοδίίοηθ
2421 4612 2587 4667 etiam
2620 4612 2882 4713 Βοξηίίνάί
2924 4611 3139 4713 θδξξδξξδ
3169 4611 3238 4665 de
3268 4610 3457 4709 Flam‘

114 4729 261 4786 (Jan.
306 4727 357 4797 3)
388 4699 908 4797 peryproditionem
968 4699 1333 4796 perdiderunt
1363 4723 1649 4778 christiani
1680 4723 1737 4776 in
1836 4701 1988 4798 Eme»
2018 4701 2117 4798 ΫῘΓῘ
2148 4716 2257 4798 llo?
2304 4709 2597 4798 comem?"

1898 4701 1988 4769 lle,
2018 4701 2117 4756 viri
2148 4716 2257 4756 non
2304 4701 2766 4771 contempnendae
2806 4700 3146 4754 auctoritatis
3194 4699 3281 4755 cui
3315 4715 3459 4771 papa

116 4787 434 4891 principatu
464 4787 750 4874 Antiochie
814 4787 1088 4873 civitatem
1151 4817 1434 4883 Edessam,
1459 4831 1567 4887 que
1594 4816 1739 4869 anti-
1840 4789 2118 4891 E_“g°“i”3
2139 4789 2482 4891 "iniunxerat
2522 4788 2640 4891 “hoc
2667 4787 2911 4891 οξδθίυιηῖ
2938 4805 2952 4854 δ
2985 4789 3245 4891 commo‘li
3278 4788 3461 4843 Lndo‘

120 4882 627 4980 gnitus'dicebamr
656 4908 852 4979 “ages,
895 4922 925 4961 Η
955 4906 1237 4961 modernis
1293 4882 1425 4959 νρνσ
1478 4882 1736 4967 hohaies’
1839 4883 1995 4939 vicus
2012 4901 2106 4937 rex
2138 4883 2486 4950 Francorum,
2517 4882 2802 4938 Conradus
2850 4884 3150 4953 imperator
3185 4883 3451 4937 Aleman-

120 4978 356 5052 etvenit
389 4997 442 5050 in
502 4978 830 5067 potestatem
880 4996 1296 5061 Saracenorum,
1346 4993 1544 5049 occisis
1602 4994 1750 5047 chri-
1851 4994 2067 5044 norum,
2102 4978 2423 5033 Fredericus
2449 4978 2597 5032 elia"

1898 4994 2067 5044 orum,
2102 4978 2423 5033 Fredericus
2449 4978 2614 5032 etiam
2646 4992 2820 5049 nepos
2850 4978 2971 5045 ejus
2994 4978 3104 5031 dux
3130 4978 3460 5043 Suevorum,

122 5087 341 5154 sumis,
369 5086 603 5159 quosibi
646 5086 993 5140 ίηνρηοι-υηι,
1029 5084 1323 5140 Gocelinus
1368 5083 1513 5137 enim
1560 5082 1749 5150 junior
1849 5074 2184 5129 Galcrannus
2226 5088 2412 5129 comes
2468 5072 2706 5127 Mellenti
2763 5072 2985 5138 tercius,
3018 5072 3337 5125 Willermus
3393 5070 3464 5124 dc

124 5174 190 5228 de
210 5175 513 5243 Torvaisel,
572 5188 762 5230 comes
818 5174 990 5245 ipsius
1038 5172 1294 5239 civitatis,
1356 5177 1485 5226 tunc
1533 5170 1744 5226 aberat.
1848 5167 2122 5221 Warenna
2168 5182 2352 5222 comes
2398 5165 2566 5219 frater
2605 5164 2745 5236 ejus,
2787 5162 3160 5219 Theodericus
3198 5163 3363 5217 etiam
3397 5161 3466 5216 de

129 5264 235 5322 Hoc
258 5268 454 5324 codem
486 5282 637 5323 anno
658 5274 927 5337 ceperunt
971 5265 1229 5321 homines
1248 5264 1403 5336 prius
1431 5264 1576 5334 apud
1617 5261 1744 5317 Car-
1848 5262 2042 5316 Auseis
2068 5262 2211 5334 (596)
2252 5277 2437 5317 comes
2459 5259 2829 5326 Flandrensis,
2880 5265 2935 5313 et
2959 5256 3051 5312 alii
3092 5256 3248 5312 multi
3269 5271 3468 5330 magne

1490 5390 1709 5445 VARUE
1741 5388 2015 5445 LECTION
2021 5389 2113 5443 ES.

198 5495 270 5531 573
296 5454 864 5570 Inceptumﬁabbate
894 5497 1087 5552 desunt
1105 5495 1195 5553 8b.

1696 5588 1907 5647 ΝΟΤίΕ.

204 5700 338 5772 (595)
366 5701 617 5773 Arques.
1926 5698 2067 5768 (596)
2096 5698 2133 5750 Ι.
2169 5714 2217 5753 c.
2248 5695 2449 5752 Alsatia
2471 5696 2586 5754 sive
2608 5695 2868 5751 Ellesath.
