3858 6206
130 316 218 371 465
958 306 1306 362 CHRONICA.
1348 336 1417 347 --—
1455 307 1838 361 AUCTAIUUM
1881 309 2167 364 llOBEllTl
2212 312 2292 363 DE
2336 311 2574 366 MONTE.
3334 322 3437 377 466

283 448 630 495 nonnenon.
780 447 1118 488 FRANCORUM.
1267 447 1572 487 ANGLORUI.
1748 430 2131 504 Afestivitatis
2178 434 2351 488 sancti
2402 434 2593 490 Jacobi
2643 438 2897 506 apostoli,
2925 456 2956 495 a
2998 442 3301 498 venerabili
3336 444 3439 499 Hu-

128 524 553 596 arcbiepiscOpus
580 521 965 577 Eboracensis.
1035 522 1209 593 [1148]
1271 522 1548 595 Eugenius
1577 538 1720 593 papa
1823 536 1965 593 gone
1998 522 2422 597 Rothomagensi
2450 524 2890 597 archiepiscOpo,
2922 529 2991 582 ab
3024 532 3219 586 eodem
3251 548 3436 587 coram

132 618 176 671 in
201 613 610 687 quadragesima
652 611 950 667 concilium
996 611 1347 686 congregavit
1394 610 1595 675 Remis,
1652 610 1721 665 ad
1823 620 2094 667 conventu
2118 614 2375 668 Beccensi
2395 614 2447 667 in
2477 616 2609 669 sede
2642 632 2738 670 sua
2761 618 3054 673 collocatus
3083 630 3167 695 est
3196 631 3438 689 ;extunc

128 705 255 777 quod
293 703 439 758 venit
481 702 720 756 latenter
749 708 804 756 et
860 708 1053 756 contra
1108 700 1542 772 prohibitionem
1578 700 1721 775 regis
1820 719 1987 774 supra
2013 720 2234 778 gregem
2290 705 2396 759 sibi
2436 708 2786 763 commissum
2846 725 2945 780 pro
3004 728 3169 780 posse
3217 730 3316 769 suo
3345 715 3435 770 die

130 793 363 866 Stephani
419 792 691 848 Tebaldus
741 792 1196 864 archiepiscopus
1254 791 1714 857 Cantuariensis;
1820 810 1883 849 ac
1907 803 2066 850 nocte
2095 796 2359 851 decenter
2417 797 2711 872 invigilans
2759 800 2848 854 ⁵⁷⁷.
2883 801 3136 876 Magister
3176 803 3437 859 Vacarius

129 883 253 939 unde
277 889 327 937 et
354 880 726 937 favorabiliter
779 898 811 935 a
869 899 1010 953 papa
1050 889 1337 953 susceptus
1372 888 1472 936 est.
1508 881 1715 936 Mortuo
1817 896 1980 961 gente
2014 890 2437 963 Longobardus,
2495 893 2577 946 vir
2626 895 2889 949 honestus
2939 903 2992 951 et
3028 896 3167 964 juris
3199 900 3430 968 peritus,

133 971 340 1028 Roberto
402 970 666 1042 episc0po
748 970 1159 1037 Herefordensi,
1226 970 1493 1026 successit
1548 969 1716 1025 Gisle-
1816 998 1940 1037 cum
1979 984 2128 1056 [eges
2190 986 2464 1041 Romanas
2520 1004 2667 1043 anno
2698 974 3196 1046 ηδ’ίηεδπηειίοηρ
3220 993 3437 1048 Domini

129 1067 289 1120 bertus
336 1064 511 1119 abbas
564 1063 915 1119 Gloecestrie.
948 1064 1155 1135 [1116]
1199 1064 1514 1119 Willermus
1544 1065 1705 1120 etiam
1816 1075 2020 1131 1I49in
2048 1077 2238 1151 Anglia
2283 1078 2585 1148 discipulos
2647 1066 2889 1142 doceret.
2925 1092 2979 1137 et
3020 1084 3177 1138 multi
3215 1092 3322 1139 tam
3355 1085 3438 1140 di-

132 1160 189 1213 de
213 1157 396 1213 Sancta
414 1158 673 1226 Barbara,
697 1158 942 1213 decanus
973 1157 1356 1221 Eboracensis,
1410 1172 1556 1212 anno
1595 1174 1713 1227 pre-
1814 1166 1952 1221 vites
1982 1185 2145 1239 quam
2187 1186 2454 1240 pauperes
2506 1172 2574 1226 ad
2633 1189 2757 1227 eum
2807 1190 2971 1228 causa
3002 1176 3252 1230 discendi
3287 1192 3435 1232 con-

136 1251 269 1304 terito
304 1247 480 1303 factus
522 1246 702 1302 fuerat
733 1248 1189 1318 archiepiscopus
1217 1246 1589 1301 Duelmensis.
1816 1257 2085 1323 ﬂuet-cm;
2113 1261 2467 1334 suggestione
2496 1279 2798 1334 pauperum
2817 1266 2884 1319 de
2914 1266 3103 1321 codice
3135 1276 3189 1321 ρι
3217 1268 3437 1341 digesta

188 1339 332 1394 1148.
438 1338 712 1392 Conradus
780 1339 862 1391 ll.
980 1338 1269 1392 Ludovicus
1328 1336 1413 1390 11·
1528 1338 1643 1389 διε-
1817 1357 2105 1419 excerptos
2131 1367 2324 1404 novem
2357 1352 2526 1407 libros
2562 1356 2893 1423 composuit,
2926 1356 3018 1426 qui
3048 1336 3425 1411 sufticiuntad

724 1428 1077 1521 pilanus.
1164 1520 1177 1521 Π
1535 1516 1547 1521 _
1656 1515 1687 1521 __
1817 1445 2213 1516 omneslegum

1914 1460 2011 1499 nes
2034 1445 2213 1516 legum
2256 1446 2398 1509 lites,
2440 1464 2548 1519 que
2576 1448 2631 1501 in
2661 1451 2823 1503 scolis
2867 1449 3198 1521 frequentari
3223 1451 3428 1518 solent,

191 1518 325 1573 Circa
372 1518 668 1575 adventum
722 1520 937 1574 Domini
988 1519 1096 1573 dux
1151 1518 1441 1573 Gautridus
1498 1515 1716 1573 obsedit
1817 1527 2171 1597 ἀροίάρηαοε,
2221 1533 2265 1587 si
2314 1515 2563 1604 quis'eos
2620 1537 2861 1605 perfecte
2894 1515 3201 1592 no'vemsvs
3262 1515 3427 1607 (50”;

134 1611 178 1662 in
201 1610 444 1665 comitatu
488 1610 816 1666 Luxoviensi
860 1611 1143 1665 castellum
1177 1610 1405 1665 Roberti
1428 1606 1716 1663 Bcrtranni
1821 1618 2022 1673 Eodem
2063 1637 2208 1677 anno
2242 1631 2364 1692 post
2384 1625 2585 1692 pascha
2612 1625 2825 1679 obicrat
2854 1626 3073 1679 donnus
3094 1606 3425 1692 Bernardus,

135 1701 235 1775 Fag.
282 1708 334 1756 et
388 1702 676 1757 destruxit.
731 1703 862 1757 Mira
919 1703 1169 1757 miranda
1205 1702 1449 1758 Eudonis
1477 1701 1774 1781 pseudo-ﬂ
1819 1708 1991 1763 abbas
2016 1710 2210 1765 Montis
2264 1714 2437 1767 sancti
2494 1715 2791 1781 Michaelis,
2849 1717 3152 1770 monachus
3188 1717 3429 1771 Beccen-

133 1790 364 1861 propbete
401 1800 458 1846 et
496 1791 729 1846 heretici
771 1800 985 1862 patrata
1027 1801 1175 1859 sunt,
1227 1794 1324 1865 qui
1382 1793 1438 1847 in
1469 1792 1647 1847 concil

1916 1802 2054 1873 ;qui
2097 1805 2325 1858 multum
2386 1806 2533 1859 intus
2563 1814 2616 1859 et
2669 1805 2799 1859 foris
2833 1807 2977 1861 idem
3029 1809 3425 1862 monasterium

136 1884 292 1938 ltemis
316 1885 641 1957 dampnatus
657 1895 711 1942 et
741 1886 797 1940 in
830 1893 979 1942 turre
1009 1888 1412 1959 archiepiscopi
1446 1895 1712 1954 retrusus,
1814 1890 2131 1946 emendavit
2155 1893 2243 1947 ⁵⁷9.
2271 1893 2383 1946 Dux
2420 1892 2709 1947 Gaufridus
2741 1894 3025 1948 castellum
3057 1895 3426 1951 Monasterio-

138 1972 325 2027 utmale
354 1973 519 2044 cepit,
542 1974 619 2029 ita
649 1976 903 2046 deperiit.
934 1977 1006 2031 De
1039 1977 1195 2047 cujus
1250 1976 1714 2032 incantationibus
1816 1977 1924 2031 lum
1950 1980 2092 2049 (602)
2126 1981 2181 2034 in
2241 1997 2380 2055 pago
2434 1982 2739 2037 Pictavensi
2779 1983 3018 2045 obsedit,
3073 1991 3126 2037 et
3169 1983 3298 2038 fecit
3352 1984 3426 2039 ibi

130 2067 172 2115 et
189 2060 415 2118 fantasiis
435 2071 488 2119 et
510 2063 672 2119 factis
715 2073 769 2120 et
812 2066 974 2121 dictis
1021 2066 1221 2121 melius
1240 2067 1710 2136 estsilere,quam
1812 2068 1917 2123 tria
1937 2072 2436 2143 castellalapidea;
2471 2073 2760 2128 etduravit
2810 2075 2901 2127 illa
2927 2074 3143 2129 obsidio
3176 2092 3275 2145 per
3318 2082 3429 2131 tres

129 2151 254 2223 loqui
273 2155 426 2225 (600).
461 2156 765 2211 Rainaldus
803 2157 873 2212 de
905 2158 1233 2213 Castellione
1253 2158 1428 2214 factus
1446 2165 1526 2212 est
1558 2158 1711 2227 prin-
1809 2176 2003 2227 annos,
2037 2180 2325 2235 usquequo
2358 2165 2535 2219 Berlai
2585 2167 2729 2235 (603)
2772 2166 3029 2221 dominus
3052 2167 3260 2221 castelli
3288 2168 3422 2221 red-

127 2262 234 2318 ccps
266 2250 559 2317 Antiochie,
592 2252 755 2307 ducta
785 2268 955 2308 uxore
982 2253 1275 2308 Raimundi
1317 2252 1587 2324 principis
1617 2252 1707 2309 εῖδ.
1811 2247 2030 2303 diditse
2070 2252 2276 2305 comiti.
2309 2252 2458 2307 Tunc
2489 2254 2653 2308 etiam
2678 2269 2863 2308 comes
2908 2263 3114 2309 turrem
3147 2264 3200 2308 et
3227 2256 3425 2309 castel-

191 2341 322 2396 1149.
584 2345 670 2398 12,
918 2344 1001 2399 12,
1259 2347 1345 2400 14,
1808 2338 1920 2393 lum
1958 2340 2206 2397 funditus
2252 2345 2465 2399 evertit.
2527 2345 2730 2399 Eodem
2801 2361 2945 2400 anno
3005 2346 3220 2416 (.llart.)
3260 2345 3424 2402 turba

185 2426 309 2483 Obiit
336 2438 517 2485 sancte
557 2432 964 2488 recordationis
1007 2434 1228 2488 donnus
1259 2433 1541 2500 Letardus,
1583 2450 1703 2489 sex-
1808 2430 1980 2489 factus
2008 2444 2092 2490 est
2123 2437 2422 2503 horribilis,
2477 2440 2803 2494 subvertens
2834 2441 3050 2504 domos,
3111 2456 3337 2495 nemora
3369 2448 3423 2497 et

131 2525 198 2573 tus
226 2522 378 2577 abbas
400 2523 696 2578 Beccensis
727 2524 982 2579 ecclesie.
1018 2525 1108 2579 Vir
1146 2524 1369 2596 quidem
1405 2526 1506 2579 iste
1539 2541 1702 2579 vene-
1805 2523 2039 2598 virgulta
2067 2524 2445 2600 confringens,
2465 2527 2521 2581 in
2553 2544 2661 2598 quo
2686 2530 2851 2582 etiam
2877 2528 3145 2583 demones
3175 2528 3230 2582 in
3281 2546 3418 2600 spe-

129 2608 281 2663 rabilis
306 2611 587 2667 Beccensis
617 2612 877 2687 indigena
905 2615 1291 2669 monachatum
1326 2614 1573 2685 suscepit
1598 2613 1701 2668 sub
1802 2617 1884 2672 cie
1906 2618 2144 2688 turpium
2190 2618 2508 2673 animalium
2554 2636 2828 2690 pugnasse
2881 2629 3222 2676 asseruntur.
3262 2623 3320 2676 In
3341 2622 3418 2678 fe-

128 2698 279 2755 donuo
306 2702 582 2759 Willermo
638 2704 840 2761 abbate
900 2707 1241 2773 venerando,
1274 2714 1609 2778 strenueque
1644 2707 1699 2760 in
1801 2707 2039 2761 stivitate
2090 2714 2438 2777 pentecostes
2487 2709 2652 2763 David
2714 2725 2805 2762 rex
2860 2710 3147 2764 Scotorum
3181 2712 3419 2766 accinxit

127 2803 178 2841 eo
202 2791 388 2857 vivens,
419 2795 715 2850 laudabilis
777 2795 886 2850 vite
939 2812 1038 2851 sue
1089 2812 1306 2851 cursum
1354 2797 1506 2869 virgo
1529 2812 1696 2849 senex
1798 2798 1964 2852 armis
2007 2798 2334 2852 militaribus
2409 2799 2700 2853 Ilenricum
2760 2800 3190 2872 primogenitum
3243 2800 3415 2857 lilium

126 2878 320 2937 linivit6
348 2885 523 2942 Nonas
570 2887 722 2955 Julii,
779 2887 1010 2943 sabbato
1042 2888 1184 2942 infra
1224 2895 1443 2942 octavas
1472 2894 1697 2958 aposto-
1798 2890 1955 2945 ducis
1976 2890 2219 2944 Gaufridi
2274 2898 2327 2945 ct
2382 2892 2561 2962 neptis
2616 2909 2716 2946 sue
2748 2892 2981 2946 Matildis
3026 2893 3414 2963 imperatricis,

126 2972 262 3028 lorum
287 2977 418 3032 Petri
476 2988 529 3034 et
562 2978 739 3044 Pauli,
807 2979 954 3034 circa
1006 2981 1070 3034 10
1113 2981 1300 3034 horam
1356 2979 1486 3043 diei,
1548 2994 1693 3033 anno
1797 2980 1890 3050 qui
1935 2995 2081 3034 anno
2140 2982 2400 3050 pretcrito
2453 2982 2695 3050 (1114)ἀο
2724 2981 3130 3036 Normanniain
3162 2982 3412 3053 Angliam

123 3066 247 3120 etatis
268 3084 357 3123 sue
406 3069 495 3138 65,
565 3071 927 3126 monachatus
966 3086 1095 3126 vero
1154 3072 1243 3125 50.
1294 3071 1452 3126 Rexit
1510 3080 1695 3126 autem
1803 3068 2260 3125 transfretaverat.
2298 3070 2501 3125 Eodem
2547 3086 2692 3125 anno
2739 3070 2884 3125 circa
2914 3076 3216 3144 Augustum
3253 3072 3416 3126 rediit

119 3155 345 3215 abbatiam
373 3161 476 3216 sibi
528 3163 885 3217 commissam
947 3163 1269 3234 prudenter,
1302 3171 1493 3234 utpote
1550 3162 1698 3218 ﬁlius
1722 3147 1770 3215 Ο
1802 3160 2109 3215 Ludovicus
2183 3176 2278 3215 rex
2361 3161 2691 3216 Francorum
2761 3159 2830 3215 de
2896 3161 3217 3215 Jerusalem.
3291 3160 3415 3215 Fuit

122 3243 359 3318 religionis
387 3258 438 3304 et
473 3255 668 3321 postea
718 3258 875 3321 pater
902 3261 956 3307 et
1010 3251 1134 3322 pius
1172 3258 1403 3315 amator,
1432 3252 1591 3306 annis
1623 3252 1691 3306 10
1806 3250 2035 3320 hyemps
2059 3250 2295 3304 maxima
2317 3249 2492 3305 tribus
2520 3250 2804 3305 mensibus
2834 3250 3119 3316 continua,
3153 3257 3259 3305 tam
3292 3250 3417 3305 lior-

124 3341 163 3387 et
186 3336 356 3395 diebus
380 3342 465 3398 23.
1794 3341 1991 3408 ribilis,
2022 3349 2080 3396 ut
2113 3342 2334 3413 quidam
2393 3343 2674 3397 hominum
2723 3359 2820 3413 pre
2864 3343 3035 3397 nimio
3064 3341 3283 3414 frigoris
3313 3342 3415 3397 do-

203 3431 275 3484 Ad
294 3436 542 3501 patriam,
571 3450 674 3505 pro
703 3452 813 3506 qua
840 3439 1083 3506 suspiria
1113 3441 1270 3492 tanta
1298 3437 1518 3502 dedisti,
1794 3434 1907 3490 lore
1941 3436 1997 3488 in
2028 3434 2292 3488 membris
2315 3436 2429 3489 suis
2468 3435 2787 3490 lederentur
2817 3453 2831 3502 ;
2865 3435 3149 3506 quaetiam
3181 3449 3412 3488 reman-

296 3525 449 3592 Hinc,
471 3528 892 3597 Lctardepater,
924 3544 1085 3585 carne
1112 3530 1316 3583 solutus
1343 3530 1479 3583 abis.
1797 3523 1867 3577 sit
1896 3538 1962 3576 ex
2019 3523 2254 3578 maxima
2297 3531 2449 3593 parte
2494 3524 2732 3579 vernalis
2779 3524 3139 3598 agricultura,
3181 3530 3235 3578 et
3281 3523 3415 3578 inde

205 3618 258 3671 ιη
281 3623 515 3688 patribus
544 3626 754 3689 sextus,
783 3626 1041 3692 quoniam
1068 3626 1338 3694 perfectus
1376 3629 1423 3678 ει
1452 3626 1589 3693 ipse,
1797 3611 2096 3682 subsequta
2142 3618 2224 3665 est
2267 3627 2466 3685 magna
2514 3613 2790 3670 sterilitas.
2835 3615 3039 3668 lterum
3060 3612 3412 3668 combustum

298 3710 499 3765 Premia
524 3726 648 3766 cum
669 3712 925 3781 patribus
938 3713 1177 3781 percipis
1208 3713 1392 3780 ampla
1428 3712 1550 3766 luis.
1798 3710 1881 3758 est
1901 3703 2293 3758 monasterium
2323 3703 2554 3758 corbeie
2579 3705 2670 3757 580_

208 3799 360 3854 Julius
385 3818 418 3854 a
445 3808 597 3858 sexto
626 3804 810 3860 Nonas
836 3804 1166 3873 preparabat
1189 3803 1263 3857 ad
1290 3804 1441 3866 Idus,

1868 3795 2273 3866 1150.[1151.]
2458 3796 2546 3851 13.
2766 3796 2853 3850 13.
3038 3796 3125 3851 15.

304 3893 474 3962 Tuque
501 3894 652 3948 datis
678 3897 874 3963 septem
900 3894 1156 3963 partibus
1177 3898 1290 3948 octo
1314 3895 1469 3947 metis
1496 3891 1581 3942 5"“.
1864 3887 2139 3942 Tebaldus
2172 3902 2359 3941 comes
2379 3886 2653 3941 Blesensis
2693 3886 3011 3940 Gaufridum
3030 3884 3204 3939 filium
3236 3886 3398 3940 ducis

183 3974 296 4033 Huic
326 3990 506 4039 sancto
546 3982 667 4038 viro
697 3984 964 4039 successit
998 3985 1217 4040 donnus
1250 3982 1516 4055 Rogerius
1546 3980 1694 4050 prior
1797 3980 2222 4035 Gaufridiarmis
2249 3977 2581 4033 militaribus
2631 3978 2931 4033 decoravit.
2980 3977 3182 4032 Everso
3233 3984 3411 4031 castro

130 4070 381 4137 secundus,
412 4073 466 4127 in
516 4083 756 4145 utroque
799 4080 1133 4129 testamento
1186 4074 1396 4143 aprime
1419 4073 1690 4140 eruditus,
1793 4071 2174 4127 Monasteriolo
2201 4087 2231 4125 a
2261 4070 2402 4124 duce
2431 4069 2714 4137 Gaufrido,
2739 4069 2971 4123 obsesso
3001 4067 3177 4122 tribus
3208 4067 3413 4121 castel-

133 4171 308 4216 necnon
327 4165 556 4222 clericali
589 4182 655 4221 ac
699 4166 933 4221 seculari
957 4165 1190 4220 scientia
1228 4166 1492 4220 decenter
1529 4180 1694 4219 orna-
1797 4165 1864 4219 lis
1893 4164 2126 4235 lapideis
2157 4179 2254 4233 per
2278 4171 2389 4217 tres
2417 4177 2610 4225 annos,
2649 4161 2797 4233 quod
2831 4160 3137 4215 inauditum
3168 4166 3251 4214 est
3285 4165 3407 4229 post

133 4256 216 4313 ius,
243 4260 288 4307 et
309 4256 371 4309 ab
408 4258 557 4313 omni
606 4257 973 4313 communiter
1010 4258 1436 4332 congregatione
1466 4257 1694 4324 electus,
1796 4255 1999 4310 Julium
2019 4254 2291 4319 Cesarem,
2339 4261 2499 4323 capto
2530 4252 2701 4307 etiam
2733 4250 2896 4306 Bellai
2929 4249 3153 4305 domino
3176 4247 3411 4313 castelli,

134 4336 174 4391 in
205 4341 320 4412 ipsis
347 4351 549 4406 octavis
580 4350 1231 4421 videlicetapostolorum
1267 4351 1407 4405 Petri
1437 4358 1492 4405 et
1521 4350 1693 4416 Pauli;
1799 4358 1988 4407 contra
2002 4350 2342 4405 voluntatem
2382 4355 2436 4402 et
2464 4347 2895 4418 prohibitionem
2938 4345 3110 4400 etiam
3142 4343 3288 4417 regis
3315 4341 3414 4395 Lu-

133 4434 525 4500 quibenedictus
562 4443 712 4514 apud
744 4443 1003 4499 Sanctum
1034 4442 1497 4516 Wandregisilum
1529 4444 1582 4497 in
1606 4444 1697 4498 die
1798 4443 2003 4509 dovici,
2049 4441 2175 4496 facti
2213 4449 2343 4496 sunt
2368 4439 2579 4494 inimici
2624 4438 2932 4493 adinvicem
2948 4453 3041 4492 rex
3059 4445 3114 4490 et
3134 4436 3244 4491 dux
3276 4434 3412 4489 Nor-

1442 4545 1661 4599 VARUE
1690 4545 2063 4601 LECTIONES.

193 4634 499 4716 ‘Y’Ainaldus
526 4644 630 4713 (ita
654 4645 736 4711 E,.
766 4675 833 4685 —
895 4645 1162 4716 principis
1214 4647 1271 4698 in
1329 4644 1384 4698 Ε.
1418 4646 1575 4699 addit
1630 4646 1887 4701 Robertu‘s
1935 4648 2086 4715 ipse;
2126 4644 2317 4699 desunt
2354 4640 2445 4697 8d.
2477 4641 2548 4675 ⁵⁷⁸
2594 4639 2808 4694 Premia
2832 4669 2902 4678 —
2933 4637 3092 4692 metis
3123 4639 3181 4691 in
3207 4649 3413 4690 rasura

135 4708 319 4792 scripsit
342 4708 591 4792 Robertus
635 4708 760 4771 Post
794 4708 909 4771 hae-.5
932 4708 1150 4792 7b.‘8'd.
1186 4716 1399 4792 addunt
1434 4733 1446 4769 :
2071 4708 2081 4713 ⁷
2171 4786 2180 4792 _
2483 4790 2489 4792 _
2622 4782 2633 4792 .
2869 4782 2879 4792 .

190 4775 436 4863 ﬁgmenti
467 4803 696 4863 granum
718 4803 1013 4842 remanens
1046 4787 1099 4841 in
1129 4787 1336 4858 cespite
1356 4802 1577 4863 sanum,
1881 4859 1918 4863 _
1958 4788 2014 4841 Si
2046 4786 2272 4863 patriam
2303 4790 2517 4863 queret,
2542 4782 2636 4863 qui
2667 4782 2993 4863 peregrinus
3025 4786 3159 4863 erat.

250 4850 416 4934 0°99“
444 4850 734 4927 ιῆηνυθτίῐτ
768 4874 1017 4913 crescere
1049 4874 1157 4912 non
1194 4850 1413 4928 poterit.
1564 4850 1572 4854 ⁷
1880 4850 2360 4934 Tutet'al)__e_tern'o
2395 4856 2535 4908 Deus
2561 4850 3034 4934 huriemiseratus
3062 4855 3297 4916 Averno,

192 4916 389 5005 Signisi
427 4916 610 4983 nostra
636 4916 762 5005 caro
789 4930 984 4983 mortis
1014 4916 1267 5005 tangatur
1288 4944 1493 5005 amaro.
1878 4928 2214 5005 Detquesibi
2242 4943 2473 5000 regnum
2500 4926 2687 5005 celesti
2722 4925 2929 5005 lumine
2951 4922 3178 5005 plenum

253 4991 566 5083 Percurreps
590 5000 827 5055 stadium
853 5015 963 5055 non
986 4991 1181 5083 recib'it
1212 4999 1477 5083 brevium.
1871 4991 2038 5083 Xirg'o
2075 5000 2165 5054 Dei
2191 4991 2380 5080 mater,
2400 5013 2468 5050 ne
2499 4996 2932 5083 spiritus‘a-tterat
2953 4991 3097 5083 ater,

196 5058 461 5142 EEKQSCire
484 5070 670 5142 datur,
694 5072 841 5142 quod
876 5087 985 5127 non
1010 5058 1168 5126 dcc-et
1189 5079 1250 5124 ut
1270 5070 1539 5142 deleatur.
1645 5141 1648 5142 ν
1763 5141 1766 5142 ν
1867 5058 2384 5142 Οὺῐῗηθθῐνυςξὶιξιηέ
2413 5058 2642 5139 regnum
2672 5066 3250 5142 sibi_lnmini_s_pptans

194 5130 587 5223 mwviriquidem
636 5130 736 5196 iste
768 5173 833 5182 ——
874 5142 1173 5223 invigilans
1222 5142 1416 5220 desunt
1615 5141 1683 5222 δξθ
1724 5141 1977 5223 Magister
2016 5175 2079 5183 —
2112 5130 2326 5223 noverit
2356 5144 2418 5223 in_
2450 5130 2646 5223 νᾷειιζα
2693 5139 2960 5223 ,Ποὸρςτίξρε
2988 5136 3059 5223 Am
3092 5130 3408 5223 ’ῐηοηίμξξξξξξ

196 5204 689 5286 ρξῐιεηὰεἰνίῐίιθειιηι
716 5213 808 5269 8b.
841 5213 909 5249 ⁵⁸0
932 5204 1077 5268 Obiit
1134 5212 1397 5266 llenricus
1456 5204 2119 5286 Filgeriarumwdominus,
2172 5214 2234 5268 ‘in
2293 5211 2543 5267 aacclesia
2583 5209 2859 5282 Savigneii
2898 5209 3072 5262 factus
3109 5204 3413 5261 monachus

142 5270 247 5325 add.
275 5275 324 5330 2.

1645 5354 1850 5409 NOTAE.

198 5433 319 5516 (ἕῳ)
466 5458 627 5516 spera
660 5446 743 5500 σοι
782 5446 907 5511 9‘35,
938 5446 1061 5502 375.
1889 5441 2035 5516 (6M)
2068 5445 2228 5516 Anno
2281 5444 2460 5516 gratia
2516 5439 2706 5516 1119,_
2737 5439 3098 5516 ηυςῃςριΜᾳίο
3128 5436 3413 5516 mrdian-te,

202 5504 710 5589 1§9”“§:.§‘1'Vigny
750 5504 943 5571 Gesch.
1007 5517 1105 5571 des
1153 5516 1309 5570 item.
1356 5516 1557 5572 ltechts
1624 5517 1708 5584 IV,
1821 5504 2760 5589 dicitiGervasiusillurolierncnsis.
2805 5509 2939 5561 lllud
2969 5512 3060 5588 pio
3094 5510 3290 5589 mensis
3321 5507 3417 5589 ,(11-

147 5573 502 5658 θλῗέθδδίο
602 5573 635 5589 υ
679 5574 695 5587 ”
1695 5573 1706 5584 ’
1817 5587 2025 5650 mutrii,
2060 5583 2191 5638 dicit
2248 5583 2536 5658 Gervasius
2591 5573 3048 5658 lloroliernciisis,
3102 5573 3416 5658 tamen-diri-

206 5641 328 5718 βοὶ)
358 5651 870 5716 Montreuil-Bellai.
1818 5656 1965 5708 bium
2000 5641 2108 5710 non
2137 5662 2240 5717 est,
2306 5653 2595 5706 Henricnin
2651 5666 2799 5705 arma
2838 5641 3121 5718 accepisse
3161 5663 3206 5699 ξι.
3257 5641 3410 5696 1149.

208 5715 327 5787 “603)
361 5722 623 5783 Gcrardus
649 5728 716 5783 de
758 5715 948 5783 Berlai.
