3858 6206
411 329 515 380 467

569 468 925 508 ROMANOBUM.
1077 469 1417 509 FRANCORUM.
1567 474 1596 509 Α
1613 472 1881 510 NGLORUM.

411 545 631 600 mannie
655 544 971 611 Gaufridus,
1033 546 1152 599 Jam
1197 562 1341 601 anno
1372 547 1633 618 preterito
1664 549 1807 618 (605)
1844 548 2034 603 Henri-

405 655 501 693 cus
529 638 674 693 ﬁlius
705 637 864 693 ducis
894 638 961 693 de
992 639 1183 710 Anglia
1215 640 1473 705 redierat,
1505 647 1558 695 et
1586 647 1741 711 pater
1760 657 1894 695 suus
1915 641 2033 695 red-

408 729 621 783 diderat
644 729 695 783 ei
730 728 1087 783 hereditatem
1132 746 1285 783 suam
1314 745 1378 784 ex
1403 739 1557 799 parte
1593 730 2030 793 matris,sci|ieet

410 817 669 872 ducatum
718 817 1070 873 Normannie.
1122 818 1277 871 Facta
1343 818 1529 888 itaque
1559 818 1836 873 discordia
1888 818 2028 873 inter

409 924 596 982 regem
628 915 681 964 et
720 908 1001 973 comitem,
1025 909 1173 962 venit
1203 924 1293 962 rex
1327 925 1448 963 cum
1484 926 1684 984 magna
1716 910 1944 976 milicia,
1976 916 2029 964 et

409 997 733 1051 Eustachius
759 996 906 1052 ﬁlius
936 998 1079 1069 regis
1109 998 1371 1068 Stephani
1402 1015 1524 1052 cum
1555 1015 1620 1053 eo
1653 999 1706 1052 in
1759 1000 2027 1053 Norman-

407 1090 553 1142 niam
585 1095 712 1143 ante
745 1089 1027 1143 castellum
1062 1089 1282 1143 Archas.
1316 1088 1479 1144 Affuit
1512 1090 1720 1144 ibidem
1766 1091 2029 1145 Henricus

406 1186 630 1234 econtra
659 1180 766 1233 dux
808 1180 1266 1245 Normannorum,
1310 1196 1434 1234 cum
1495 1181 1803 1235 admirabili
1869 1197 2032 1236 exer-

405 1271 514 1325 citu
573 1272 1029 1338 Normannorum,
1110 1273 1613 1347 Andegavensium,
1697 1274 2028 1339 Britonum;

405 1364 504 1418 sed
531 1365 807 1435 principes
838 1366 1111 1420 exercitus
1138 1366 1278 1436 ejus.
1314 1367 1407 1437 qui
1432 1368 1764 1423 maturiores
1790 1383 1854 1422 eo
1880 1373 2035 1422 erant

409 1460 461 1506 et
494 1456 726 1511 consilio
754 1464 809 1511 et
848 1463 1010 1522 etate,
1041 1473 1151 1511 non
1200 1458 1589 1529 permiserunt,
1633 1467 1690 1514 ut
1747 1476 1871 1514 cum
1905 1475 2032 1531 rege

410 1540 635 1597 domino
695 1560 794 1598 suo
850 1544 1301 1617 congrederetur,
1357 1545 1462 1599 nisi
1518 1547 1755 1616 amplius
1796 1546 1946 1600 illum
1982 1546 2035 1599 in

409 1630 595 1702 aliquo
627 1648 791 1702 quam
815 1638 973 1685 antea
1006 1632 1608 1704 fecerat,0pprimeret.
1642 1635 1843 1689 Eodem
1867 1650 2032 1688 annos

412 1722 575 1790 paulo
616 1731 762 1787 ante,
808 1723 953 1777 idem
1023 1724 1133 1778 (lux
1182 1725 1478 1780 obsederat
1533 1726 1818 1780 castellum
1842 1726 2035 1780 Torin-

413 1811 619 1876 nt-ium,
654 1811 749 1863 sed
783 1818 1012 1880 propter
1054 1811 1349 1865 adventum
1389 1812 1533 1882 regis
1573 1812 1775 1867 infecto
1810 1813 2032 1887 negotio

413 1900 741 1955 discesserat
776 1919 788 1954 :
822 1900 1125 1956 combustis
1167 1908 1349 1955 tamen
1390 1902 1647 1956 domibus
1675 1902 1817 1957 infra
1848 1919 2032 1958 muros

412 2009 589 2065 usque
638 1993 706 2046 ad
762 2000 967 2047 turrem
1002 2002 1056 2048 et
1113 2010 1335 2064 parvum
1389 1995 1672 2049 castellum
1705 1996 1849 2049 circa
1880 2012 2024 2051 eam.

412 2083 704 2138 Gaufridus
735 2099 920 2138 comes
978 2084 1393 2157 Andegavensis
1432 2086 1580 2155 cepit
1643 2086 1924 2140 castellum
1957 2087 2023 2140 de

412 2177 566 2229 Nube
599 2192 767 2246 super
799 2176 1092 2231 Robertum
1135 2177 1390 2231 comitem
1451 2177 1844 2240 Perticensem,
1878 2179 2023 2250 quod

409 2282 555 2321 anno
588 2267 847 2336 preterito
882 2267 1203 2336 perdiderat
1227 2284 1326 2338 per
1376 2268 1725 2323 traditionem
1758 2269 2039 2324 Johannes

414 2357 558 2412 ﬁlius
580 2357 845 2411 Willermi
878 2358 1123 2412 Talevaz.
1180 2358 1333 2413 Unde
1385 2376 1477 2414 rex
1511 2359 1823 2415 Ludovicus
1867 2360 2040 2418 iratus

412 2455 467 2501 et
498 2446 769 2501 Hobertus
791 2445 959 2500 frater
990 2448 1128 2517 ejus,
1164 2454 1503 2522 congregato
1530 2449 1740 2522 ingenti
1772 2450 2039 2525 exercitu,

409 2543 683 2592 venerunt
710 2554 885 2608 usque
925 2538 1145 2613 Sagium
1176 2539 1456 2595 civitatem
1490 2540 1756 2594 Willermi
1790 2541 2037 2597 Talevaz.

406 2636 459 2685 et
490 2647 609 2686 eam
647 2632 1067 2687 combuxerunt.
1124 2635 1323 2689 lterum
1375 2652 1470 2689 rex
1528 2635 1840 2691 Ludovicus
1896 2652 2026 2691 con-

404 2739 642 2797 gregans
667 2724 964 2778 exercitum
1025 2724 1093 2778 de
1128 2725 1278 2779 omni
1331 2732 1601 2796 potestate
1645 2743 1766 2791 sua,
1835 2743 2027 2781 mense

407 2811 630 2883 Augusti
678 2810 809 2866 fecit
857 2812 1009 2866 illum
1040 2813 1240 2868 deduci
1302 2830 1469 2884 super
1521 2815 1695 2885 ripam
1748 2816 2024 2887 Sequane,

406 2900 551 2954 inter
586 2901 903 2957 Mellentum
972 2910 1027 2958 et
1081 2903 1386 2958 Medantam
1457 2906 1623 2977 (606).
1683 2908 1757 2961 Ne
1797 2908 2027 2981 segnius

407 2988 698 3043 Gaufridus
742 3006 928 3044 comes
982 2992 1394 3063 Andegavensis
1444 3002 1499 3048 et
1555 2996 1821 3050 Henricus
1880 2996 2026 3051 ﬁlius

407 3082 548 3150 ejus,
578 3083 688 3136 dux
738 3083 1091 3149 Normannie,
1157 3101 1284 3140 suas
1322 3094 1569 3141 catervas
1597 3090 1934 3153 ordinantes,
1968 3091 2022 3144 in

405 3170 655 3242 margine
687 3170 916 3225 ducatus
946 3171 1279 3227 Normannie
1317 3189 1415 3227 sua
1433 3173 1716 3229 defensuri
1752 3177 2025 3231 consede-

410 3263 556 3312 runt.
592 3258 839 3323 Interim,
870 3260 1035 3314 credo
1075 3260 1437 3332 dispositione
1477 3263 1686 3331 divina,
1729 3281 1839 3336 que
1871 3266 2028 3320 vide-

409 3349 525 3416 bat,
567 3350 849 3424 negotium
878 3349 1011 3404 illud
1035 3367 1144 3406 non
1176 3368 1339 3423 posse
1372 3352 1515 3407 ﬁniri
1547 3354 1668 3409 sine
1699 3356 1869 3411 multa
1890 3356 2026 3413 eﬁ‘u-

415 3441 572 3496 sione
600 3442 826 3495 humani
870 3444 1181 3517 sanguinis,
1231 3444 1275 3498 si
1305 3452 1534 3517 uterque
1574 3448 1843 3502 exercitus
1897 3450 2025 3505 hinc

415 3536 543 3590 inde
569 3536 908 3601 conveniret,
950 3554 1040 3591 rex
1090 3538 1396 3594 Ludovicus
1450 3540 1503 3593 in
1535 3541 1753 3597 civitate
1787 3542 2025 3599 Parisius

413 3638 573 3686 acuta
595 3629 1125 3701 febreinterceptus,
1174 3632 1315 3688 lecto
1334 3635 1697 3703 prosternitur
1734 3638 2025 3707 (Augﬁﬁ).

413 3720 518 3775 Hac
549 3720 618 3774 de
648 3735 811 3775 causa
858 3721 1197 3790 sapientibus
1254 3723 1387 3778 viris
1445 3740 1510 3778 ac
1553 3724 1825 3800 religiosis
1856 3727 2028 3782 inter-

409 3813 779 3879 currentibus,
813 3831 876 3868 ex
901 3822 1134 3886 utraque
1183 3823 1334 3887 parte
1366 3818 1563 3873 dantur
1592 3828 1647 3874 et
1674 3821 2028 3892 accipiuntur

407 3907 655 3974 inducie,
684 3908 862 3963 donec
878 3926 968 3964 rex
992 3910 1420 3967 convalesceret.
1439 3912 1554 3976 Quo
1584 3914 2021 3982 convalescente,

408 3998 504 4052 Dei
552 3998 932 4053 misericordia
988 4001 1257 4054 serenitas
1303 4001 1454 4071 pacis
1512 4002 1773 4069 refulsit;
1809 4004 2024 4060 reddito

410 4086 642 4142 Geraldo
674 4087 869 4152 Berlai,
900 4104 999 4157 pro
1063 4104 1172 4159 quo
1204 4089 1257 4142 in
1298 4090 1534 4145 maxima
1562 4099 1717 4161 parte
1748 4092 2026 4148 discordia

408 4181 543 4242 erat,
585 4182 638 4229 et
659 4191 787 4248 rege
826 4183 1140 4229 assumente
1172 4177 1479 4232 hominium
1516 4178 1734 4234 Henrici
1766 4181 1923 4235 ducis
1954 4182 2023 4236 de

407 4266 608 4321 ducatu
640 4266 992 4320 Normannie.
1037 4266 1167 4321 Cum
1201 4266 1366 4339 igitur
1415 4285 1446 4322 a
1498 4269 1717 4325 civitate
1784 4271 2025 4327 Parisius

405 4360 660 4425 uterque,
688 4353 901 4408 scilicet
947 4362 1102 4424 pater
1127 4360 1179 4408 et
1210 4354 1380 4422 ﬁlius,
1407 4356 1502 4411 leti
1525 4357 1930 4428 discessissent,
1963 4369 2019 4415 et

407 4447 517 4504 dux
539 4449 807 4504 Henricus
838 4450 1098 4520 jussisset
1151 4452 1474 4525 congregari
1505 4468 1699 4509 omnes
1727 4454 2018 4511 obtimatcs

408 4536 743 4594 Normannie
811 4537 956 4607 apud
1027 4538 1290 4593 Luxovias
1354 4540 1407 4594 in
1471 4540 1609 4595 festo
1674 4543 2020 4599 exaltationis

409 4634 597 4682 sancte
627 4626 806 4681 crucis
844 4627 1091 4698 proxime
1135 4634 1389 4695 venturo,
1433 4629 1690 4699 quatinus
1723 4630 1791 4684 de
1823 4629 2020 4685 itinere

409 4732 510 4773 suo
568 4718 623 4771 in
684 4718 931 4792 Angliam
990 4734 1115 4773 eum
1165 4719 1246 4773 eis
1276 4721 1733 4791 tractarntzapud
1783 4728 2017 4777 castrum

414 4804 709 4875 Ledi(607)
762 4814 917 4876 pater
946 4808 1067 4876 ejus
1126 4808 1378 4879 pluribus
1432 4809 1633 4864 diebus
1680 4812 1832 4884 gravi
1864 4811 2019 4867 febre

412 4899 659 4958 vexatus,
698 4894 839 4949 viam
866 4897 1119 4951 universe
1151 4889 1332 4952 carnis
1389 4899 1667 4972 ingressus
1694 4907 1798 4969 est,
1829 4903 1861 4954 '7
1894 4902 2024 4957 ldus

414 4979 778 5050 Septembris,
809 4984 890 5037 vir
918 5002 1117 5060 magne
1169 4987 1461 5057 probitatis
1498 4997 1552 5043 et
1588 4988 1877 5056 industrie,
1909 4990 2025 5046 suis

412 5068 700 5125 indeﬁnite
757 5072 1120 5147 plangendus.
1182 5079 1275 5134 Hic
1323 5080 1475 5135 solus
1525 5081 1769 5135 omnium
1819 5089 2023 5137 morta-

414 5160 555 5213 lium
587 5158 727 5213 intra
744 5176 929 5217 muros
967 5165 1200 5221 civitatis
1242 5168 1603 5225 Cenomanice
1634 5162 2020 5240 sepultus‘est;

414 5248 673 5305 conditus
726 5259 808 5307 est
861 5254 1006 5308 enim
1050 5256 1105 5310 in
1156 5259 1389 5315 ecclesia
1417 5261 1592 5316 sancti
1642 5260 1867 5329 Juliani,
1898 5271 2024 5317 ante

417 5336 739 5395 cruciﬁxum

1633 330 1973 385 SltlEBEliTl
2018 330 2525 386 GEMBLACENSIS.

2062 463 2111 530 Α
2208 462 2344 514 Huic
2374 463 2511 515 Deus
2537 465 2779 513 etcmum
2805 460 3012 514 tribuat
3036 460 3385 516 conscendere
3414 475 3656 529 regnum.

3651 336 3741 389 468

2208 532 2479 596 Quatinus
2511 532 2774 597 angelicis
2800 533 2995 586 turmis
3017 536 3309 598 conregnet
3334 548 3399 586 κη
3429 548 3609 587 cuum.

2207 635 2301 689 Hic
2339 642 2464 689 ante
2491 642 2720 689 mortem
2761 635 2994 691 Henrico
3016 635 3143 691 duci
3170 637 3532 703 Normannie,
3561 638 3746 710 primo-

2131 726 2318 797 genito
2362 741 2483 791 suo,
2539 726 2814 781 concessit
2864 727 3180 781 comitatum
3250 728 3742 802 Andegavensem;

2130 813 2385 869 Gaufrido
2420 830 2549 870 vero
2594 815 2840 869 secundo
2897 814 3009 870 ﬁlio
3057 816 3211 870 dedit
3241 823 3487 887 quatuor
3507 818 3741 871 castella.

2132 905 2330 959 Eodem
2363 921 2508 959 anno
2565 916 2816 960 mortuus
2873 904 3053 960 fuerat
3084 905 3337 978 Sigerius
3368 905 3548 961 abbas
3576 908 3744 962 Sancti

2132 993 2361 1047 Dionisii
2416 994 2596 1062 (1152,
2652 997 2776 1047 Jan.
2841 993 2946 1060 13),
3002 995 3096 1065 qui
3167 994 3316 1049 idem
3356 995 3744 1051 monasterium

2132 1085 2492 1151 ornamentis,
2551 1085 3001 1155 possessionibus
3070 1092 3124 1139 et
3164 1086 3404 1141 cdiﬁciis
3458 1088 3743 1159 plurimum

2132 1184 2376 1231 auxerat.
2432 1177 2708 1231 Successit
2758 1178 2810 1232 ei
2851 1177 2965 1232 0do
2999 1179 3306 1233 monachus
3336 1179 3597 1248 ejusdem
3631 1180 3744 1247 loci,

2133 1266 2227 1337 qui
2256 1282 2402 1321 anno
2430 1268 2701 1338 preterito
2733 1266 2911 1321 fuerat
2936 1267 3109 1322 abbas
3138 1268 3475 1323 constitutus
3506 1268 3563 1322 in
3587 1269 3745 1324 eccle-

2136 1359 2215 1413 sia
2240 1359 2587 1430 Compendii,
2630 1361 2853 1431 quando
2910 1377 3002 1414 rex
3064 1362 3367 1416 monachos
3399 1362 3591 1416 Sancti
3625 1362 3744 1417 Dio-

2136 1449 2261 1502 nisii
2292 1450 2495 1503 ibidem
2527 1456 2805 1519 posuerat.
2834 1449 3080 1504 Decessit
3105 1450 3269 1504 etiam
3298 1451 3746 1523 Algarusepisco-

2141 1554 2241 1607 pus
2286 1537 2742 1604 Constantiensis,
2806 1539 2889 1593 vir
2937 1539 3235 1595 admodum
3301 1540 3621 1613 religiosus,
3668 1542 3745 1613 qui

2138 1626 2434 1681 canonicos
2482 1628 2762 1697 regulares
2813 1628 2999 1698 posuit
3033 1628 3085 1681 in
3120 1629 3355 1683 ecclesia
3380 1630 3562 1683 sancti
3594 1630 3745 1684 Laudi

2097 1777 2109 1797 ι
2138 1716 2205 1769 de
2236 1716 2571 1783 Constantia,
2601 1726 2655 1772 et
2707 1719 2760 1772 in
2801 1719 3035 1773 ecclesia
3092 1720 3265 1775 sancti
3325 1720 3498 1775 Laudi
3558 1721 3745 1776 Rotho-

2136 1813 2432 1883 magensis,
2465 1823 2519 1867 et
2564 1814 2618 1869 in
2660 1814 2895 1869 ecclesia
2949 1816 3018 1869 de
3043 1815 3461 1888 Cesarisburgo.
3499 1816 3597 1871 Cui
3638 1834 3745 1871 suc-

2132 1901 2299 1955 cessit
2341 1902 2606 1957 Hicardus
2656 1904 2901 1958 decanus
2974 1904 3304 1974 Bajocensis.
3362 1905 3562 1959 Fames
3619 1922 3744 1976 pene

2132 1992 2375 2047 inaudita
2404 2002 2652 2064 tempore
2694 1994 2979 2065 preterito,
3033 1996 3360 2065 mortalitas,
3400 2012 3563 2051 sacer
3594 1997 3742 2071 ignis,

2128 2082 2424 2137 humanum
2483 2101 2659 2157 genus
2736 2085 2970 2140 maxime
3025 2086 3387 2157 pauperiores
3456 2089 3744 2143 admodum

2125 2183 2300 2230 vexat.
2364 2176 2422 2229 ln
2475 2177 2714 2232 adventu
2780 2177 2997 2232 Domini
3058 2178 3473 2234 inundaverunt
3532 2180 3745 2234 ﬁumina

2138 2268 2281 2322 ultra
2317 2269 2559 2332 solitum,
2593 2270 2911 2339 dejicientia
2964 2279 3161 2341 pontes
3210 2272 3373 2327 etiam
3428 2274 3680 2344 lapideos
3702 2281 3747 2327 et

2142 2362 2335 2417 domos
2361 2364 2589 2418 vicinas.
2613 2364 2960 2419 Terremotus
3010 2364 3183 2420 factus
3226 2378 3307 2421 est
3335 2368 3393 2421 in
3423 2378 3591 2424 nocte
3612 2369 3746 2424 festi-

2142 2449 2324 2505 vitatis
2371 2453 2542 2507 sancti
2611 2453 2879 2508 Nicholai.
2950 2453 3215 2509 Henricus
3259 2455 3366 2509 dux
3425 2456 3746 2511 Normannie

2141 2549 2397 2613 receptus
2435 2552 2518 2598 est
2572 2545 2626 2598 in
2679 2560 2812 2615 pace
2853 2544 2921 2599 ab
2961 2546 3395 2620 Andegavensis,
3436 2547 3743 2603 ﬁdelitatem

2129 2630 2236 2684 sibi
2273 2631 2602 2687 facientibus
2634 2650 2648 2699 ;
2682 2642 2736 2686 et
2757 2632 2837 2687 sic
2867 2632 3041 2688 factus
3069 2645 3151 2688 est
3173 2635 3283 2689 dux
3313 2635 3742 2692 Normannorum

2130 2729 2183 2777 et
2212 2739 2396 2779 comes
2429 2725 2931 2797 Andegavensium.

2200 2814 2357 2870 1151.
2393 2816 2594 2887 [1152]
2703 2818 2985 2873 Conradus
3031 2820 3110 2872 14.
3188 2819 3504 2875 Ludovicus
3559 2823 3645 2876 14.

2723 2906 3034 2976 Stephanus
3071 2908 3153 2962 16.

2199 2998 2368 3067 (Jan)
2399 2998 2545 3053 Obiit
2564 2999 2901 3053 venerabilis
2920 3016 3109 3055 comes
3139 2999 3416 3056 Tebaldus
3442 3001 3727 3070 Blesensis,

2128 3105 2303 3159 nepos
2335 3088 2480 3161 regis
2531 3090 2745 3144 Henrici
2792 3098 2847 3145 et
2902 3090 3069 3145 frater
3122 3092 3389 3161 Stephani
3447 3093 3733 3167 Anglorum

2126 3178 2293 3251 regis,
2351 3178 2609 3249 princeps
2664 3194 2862 3253 magne
2918 3180 3222 3234 sanctitatis
3278 3187 3333 3234 et
3382 3182 3652 3256 largitatis
3688 3184 3734 3237 in

2129 3285 2421 3339 pauperes.
2455 3269 2589 3324 Huic
2629 3280 3014 3325 successerunt
3048 3277 3159 3326 tres
3190 3269 3289 3325 ﬁlii
3343 3273 3451 3326 sui.
3488 3274 3741 3329 Henricus

2128 3363 2529 3437 primogenitus
2606 3364 2799 3420 habuit
2867 3365 3184 3420 comitatum
3258 3366 3632 3424 Tricassinum
3691 3374 3740 3422 et

2129 3455 2605 3526 Campaniensem,
2673 3464 2727 3511 et
2783 3457 3048 3528 quicquid
3091 3464 3248 3527 pater
3300 3459 3424 3525 ejus
3485 3460 3737 3515 habuerat

2126 3553 2277 3602 trans
2303 3549 2615 3619 Sequanam
2647 3567 2660 3614 ;
2693 3548 2966 3603 Tebaldus
3019 3547 3164 3603 ﬁlius
3202 3550 3484 3605 secundus
3516 3551 3735 3607 comita-

2133 3647 2240 3693 tum
2268 3639 2683 3709 Carnotensem,
2746 3640 3084 3706 Blesensem,
3133 3657 3335 3715 pagum
3390 3628 3735 3707 Dunensem;

2128 3729 2440 3798 Stephanus
2469 3729 2676 3784 tercius
2730 3727 2878 3782 ﬁlius
2927 3729 3196 3789 honorem
3246 3729 3481 3785 Sincerii
3508 3731 3647 3802 (608)
3683 3731 3733 3784 in

2128 3835 2269 3894 pago
2304 3820 2647 3875 Bituricensi.
2671 3823 2851 3889 (Mart.
2886 3818 2995 3888 15.)
3020 3820 3221 3875 Eodem
3238 3838 3385 3877 anno
3424 3824 3564 3878 obiit
3596 3823 3725 3877 Con-

2129 3912 2291 3966 radus
2338 3913 2637 3982 imperator
2690 3913 3084 3977 Romanorum,
3129 3913 3223 3983 qui
3269 3921 3613 3969 successerat
3644 3914 3735 3969 Lo-

2127 4000 2324 4065 thario,
2387 4016 2560 4070 nepos
2602 4000 2820 4055 Henrici
2882 4001 2946 4054 IV
3002 4000 3182 4055 mariti
3228 4002 3619 4073 imperatricis.
3652 4003 3733 4057 Hic

2128 4104 2410 4158 nunquam
2430 4086 2533 4141 fuit
2554 4087 2723 4142 Rome
2748 4095 3079 4151 coronatus;
3113 4088 3240 4144 ideo
3281 4105 3396 4145 non
3417 4097 3565 4147 recte
3597 4105 3736 4146 voca-

2128 4186 2214 4233 tur
2245 4178 2562 4247 imperator,
2582 4178 2679 4232 sed
2732 4194 2826 4233 rex
2857 4178 3285 4234 Allemanorum.
3323 4182 3465 4237 Huic
3489 4182 3731 4238 successit

2126 4267 2447 4322 Fredericus
2474 4283 2650 4338 nepos
2684 4269 2825 4337 ejus,
2856 4268 2965 4324 dux
3011 4268 3336 4324 Suevorum.
3374 4269 3578 4344 [1152.]
3623 4271 3729 4325 Orta

2127 4356 2403 4411 simultate
2442 4356 2587 4412 inter
2644 4372 2828 4431 regem
2878 4356 3209 4413 Francorum
3280 4359 3620 4415 Ludovicum
3676 4367 3724 4413 et

2122 4460 2346 4499 uxorem
2377 4445 2890 4519 ejus,congregatis
2926 4445 3208 4518 religiosis
3247 4448 3506 4517 personis
3530 4450 3583 4503 in
3613 4463 3734 4520 qua-

2123 4539 2433 4612 dragesima
2485 4540 2629 4611 apud
2709 4540 3095 4612 Balgenceium
3125 4581 3139 4606 ,
3224 4541 3354 4597 dato
3403 4550 3732 4599 sacramento

2121 4644 2304 4683 coram
2335 4627 2769 4699 archiepiscOpis
2828 4634 2883 4683 et
2933 4628 3236 4698 episcopis,
3285 4631 3438 4701 quod
3501 4647 3730 4687 consan-

2120 4718 2307 4790 guinei
2336 4727 2545 4784 essent,
2578 4718 2816 4788 separati
2864 4726 2991 4773 sunt
3042 4720 3372 4775 auctoritate
3435 4720 3733 4777 christiani-

2121 4809 2265 4864 tatis.
2321 4809 2502 4878 (Mart.
2558 4808 2669 4879 18.)
2719 4808 2847 4863 Post
2900 4809 3146 4864 clausum
3202 4812 3411 4880 pascha
3484 4813 3734 4867 Henricus

2127 4901 2235 4954 dux
2275 4900 2715 4954 Normannorum
2759 4907 2815 4954 et
2876 4915 3062 4956 comes
3122 4901 3566 4974 Andegavensis,
3600 4900 3731 4972 apud

2128 4988 2392 5044 Luxovias
2430 4989 2782 5063 congregatis
2825 4989 3122 5044 comitibus
3160 4990 3502 5047 Normannie
3534 5001 3587 5047 et
3623 4989 3731 5045 aliis

2125 5081 2480 5151 primoribus,
2505 5081 2575 5135 de
2598 5079 2794 5135 itinere
2825 5096 2925 5136 suo
2970 5081 3025 5134 in
3059 5081 3312 5154 Angliam
3353 5099 3480 5138 cum
3510 5083 3613 5139 illis
3637 5089 3732 5136 tra-

2124 5174 2307 5228 ctavit.
2329 5173 2565 5228 Venerat
2602 5173 2750 5228 enim
2795 5172 2853 5227 in
2906 5172 3341 5245 quadragesima
3374 5191 3475 5245 pro
3507 5191 3573 5231 eo
3605 5172 3723 5227 Bai-

2128 5263 2326 5318 naldus
2353 5262 2655 5319 avunculus
2679 5262 2823 5331 ejus,
2862 5277 3050 5318 comes
3080 5261 3380 5318 Cornubie.
3420 5264 3574 5319 Circa
3596 5277 3725 5334 pen-

2126 5361 2371 5409 tecosten
2419 5354 2683 5410 Henricus
2730 5354 2837 5409 dux
2894 5352 3257 5423 Normannie,
3299 5355 3416 5411 sive
3457 5354 3725 5429 repentino

1980 5461 2188 5517 NOTIE.

495 5545 1047 5629 (605)14nnohglratie
1100 5552 1366 5629 .1I50....,_
1400 5560 1459 5611 in
1506 5560 1785 5629 principio
1822 5565 2022 5618 mensis

422 5620 699 5682 Januarii,
732 5620 865 5674 dicit
892 5620 1184 5676 Gervasius
1210 5620 1667 5684 Dorobernénsis.

498 5689 638 5760 (606)
672 5689 897 5747 Mantcs.

2206 5562 2348 5631 (607)
2382 5563 2746 5617 St.-Germain
2777 5579 2845 5617 en
2873 5562 3034 5633 Laye.

2207 5634 2355 5703 (608)
2388 5634 2669 5689 Sancerre.
2705 5633 2895 5697 BOUQ.
