3858 6206
170 330 273 384 469

299 468 652 511 ΠΟΙΙΔΝΟΙΠῙΜ
665 495 677 509 .
826 469 1167 510 PHANCORUM.
1317 470 1624 510 ANGLORUH.

161 547 275 601 sive
316 545 698 617 premeditato
729 599 732 602 .
759 546 1014 613 consilio,
1072 545 1226 602 duxit
1272 546 1495 602 Alienor
1550 544 1791 599 comitis-

156 657 274 696 sam
308 640 715 708 Pictavensem,
746 656 912 712 quam
964 640 1129 711 paulo
1171 649 1300 696 ante
1349 656 1441 695 rex
1483 638 1789 695 Ludovicus

160 736 391 801 propter
413 728 956 804 consanguinitatem
987 729 1291 786 dimiserat.
1321 728 1438 794 Quo
1478 727 1663 783 audito
1697 743 1787 783 rex

161 817 476 873 Ludovicus
540 826 854 873 commotus
892 824 977 872 est
1014 824 1204 873 contra
1254 816 1495 872 eundem
1562 816 1781 872 ducem.

158 908 412 964 Habebat
437 909 589 963 enim
620 909 758 965 duas
795 907 936 964 ﬁlias
965 909 1035 965 de
1062 926 1148 976 ea,
1191 916 1245 964 et
1276 907 1402 964 ideo
1442 909 1688 976 nolebat,
1730 917 1789 964 ut

156 998 225 1054 ab
280 1000 472 1071 aliquo
525 1000 617 1055 illa
669 997 812 1055 ﬁlios
844 999 1142 1069 exciperet,
1186 998 1333 1053 unde
1375 998 1623 1069 predicte
1677 997 1787 1053 ﬁlie

157 1107 256 1146 sue
276 1091 815 1147 exhereditarentur.
841 1090 971 1146 Post
995 1090 1350 1145 festivitatem
1383 1089 1559 1145 sancti
1588 1089 1795 1146 Johan-

157 1182 245 1237 nis
265 1198 395 1237 cum
412 1182 525 1237 dux
548 1181 813 1236 Henricus
843 1190 990 1236 esset
1018 1180 1164 1252 apud
1197 1179 1603 1235 Barbeﬁuvium
1625 1180 1783 1250 (609),

155 1280 210 1327 et
266 1273 441 1328 vellet
492 1272 727 1327 transire
771 1273 825 1326 in
879 1272 1128 1347 Angliam
1181 1289 1304 1327 cum
1357 1287 1522 1326 manu
1554 1276 1782 1338 armata,

154 1369 543 1417 convenerunt
590 1362 646 1415 in
705 1378 874 1417 unum
935 1362 1242 1417 Ludovicus
1289 1377 1384 1415 rex
1429 1359 1781 1426 Francorum,

150 1449 488 1507 Eustachius
508 1449 653 1505 ﬁlius
684 1450 948 1521 Stephani
986 1450 1130 1525 regis
1154 1449 1475 1524 Anglorum,
1513 1449 1785 1506 Robertus

150 1556 346 1598 comes
392 1541 744 1608 Perticensis,
799 1542 1065 1597 Henricus
1114 1556 1302 1596 comes
1341 1540 1780 1611 Campanicnsis,

151 1630 305 1685 ﬁlius
329 1630 599 1686 Thebaldi
630 1630 867 1697 comitis,
901 1628 1193 1685 Gaufridus
1226 1629 1389 1684 etiam
1432 1628 1600 1683 frater
1625 1630 1781 1685 ducis

156 1722 524 1788 Normannie,
556 1730 616 1778 ut
640 1723 691 1778 ei
720 1723 1051 1777 Normannie
1071 1731 1126 1776 et
1155 1721 1434 1795 Andegavi
1460 1721 1779 1776 comitatum

154 1818 211 1866 et
242 1810 506 1866 ducatum
548 1809 862 1882 Aquitanie,
897 1825 1061 1881 quem
1100 1824 1223 1864 cum
1267 1823 1434 1864 uxore
1480 1824 1582 1864 sua
1623 1824 1781 1864 acce-

152 1912 339 1977 perat,
373 1905 544 1960 immo
566 1912 620 1960 et
648 1919 870 1959 omnem
893 1912 1089 1958 terram
1117 1919 1273 1957 suam
1297 1901 1779 1974 auferrent,quam

152 1995 325 2049 etiam
347 1994 495 2049 inter
521 2008 579 2048 se
605 1993 659 2047 hi
680 1993 926 2064 quinque
957 1992 1280 2047 diviserunt.
1314 1990 1422 2046 Hac
1448 2007 1504 2046 re
1536 1992 1776 2065 cognita,

147 2090 348 2145 audita
365 2090 534 2144 etiam
550 2087 845 2143 obsidione
876 2086 1238 2143 Novimercati
1272 2087 1436 2157 (610),
1463 2087 1558 2141 ubi
1588 2102 1781 2143 omnes

152 2174 397 2245 predicti
447 2175 729 2246 principes
783 2185 1185 2242 convenerant,
1236 2183 1468 2246 excepto
1522 2176 1779 2233 Gautrido

152 2264 326 2319 fratre
372 2278 499 2329 suo,
531 2264 626 2335 qui
667 2279 791 2319 cum
844 2264 899 2318 in
938 2265 1319 2338 Andegavensi
1361 2272 1621 2320 comitatu
1681 2280 1779 2336 pro

152 2368 321 2423 posse
371 2352 700 2426 impugnare
743 2353 1001 2419 debebat,
1057 2353 1114 2407 17
1151 2352 1377 2408 Kalend.
1414 2353 1641 2427 Augusti
1672 2354 1780 2408 dux

151 2441 428 2496 Henricus
459 2441 687 2496 recessit
714 2457 745 2495 a
775 2440 1140 2503 Barbeﬁuvio,
1174 2441 1402 2497 castello
1434 2441 1648 2495 scilicet
1676 2457 1774 2511 pro

147 2528 367 2584 viribus
408 2529 780 2584 subventurus
826 2529 1077 2584 obsesso.
1114 2529 1173 2583 In
1219 2529 1337 2599 ipsa
1388 2537 1548 2584 nocte
1596 2528 1776 2603 fulgor

149 2619 383 2686 nimius,
418 2627 473 2674 et
512 2628 704 2690 postea
731 2620 887 2691 quasi
926 2619 1132 2675 dracho
1173 2620 1371 2694 ingens
1402 2620 1549 2675 visus
1588 2628 1670 2675 est
1718 2620 1773 2675 in

147 2710 272 2763 celo
299 2709 620 2763 discurrere
645 2708 712 2762 ab
753 2708 1042 2763 occidente
1102 2708 1159 2763 in
1204 2710 1492 2764 orientem.
1548 2710 1770 2764 Interim

147 2796 281 2851 dum
322 2796 435 2849 dux
496 2798 777 2868 ingentem
830 2796 1132 2851 exercitum
1184 2799 1487 2852 electorum
1540 2798 1771 2853 militum

146 2896 199 2942 et
256 2888 516 2958 peditum
586 2890 959 2954 contraheret,
1025 2890 1299 2944 redditum
1350 2897 1432 2945 est
1489 2890 1774 2945 castellum

147 2977 345 3032 fraude
377 2976 810 3039 observantium,
847 2977 1005 3048 quasi
1044 2985 1192 3032 esset
1245 2979 1296 3033 vi
1330 2987 1669 3051 prereptum.
1718 2981 1776 3034 Et

1041 326 1387 383 CHRONICA.
1430 357 1499 366 —
1537 324 1915 381 AUCTARIUM
1962 322 2241 377 ROBEll'l‘l
2284 322 2366 375 DE
2407 320 2649 375 MONTE.

1812 1763 1857 1829 Β
1884 1763 1961 1856 ibi

3405 318 3511 376 470

1817 458 1865 523 Α
1894 466 2054 504 mane
2086 448 2322 503 ecclesie
2345 448 2681 502 cardinalem
2708 448 3097 516 presbiterum,
3143 456 3509 520 cognomento
3584 436 3595 443 ’

1894 542 2120 611 Paparo,
2156 539 2452 594 destinavit
2481 538 2721 610 legatum
2757 537 2809 591 in
2847 538 3157 593 Hiberniam
3194 541 3356 609 (611),
3385 556 3507 595 cum

1891 642 2129 705 quatuor
2161 631 2360 702 palliis,
2392 646 2622 702 quorum
2654 646 2823 684 unum
2858 630 3009 684 dedit
3037 632 3302 702 episcopo
3334 633 3511 686 Dune-

1890 725 2022 788 line,
2071 732 2125 778 et
2158 723 2260 777 tria
2304 722 2510 793 reliqua
2542 721 2717 776 tribus
2761 720 2884 774 aliis
2935 721 3213 791 episcopis
3259 722 3508 790 ejusdem

1890 818 2066 872 insule
2087 835 2100 881 ;
2125 817 2429 887 subjicicns
2458 815 2759 886 unicuique
2792 831 3011 881 eorum,
3044 815 3137 886 qui
3167 816 3331 885 pallia
3359 833 3511 871 acce-

1890 916 2114 981 perunt,
2148 908 2395 979 quinque
2426 907 2565 962 alios
2599 908 2894 978 cpisc0pos
2961 907 3025 961 Et
3067 907 3171 961 hoc
3199 906 3398 961 factum
3431 914 3513 962 est

1894 1008 2083 1055 contra
2146 999 2603 1054 consuetudinem
2667 999 3018 1070 antiquorum
3077 1006 3133 1052 et
3190 997 3509 1071 dignitatern

1896 1088 2305 1144 Cantuariensis
2365 1088 2622 1153 ecclesie,
2677 1104 2707 1141 a
2784 1103 2892 1158 quo
2941 1085 3195 1141 solebant
3265 1083 3510 1157 episcopi

1900 1184 2157 1237 Hibernic
2189 1189 2446 1253 expetere
2488 1189 2546 1236 et
2587 1182 2838 1251 accipere
2879 1180 3311 1237 consecrationis
3340 1180 3513 1235 bene-

1887 1279 2205 1332 dictionem.
2256 1280 2434 1339 (Mart.
2470 1277 2544 1349 3.)
2578 1277 2778 1331 Eodem
2811 1292 2954 1331 anno
3012 1285 3223 1330 mortua
3255 1283 3340 1330 est
3390 1276 3508 1329 Ma-

1887 1363 2039 1416 tildis
2070 1380 2207 1418 uxor
2253 1366 2515 1435 Stephani
2567 1366 2713 1438 regis
2746 1366 3045 1439 Anglorum
3081 1366 3169 1416 59’.
3225 1365 3509 1419 Johanncs

1888 1452 2189 1506 monachus
2220 1453 2502 1526 Sagiensis
2535 1453 2592 1507 ﬁt
2645 1455 2925 1507 secundus
2977 1453 3272 1523 episcopus
3328 1452 3508 1506 insule

1886 1539 2027 1605 Man,
2060 1557 2164 1611 que
2200 1550 2284 1595 est
2327 1542 2472 1596 inter
2519 1542 2763 1613 Angliam
2793 1549 2846 1596 et
2898 1542 3235 1607 Hiberniam,
3271 1541 3507 1612 propin-

1884 1627 2045 1698 quior
2076 1638 2257 1682 tamen
2283 1630 2493 1699 Anglic,
2526 1646 2688 1701 quam
2712 1630 3007 1693 Hibernic;
3044 1632 3189 1683 unde
3222 1630 3507 1698 etepisco-

1884 1732 1985 1785 pus
2006 1716 2127 1784 ejus
2159 1717 2404 1786 subjacct
2436 1718 2854 1786 arcliiepisc0p0
2895 1718 3248 1771 Eboracensi.
3292 1717 3506 1770 Primus

2015 1803 2193 1858 fuerat
2234 1805 2528 1876 epise0pus
2584 1805 2911 1859 Wimundus
2976 1806 3282 1859 monachus
3349 1804 3505 1858 Savi-

1882 1895 2118 1962 niensis;
2169 1896 2264 1949 sed
2316 1906 2539 1967 propter
2595 1896 2975 1951 crudelitatem
3031 1912 3187 1949 suam
3240 1896 3505 1965 expulsus

1880 1984 1985 2040 fuit
2006 1992 2060 2040 et
2082 1986 2325 2056 privatus
2339 1987 2532 2041 oculis.
2564 1985 2809 2042 Mortuus
2828 1994 2913 2042 est
2937 1985 3251 2041 Willermus
3278 1985 3500 2054 episco-

1882 2090 1985 2144 pus
2010 2074 2281 2128 Dunclmi.
2315 2075 2554 2129 Mortuus
2603 2083 2686 2129 est
2734 2076 2899 2129 etiam
2956 2074 3217 2129 Hadulqu
3247 2074 3314 2128 de
3373 2074 3504 2128 Par-

1883 2178 2038 2228 rona,
2071 2179 2259 2218 comes
2309 2163 2785 2229 Viromandorum,
2838 2164 3156 2233 relinquens
3214 2163 3497 2233 parvulum

1881 2252 2058 2305 ﬁlium
2088 2253 2314 2306 nomine
2347 2252 2651 2325 llugonem,
2690 2260 2743 2306 et
2785 2268 2947 2305 unam
2982 2251 3149 2304 ﬁliam
3190 2250 3291 2304 sub
3333 2250 3504 2304 tutela

1883 2347 2171 2401 Galeranni
2200 2348 2417 2401 comitis
2448 2348 2706 2422 ltfcllenti,
2736 2348 2955 2417 nepotis
2984 2347 3088 2400 sui.
3126 2347 3231 2401 Hos
3260 2345 3503 2399 infantes

1880 2450 2198 2511 susceperat
2228 2459 2291 2495 cx
2315 2457 2481 2496 uxore
2510 2458 2606 2495 sua
2638 2442 2877 2509 juniorc,
2906 2440 3019 2494 ﬁlia
3046 2440 3308 2495 Willcrmi
3344 2440 3501 2494 ducis

1878 2533 2292 2603 Aquitanorum.
2329 2532 2749 2604 Primogenitam
2794 2548 3032 2602 namque
3066 2531 3373 2586 Ludovicus
3404 2548 3496 2585 rex

1881 2625 2210 2678 Francorutu
2239 2625 2487 2690 duxerat,
2518 2642 2584 2678 ex
2613 2641 2719 2695 qua
2759 2625 2951 2696 genuit
2982 2624 3120 2677 duas
3176 2614 3337 2677 ﬁlias.
3382 2624 3498 2677 Mo-

1881 2714 2016 2767 ritur
2043 2714 2437 2768 nichilominus
2472 2713 2737 2768 Henricus
2779 2711 2925 2766 ﬁlius
2971 2713 3134 2766 David
3177 2713 3321 2785 regis
3356 2712 3490 2767 Sco-

1881 2809 2077 2856 torum.
2120 2801 2346 2856 Muritur
2402 2810 2455 2856 et
2505 2802 2694 2872 junior
2742 2801 3055 2855 Willermus
3097 2800 3165 2853 de
3224 2800 3490 2865 Romana,

1878 2894 2169 2963 superstite
2220 2894 2396 2948 adhuc
2455 2893 2739 2947 Willermo
2799 2900 2949 2963 patre
3006 2908 3127 2958 suo,
3172 2891 3497 2962 relinquens

1880 2988 2020 3043 duos
2069 2988 2212 3045 ﬁlios
2271 2998 2427 3043 natos
2485 3005 2548 3042 ex
2600 3004 2790 3042 sorore
2845 2986 3113 3041 Willermi
3157 2986 3377 3040 comitis
3428 2986 3501 3039 de

147 3066 256 3120 dux
293 3065 587 3133 Henricus.
620 3083 786 3137 quem
836 3066 1001 3121 etiam
1047 3083 1243 3122 omnes
1295 3067 1410 3122 fere
1479 3069 1778 3125 Normanni
1809 3045 2205 3136 CAlbamarla.
2264 3081 2461 3152 [1151.]
2522 3083 2672 3134 Anno
2730 3079 3017 3150 superiore
3061 3078 3162 3132 fuit
3216 3077 3498 3132 vindemia

145 3156 546 3212 existimabant
574 3172 796 3219 omnem
841 3165 1041 3212 terram
1072 3174 1228 3213 suam
1266 3159 1320 3213 in
1361 3159 1515 3216 brevi
1552 3160 1782 3217 amissu-

147 3264 294 3314 rum,
319 3247 607 3317 sapienter
635 3262 693 3301 se
730 3247 961 3314 habens,
995 3263 1097 3302 sua
1158 3248 1389 3303 viriliter
1423 3249 1782 3304 defendendo

145 3340 215 3393 ab
252 3338 544 3404 omnibus,
575 3338 741 3392 etiam
781 3338 849 3393 ab
904 3339 1146 3394 inimicis
1192 3340 1448 3395 laudatus
1479 3348 1578 3395 est.
1630 3340 1787 3397 Circa

147 3444 282 3483 vero
329 3426 504 3482 ﬁnem
546 3428 753 3481 mensis
790 3428 1021 3502 Augusti
1068 3428 1350 3484 collocatis
1389 3429 1666 3484 militibus
1717 3431 1786 3485 ad

147 3516 467 3574 custodiam
495 3515 850 3584 Normannie,
872 3518 993 3588 ipse
1013 3516 1066 3570 in
1084 3516 1534 3590 Andegavensem
1554 3516 1787 3572 comita-

149 3618 266 3665 tum
293 3624 559 3684 pergens,
581 3610 770 3665 tandiu
796 3610 1016 3666 fratrem
1040 3627 1199 3666 suum
1225 3610 1545 3665 Gaufridum
1575 3610 1786 3684 afflixit,

148 3703 338 3758 donec
353 3717 482 3757 cum
507 3716 573 3756 eo
595 3703 960 3758 concordatus
980 3710 1080 3757 est.
1110 3704 1242 3759 lude
1270 3704 1415 3758 datis
1436 3703 1676 3757 induciis
1695 3703 1787 3758 in-

150 3807 233 3852 ter
258 3813 396 3852 eum
424 3804 479 3851 et
510 3813 717 3869 regem,
751 3799 1065 3869 preparavit
1109 3816 1169 3854 se
1200 3801 1269 3855 ad
1310 3799 1786 3855 transfretandum

147 3892 205 3948 in
238 3891 498 3965 Angliam
525 3909 539 3957 ;
583 3891 640 3945 in
670 3908 779 3963 qua
799 3908 857 3947 re
887 3899 1069 3965 potest
1098 3894 1352 3950 admirari
1392 3893 1612 3948 audatia
1646 3892 1786 3963 ejus.

220 3983 439 4039 Eodem
498 3999 645 4040 anno
699 3984 921 4041 cuidam
972 3985 1027 4039 in
1096 3987 1291 4042 sonnis
1333 3985 1541 4041 dictum
1581 3992 1687 4047 est,
1732 3989 1791 4037 ut

148 4091 358 4131 manus
391 4091 519 4130 suas
546 4085 602 4131 et
634 4076 806 4148 pedes
835 4084 1134 4145 truncaret,
1183 4084 1240 4133 et
1268 4078 1348 4133 sic
1390 4076 1575 4131 salvus
1607 4075 1785 4133 ﬁeret.

149 4168 253 4233 Qui
290 4167 428 4221 dum
460 4168 568 4221 hoc
600 4167 824 4235 faceret,
857 4170 1155 4240 expiravit.
1204 4169 1429 4224 Michael
1486 4168 1789 4223 monachus

150 4256 321 4309 Becci
355 4254 533 4308 factus
560 4262 645 4309 est
668 4255 844 4310 abbas
876 4256 1115 4324 Pratelli,
1169 4257 1225 4311 in
1279 4256 1570 4312 festivitate
1615 4257 1788 4311 sancti

150 4349 374 4405 Thomc
425 4348 662 4419 apostoli
718 4349 806 4404 δυ.
843 4350 1119 4424 Eugenius
1168 4368 1310 4422 papa
1339 4352 1643 4407 Johannem
1688 4351 1790 4406 Ro-

1884 3189 2002 3226 rara
2034 3179 2089 3226 et
2138 3170 2296 3224 valde
2327 3186 2474 3234 sera;
2528 3169 2673 3223 unde
2705 3176 2760 3223 et
2788 3169 2978 3223 vinum
3036 3166 3200 3220 nimis
3232 3183 3419 3220 rarum
3451 3174 3505 3221 et

1889 3263 2010 3317 duri
2057 3262 2269 3333 saporis
2301 3262 2399 3316 fuit
2430 3261 2596 3330 (619.).
2642 3261 2751 3315 lloc
2800 3267 2980 3314 autem
3022 3274 3167 3314 anno
3193 3258 3294 3313 fuit
3321 3258 3507 3312 vinde-

1890 3357 1998 3409 mia
2056 3362 2447 3425 temporanea;
2494 3353 2592 3408 sed
2654 3352 2839 3407 vinum
2909 3352 3093 3407 carius
3144 3367 3305 3423 quam
3359 3366 3506 3405 anno

1892 3444 2190 3514 preterito;
2244 3445 2449 3499 idcirco
2481 3443 2689 3497 ﬁebant
2748 3443 2910 3517 vulgo
2965 3442 3128 3496 etiam
3189 3441 3244 3493 in
3284 3440 3507 3494 Francia

1891 3534 2115 3587 tabernc
2146 3533 2381 3588 cervisie
2424 3539 2477 3586 et
2516 3532 2790 3598 medonis,
2824 3531 2972 3603 quod
3024 3536 3209 3585 nostra
3240 3528 3507 3583 memoria

1891 3626 1947 3680 in
1991 3626 2272 3682 relroactis
2316 3625 2657 3697 temporibus
2685 3640 2792 3679 non
2838 3624 2940 3679 fuit
2964 3624 3212 3677 auditum
3244 3622 3331 3674 ⁸³³.
3364 3622 3504 3676 Gau-

1890 3719 2061 3773 fridus
2093 3720 2272 3781 Artur,
2312 3717 2407 3788 qui
2458 3716 2810 3771 transtulerat
2838 3715 3123 3769 historiam
3156 3715 3226 3768 de
3281 3714 3508 3787 regibus

1892 3810 2172 3864 Britonum
2222 3809 2291 3861 de
2324 3806 2635 3860 Britannico
2687 3805 2743 3859 in
2775 3805 3050 3871 Latinum,
3101 3803 3161 3857 ﬁt
3213 3804 3508 3874 episcopus

1890 3898 2073 3952 Sancti
2109 3897 2286 3968 Asaph
2338 3896 2390 3948 in
2450 3893 2752 3969 Norgualis.
2811 3893 2951 3946 Sunt
3009 3892 3195 3963 itaque
3244 3890 3408 3944 hodie
3449 3892 3506 3944 in

1892 3988 2080 4041 Gualia
2132 3995 2366 4058 quatuor
2417 3984 2789 4055 episcopatus,
2843 3983 2896 4035 in
2952 3982 3146 4057 Anglia
3208 3980 3401 4036 decem
3454 3990 3509 4037 et

1890 4086 2123 4149 septem.
2146 4080 2205 4133 In
2236 4084 2360 4133 octo
2385 4092 2574 4132 eorum
2624 4081 2749 4129 sunt
2775 4074 3029 4129 monachi
3086 4073 3140 4127 in
3173 4071 3506 4143 episcopali-

1891 4170 1995 4223 bus
2021 4169 2248 4224 scdibus
2277 4199 2347 4208 —
2376 4169 2483 4222 hoc
2530 4169 2583 4220 in
2633 4166 2753 4220 aliis
2780 4164 3081 4236 provinciis
3111 4172 3202 4218 aut
3232 4179 3505 4233 nusquam

1891 4266 1984 4312 aut
2033 4273 2151 4312 raro
2203 4257 2481 4321 invenies;
2531 4255 2629 4309 sed
2689 4253 2814 4309 ideo
2865 4253 2919 4306 in
2969 4252 3162 4326 Anglia
3205 4251 3500 4321 reperitur,

1893 4351 2018 4421 quia
2052 4349 2211 4420 primi
2246 4348 2618 4419 predicatores
2650 4348 2970 4421 Anglorum,
2995 4347 3205 4402 scilicet
3237 4346 3501 4417 Augusti-

1512 4448 1733 4503 VARl/E
1774 4447 2156 4504 LEC'I‘lONES.

228 4545 303 4581 δυ
333 4543 1205 4616 Μίοῂξιεὶτ-εροςιοιίαεευηιεὺ.
1227 4545 1472 4601 ⁸⁸³11162.
1501 4548 1687 4604 addit:
1712 4548 1821 4603 Hoc
1850 4562 1995 4601 anno
2024 4546 2332 4601 institutum
2352 4550 2433 4599 est
2454 4545 2509 4598 in
2540 4544 2779 4616 capitulo
2794 4543 3250 4616 Cistcrciensi,ne
3263 4542 3499 4616 aliquam

156 4630 367 4671 novam
410 4613 860 4689 abba‘tiam‘sine
885 4617 1120 4689 consilio
1153 4623 1556 4689 construercnt,
1598 4619 1728 4689 quia
1759 4634 2020 4672 numerus
2050 4633 2287 4689 earum,
2313 4632 2420 4689 que
2451 4613 2781 4689 constructae
2798 4621 2974 4689 erant
3003 4615 3078 4689 de
3131 4615 3241 4689 illo_
3282 4613 3497 4689 ordine,

154 4685 440 4759 usquead
469 4686 801 4759 quingentas
838 4685 951 4741 fere
984 4688 1233 4743 abbatias
1266 4685 1631 4759 processerat:
1664 4689 1789 4743 Post
1820 4689 1982 4755 hujus
2013 4690 2142 4741 anni
2170 4685 2469 4757 capitulum
2525 4688 2763 4759 domnus
2788 4686 2942 4759 Serlo
2975 4686 3166 4759 abbas
3212 4685 3494 4756 Savigneii

158 4756 316 4829 apud
337 4756 755 4830 glaramvallem
791 4759 1070 4830 remansit.
1106 4756 1289 4830 curam
1332 4760 1565 4813 abbatite
1605 4776 1716 4813 suae
1751 4760 1943 4815 volens
1967 4756 2302 4830 relinquere,
2328 4775 2392 4811 ex
2426 4759 2527 4812 hoc
2559 4758 2665 4830 sibi
2706 4764 2759 4811 et
2788 4757 3038 4830 ecclesiae
3065 4766 3265 4830 putans
3293 4771 3500 4830 consu-

155 4826 300 4882 lere.
336 4826 401 4880 Et
438 4826 701 4900 quiahoc
739 4827 964 4900 tamdiu
987 4829 1399 4884 desideraverat
1436 4838 1491 4885 et
1516 4831 1831 4900 quaesierat,
1865 4838 2053 4900 utpote
2094 4826 2301 4883 amator
2326 4829 2629 4882 sanctitatis
2656 4835 2709 4900 et
2741 4827 2963 4900 quietis.
2996 4835 3054 4881 ut
3086 4827 3501 4900 inquietudincs

157 4907 212 4953 et
260 4913 438 4952 vanas
468 4898 828 4973 exaltationes
878 4897 1177 4973 refugeret,
1208 4901 1381 4973 visum
1415 4897 1807 4973 estrBernardo
1847 4897 2030 4973 abbati
2063 4900 2130 4954 de
2184 4901 2503 4973 (llaravalle,
2563 4906 2619 4953 ut
2645 4899 2763 4973 ejus
2794 4897 3045 4973 petitioni
3093 4897 3408 4973 assentiret,
3452 4897 3497 4952 si

157 4980 355 5053 tamen
384 4968 641 5053 monachi
685 4968 965 5053 Savigneii
991 4968 1409 5053 consentirent.
1460 4972 1602 5026 Misit
1634 4987 1764 5053 ergo
1798 4972 2111 5053 Philippum
2147 4972 2382 5053 priorem
2426 4987 2628 5053 stium.‘
2657 4969 2749 5040 qui
2795 4969 2965 5049 suasit
2995 4970 3097 5037 eis,
3143 4971 3502 5051 utcederent

158 5051 211 5095 et
243 5039 417 5093 alium
445 5037 703 5113 abbatem
737 5037 1030 5113 eligerent.
1059 5042 1123 5113 At
1154 5042 1231 5094 illi
1259 5042 1538 5113 dixerunt,
1569 5037 1863 5097 consilium
1895 5037 2175 5103 abbatum]
2204 5042 2299 5113 qui
2331 5043 2398 5095 de
2457 5042 2549 5095 illa
2598 5037 2763 5113 domo
2812 5039 3057 5113 exierant
3094 5049 3149 5095 et
3176 5040 3320 5113 citra
3350 5056 3500 5095 mare

156 5118 528 5187 erant_sup_er
558 5110 675 5187 hoc
703 5124 763 5163 se
780 5110 963 5187 _vel|e
1019 5110 1266 5187 habe_re._
1292 5111 1695 5187 Convenientes
1723 5114 1910 5187 igitur
1939 5113 2168 5187 abbat_es
2200 5110 2510 5187 habuerunt
2548 5111 2859 5187 consilium,
2895 5112 3155 5187 domuum
3207 5111 3496 5166 Si-rlonem

157 5198 218 5237 se
250 5180 408 5234 nolle
436 5179 734 5252 dimittere.
779 5180 841 5252 Et
868 5190 1051 5235 tamen
1083 5183 1212 5252 quia
1237 5184 1304 5237 de
1336 5183 1514 5237 reditu
1546 5185 1666 5252 ejus
1704 5179 2050 5248 dubitabant,
2084 5184 2222 5238 duas
2244 5184 2377 5238 alias
2426 5183 2769 5238 venerabiles
2803 5197 3066 5251 personas
3092 5181 3402 5252 elegerunt.
3437 5191 3498 5235 ut

160 5252 246 5307 vel
277 5267 446 5325 unam
481 5265 669 5325 earum
705 5250 992 5325 haberent.
1034 5250 1342 5325 Sedrambe
1396 5250 1723 5325 renuerunt,
1775 5254 1976 5310 Nolcns
2013 5271 2143 5325 ergo
2198 5255 2509 5309 Bernardus
2556 5255 2726 5307 abbas
2780 5250 3333 5325 omninoudesolatos
3379 5266 3501 5305 esse

158 5322 491 5393 monachos
522 5320 826 5393 Savigneii,
858 5322 1070 5393 remisit
1123 5324 1203 5378 eis
1233 5325 1500 5380 domnum
1532 5324 1836 5390 Serlonem,
1860 5333 1919 5380 ut
1950 5320 2171 5380 domum
2204 5333 2574 5386 conservaret,
2624 5326 2804 5379 donec
2856 5326 2973 5392 ipse
3006 5323 3135 5377 illuc
3182 5323 3419 5386 veniret,
3447 5327 3502 5374 et

161 5401 219 5466 ut
245 5401 357 5448 tam
391 5392 497 5463 ipsi
528 5392 692 5463 quam
717 5392 922 5466 ‘domui
981 5394 1315 5466 consuleret.
1366 5398 1462 5451 At.
1494 5396 1583 5451 7b.
1620 5397 1780 5451 addit
1812 5414 1825 5450 :
1869 5396 2127 5466 Deposito
2156 5396 2441 5451 Vincentio
2468 5396 2667 5450 abbate
2700 5393 3134 5460 Castellicnensi,
3169 5394 3501 5463 subrogatur

164 5462 434 5520 Silvester
466 5505 481 5528 ,
515 5462 820 5519 monachus
853 5463 1111 5532 Lirze,vir
1139 5468 1455 5521 venerande
1484 5466 1873 5536 simplicitatis.
1906 5462 1974 5501 ⁵³³
2001 5468 2477 5522 Anno-anditum
2509 5468 2699 5521 desunt
2737 5466 2830 5521 8b.

1734 5567 1773 5620 Ν
1781 5565 1943 5622 ΟΤᾸΞ.

1953 5664 2380 5731 {6H)A.1150.

238 5661 384 5729 (609)
430 5660 697 5727 Barﬁeur,
740 5676 848 5717 non
880 5663 1071 5733 procul
1114 5666 1144 5718 ὰ
1180 5662 1513 5737 Cherbourg.
1953 5664 2095 5731 ζ611)
2129 5665 2185 5717 A.
2221 5664 2380 5717 1150.

242 5732 386 5802 (610)
423 5734 573 5788 lnter
598 5732 836 5789 Gournai
859 5734 1135 5791 etGisorz.
1964 5735 2110 5801 (612)
2146 5734 2221 5792 Cf.
2264 5749 2427 5803 supra
2459 5735 2562 5788 col.
2597 5735 2704 5789 275

242 5732 386 5802 (610)
423 5734 573 5788 lnter
598 5732 836 5789 Gournai
859 5740 914 5789 et
930 5734 1135 5791 Gisorz.
