3858 6206
445 328 539 382 471

590 467 949 513 ROMANORUM.
1098 478 1439 519 FRANCORUM.
1590 486 1896 529 ANGLORUM.

445 559 568 609 nus,
599 545 855 615 Mellitus,
900 550 1105 619 Justus,
1150 554 1494 625 Laurentius,
1545 564 1798 618 monachi
1837 566 2058 624 fuerunt

440 666 508 675 —
531 636 588 691 in
611 637 734 693 aliis
772 647 896 696 octo
925 644 1334 715 episcOpalibus
1363 650 1590 706 sedibus
1612 656 1863 711 canonici
1894 675 2054 713 secu-

443 727 621 794 lares;
652 730 705 784 in
724 748 832 786 una
852 736 1104 789 canonici
1130 738 1426 811 regulares.
1460 742 1659 798 Eodem
1680 761 1824 801 anno
1854 749 2053 805 Johan-

444 837 546 877 nes
577 816 873 892 Romanus,
905 827 997 897 qui
1033 827 1205 884 fuerat
1251 834 1551 889 monachus
1589 853 1620 890 a
1663 854 1833 906 puero
1866 842 2049 897 Sancti

444 911 609 981 Sabe,
640 922 694 968 et
724 924 847 985 post
893 916 1063 970 abbas
1089 920 1284 974 Sancte
1326 922 1487 977 Marie
1531 924 1582 979 in
1627 924 1890 997 Capitolio
1946 932 2050 986 Ro-

445 1016 630 1067 mano,
664 1011 718 1056 et
747 1003 937 1058 relicta
965 1005 1157 1059 eadem
1186 1008 1404 1064 abbatia
1438 1011 1613 1067 factus
1653 1014 1829 1072 fuerat
1854 1035 2049 1073 mena-

441 1091 579 1146 chus
609 1092 784 1162 Becci,
817 1097 1054 1165 perrexit
1087 1098 1333 1166 Romam,
1362 1110 1417 1156 et
1458 1103 1586 1158 inde
1639 1107 1858 1162 rediens
1888 1119 2049 1181 caput

441 1179 589 1235 beati
638 1182 828 1237 Felicis
872 1187 1144 1256 martyris,
1186 1189 1323 1244 socii
1374 1193 1547 1247 sancti
1581 1194 1828 1263 Andacti,
1870 1179 2047 1255 attulit

434 1284 620 1324 secum
652 1278 706 1325 et
734 1274 970 1343 gratuito
1002 1276 1155 1331 dedit
1185 1278 1318 1332 illud
1373 1281 1607 1335 ecclesie
1639 1285 1816 1340 Becci.
1862 1288 2043 1342 Pullu-

440 1363 585 1418 lante
612 1366 912 1435 pernitiosa
969 1369 1221 1426 doctrina
1252 1373 1466 1428 llenrici
1525 1377 1776 1445 heretici,
1811 1382 2044 1437 maxime

441 1455 494 1509 in
538 1457 863 1526 Guasconia,
913 1463 1195 1517 suscitavit
1249 1465 1509 1521 Dominus
1563 1470 1813 1538 spiritum
1867 1474 2047 1542 puelle

431 1544 666 1614 junioris
705 1546 761 1600 in
791 1547 883 1600 illa
911 1550 1193 1618 provincia
1222 1553 1288 1605 ad
1320 1555 1553 1609 eandem
1587 1558 1820 1612 heresim
1854 1561 2046 1614 confu-

441 1638 683 1694 tandam.
715 1640 816 1694 Per
848 1641 1087 1697 triduum
1129 1661 1365 1716 namque
1399 1648 1453 1701 in
1508 1666 1835 1723 unaquaque
1876 1656 2047 1724 septi-

439 1742 600 1781 mana
623 1727 844 1795 jacebat
869 1729 1076 1801 absque
1108 1749 1261 1798 voce,
1290 1752 1476 1803 sensu,
1523 1747 1575 1792 et
1630 1741 1792 1794 etiam
1835 1743 2043 1814 absque

442 1821 602 1887 ﬂatu;
633 1830 687 1876 et
720 1823 940 1878 rediens
980 1829 1327 1896 postmodum
1351 1831 1417 1883 ad
1458 1847 1539 1900 se,
1590 1834 1806 1890 dicebat
1834 1838 2044 1893 beatam

439 1908 663 1963 Mariam
698 1925 859 1966 orare
906 1928 1004 1983 pro
1062 1918 1266 1987 populo
1347 1920 1664 1988 christiano,
1720 1933 1774 1978 et
1832 1926 2043 1980 beatum

442 2003 662 2058 Petrum
705 2003 957 2060 docuisse
1004 2023 1061 2061 se
1114 2010 1476 2068 orthodoxam
1529 2014 1713 2071 fidem.
1750 2017 1955 2071 Exinde
1980 2019 2047 2071 de

440 2096 550 2153 ﬁde
600 2105 787 2153 nostra
834 2101 1115 2171 sapienter
1170 2111 1224 2158 et
1274 2108 1543 2163 catholice
1597 2110 1934 2171 disserebat;
1994 2120 2044 2166 et

441 2189 707 2260 prccipue
754 2190 989 2246 heresim
1058 2194 1271 2250 Henrici
1354 2200 1706 2264 convincens,
1775 2201 2043 2271 plurimos

436 2285 505 2339 ab
558 2302 624 2341 eo
674 2287 934 2344 seductos
989 2290 1056 2344 ad
1105 2291 1286 2347 sinum
1338 2303 1523 2351 sancte
1581 2298 1769 2352 matris
1812 2298 2042 2353 ccclesie

434 2377 749 2434 revocabat.

506 2469 633 2540 (Jul.
685 2471 764 2540 t6)
818 2471 1053 2539 Tradita,
1114 2483 1172 2528 ut
1226 2475 1530 2546 predictum
1589 2487 1689 2546 est,
1733 2482 2040 2537 munitione

432 2558 794 2614 Novimercati
854 2560 1125 2617 Ludovico
1172 2565 1285 2636 regi
1341 2565 1691 2634 Francorum,
1761 2569 1903 2623 idem
1946 2588 2037 2624 rex

428 2652 730 2707 exercitum
770 2669 927 2708 suum
958 2672 1132 2726 usque
1188 2656 1658 2715 Calvummontem
1712 2662 1854 2733 (613)
1889 2680 2037 2719 revo—

424 2747 586 2801 cavit.
640 2749 703 2801 At
756 2747 1023 2804 Henricus
1065 2751 1173 2806 dux
1226 2752 1578 2822 Normannie,
1629 2755 1857 2811 collecta
1925 2774 2031 2812 non

425 2837 651 2891 minima
687 2855 852 2893 manu
903 2841 1201 2897 electorum
1253 2844 1485 2899 militum
1528 2854 1582 2901 et
1629 2848 1895 2917 peditum,
1940 2866 2032 2905 ca-

422 2931 771 2981 strametatus
810 2931 1067 2996 estjuxta
1100 2931 1327 2986 ﬂuvium
1358 2934 1620 2999 Andelle;
1653 2937 1743 2990 ubi
1779 2939 2029 2993 residens

421 3017 742 3089 aliquandiu
790 3020 984 3076 afﬂixit
1015 3023 1163 3078 illam
1222 3033 1429 3094 partem
1476 3027 1779 3093 Wilcasini,
1809 3047 1916 3100 que
1948 3039 2028 3086 est

419 3106 565 3161 inter
592 3107 873 3162 Andellam
931 3118 986 3166 et
1040 3112 1195 3166 lttam
1232 3112 1481 3181 ﬂumina,
1514 3130 1621 3186 que
1666 3117 1733 3170 ad
1767 3118 2022 3173 ducatum

420 3198 713 3253 Normanie
746 3201 983 3270 pertinet
1059 3202 1166 3257 Sed
1202 3170 1492 3260 Gaufridus
1532 3170 1727 3262 ‘comes
1773 3210 2026 3284 Andega-
2057 3170 2105 3238 Ο

419 3305 613 3345 verum
644 3297 765 3361 post
812 3300 1044 3346 mortem
1082 3294 1314 3348 -llenrici
1353 3297 1497 3369 regis
1552 3299 1845 3371 Anglorum
1900 3317 2027 3357 con-

423 3379 589 3434 cessit
638 3395 757 3434 eam
803 3380 870 3433 ad
922 3389 1137 3452 tempus
1178 3383 1450 3441 Ludovico
1509 3388 1622 3460 regi
1674 3389 2022 3459 Francorum,

425 3466 568 3521 sicut
598 3473 652 3521 et
680 3467 852 3522 multa
878 3469 982 3523 alia
1014 3470 1081 3525 de
1113 3471 1406 3528 dominicis
1435 3475 1593 3529 terris
1626 3475 1853 3532 ducatus
1890 3480 2026 3535 Nor-

427 3558 649 3613 mannie
668 3570 1015 3616 concesserat
1041 3564 1369 3634 quibusdam
1402 3568 1749 3641 magnatibus
1775 3571 2022 3639 ejusdem

423 3651 727 3720 provincia,
759 3658 817 3707 ut
838 3669 933 3708 eos
961 3654 1165 3711 faceret
1196 3657 1299 3712 hoc
1353 3659 1516 3714 modo
1563 3663 1931 3732 promptiores
1957 3665 2023 3717 ad

420 3743 709 3799 ferendum
755 3744 856 3800 sibi
890 3748 1150 3803 auxilium
1193 3749 1247 3803 in
1286 3750 1635 3819 subjicienda
1678 3771 1775 3809 sue
1829 3755 2023 3811 ditioni

419 3834 724 3907 predictum
755 3835 1093 3894 comitatum.
1136 3837 1345 3894 Cotidie
1379 3840 1563 3912 itaque
1594 3842 1703 3896 dux
1755 3844 2023 3901 Henricus

416 3927 472 3981 in
501 3943 620 3981 eam
650 3927 1004 3998 populatores
1036 3930 1285 3985 mittebat
1314 3932 1381 3985 ad
1400 3935 1744 4004 querendum
1767 3937 2022 3992 victualia

416 4014 735 4069 hominibus
753 4014 1083 4083 etjumentis
1107 4017 1191 4071 sui
1224 4019 1528 4086 exercitus;
1556 4021 1825 4077 destruxit
1854 4024 2018 4078 etiam

414 4103 491 4159 ibi
516 4112 570 4160 et
598 4104 711 4181 igni
752 4107 977 4162 tradidit
1014 4108 1296 4163 castellum
1358 4111 1761 4179 Bascheriville,
1818 4123 1871 4168 et
1906 4115 2015 4170 duo

411 4194 520 4250 alia
549 4195 773 4250 castella
805 4195 1103 4251 Chitreium
1163 4203 1213 4251 et
1245 4197 1641 4269 Stripinneium
1691 4202 2012 4258 combussit.

411 4285 523 4341 Hoc
562 4286 708 4341 idem
753 4285 1101 4360 significante
1148 4285 1296 4341 fumo
1343 4288 1580 4357 Francis,
1628 4291 1720 4363 qui
1751 4308 1816 4346 ex
1846 4292 2015 4348 altera

408 4384 560 4450 parte
617 4379 715 4434 Itte
773 4376 1020 4432 ﬂuminis
1066 4385 1240 4432 castra
1292 4387 1607 4449 posuerant,
1665 4399 1768 4438 nec
1805 4385 2013 4456 aliquid

407 4470 524 4525 suis
547 4470 812 4525 auxilium
838 4468 1158 4531 ferentibus,
1182 4470 1545 4526 munitionem
1574 4474 1735 4528 etiam
1772 4476 2015 4550 llugonis

410 4563 480 4618 de
509 4562 780 4628 Gornaco,
836 4577 998 4634 quam
1054 4561 1342 4617 Feritatem
1406 4563 1551 4633 (614)
1593 4567 1899 4635 nominant,
1930 4585 2016 4623 as-

410 4652 558 4708 sultu
587 4652 816 4723 capiens
846 4651 958 4727 igni
997 4651 1242 4719 tradidit,
1301 4661 1533 4724 excepta
1586 4661 1754 4720 turre,
1814 4673 1919 4728 que
1961 4658 2015 4712 in

410 4745 521 4798 alto
560 4751 748 4799 monte
774 4743 879 4799 sita
898 4750 983 4799 est
1030 4744 1345 4816 Denegabat
1366 4745 1676 4800 enimidem
1708 4748 1858 4821 llugo
1888 4765 2014 4820 pre-

409 4833 558 4887 dicto
585 4833 711 4889 duci
759 4834 947 4890 debito
978 4834 1319 4902 famulatum,
1352 4846 1406 4890 et
1459 4836 1711 4892 inimicos
1747 4838 1867 4906 ejus
1913 4855 2015 4893 ex-

409 4932 492 4981 tra
520 4931 760 4980 castrum
781 4925 1012 4983 Gornaci
1045 4927 1280 4983 fovebat.
1314 4928 1589 4983 Mediantc
1615 4937 1797 4984 autem
1828 4946 2017 4986 mense

403 5011 653 5085 Augusti,
687 5011 994 5068 Ludovicus
1025 5031 1119 5069 rex
1148 5016 1445 5071 exercitum
1485 5033 1645 5072 suum
1677 5016 1807 5073 fecit
1846 5027 2019 5074 trans-

405 5103 486 5158 ire
518 5102 826 5173 Sequanam
857 5105 1001 5174 apud
1043 5104 1386 5173 Mellentum;
1429 5107 1575 5179 quod
1613 5108 1718 5162 dux
1760 5110 2015 5177 audiens,

405 5201 460 5247 et
490 5192 608 5262 ipse
637 5192 824 5264 cepias
858 5210 988 5249 suas
1018 5211 1116 5264 per
1146 5202 1371 5265 pontem
1417 5198 1683 5253 Vernonis
1723 5200 2015 5257 traducens

406 5281 622 5337 concito
648 5281 821 5355 gradu
852 5298 974 5338 cum
1006 5284 1300 5355 aliquantis
1329 5288 1599 5359 expeditis
1646 5290 1913 5346 militibus
1944 5293 2012 5347 ad

1667 342 2006 400 SltlEBElt'l‘l
2048 347 2559 409 GEMBLACENSIS.

3626 380 3703 435 472

2089 486 2131 550 Λ
2162 481 2498 552 Vernolium,
2529 486 2595 540 ad
2628 488 2778 559 quod
2810 506 2995 566 regem
3028 493 3288 552 festinare
3312 498 3377 552 ab
3402 502 3708 571 exploratori-

2160 574 2265 628 bus
2294 576 2561 643 audierat,
2605 581 2885 637 tendebat.
2940 583 3069 640 Cum
3111 588 3288 643 subito
3326 590 3610 651 Willermus
3652 601 3703 654 dc

2159 664 2351 718 Paceio
2383 667 2753 737 mandavitei,
2784 672 3042 742 quatinus
3083 675 3331 731 Paceium
3379 680 3509 753 (615)
3544 686 3702 742 rediret

2159 752 2225 805 ad
2248 754 2393 822 quod
2426 770 2518 809 rex
2550 771 2671 810 cum
2696 760 2939 815 exercitu
2965 764 3200 819 maximo
3222 767 3484 833 veniebat,
3515 771 3597 827 Ille
3623 774 3703 828 im-

2154 843 2307 917 piger
2341 851 2394 899 ct
2418 846 2635 901 nescius
2660 864 2809 903 more
2832 851 2885 904 in
2917 853 3296 912 subveniendo
3325 858 3455 926 suis,
3482 869 3700 921 retroacto

2151 934 2327 1002 capite
2356 936 2480 1005 equi
2524 942 2671 992 tanta
2710 937 3063 997 festinatione
3111 959 3234 999 cum
3260 947 3420 1002 sociis
3469 955 3700 1021 rememit,

2150 1031 2209 1077 ut
2248 1029 2540 1095 antequam
2586 1026 2838 1083 Paccium
2893 1034 3266 1103 pervenirent,
3311 1040 3517 1108 plurimi
3560 1059 3699 1115 equo-

2148 1127 2266 1164 rum
2305 1128 2527 1167 suorum
2552 1123 2645 1169 aut
2673 1119 2869 1172 mortui
2913 1130 3011 1175 aut
3039 1138 3181 1191 pene
3231 1129 3426 1181 mortui
3463 1128 3512 1182 in
3538 1131 3611 1184 via
3637 1148 3703 1186 rc-

2149 1211 2455 1259 manerent.
2490 1208 2686 1263 Audito
2718 1211 2875 1265 ducis
2896 1213 3137 1269 adventu
3168 1233 3263 1271 rex
3298 1222 3570 1276 maturiore
3596 1240 3700 1278 cou-

2145 1292 2268 1346 silio
2294 1310 2442 1357 usus,
2476 1296 2653 1350 noluit
2684 1305 2881 1353 terram
2932 1302 3052 1371 ejus
3086 1304 3322 1372 intrare;
3371 1310 3463 1363 sed
3495 1310 3597 1380 ipso
3633 1314 3699 1367 die
3764 1310 3771 1311 ί

2148 1380 2460 1438 )ledantum
2503 1387 2680 1441 rediit.
2719 1391 2829 1443 Dux
2873 1408 3003 1448 vero
3035 1405 3256 1451 vocatos
3287 1414 3317 1452 a
3355 1399 3625 1457 Gisleberto
3650 1406 3700 1458 de

2149 1470 2468 1544 Tegulariis,
2503 1476 2783 1533 combuxit
2816 1481 3104 1537 Brueroles
3135 1492 3369 1540 castrum
3414 1488 3625 1559 Hugonis
3650 1494 3699 1546 de

2149 1562 2296 1617 Novo
2336 1567 2584 1632 castello,
2636 1576 2689 1622 et
2744 1571 2967 1626 alteram
3033 1578 3308 1646 quandam
3368 1582 3698 1649 munitionem,

2149 1652 2567 1709 )lalculiiviliam
2624 1663 3087 1731 cognominatam,
3146 1667 3303 1721 sitam
3362 1669 3415 1722 in
3454 1671 3697 1726 Dorcasino

2149 1758 2309 1815 pago.
2353 1744 2556 1799 Exinde
2589 1749 2811 1802 rediens
2845 1751 2898 1805 in
2959 1752 3367 1821 Normanniam,
3400 1766 3451 1813 et
3494 1758 3700 1833 affligens

2152 1835 2459 1890 ltieherium
2493 1839 2559 1893 de
2600 1842 2813 1911 Aquila,
2848 1844 2940 1915 qui
2994 1846 3249 1902 hostibus
3296 1851 3412 1918 ejus
3441 1852 3697 1905 subsidium

2150 1924 2381 1990 ferebat,
2414 1929 2595 2002 coegit
2623 1946 2747 1985 eum
2791 1933 2858 1987 de
2892 1952 3024 2005 pace
3067 1939 3309 1994 tenenda
3348 1941 3554 1995 obsides
3581 1943 3698 2006 dare,

2149 2025 2202 2067 et
2232 2018 2594 2074 munitionem
2630 2022 2919 2093 Bomolini,
2950 2026 3041 2080 ubi
3081 2035 3332 2098 raptores
3363 2039 3413 2085 et
3440 2047 3696 2086 excommu-

2146 2106 2358 2162 nicatos
2404 2113 2739 2182 receptahat,
2775 2115 2886 2188 igni
2942 2119 3166 2174 tra-.lidit
3233 2120 3382 2176 Circa
3421 2139 3539 2177 vero
3567 2123 3695 2177 tinem

2145 2198 2368 2271 Augusti
2400 2202 2679 2257 collocatis
2715 2207 2980 2263 militibus
3009 2210 3075 2264 ad
3133 2213 3438 2267 custodiam
3474 2214 3695 2268 Norman-

2145 2286 2256 2354 nie,
2298 2288 2414 2358 ipse
2450 2291 2501 2343 in
2542 2293 2991 2367 Andegavensem
3026 2300 3343 2354 comitatum
3374 2318 3602 2375 pergens,
3620 2302 3696 2357 ob-

2142 2378 2285 2433 sedit
2327 2382 2684 2438 munitionem
2720 2386 2914 2441 Montis
2940 2390 3156 2457 Sorclli,
3195 2392 3290 2447 ubi
3313 2394 3427 2463 jugi
3457 2395 3695 2450 obsidione

2142 2475 2392 2522 coartans
2424 2471 2681 2537 inclusos,
2728 2474 3069 2532 Willermum
3119 2481 3403 2536 dominum
3455 2483 3603 2554 ipsius
3624 2498 3695 2537 ca-

2140 2564 2260 2629 stri,
2287 2565 2379 2635 qui
2414 2577 2594 2637 partes
2621 2568 2803 2623 fratris
2831 2571 2943 2625 suis
2967 2572 3218 2642 juvabat,
3271 2592 3392 2630 cum
3451 2577 3560 2630 aliis
3600 2576 3692 2647 plu-

2138 2654 2291 2710 ribus
2317 2658 2585 2713 militibus
2615 2661 2779 2731 cepit.
2818 2662 2926 2717 iloc
2967 2663 3154 2735 itaque
3207 2666 3499 2723 infortunio
3526 2675 3570 2721 et
3598 2667 3692 2721 aliis

2138 2744 2384 2815 pluribus
2415 2748 2706 2803 Gaufridus
2738 2749 2903 2804 frater
2934 2752 3054 2820 ejus
3102 2764 3328 2810 coactus
3376 2765 3452 2811 est
3480 2772 3587 2810 cum
3623 2755 3691 2808 illo

2136 2842 2501 2897 reconciliari.
2535 2845 2749 2899 Interea
2776 2862 2866 2900 rex
2908 2847 3239 2904 Francorum
3270 2852 3337 2905 de
3370 2851 3591 2905 absentia
3614 2850 3689 2903 du-

2130 2928 2209 2982 cis
2253 2938 2444 2986 nactus
2472 2935 2917 3003 oportunitatem,
2967 2935 3266 3010 instigante
3325 2956 3445 2994 cum
3477 2938 3691 3011 [maxime

2129 3024 2326 3077 comite
2352 3025 2590 3079 Roberto
2622 3025 2781 3080 fratre
2811 3043 2932 3094 suo,
2963 3028 3053 3099 qui
3078 3029 3311 3086 duxerat
3344 3032 3567 3086 relictam
3598 3029 3677 3083 Ro-

2129 3112 2300 3167 tronis
2327 3114 2543 3168 comitis
2588 3114 2898 3183 Moritonie,
2941 3126 3000 3171 et
3047 3118 3132 3173 cui
3170 3120 3317 3174 idem
3369 3138 3454 3176 rex
3506 3120 3687 3173 dederat

2127 3212 2361 3258 castrum
2409 3206 2761 3260 Dorcasinum
2817 3208 2983 3278 (616),
3020 3218 3232 3280 partem
3283 3214 3435 3284 Burgi
3492 3211 3682 3281 Tegula-

2127 3291 2345 3359 riensis,
2400 3302 2453 3347 et
2499 3296 2773 3365 quendam
2805 3297 2981 3352 vicum
3032 3301 3198 3354 castri
3232 3302 3487 3369 Vernolii,
3517 3298 3686 3355 voraci-

2126 3382 2229 3436 bus
2277 3382 2512 3438 ﬂammis
2540 3385 2781 3441 tradidit.
2826 3386 3068 3444 Castrum
3103 3393 3272 3447 etiam
3306 3390 3685 3447 Nannetiscurtis

2125 3480 2387 3543 apparatu
2446 3473 2643 3530 bellico
2674 3477 2924 3549 cingens,
2975 3480 3147 3536 nichil
3190 3482 3241 3537 ei
3302 3485 3495 3539 nocuit.
3538 3480 3689 3535 Paucis

2126 3564 2325 3618 exinde
2357 3565 2556 3619 diebus
2586 3568 2846 3636 evolutis,
2873 3570 3014 3624 datis
3060 3572 3307 3628 induciis
3367 3577 3497 3628 inter
3539 3587 3682 3644 regem

2128 3667 2180 3709 et
2210 3657 2428 3720 ducem,
2463 3657 2570 3711 dux
2595 3661 2905 3730 preparavit
2934 3680 2996 3717 se
3017 3663 3084 3717 ad
3106 3666 3552 3721 transfretandum
3574 3684 3587 3729 ;
3613 3662 3687 3717 sed

2126 3754 2419 3816 antequam
2461 3748 2736 3817 transiret,
2794 3767 2886 3805 rex
2927 3751 3057 3807 fecit
3089 3756 3330 3810 reddere
3357 3763 3577 3830 treguas.
3622 3752 3689 3805 Ni-

2124 3838 2455 3893 cbilominus
2505 3847 2687 3895 tamen
2741 3843 2848 3896 dux
2925 3846 3274 3915 prepositum
3346 3843 3682 3903 transfretandi

2124 3929 2408 3998 deserens,
2442 3948 2629 3986 auram
2662 3934 2729 3987 ad
2772 3938 3171 3991 transeundum
3218 3951 3399 4011 aptam
3425 3942 3561 4009 juxta
3599 3952 3679 3989 na-

2124 4019 2261 4073 valia
2293 4020 2685 4091 operiebatur;
2722 4022 2775 4076 in
2808 4040 2918 4095 quo
2972 4034 3157 4095 potest
3218 4028 3557 4083 animadverti
3594 4038 3686 4096 pro-

2123 4105 2262 4160 bitas
2295 4116 2347 4161 et
2380 4109 2603 4163 audatia
2642 4110 2782 4179 ejus.

2192 4198 2248 4252 ln
2291 4200 2532 4270 capitulo
2565 4200 2911 4257 Cistercieusi
2939 4211 3219 4275 ,statutum
3270 4215 3371 4273 est,
3403 4223 3468 4262 ne
3493 4203 3684 4275 τιῐηριίυε

2118 4288 2357 4360 aliquam
2396 4306 2591 4346 novam
2624 4293 2899 4348 abbatiam
2939 4305 3347 4364 construerent,
3381 4298 3500 4370 quia
3529 4309 3684 4349 nume-

2118 4394 2211 4432 rus
2240 4378 2580 4434 abbatiarum
2615 4381 2684 4436 de
2717 4382 2810 4437 illo
2842 4385 3039 4439 ordine
3065 4403 3246 4459 usque
3288 4389 3353 4442 ad
3402 4387 3683 4459 quingentas

3148 4440 3240 4459 ι-κ-
3294 4440 3351 4442 ηη
3414 4440 3455 4458 τ
3528 4440 3556 4459 ο

2044 4440 2233 4526 Dfere
2271 4472 2520 4528 abbatias
2554 4484 2917 4544 processerat.
2957 4478 3167 4535 Mortuo
3208 4480 3451 4535 Conrado
3484 4480 3681 4546 impera-

2117 4569 2233 4617 tore
2260 4563 2653 4629 Romanorum,
2695 4572 2752 4620 ut
2804 4568 3114 4637 predictum
3175 4579 3280 4637 est,
3312 4569 3555 4625 successit
3581 4566 3685 4621 Frc-

2118 4649 2337 4704 dericus
2392 4667 2565 4722 nepos
2596 4653 2737 4720 ejus.
2784 4654 3062 4727 Eugenius
3101 4674 3245 4728 papa
3285 4658 3411 4713 fecit
3438 4649 3681 4711 transferri

2118 4738 2185 4792 de
2213 4738 2382 4793 Greco
2413 4740 2468 4793 in
2498 4740 2746 4795 Latinum
2790 4742 2993 4798 librum
3036 4744 3257 4799 Petrum
3289 4741 3586 4800 Damasceni
3611 4739 3679 4789 ⁵⁸⁸.

2196 4833 2348 4887 1159..
2384 4832 2585 4905 [1153.]
2663 4836 2982 4892 Fredericus
3025 4842 3074 4893 1.
3152 4841 3456 4895 Ludovicus
3497 4836 3566 4890 t5.

2705 4930 3015 4999 Stephanus
3046 4933 3131 4987 17.
3649 5015 3657 5025 '

2191 5017 2456 5072 Henricus
2488 5018 2596 5073 dux
2656 5020 3097 5078 Normannorum
3142 5024 3286 5079 infra
3315 5034 3543 5081 octavam
3588 5017 3679 5087 cpi-

2118 5112 2321 5182 phanie
2355 5113 2569 5167 transiit
2599 5114 2655 5167 in
2714 5115 2959 5188 Angliam
2992 5132 3115 5173 cum
3166 5119 3238 5174 36
3293 5118 3525 5173 navibus.
3554 5112 3678 5165 Facta

2116 5211 2202 5255 est
2239 5201 2460 5272 eclipsis
2490 5201 2624 5257 solis
2654 5202 2683 5257 7
2705 5202 2930 5258 Kalend.
2962 5205 3243 5261 Februarii
3276 5207 3416 5262 circa
3443 5206 3474 5258 8
3501 5203 3677 5261 horam,

2112 5294 2244 5349 luna
2270 5295 2359 5350 27.
2402 5295 2520 5349 Dux
2549 5296 2987 5353 Normannorum
3034 5300 3305 5356 obsidens
3336 5307 3553 5355 castrum
3580 5306 3677 5347 mu-

1753 5402 1973 5456 VARIAE
2003 5403 2381 5460 LECTIONES.

476 5493 544 5528 5“
572 5489 853 5566 Eugenius
883 5492 1203 5548 Damasceni
1229 5499 1290 5551 in
1318 5497 1374 5551 E.
1409 5500 1524 5554 alia
1543 5516 1739 5559 manus
1768 5504 1947 5569 addit,
1978 5506 2155 5560 eodem
2192 5522 2312 5577 qua:
2339 5508 2413 5562 ad
2450 5523 2504 5575 a,
2536 5508 2693 5564 1128.
2729 5513 2928 5565 Desunt
2958 5512 3053 5570 7b.
3074 5510 3164 5568 8d.
3192 5528 3359 5583 neque
3384 5525 3498 5566 vero
3522 5506 3601 5561 8b.

1953 5603 2164 5661 NOTIE.

476 5693 611 5756 (613i
643 5691 968 5752 Cbaumont,
1006 5705 1175 5761 prope
1200 5692 1404 5752 Gisorz.

474 5766 617 5837 (614)
636 5762 710 5821 La
743 5761 917 5818 Ferié.

2174 5706 2321 5773 (615)
2353 5704 2514 5776 Pacy.
2539 5705 2609 5761 ad
2638 5707 2690 5760 ﬂ.
2726 5708 2883 5762 Eure.

2188 5775 2325 5843 i616)
2358 5777 2558 5835 Dreux.
