3858 6206
146 340 257 395 473

293 474 658 516 nouxnoauu.
809 475 1148 515 FRANCORUM.
1324 474 1632 516 ANGLORUH-

142 554 484 610 nitissimum
515 552 942 619 Mammesberii,
972 560 1024 606 et
1049 552 1301 606 homines
1338 553 1485 625 regis
1513 552 1776 622 Stephani

141 643 202 697 in
232 658 322 707 eo,
350 642 422 696 ad
480 641 826 696 deditionem
878 641 1061 713 coegit
1092 660 1107 705 ;
1139 641 1267 696 licet
1317 641 1462 695 idem
1527 656 1621 695 rex
1650 657 1774 695 cum

141 734 404 804 pluribus
422 733 649 787 milibus
668 740 1003 787 armatorum
1048 733 1102 785 in
1136 733 1384 803 proximo
1406 740 1569 789 esset.
1607 734 1729 799 (Jan
1759 736 1776 806 )

142 823 294 878 Obiit
325 822 672 876 Gislebertus
700 822 844 889 (617)
884 821 1033 875 ﬁlius
1071 822 1308 888 Ricardi,
1342 829 1396 876 et
1426 822 1675 892 sepultus
1694 830 1777 878 est

140 913 296 984 apud
338 913 553 967 Claram
592 912 645 965 in
696 911 855 977 cella,
906 928 1070 983 quam
1105 912 1445 969 Gislebertus
1476 930 1610 969 avus
1656 915 1775 983 ejus

142 1008 386 1061 dederat
416 1005 703 1061 monachis
758 1006 932 1060 Becci.
986 1007 1256 1060 Successit
1286 1014 1465 1062 autem
1500 1009 1548 1062 ei
1591 1010 1775 1083 Roge-

143 1100 265 1155 rius
296 1100 470 1154 frater
523 1117 674 1154 suus.
735 1100 864 1154 Post
923 1104 1167 1154 octavam
1212 1101 1412 1170 pasche
1473 1102 1775 1157 Ludovicus

141 1207 240 1244 rex
276 1190 616 1244 Francorum
668 1205 791 1244 cum
858 1204 1058 1257 magno
1099 1188 1344 1243 exercitu
1373 1205 1589 1244 summo
1616 1207 1776 1245 mane

140 1279 473 1334 veniensde
530 1279 781 1333 Medanti
839 1277 907 1332 ad
955 1278 1286 1344 Vernonem,
1352 1279 1587 1353 burgum
1629 1287 1778 1334 extra

140 1386 340 1425 muros
368 1370 614 1440 positum
646 1368 950 1431 combuxit,
994 1376 1047 1423 et
1084 1369 1268 1423 villam
1296 1370 1562 1440 optimam
1595 1380 1649 1425 et
1688 1372 1777 1424 vi~

141 1474 383 1513 nearum
420 1458 694 1523 fertilem;
755 1476 918 1530 quam
980 1460 1219 1532 Longam
1251 1459 1433 1513 villam
1471 1461 1774 1515 nominaut.

137 1548 469 1602 irritaverat
516 1549 663 1602 enim
691 1548 823 1602 iram
865 1550 985 1619 ejus
1043 1549 1478 1602 Ricarduslilius
1509 1550 1776 1603 Willermi

139 1638 211 1691 de
246 1638 533 1703 Vernone,
565 1653 674 1691 non
708 1638 914 1692 veritus
967 1639 1259 1709 depretiari
1326 1648 1660 1695 mercatores
1716 1641 1769 1694 in

140 1730 434 1786 conducta
486 1729 679 1799 ipsius.
731 1730 1022 1807 Gondrada
1064 1733 1344 1786 comitissa
1410 1732 1777 1788 Warvicensis

141 1819 321 1887 ejecit
353 1819 618 1872 custodes
648 1818 792 1890 regis
813 1819 1075 1889 Stephani
1107 1820 1177 1873 de
1217 1820 1779 1876 munitionecivitatis

141 1910 392 1975 Warvic,
451 1918 508 1963 et
560 1910 785 1964 tradidit
836 1912 1067 1965 eandem
1124 1912 1492 1967 munitionem
1545 1914 1777 1969 Henrico

140 2000 275 2055 duci
310 2000 773 2054 Normannorum.
830 2001 1041 2056 Mortuo
1097 2001 1332 2073 Rogerio
1378 2003 1578 2056 comite
1619 2004 1776 2057 War-

140 2093 386 2160 vicensi,
419 2093 688 2148 successit
737 2093 787 2148 ei
850 2094 1113 2149 Henricus
1164 2094 1307 2148 ﬁlius
1336 2111 1489 2157 suus,
1523 2103 1683 2150 natus
1710 2113 1776 2151 ex

141 2188 455 2245 Gondreda
487 2203 678 2243 sorore
726 2190 945 2243 uterina
983 2188 1223 2243 Gaufridi
1268 2189 1484 2243 comitis
1518 2189 1774 2243 Mcllenti.

143 2283 367 2337 Mortuo
383 2282 553 2336 etiam
598 2281 834 2352 Symone
866 2281 1063 2337 comite
1092 2281 1463 2345 Huntedonie,
1511 2283 1779 2336 successit

142 2372 193 2427 ei
226 2372 431 2426 Simon
450 2370 597 2425 ﬁlius
622 2371 763 2439 ejus,
797 2386 960 2441 quem
1016 2380 1283 2443 genuerat
1322 2388 1387 2425 ex
1414 2370 1525 2424 ﬁlia
1558 2370 1779 2425 Roberti

144 2461 374 2517 comitis
398 2460 765 2531 Legeccstrie.
797 2460 1041 2514 Decessit
1072 2461 1234 2514 etiam
1268 2460 1435 2514 David
1451 2476 1540 2513 rex
1574 2459 1773 2521 Scotie,

143 2555 228 2611 vir
254 2554 567 2609 admodum
599 2553 911 2628 religiosus,
967 2560 1021 2608 et
1056 2560 1439 2608 successerunt
1474 2552 1525 2607 ei
1557 2552 1665 2606 duo
1695 2552 1778 2605 sui

144 2656 414 2718 nepotes,
451 2660 592 2716 quos
620 2644 884 2699 Henricus
909 2642 1058 2697 ﬁlius
1109 2644 1250 2711 ejus,
1301 2643 1394 2713 qui
1435 2657 1580 2697 anno
1613 2658 1779 2712 supe-

145 2738 298 2794 riore
329 2736 576 2800 obierat,
607 2750 673 2789 ex
702 2733 814 2788 ﬁlia
837 2733 1106 2788 Willermi
1137 2732 1353 2788 comitis
1382 2733 1451 2787 de
1483 2732 1779 2798 Warenna,

141 2847 338 2887 sorore
368 2828 635 2883 videlicet
673 2829 885 2883 uterina
941 2828 1184 2883 Gaufridi
1240 2829 1458 2885 comitis
1513 2829 1776 2896 Mellenti,

143 2923 445 2992 genuerat.
475 2917 880 2988 Primogcnitus
933 2918 1153 2982 horum,
1206 2918 1422 2973 scilicet
1454 2918 1776 2985 Melcomus,

146 3023 389 3081 regnum
426 3005 607 3060 Scotie
638 3005 870 3075 adeptus
919 3013 1003 3060 est
1037 3024 1051 3069 ;
1108 3006 1273 3061 frater
1302 3007 1423 3074 ejus
1464 3007 1779 3061 Willermus

146 3097 482 3151 comitatum
541 3094 921 3149 Lodonensem
976 3096 1062 3128 ⁵³⁵·
1118 3095 1302 3150 Mense
1359 3095 1525 3161 Julio,
1571 3097 1602 3148 7
1656 3096 1780 3149 ldus

148 3188 415 3257 ejusdem
448 3186 654 3240 mensis
683 3186 823 3240 viam
885 3186 1140 3241 universe
1183 3188 1363 3242 carnis
1394 3187 1674 3261 ingressus
1700 3198 1784 3241 est

146 3282 507 3339 venerabilis
536 3282 801 3336 memorie
847 3282 1124 3354 Eugenius
1172 3283 1241 3337 ΙΙΙ
1279 3299 1440 3354 papa,
1469 3284 1553 3338 vir
1590 3284 1783 3339 admo-

145 3375 282 3430 dum
314 3373 637 3445 religiosus,
678 3371 731 3425 in
756 3372 1077 3426 elemosinis
1124 3373 1326 3445 largus,
1361 3372 1417 3426 in
1444 3372 1782 3440 judiciisju-

145 3472 287 3529 stus,
322 3462 593 3518 omnibus
623 3467 730 3516 tam
790 3461 1128 3532 pauperibus
1161 3478 1323 3534 quam
1356 3461 1618 3515 divitibus
1645 3460 1778 3516 affa-

143 3558 280 3619 bilis
310 3556 667 3624 etjocundus
701 3573 715 3620 ;
748 3555 816 3609 ad
857 3556 1015 3625 cujus
1048 3556 1342 3621 tumulum,
1399 3555 1493 3626 qui
1526 3555 1576 3609 ei
1605 3556 1658 3608 in
1686 3571 1781 3609 ec-

139 3649 318 3703 clesia
350 3646 503 3701 beati
527 3646 669 3699 Petri
720 3645 1108 3700 venerabiliter
1158 3646 1330 3700 factus
1358 3651 1460 3708 est,
1518 3644 1779 3699 miracula

144 3744 269 3809 post
314 3736 610 3791 transitum
669 3737 789 3804 ejus
844 3736 1025 3791 statim
1085 3740 1476 3806 apparuerunt,
1543 3734 1670 3805 (Jul.
1703 3735 1781 3805 9,)

143 3826 434 3882 Successit
464 3825 513 3879 ei
550 3823 830 3879 Conradus
861 3825 1183 3879 Sabinensis
1205 3825 1521 3895 episcOpus,
1564 3830 1784 3894 aposto-

144 3917 253 3970 lice
288 3915 447 3969 sedis
464 3915 520 3968 in
543 3914 681 3968 urbe
714 3914 995 3968 dumtaxat
1014 3914 1068 3968 in
1091 3913 1325 3989 agendis
1349 3911 1780 3984 epiSCOpalibus,

148 4004 283 4058 dum
322 4019 469 4074 papa
499 4003 677 4071 deest,
717 4018 780 4057 ex
839 4002 1066 4075 antiqua
1099 4002 1526 4064 consuetudine,
1564 4016 1662 4072 pro
1694 4000 1781 4054 di-

148 4098 371 4171 gnitate
403 4094 508 4149 loci
540 4094 625 4148 sui
664 4093 917 4161 vicarius,
950 4095 1042 4166 qui
1074 4105 1189 4148 erat
1222 4094 1447 4149 natione
1481 4095 1779 4161 Romanus,

149 4187 233 4240 vir
260 4183 589 4257 grandevus
627 4189 682 4236 et
720 4182 864 4253 apud
900 4183 1175 4237 Romanos
1205 4183 1530 4238 auctoritate
1564 4183 1780 4253 precia-

153 4296 271 4341 rus,
323 4275 525 4331 exinde
577 4284 803 4331 vocatus
834 4277 1148 4332 Anastasius
1194 4278 1281 4345 1V,
1334 4294 1477 4349 papa
1524 4276 1782 4333 videlicet

156 4369 327 4423 17203

227 4455 510 4510 Henricus
566 4454 671 4508 dux
745 4454 1183 4509 Normannorum
1265 4452 1483 4507 obsedit
1546 4460 1782 4506 castrum

155 4548 556 4612 Cravemense,
586 4545 734 4617 quod
776 4562 869 4600 rex
897 4546 1210 4616 Stephanus
1254 4544 1456 4598 fecerat
1485 4544 1628 4598 haud
1660 4558 1783 4613 pro-

156 4640 246 4696 cul
281 4637 743 4713 aWarengefort,
810 4638 1070 4710 quatinus
1118 4636 1325 4691 milites
1374 4636 1553 4703 ducis,
1604 4636 1697 4707 qui
1730 4635 1784 4688 in

158 4730 425 4801 predicto
481 4735 659 4783 castro
701 4737 878 4795 erant,
942 4746 973 4782 a
1030 4728 1259 4782 transitu
1313 4726 1497 4797 pontis
1551 4726 1786 4780 Tamisie

159 4818 513 4890 prohiberet.
539 4816 705 4886 Capto
770 4832 869 4887 pro
900 4816 1092 4883 majori
1147 4822 1304 4885 parte
1336 4813 1560 4868 castello
1593 4812 1789 4867 Crave-

160 4923 388 4969 mense,
422 4921 545 4959 cum
588 4921 679 4958 rex
710 4905 1020 4975 Stephanus
1054 4904 1146 4958 illo
1176 4903 1784 4974 apprOpinquaretcum

161 5014 276 5060 non
290 4997 469 5051 nimio
501 5003 765 5066 apparatu
824 4995 1044 5061 bellico,
1069 5002 1128 5049 ut
1184 4995 1299 5049 suis
1326 4994 1631 5049 secundum
1662 5009 1797 5048 con-

158 5090 379 5145 dictum
422 5088 765 5153 subveniret,
798 5087 906 5142 dux
937 5087 1266 5157 intrepidus,
1296 5103 1398 5142 nec
1415 5087 1679 5141 deserens
1703 5087 1798 5140 ob-

1020 336 1345 392 (ZIIHONICA
1412 368 1476 376 —
1518 337 1893 392 AUCTARIUH
1940 337 2221 391 ROHEHTI
2268 339 2344 392 HE
2391 340 2624 393 llONTE.

3394 345 3500 399 474

1803 465 1856 530 Α
1883 458 2179 525 sidionem,
2213 460 2361 514 acies
2390 478 2417 515 e
2447 462 2669 534 regione
2714 470 2904 518 contra
2935 481 3123 539 regem
3155 471 3501 535 pugnaturus

1808 1767 1853 1833 Β

1810 3134 1857 3199 (ἶ

1882 547 2173 603 ordinavit.
2212 548 2410 603 Verum
2444 549 2937 606 intercurrentibus
2988 553 3262 626 religiosis
3295 568 3495 623 perso-

1878 635 1986 700 nis,
2012 643 2066 690 et
2093 642 2305 691 secreto
2338 653 2459 690 cum
2492 638 2877 704 summatibus,
2919 640 3014 709 qui
3046 639 3101 692 in
3125 641 3366 695 exercitu
3397 641 3498 695 du-

1875 725 1956 779 cis
1996 737 2171 791 erant,
2203 727 2585 793 tractantibus,
2618 729 2684 781 ad
2736 730 2882 783 hunc
2917 729 3082 783 ﬁnem
3134 746 3221 783 res
3266 730 3503 785 deducta

1874 821 1974 882 est,
2008 822 2065 869 ut
2095 815 2237 869 datis
2275 817 2521 887 quinque
2577 816 2793 871 dierum
2853 818 3111 884 induciis,
3147 833 3239 872 rex
3266 818 3503 888 Stepha-

1876 923 1978 961 nus
2008 909 2290 978 proprium
2324 910 2605 963 castellum
2630 911 2777 981 quo‘d
2800 911 3162 966 obsidebatur
3202 918 3499 980 everteret,

1876 999 2090 1053 eductis
2121 1006 2325 1053 tantum
2359 1002 2427 1054 80
2471 1002 2707 1056 militum
2740 1018 2986 1064 suorum,
3022 1003 3114 1073 qui
3148 1010 3500 1073 supererant;

1878 1107 2001 1144 nam
2045 1091 2151 1144 dux
2173 1091 2225 1144 in
2260 1092 2496 1162 quadam
2528 1100 2678 1147 turre
2713 1094 2895 1166 lignea
2923 1095 2995 1147 ΞΟ
3024 1094 3229 1148 milites
3254 1094 3366 1163 jam
3409 1110 3505 1150 ce-

1878 1187 2054 1248 perat,
2098 1181 2346 1250 exceptis
2371 1183 2439 1235 b'U
2469 1182 2786 1255 sagittariis,
2829 1198 2969 1252 quos
2998 1181 3297 1251 dccapitari
3348 1181 3503 1238 fece-

1881 1277 1977 1324 rat.
2013 1270 2159 1325 Hanc
2188 1272 2564 1327 conditionem
2633 1290 2757 1327 cum
2790 1256 2922 1327 ‘dux
2954 1276 3323 1345 cognovisset,
3354 1274 3505 1345 {licet

1880 1360 1989 1414 sibi
2012 1377 2213 1434 magno
2268 1363 2463 1417 honori
2498 1370 2665 1429 esset,
2714 1365 2953 1438 graviter
3006 1365 3147 1432 tulit,
3184 1372 3238 1420 et
3286 1365 3342 1419 in
3398 1366 3502 1419 hac

1881 1454 2163 1508 dumtaxat
2196 1462 2348 1525 parte
2376 1457 2443 1510 de
2496 1455 2825 1512 inﬁdelitate
2856 1473 3104 1524 suorum,
3137 1458 3232 1529 qui
3261 1458 3498 1513 eandem

1881 1542 2285 1597 condictionem
2344 1545 2772 1614 interpositione
2810 1563 2907 1599 sue
2967 1546 3093 1599 fidei
3130 1546 3499 1610 ﬁrmaverant,

1873 1638 2232 1701 conquestus,
2267 1648 2335 1686 ne
2391 1633 2557 1687 ﬁdem
2614 1634 2830 1689 illorum
2873 1635 3077 1688 irritam
3114 1635 3338 1702 faceret,
3371 1652 3503 1707 pre-

1879 1720 2082 1774 dictum
2116 1727 2331 1788 pactum
2364 1722 2657 1777 concessit.
2706 1723 2895 1777 Soluta
2926 1732 3011 1778 est
3043 1724 3227 1795 itaque
3258 1724 3497 1788 obsidio,

1880 1827 1986 1882 que
2026 1812 2171 1866 circa
2221 1812 2582 1884 Walingcfort
2630 1814 2882 1868 ordinata
2942 1814 3140 1882 fuerat,
3197 1831 3327 1888 rege
3368 1816 3500 1869 Ste-

1879 1901 2064 1969 phano
2093 1900 2458 1955 Cravemense
2481 1902 2854 1957 subvertente.
2888 1903 3020 1956 Nam
3055 1918 3198 1957 anno
3230 1903 3493 1972 preterito

1878 1994 2083 2049 familia
2105 1996 2261 2050 ducis
2319 1996 2556 2062 Henrici,
2604 2013 2712 2067 que
2769 1996 3131 2070 Walingefort
3190 1997 3494 2061 incolebat,

1878 2102 1988 2142 non
2006 2088 2181 2141 solum
2202 2097 2436 2144 castrum
2485 2090 2831 2155 Bretewelle,
2864 2090 3013 2160 quod
3072 2089 3167 2142 diu
3194 2103 3292 2144 eos
3314 2089 3497 2158 impu-

1877 2185 2159 2251 gnaverat,
2184 2195 2373 2233 verum
2422 2180 2587 2234 etiam
2640 2179 2949 2246 castellum,
3001 2180 3151 2250 quod
3191 2195 3285 2233 rex
3334 2179 3500 2232 etiam

1878 2271 2190 2340 Stephanus
2219 2281 2412 2326 contra
2460 2272 2550 2341 jus
2587 2278 2641 2326 et
2686 2271 2767 2325 fas
2787 2279 3037 2325 erexerat
3058 2270 3204 2340 apud
3224 2270 3499 2324 abbatiam

1881 2359 2161 2432 Hadingis,
2195 2360 2666 2428 pessumdederat.
2703 2360 2906 2414 Exinde
2938 2361 3045 2413 dux
3077 2359 3342 2413 Henricus
3373 2375 3498 2413 cum

1880 2450 1983 2504 300
2014 2451 2286 2505 militibus
2337 2452 2581 2507 obviavit
2625 2452 2910 2505 Willermo
2951 2452 3019 2504 de
3072 2451 3339 2506 Guerceio
3374 2467 3500 2521 pre-

1880 2539 1984 2592 sidi
2016 2538 2458 2606 Oxinefordensi,
2516 2550 2571 2595 et
2620 2540 2852 2594 Hienrdo
2892 2541 2962 2593 de
3017 2539 3504 2606 LueeiohetWil-

1881 2627 2052 2681 lermo
2077 2627 2343 2695 Ellartello,
2372 2636 2425 2683 et
2464 2628 2630 2684 sociis
2656 2644 2848 2683 eorum
2903 2627 3259 2682 venientibus
3303 2628 3357 2681 in
3392 2635 3505 2682 ter-

1881 2731 1990 2769 ram
2026 2733 2205 2782 suam,
2267 2725 2320 2771 et
2347 2718 2574 2792 fugavit
2623 2732 2719 2771 eos
2748 2732 2925 2788 usque
2954 2715 3252 2780 Oxinefort,
3285 2716 3509 2787 etcepit

1878 2825 1943 2862 ex
1969 2809 2050 2863 eis
2078 2808 2147 2865 20
2188 2809 2391 2865 milites
2425 2828 2439 2875 ;
2499 2809 2725 2880 predam
2776 2816 2957 2862 autem
3014 2808 3502 2875 innumerabilem,

1880 2913 2041 2968 quam
2067 2899 2262 2953 velites
2293 2907 2347 2953 et
2378 2899 2512 2953 levis
2563 2907 2837 2952 armature
2869 2897 2991 2960 viri,
3044 2897 3137 2968 qui
3160 2914 3285 2951 eum
3312 2912 3504 2967 prose-

1881 2990 1990 3043 cuti
2015 2990 2252 3052 t‘uerant,
2296 3007 2360 3044 ex
2382 2991 2811 3058 circumjacente
2869 2989 3096 3063 regione
3127 3004 3505 3062 congregave-

1885 3085 2024 3143 rant,
2053 3078 2221 3146 jussit
2260 3078 2341 3133 eis
2366 3079 2522 3132 reddi
2587 3094 2822 3149 quorum
2855 3078 3051 3145 fuerat,
3074 3078 3290 3143 dicens,
3315 3094 3376 3132 se
3396 3092 3507 3132 non

1883 3166 1952 3220 ad
1994 3167 2096 3221 hoc
2124 3175 2183 3221 ut
2213 3175 2450 3238 raperet,
2483 3168 2581 3221 sed
2614 3174 2671 3221 ut
2702 3184 2731 3221 a
2759 3167 2948 3237 rapina
2999 3173 3285 3238 potentum
3319 3181 3500 3237 popu-

1886 3256 1997 3310 lum
2033 3273 2336 3327 pauperum
2407 3258 2684 3322 liberaret,
2730 3257 2966 3312 venisse.
3003 3258 3116 3311 Dux
3167 3256 3501 3311 Normannic

1878 3350 2024 3419 cepit
2051 3361 2287 3404 castrum
2342 3351 2774 3404 munitissimum
2831 3359 2884 3405 et
2916 3349 3122 3404 divitiis
3181 3349 3505 3418 opulentum

1879 3446 1935 3491 et
1989 3439 2273 3506 cujusdam
2327 3439 2622 3493 comitatus
2706 3438 2908 3508 capud,
2965 3438 3176 3493 scilicet
3233 3436 3496 3493 Stanfort.

1881 3528 2036 3583 Circa
2060 3528 2224 3582 ﬁnem
2253 3530 2382 3583 Julii
2425 3531 2631 3584 mensis
2684 3529 2994 3584 Ludovicus
3025 3546 3116 3583 rex
3151 3529 3507 3590 Francorum,

1882 3632 2228 3691 congregans
2269 3619 2565 3673 maximum
2606 3619 2908 3673 exercitum
2940 3634 3003 3672 ex
3053 3618 3203 3673 omni
3234 3625 3507 3688 potestate

1884 3723 2003 3775 sua,
2047 3710 2265 3763 obsedit
2319 3716 2559 3764 castrum
2610 3710 2881 3764 Vernonis
2934 3710 3046 3763 tere
3111 3725 3212 3778 per
3271 3709 3340 3763 15
3369 3709 3509 3764 dies.

1885 3800 2128 3871 (Eumque
2156 3802 2324 3856 nichil
2348 3802 2642 3871 proﬁceret
2693 3817 2796 3855 nec
2817 3801 3028 3855 crebris
3056 3801 3363 3855 assultibus
3397 3817 3500 3856 nec

1886 3893 2119 3947 diversis
2168 3894 2458 3960 machinis,
2492 3901 2546 3948 et
2599 3894 2801 3964 comes}
2827 3893 3185 3958 Morinorum,
3219 3906 3359 3962 quos
3389 3907 3513 3946 mo-

1889 3981 2047 4036 derni
2078 3983 2343 4039 Flandros
2374 3984 2682 4049 nominant,
2716 3984 2769 4037 in
2804 3983 2961 4053 cujus
2991 3981 3284 4052 multiplici
3315 3981 3513 4035 militia

1882 4087 1976 4125 rex
2004 4073 2239 4127 maxime
2271 4073 2607 4138 confidebat,
2651 4072 2819 4127 vellet
2862 4071 3151 4127 discedere
3214 4088 3226 4123 :
3277 4085 3345 4124 ne
3378 4086 3507 4141 pre-

1887 4162 2067 4218 dictus
2099 4180 2190 4218 rex
2224 4165 2493 4240 inglorius
2516 4165 2821 4229 recederet,
2854 4163 2901 4218 si
2929 4162 3156 4219 omnino
3190 4161 3357 4216 nichil
3382 4176 3513 4231 pro-

1885 4252 2128 4321 fecisset,
2182 4257 2295 4329 egit
2333 4257 2562 4311 secretis
2600 4254 3064 4311 conventionibus
3112 4260 3167 4306 et
3222 4252 3514 4321 promissis

1881 4344 2261 4400 cumRicardo
2292 4346 2363 4400 de
2411 4345 2682 4410 Vernone,
2739 4352 2799 4397 ut
2837 4342 3031 4396 saltem
3084 4340 3344 4394 vexillum
3391 4340 3513 4410 ejus

1887 4434 1942 4488 in
1975 4442 2123 4490 turre
2157 4438 2444 4501 levaretur,
2469 4445 2522 4490 et
2553 4436 2747 4491 eadem
2797 4433 2961 4489 turris
3002 4431 3190 4487 Goclio
3243 4429 3357 4486 ﬁlio
3388 4430 3513 4484 Bal-

1887 4526 2023 4582 drici
2064 4530 2428 4585 custodienda
2475 4529 2932 4592 committeretur,
2986 4525 3078 4596 qui
3120 4524 3362 4594 utrique,
3397 4519 3510 4595 regi

1886 4621 2099 4678 scilicet
2150 4632 2203 4679 et
2247 4626 2503 4693 Ricardo,
2563 4623 2834 4679 beneﬁcio
2883 4619 3185 4676 casamenti
3243 4617 3514 4674 obnoxius

1887 4722 2020 4768 erat.
2050 4715 2239 4773 Iliense
2272 4717 2584 4789 Septembri
2632 4732 2725 4770 rex
2780 4715 3108 4769 Francorum
3153 4727 3278 4766 cum
3327 4710 3516 4781 paucis

1888 4810 2141 4878 veniens,
2178 4821 2232 4867 et
2273 4814 2430 4885 quasi
2482 4812 2739 4877 latenter,
2781 4808 3061 4865 combuxit
3086 4806 3363 4879 quandam
3391 4821 3516 4876 par-

1891 4898 2001 4953 tem
2031 4901 2191 4977 burgi
2218 4903 2486 4957 Vernolii.
2700 4890 2703 4899 ’

1968 4992 2179 5047 Mortuo
2206 4991 2488 5045 Willermo
2540 4991 2609 5045 de
2633 4989 2828 5043 Paceio
2877 4986 3085 5057 absque
3133 4982 3347 5049 liberis,
3390 4982 3515 5037 red-

1902 5085 2076 5139 ditum
2123 5092 2207 5136 est
2246 5088 2483 5136 castrum
2545 5077 2727 5133 Paceii
2762 5076 3001 5130 Hoberto
3030 5071 3144 5127 ﬁlio
3170 5070 3390 5127 Roberti
3422 5085 3515 5125 co-

1534 5194 1752 5248 VARIIE
1781 5192 2160 5249 LECTIONES.

238 5296 314 5331 ⁵⁸⁵
348 5297 456 5350 Hic
487 5292 541 5347 2.
572 5293 729 5348 addit
760 5310 773 5346 :
807 5295 962 5348 Anno
1004 5294 1246 5364 presenti
1277 5299 1403 5364 post
1444 5298 1798 5363 pentecosten
1871 5289 2036 5364 venit
2088 5279 2439 5364 savigqeium
2474 5287 2694 5364 donnus
2722 5278 3218 5364 Gotsuinus‘abbas
3246 5276 3512 5364 Cistereii,

167 5349 540 5436 donnnmque
568 5364 850 5419 Serlonem
881 5349 1068 5419 secu'm
1098 5349 1317 5420 reduxit
1350 5349 1460 5436 ;Aet‘
1494 5364 1705 5436 electus
1728 5371 1811 5436 est
1842 5364 1897 5417 in
1950 5349 2543 5436 abbatemWSavigneii
2585 5351 3119 5436 donnus‘B‘icardus
3157 5349 3227 5404 de
3267 5349 3513 5436 Curceio.

164 5440 428 5507 ejusdem
451 5424 700 5490 'ecclesie
734 5436 1054 5507 monachus,
1080 5437 1171 5507 qui
1206 5438 1262 5490 in
1292 5424 1485 5490 eadem
1520 5435 1751 5507 abbatia
1782 5433 1838 5488 in
1886 5430 2181 5507 prudentia
2224 5437 2279 5483 et
2328 5424 2625 5507 honestate
2671 5424 3146 5507 adolescentia
3177 5425 3508 5507 excreverat,

168 5495 346 5580 a'tque
377 5509 432 5562 in
463 5523 529 5561 ea
561 5507 655 5580 diu
686 5506 837 5576 prior
866 5495 1119 5562 extiterai
1147 5526 1161 5574 ;
1190 5514 1241 5564 et
1261 5508 1431 5579 paulo
1462 5511 1588 5577 post
1617 5524 1628 5559 :
1658 5506 1805 5561 Obiit
1835 5495 1903 5560 et'
1927 5500 2219 5558 Gotsuinus
2249 5500 2471 5570 quintus
2501 5498 2671 5553 abbas
2702 5495 3097 5560 Cistercicnsis,
3122 5495 3209 5547 cui
3246 5495 3513 5544 successu

171 5577 504 5633 Lambertus
535 5577 726 5632 abbas.

1742 5646 1949 5703 NOTAE.

247 5736 397 5805 (617)
425 5736 502 5790 De
531 5734 704 5803 Clara,
734 5736 877 5791 ﬁlius
918 5736 1134 5791 Ricardi
1158 5738 1227 5792 de
1268 5738 1552 5793 Bienfaite.
