3858 6206
438 308 546 363 475
1650 304 1995 359 sroaasu'n
2038 301 2555 358 GEMBLACENSIS.
3626 323 3706 378 ηδ

593 456 943 496 ηοκΑΝοκυω.
1092 455 1440 495 ιι-ιιΑκοοιιυω.
1588 455 1898 495 ANGLORUM.
2078 439 2129 508 Α
2157 436 2218 491 Et
2245 437 2353 491 dux
2383 436 2627 511 benigne
2686 440 2981 504 concessit,
3017 449 3077 496 ut
3134 458 3223 497 rex
3271 449 3380 499 tota
3404 462 3496 501 sua
3531 450 3641 518 vita,
3674 458 3706 509 si

442 528 592 584 mitis
612 529 979 605 Legecestrie,
1011 529 1139 600 quia
1167 528 1480 599 pertinebat
1508 529 1576 582 ad
1618 530 1880 584 honorem
1928 527 2048 582 Bri-
2148 528 2335 591 vellet,
2370 544 2602 602 regnum
2631 534 2884 596 teneret;
2916 531 2997 585 sic
3022 537 3231 596 tamen,
3274 543 3333 588 ut
3362 534 3416 588 in
3454 543 3709 607 presentia-

441 616 556 672 tolii
585 617 753 688 (618),
782 617 930 673 unde
978 617 1073 671 ille
1121 626 1236 671 erat
1267 616 1545 690 legitimus
1596 617 1756 671 heres
1802 633 1863 671 ex
1896 625 2046 688 parte
2149 640 2264 679 rum
2303 623 2423 692 ipse
2456 636 2547 674 rex
2590 627 2645 675 et
2684 621 2933 692 episcopi
2972 630 3031 676 et
3068 624 3238 676 ceteri
3286 635 3526 694 potentes
3560 647 3706 687 sacra-

439 706 630 762 matris
684 722 805 762 sue.
867 706 1150 762 Discordia
1233 706 1378 761 inter
1439 705 1732 777 Symonem
1788 707 2044 763 comitem
2146 720 2335 769 mento
2382 712 2694 777 ﬁrmarent,
2745 711 2895 782 quod
2934 711 3042 765 dux
3083 720 3204 783 post
3244 723 3462 769 mortem
3498 720 3637 791 regis,
3670 724 3703 776 si

439 795 826 851 Ebroicensem
850 805 905 850 et
942 794 1086 849 filios
1113 793 1348 849 Ascelini
1386 793 1581 859 Goelli,
1611 794 1822 849 scilicet
1842 795 2046 850 etWil-
2153 807 2272 877 ipse
2300 820 2422 858 eum
2456 802 2856 873 superviveret,
2904 802 3133 871 paciﬁcc
3169 810 3223 858 et
3252 804 3455 876 absque
3477 811 3706 865 conlmdi.

441 883 671 939 lermum
714 884 996 955 Lupellum
1029 891 1082 938 et
1113 882 1405 956 Rogerium
1449 882 1712 948 Balbum;
1753 898 1862 953 ειυίι
1891 883 2050 938 ima"
2155 897 2337 952 ctione
2371 910 2599 969 regnum
2669 894 2916 949 haberet.
2966 894 3211 950 Juratum
3277 904 3359 950 est
3394 898 3563 962 etiam,
3591 904 3704 972 quod

442 974 706 1039 lescente,
730 972 1012 1043 predictus
1064 988 1252 1027 comes
1296 972 1409 1026 fere
1442 979 1606 1027 totam
1636 979 1836 1026 terram
1863 988 2033 1027 eorun

2156 984 2556 1056 possessiones,
2600 999 2709 1054 que
2740 983 2957 1053 direpte
2989 990 3147 1038 erant
3204 983 3271 1038 ab
3300 984 3633 1055 invasoribus,
3655 993 3706 1046 ad

442 1061 809 1132 depopulatus
865 1068 970 1129 est,
1011 1061 1223 1133 absque
1278 1060 1630 1150 firmitatibus
1678 1059 1848 1129 (619).
1884 1061 2033 1116 Noui:

2155 1077 2412 1148 antiquos
2445 1084 2499 1129 et
2524 1073 2800 1146 legitimos
2820 1090 3176 1145 possessores
3197 1084 3580 1145 revocarentur,
3599 1096 3707 1151 quo-

439 1156 667 1227 Augusli
701 1156 841 1211 facto
868 1156 1109 1211 tonitruo
1143 1171 1340 1230 magno
1380 1157 1525 1210 circa
1547 1156 1863 1211 occubitum
1892 1156 2046 1226 solis,

441 1244 645 1300 fulmen
670 1245 868 1300 cecidit
914 1245 1071 1300 Becci
1107 1245 1160 1298 in
1192 1244 1507 1299 summitate
1531 1245 1731 1299 camini
1764 1246 2046 1315 cujusdam

435 1350 650 1389 camcre
698 1336 800 1389 site
832 1352 1001 1406 super
1051 1334 1494 1405 preterﬂuentem
1549 1353 1744 1408 aquam
1780 1344 1871 1403 ;et
1900 1338 2045 1392 divi-

437 1423 574 1476 dens
596 1423 831 1477 eundem
862 1425 1162 1489 caminum,
1187 1424 1424 1478 mediam
1448 1432 1656 1497 partem
1680 1426 1800 1495 ejus
1821 1426 2048 1496 deiecit,

438 1514 647 1585 reliqua
670 1515 963 1570 medietate
995 1525 1175 1571 stante
1190 1516 1278 1570 ⁸⁸⁵.
1314 1517 1509 1572 Mulier
1529 1520 1764 1589 quedam
1790 1519 2049 1593 religiosa

438 1607 507 1661 de
549 1609 834 1678 provincia
851 1609 1216 1677 Lothariensi,
1240 1611 1449 1665 habens
1470 1612 1718 1682 spiritum
1735 1613 2047 1683 prophetie,

2152 1181 2269 1220 rum
2315 1165 2534 1219 fuerant
2575 1169 2825 1232 tempore
2859 1161 3074 1217 Henrici
3114 1163 3309 1234 optimi
3353 1166 3492 1240 regis
3517 1184 3530 1231 ;
3557 1167 3615 1222 de
3635 1184 3704 1223 ca-

2149 1256 2324 1313 stellis
2355 1255 2540 1320 etiam,
2577 1269 2683 1325 que
2717 1263 2838 1324 post
2887 1263 3117 1309 mortem
3157 1256 3388 1327 predicti
3446 1259 3577 1331 regis
3600 1259 3704 1315 facta

2151 1345 2387 1409 fuerant,
2446 1350 2504 1399 ut
2554 1350 2930 1398 everterentur
2972 1360 2986 1408 ;
3046 1359 3280 1414 quorum
3338 1346 3602 1402 multitudo
3652 1348 3703 1402 ad

2150 1436 2254 1491 375
2300 1435 2366 1469 ⁸⁸⁷
2433 1450 2701 1489 summam
2754 1444 3089 1489 excreverat.
3149 1435 3413 1491 Ranulfus
3437 1452 3603 1492 comes
3626 1437 3703 1493 Ce.

2149 1528 2282 1583 strie
2320 1527 2571 1595 moritur,
2603 1525 2924 1598 relinquens
2979 1543 3354 1584 successorem
3402 1530 3481 1585 sui
3523 1531 3704 1588 honoris

2152 1620 2436 1695 Hugonem
2500 1617 2697 1685 filium,
2747 1626 2933 1673 natum
2975 1635 3042 1673 ex
3098 1618 3210 1674 filia
3263 1620 3477 1676 Roberti
3533 1624 3705 1677 comitis

440 1699 590 1753 misit
616 1700 825 1754 litteras
853 1702 1091 1771 capitulo
1141 1702 1487 1757 Cisterciensi
1516 1704 1672 1758 valde
1703 1704 1964 1759 obscuras
1989 1712 2044 1760 et
2075 1742 2122 1809 Β
2145 1707 2498 1764 Gloecestric.
2530 1707 2799 1762 Robertus
2828 1707 2897 1761 de
2928 1706 3240 1809 Monteforti
3265 1710 3409 1809 cepit
3428 1711 3700 1809 avunculum

439 1791 595 1860 quasi
619 1808 717 1861 per
744 1792 1185 1864 integumentum
1217 1795 1607 1866 loquentes;in
1625 1795 1829 1867 quibus
1862 1804 2041 1852 tamen
2076 1791 2122 1809 ”
2144 1816 2300 1855 suum
2342 1798 2747 1853 Gualerannum
2801 1798 3055 1854 comitem
3098 1799 3366 1869 Mellenti,
3398 1801 3450 1856 in
3477 1803 3701 1874 colloquio

439 1885 651 1948 poterat
671 1879 1053 1946 animadverti,
1108 1882 1255 1952 quod
1297 1882 1695 1954 aliquantulum
1713 1892 1767 1940 et
1797 1892 2042 1956 teporem

437 1971 649 2025 ordinis
696 1982 750 2026 et
808 1972 976 2047 frigus
1032 1983 1244 2030 notaret
1299 1976 1560 2032 caritatis.
1615 1978 2046 2049 Hecpredixerat

438 2057 856 2131 EugeniOpape,
897 2062 1046 2132 quod
1090 2062 1234 2118 circa
1292 2070 1543 2120 octavum
1582 2082 1787 2121 annum
1843 2067 1925 2121 sui
1957 2084 2047 2122 sa-

440 2150 668 2206 cerdotii
700 2160 753 2207 et
782 2170 971 2224 pacem
1016 2155 1303 2211 habiturus
1331 2164 1547 2213 essetet
1575 2160 1683 2214 vite
1712 2158 1896 2228 finem,
1919 2161 2047 2215 Ter-

440 2240 559 2295 cius
584 2242 880 2300 Balduinus
907 2263 999 2300 rex
1051 2246 1554 2317 Jerosolimitanus,
1588 2252 1762 2324 gratia
1794 2252 1888 2307 Dei
1920 2268 2053 2323 pre—

437 2344 714 2401 currente,
743 2338 835 2393 diu
866 2339 1128 2396 obsidens
1154 2341 1430 2398 civitatem
1458 2345 1800 2413 Ascalonem,
1833 2348 2052 2403 tandem

438 2428 584 2498 cepit
614 2445 756 2495 eam,
786 2439 840 2485 et
865 2431 1018 2487 dedit
1047 2448 1166 2487 eam
1212 2435 1479 2491 Amalrico
1513 2436 1665 2492 fratri
1696 2453 1818 2505 suo,
1866 2440 2053 2495 comiti

433 2516 718 2585 JOppensi.
757 2518 1025 2592 Rogerius
1072 2536 1167 2576 rex
1199 2522 1385 2577 Sicilie
1432 2540 1531 2594 per
1561 2525 1898 2582 ammiralios
1920 2543 2051 2583 suos

435 2604 858 2675 cepitTonitam
912 2608 1078 2682 (620),
1132 2611 1325 2667 urbem
1376 2613 1665 2669 maximam
1718 2615 1773 2669 in
1834 2615 2046 2673 Aﬂ'rica.

436 2695 647 2752 Mortuo
716 2700 947 2756 Ricardo
1007 2703 1271 2775 episc0po
1349 2704 1673 2762 Abrincensi
1741 2708 1796 2762 in
1852 2708 2049 2766 itinere

437 2791 632 2854 Rome,
689 2806 813 2845 cum
862 2792 992 2848 illuc
1064 2796 1399 2865 perrexisset
1464 2814 1627 2854 causa
1676 2799 2050 2858 altercationis

436 2884 670 2939 duorum
702 2885 1001 2942 electorum
1032 2888 1252 2945 abbatie
1308 2891 1503 2947 Montis
1540 2894 1712 2949 sancti
1746 2895 2044 2965 Michaelis,

439 2974 735 3030 Herbertus
754 2978 1074 3046 capellanus
1096 2980 1252 3035 ducis
1281 2982 1577 3038 Normanie
1615 2983 1790 3040 factus
1821 2993 1903 3041 est
1925 2987 2047 3058 epi-

435 3080 635 3135 scopus
676 3067 922 3136 predicte
965 3070 1130 3125 sedis.
1168 3073 1331 3139 (Aug.
1397 3073 1504 3143 10.)
1556 3074 1739 3130 Mense
1792 3077 2039 3151 Augusti,

434 3153 580 3209 circa
630 3162 847 3212 octavas
883 3159 1058 3213 sancti
1101 3160 1399 3228 Laurentii,
1450 3163 1681 3219 moritur
1721 3164 2042 3222 Eustachius

436 3240 581 3296 filius
621 3243 887 3314 Stephani
928 3247 1073 3320 regis
1115 3248 1435 3321 Anglorum,
1493 3252 1622 3322 quia
1645 3254 1903 3324 predatus
1927 3254 2044 3311 fue-

436 3345 536 3403 rat,
568 3346 627 3392 ut
656 3338 880 3410 quidam
912 3340 1124 3409 dicunt,
1155 3353 1350 3398 terram
1404 3348 1577 3402 sancti
1612 3349 1880 3404 Edmundi
1901 3352 2047 3426 regis

434 3427 747 3481 etmartiris
800 3428 855 3482 in
898 3429 1015 3501 ipsa
1088 3431 1379 3489 festivitate
1448 3439 1622 3493 sancti
1667 3439 1961 3496 Laurentii.
1985 3443 2043 3497 ln

433 3514 640 3571 eisdem
673 3519 878 3573 octavis
908 3521 1150 3577 nascitur
1171 3521 1318 3579 filius
1349 3526 1580 3584 Henrico
1622 3529 1748 3585 duci
1780 3531 2044 3587 Norman-

434 3602 527 3658 nie
555 3620 621 3658 ex
650 3621 817 3661 uxore
847 3623 946 3663 sua
978 3609 1200 3667 Alienor
1253 3615 1533 3671 comitissa
1573 3617 1895 3675 Pirtavensi.
1931 3621 2041 3677 Vo-

432 3703 586 3751 catus
606 3704 689 3753 est
708 3699 854 3755 idem
914 3717 1053 3772 puer
1104 3704 1441 3773 Willermus,
1473 3710 1623 3781 quod
1652 3725 1853 3767 nomen
1884 3713 2041 3784 quasi

429 3784 711 3855 proprium
756 3795 839 3844 est
907 3790 1203 3847 comitibus
1283 3794 1626 3853 Pietavorum
1702 3808 1757 3856 et
1807 3800 2044 3857 ducibus

428 3877 846 3947 Aquitanorum,
891 3881 1236 3940 Venerabilis
1290 3887 1605 3945 Bernardus
1631 3892 1843 3961 primus
1871 3892 2043 3948 abbas

431 3968 764 4039 Clarevallis,
794 3975 880 4030 vir
903 3977 1224 4035 admiranda
1280 3980 1562 4054 religionis
1603 3994 1658 4040 et
1689 3985 1939 4041 doctrine
1961 3986 2043 4042 ef-

428 4062 632 4130 ﬁcacis,
657 4066 896 4122 humane
921 4068 1033 4124 vite
1058 4071 1329 4128 satisfecit
1362 4075 1650 4132 moriendo
1678 4079 1746 4134 14
1766 4079 2041 4137 Kalendas

429 4154 793 4226 Septembris,
822 4159 1145 4232 relinquens
1171 4163 1447 4234 sapientia
1474 4182 1571 4221 sue
1606 4168 1841 4238 plurima
1859 4172 2039 4229 docu-

427 4254 636 4314 menta,
682 4249 916 4304 maxime
970 4252 1022 4305 in
1070 4257 1483 4311 commentariis
1536 4258 1590 4312 in
1620 4261 1831 4316 cantica
1862 4265 2039 4320 canti-

426 4350 638 4391 corum.
682 4338 778 4392 Cui
822 4341 1095 4396 successit
1142 4342 1412 4399 Robertus
1460 4346 1757 4415 Flandrita,
1787 4352 1883 4422 qui
1921 4360 2038 4408 erat

427 4426 598 4482 abbas
645 4428 937 4486 Dunensis.
994 4432 1239 4488 Decessit
1302 4435 1701 4495 nichilominus

424 4517 647 4576 Murdac
675 4522 1129 4594 archiepiscopus
1186 4524 1573 4597 Eboracensis,
1621 4534 1929 4590 monachus
1956 4534 2039 4589 Ci-

425 4611 763 4668 sterciensis.

494 4753 804 4824 Stephanus
833 4771 928 4810 rex
975 4757 1273 4832 Anglorum
1322 4762 1377 4813 et
1422 4758 1686 4816 Henricus
1739 4763 1849 4817 dux
1899 4763 2033 4819 Nor-

425 4842 670 4911 mannie,
711 4853 978 4919 cognatus
1011 4849 1153 4919 ejus,
1202 4850 1236 4906 8
1277 4850 1405 4905 ldus
1452 4851 1792 4919 Novembris,
1820 4854 2041 4923 justicia

425 4930 494 4985 de
536 4932 658 4988 celo
700 4938 1097 5007 prospiciente,
1157 4941 1475 4997 concordati
1515 4950 1643 4997 sunt
1686 4944 1792 4999 hoc
1841 4945 2027 5001 modo.

1773 4442 2037 4498 Henricus
2057 4432 2111 4499 Ι)

2146 1890 2402 1946 condicto
2444 1890 2589 1945 haud
2628 1889 2874 1960 procula
2927 1890 3102 1964 burgo
3159 1892 3372 1947 Bernai.
3405 1892 3612 1949 Obsesso
3635 1909 3701 1948 ca-

2148 1987 2258 2035 stro
2281 1980 2453 2034 Orbec
2489 1980 2630 2046 (62!)
2688 1979 2755 2033 ab
2802 1979 3125 2034 hominibus
3150 1981 3368 2035 comitis
3405 1981 3699 2044 Gualeranni,

2151 2073 2331 2144 inquo
2379 2072 2521 2126 idem
2564 2086 2751 2127 comes
2807 2071 3116 2137 tenebatur,
3169 2073 3391 2127 tandem
3417 2072 3703 2128 comesliber

2161 2164 2425 2219 dimissus
2454 2170 2557 2229 est,
2590 2161 2803 2217 reddita
2822 2162 2976 2234 prius
2998 2163 3251 2233 predicto
3282 2164 3463 2235 nepoti
3485 2180 3572 2220 suo
3596 2172 3704 2219 terre
3802 2186 3803 2191 π

2156 2256 2225 2310 de
2260 2253 2593 2310 Monteforti.

2225 2384 2385 2441 1153.
2428 2384 2629 2457 [1154]
2661 2384 2974 2440 Fredericus
3019 2384 3074 2439 2.

2747 2479 3052 2547 Stephanus
3084 2480 3175 2534 18.

3190 2387 3485 2442 Ludovicus
3520 2386 3595 2442 16.

2224 2589 2531 2644 Ludovicus
2576 2604 2668 2644 rex
2725 2588 3055 2644 Francorum
3123 2590 3280 2646 duxit
3316 2606 3527 2647 uxorem
3573 2589 3701 2643 ﬁliam

2148 2679 2364 2735 Anforsi
2392 2680 2536 2751 regis
2583 2680 2989 2750 Hispaniarum.
3025 2680 3200 2752 Caput
3238 2682 3390 2755 regui
3421 2682 3567 2751 hujus
3593 2678 3704 2752 regis

2149 2766 2340 2822 civitas
2362 2775 2445 2823 est
2470 2767 2715 2822 Toletum
2752 2783 2765 2835 ;
2794 2783 2979 2839 quem,
3008 2770 3140 2841 quia
3193 2771 3517 2842 principatur
3543 2766 3702 2837 regulis

2148 2855 2488 2928 Arragonum
2535 2863 2593 2909 et
2636 2855 2879 2923 Gallicie,
2937 2857 3327 2928 imperatorem
3380 2856 3694 2929 Hispaniarum

2147 2949 2445 3018 appellant.
2487 2948 2853 3004 Walerannus
2914 2965 3101 3005 comes
3186 2951 3442 3007 Mellenti.
3487 2948 3699 3005 obsidens

2148 3043 2384 3092 castrum
2406 3035 2771 3099 Montisfortis,
2824 3036 3044 3112 fugatus
3083 3046 3169 3094 est
3200 3039 3550 3115 ignominiose
3573 3053 3599 3090 a
3617 3052 3694 3088 ne-

2071 3134 2119 3201 c
2149 3132 2275 3196 pote
2304 3140 2404 3179 suo
2436 3125 2698 3193 Roberto,
2730 3127 2939 3182 eversis
2966 3127 3186 3183 duobus
3217 3112 3469 3195 castellis,
3498 3143 3589 3199 que
3615 3126 3699 3194 ipse

2148 3231 2321 3286 pr0pe
2350 3217 2788 3273 Montemfortem
2842 3227 3111 3274 erexerat.
3172 3221 3434 3296 Rogerius
3460 3235 3539 3274 rex
3555 3214 3699 3271 Sicilie

2148 3307 2379 3361 moritur
2432 3309 2467 3361 4
2506 3308 2777 3364 Kalendas
2820 3309 3028 3377 Martii;
3088 3311 3221 3367 huic
3250 3312 3498 3368 successit
3525 3307 3695 3360 Willer-

2148 3411 2269 3449 mus
2299 3395 2445 3449 ﬁlius
2472 3412 2625 3464 suus,
2657 3413 2823 3468 quem
2856 3405 3016 3468 pater
3044 3406 3173 3455 ante
3222 3409 3446 3455 mortem
3472 3411 3602 3451 suam
3629 3408 3697 3445 su-

2149 3487 2433 3542 blimatum
2475 3489 2529 3543 in
2580 3505 2763 3563 regem
2821 3500 3133 3546 consortem
3192 3492 3345 3563 regni
3396 3490 3591 3545 fecerat.
3627 3484 3697 3538 Hic

2147 3582 2299 3636 duxit
2325 3580 2490 3636 ﬁliam
2522 3584 2670 3657 regis
2714 3584 3077 3641 Navarrorum
3128 3587 3336 3653 Garsie,
3364 3598 3582 3641 sororem
3606 3578 3692 3634 sci-

2146 3673 2514 3729 licetSanceii
2564 3674 2923 3743 junioris;et
2975 3679 3227 3750 suscepit
3274 3696 3338 3734 ex
3359 3694 3421 3734 ea
3448 3669 3695 3743 filiumpri-

2146 3763 2510 3837 mogenitum,
2562 3765 2788 3821 nomine
2828 3767 3146 3841 Rogerium.
3192 3769 3418 3834 Mortuo,
3468 3775 3522 3821 ut
3554 3760 3696 3836 predi-

2146 3863 2292 3910 ctum
2316 3863 2421 3923 est,
2452 3857 2690 3913 Henrico
2750 3859 3178 3933 archiepiscopo
3219 3859 3549 3924 Eboracensi,
3583 3858 3695 3910 Ana-

2145 3944 2346 4000 stasius
2376 3961 2518 4016 papa
2548 3946 2788 4002 restituit
2820 3948 2876 4001 in
2907 3949 3143 4004 eandem
3176 3951 3366 4005 sedem
3393 3948 3697 4003 Willermum,

2142 4035 2357 4091 donans
2386 4036 2437 4090 ei
2476 4036 2722 4107 pallium,
2774 4045 2831 4093 et
2883 4053 3220 4095 consecrans
3251 4041 3417 4096 Rome
3446 4038 3495 4092 in
3520 4045 3700 4105 presen-

2140 4126 2215 4181 tia
2245 4127 2367 4195 ejus
2409 4128 2693 4201 Hugonem
2745 4129 2815 4185 de
2868 4130 3054 4185 Puisat
3108 4132 3428 4203 episcOpum
3480 4118 3695 4180 Dunelmi.

2141 4228 2405 4291 nepotem
2432 4221 2699 4293 Stephani
2729 4223 2873 4297 regis
2899 4224 3217 4299 Anglorum.
3250 4226 3396 4280 Hunc
3417 4220 3695 4276 Willermum

2141 4310 2420 4384 Eugenius
2454 4327 2595 4382 papa
2624 4312 2882 4368 decessor
2902 4314 3174 4369 Anastasii
3214 4314 3542 4384 deposuerat.
3582 4304 3693 4401 Cir?

2140 4400 2341 4469 pascha
2370 4399 2636 4454 Henricus
2682 4400 2791 4455 dux
2831 4401 3271 4459 Normannorum
3303 4396 3631 4457 transfretavit
3652 4396 3693 4444 in

2140 4491 2547 4557 Normanniam,
2580 4500 2635 4546 et
2666 4493 2814 4562 cepit
2842 4508 3101 4549 revocare
3133 4496 3392 4566 paulatim
3416 4500 3468 4549 et
3496 4487 3693 4561 pruden-

2139 4589 2221 4638 ter
2247 4582 2301 4636 in
2318 4583 2410 4652 jus
2464 4582 2744 4653 proprium
2794 4599 2893 4637 sua
2947 4585 3246 4652 dominica,
3274 4601 3378 4658 que
3416 4589 3555 4655 pater
3574 4590 3690 4635 suus,

2140 4680 2373 4747 urgente
2404 4673 2756 4740 necessitate,
2788 4674 3125 4744 primoribus
3152 4672 3476 4732 Normannie
3502 4669 3561 4724 ad
3582 4675 3693 4720 tem-

2141 4779 2246 4833 pus
2274 4771 2639 4819 concesserat.
2675 4765 2809 4820 Inde
2866 4766 3147 4837 profectus
3188 4767 3243 4821 in
3282 4760 3593 4837 Aquitaniam
3620 4767 3690 4851 rc-

2142 4853 2440 4909 bellionem
2497 4855 2845 4926 quorundam
2906 4856 3191 4927 repressit.
3230 4843 3690 4941 Willermusarchi-

2140 4947 2435 5016 episcopus
2474 4946 2836 5002 Eboracensis
2873 4948 3213 5024 reversus‘in
3242 4932 3691 5021 Angliam,dumdi-

426 5018 537 5074 Rex
580 5021 732 5091 prius
757 5026 1075 5097 recognovit
1136 5028 1193 5081 in
1234 5037 1510 5085 conventu
1560 5031 1945 5102 episcoporum
1979 5042 2035 5090 et
2136 5036 2259 5091 vina
2288 5036 2531 5091 misteria
2566 5044 2935 5104 consummat,
2995 5038 3188 5092 hausto
3226 5037 3281 5091 in
3312 5036 3425 5107 ipso
3451 5027 3688 5123 0811003.!“

421 5113 684 5169 comitum
734 5123 788 5171 et
851 5116 1190 5189 reliquorum
1255 5122 1577 5177 obtimatum
1637 5124 2031 5180 hereditarium
2134 5127 2308 5189 aiunt,
2367 5143 2606 5194 veneno,
2673 5127 2924 5184 moritur.
3004 5127 3098 5182 Cui
3163 5123 3688 5217 successit1105.921}:s

420 5201 527 5270 ius,
560 5202 711 5272 quod
737 5202 846 5257 dux
878 5205 1144 5262 Henricus
1200 5209 1440 5266 habebat
1472 5212 1527 5266 in
1558 5228 1788 5286 regnum
1819 5214 2030 5289 Anglie.
2135 5215 2203 5269 de
2236 5214 2405 5270 Ponte
2452 5215 2722 5286 episcOpi,
2777 5216 3202 5272 archidiaconus
3224 5208 3597 5271 Cantuariensis
3614 5200 3683 5250 ⁸⁸⁸.

1797 5312 2017 5368 VARUE
2038 5312 2413 5369 LECTIONES.

492 5373 564 5449 ﬁ“
592 5372 1016 5449 Nonis—stante
1042 5377 1243 5449 desunt
1265 5380 1355 5436 8b.
1410 5380 1477 5416 ⁸⁸⁷
1516 5398 1772 5438 numerus
1825 5399 2012 5440 erasus
2064 5390 2143 5440 est
2183 5387 2241 5439 in
2268 5385 2324 5438 E.
2382 5384 2452 5420 ⁵⁸⁸
2484 5386 2607 5439 Post
2663 5385 2772 5440 hac
2803 5388 2858 5439 in
2916 5385 2974 5449 E,
3014 5387 3127 5439 alia
3163 5398 3352 5438 manus
3381 5379 3689 5434 incertuman

419 5447 661 5510 Roberti,
694 5447 839 5498 inter
864 5446 1006 5501 hanc
1036 5448 1233 5504 lineam
1259 5456 1310 5506 et
1352 5458 1655 5523 sequentem
1708 5458 1941 5510 inseruit
1990 5471 2238 5511 numeros
2284 5455 2377 5510 Ill.
2427 5454 2579 5509 XVII.
2613 5455 2744 5510 XIX.
2779 5446 2994 5511 MCLIV.
3030 5457 3313 5524 eademque
3333 5461 3543 5536 seqqu
3567 5452 3690 5560 υοῗξ·

420 5517 610 5560 bulum
635 5515 822 5560 Mem-t9.
858 5518 919 5560 in
947 5532 1149 5560 rasum
1173 5524 1392 5560 smn“?
1448 5524 1685 5560 Ποιῑηιηό
1714 5526 1961 5560 ηαυηελυρ
1991 5527 2048 5560 ιιδ
2082 5529 2294 5560 ..κηποι-ε
2319 5527 2509 5560 AM..."
2568 5526 2714 5560 mm.)
2768 5529 2924 5560 alma'nn
2951 5532 3145 5560 κοιλιην-η
3215 5525 3404 5560 Abhinc
3428 5527 3594 5560 matur-
3655 5519 3689 5559 IS

420 5517 610 5572 bulum
635 5515 822 5571 Mense
858 5518 919 5570 in
947 5532 1152 5572 rasura
1172 5515 1685 5594 scripsit-Reliquis
1714 5526 1961 5582 omnibus
1987 5527 2048 5580 hi
2082 5529 2294 5582 numeri
2318 5527 2528 5589 desunt,
2568 5526 2714 5596 quod
2768 5529 2924 5582 unice
2951 5532 3170 5582 rectum.
3203 5515 3594 5586 Ioniae—igitur.

1968 5621 2176 5679 ΝΟΤᾹΞ.

2216 5692 2364 5764 (620)
2396 5692 2584 5749 Tunis.

664 5682 946 5773 'Breteuil.
982 5682 1360 5773 interE‘vreux
1388 5690 1708 5745 etMoulins.
2216 5692 2364 5773 (629)
2392 5692 2596 5773 ξΓιιηὶεἱ
2621 5763 2631 5773 ,
2671 5763 2681 5773 ,

1632 5776 1635 5779 ’
2212 5763 2358 5835 (621)
2390 5765 2540 5822 Inter
2577 5763 2795 5819 Lisieux
2835 5771 2889 5821 et
2909 5763 3142 5835 L’Aigle.

486 5753 627 5825 (619)
661 5754 703 5810 Ι.
728 5767 782 5808 c.
817 5753 1067 5824 exceptis
1085 5754 1344 5815 castellis.
