3858 6206
156 310 249 365 677

277 455 629 497 ΚΟΙΑΝΟΒΠΙ.
780 455 1122 495 FRANCORUM.
1273 455 1583 496 Ακϐιοκυιι.

214 534 387 590 Hense
418 531 582 600 Maio,
609 532 643 587 6
684 532 953 588 Kalendas
983 531 1151 595 Junii,
1186 530 1324 587 feria
1352 532 1387 587 5
1427 531 1568 587 infra
1590 537 1745 587 octa-

153 642 236 683 vas
283 630 653 695 pentecostes,
695 622 1093 677 monasterium
1143 621 1290 675 beati
1344 620 1629 676 Michaelis
1677 621 1746 676 de

153 712 379 769 Periculo
408 711 580 766 maris
619 719 743 781 post
780 711 1213 778 tribulationem,
1257 726 1426 781 quam
1459 726 1558 781 per
1584 709 1749 781 quin-

154 801 433 875 quennium
457 799 573 855 fere
597 800 787 873 jugem
820 816 1042 871 passum
1074 800 1273 866 fuerat,
1306 799 1417 855 Deo
1451 799 1747 854 miserante

155 892 533 965 aliquantulum
574 890 883 962 respiravit,
913 892 1090 946 electo
1129 890 1470 945 unanimiter
1498 890 1566 945 ab
1598 890 1751 946 omni

157 990 405 1041 conventu
468 981 704 1037 Roberto
745 982 815 1037 de
867 981 1182 1050 Torinneio,
1242 981 1425 1053 priore
1471 981 1753 1037 claustrali

156 1077 425 1133 Beccensis
454 1076 800 1131 monasterii.
857 1076 1062 1132 Eodem
1116 1093 1310 1132 mense
1350 1077 1457 1131 dux
1491 1076 1754 1131 Henricus

157 1170 355 1225 rediens
383 1169 452 1223 de
481 1168 794 1240 Aquitania,
824 1167 1153 1243 Hothomagi
1188 1168 1245 1222 in
1297 1168 1389 1224 die
1441 1167 1754 1223 festivitatis

156 1257 307 1312 sancti
363 1256 635 1312 Johannis
693 1257 933 1325 Baptiste
972 1263 1255 1328 gratanter
1300 1273 1584 1311 assensum
1629 1272 1755 1327 pre-

160 1346 263 1400 buit
317 1344 564 1415 predicte
619 1343 896 1409 electioni,
951 1360 1115 1415 quam
1172 1344 1626 1416 archiepiscopus
1659 1345 1758 1400 Ro-

158 1435 517 1509 thomageusis
546 1435 718 1508 Hugo,
772 1434 855 1489 vir
885 1450 1100 1489 summe
1139 1435 1429 1509 religionis
1481 1443 1536 1490 et
1589 1435 1757 1490 indu-

159 1529 293 1595 strie,
324 1544 444 1583 cum
478 1528 827 1600 imperatrice
858 1536 1032 1583 matre
1062 1528 1219 1583 ducis
1245 1536 1409 1584 antea
1438 1536 1753 1599 utpresen-

998 304 1342 360 CHRONICA.
1386 336 1453 345 —
1491 304 1869 362 AUCTARIUM
1917 306 2200 361 ROBEBTI
2247 309 2327 362 DE
2370 310 2588 364 MONTE

3364 319 3471 375 478

1767 443 1821 513 Α
1918 439 2063 496 Obiit
2086 456 2121 512 6
2159 442 2431 497 Kalendas
2462 444 2778 500 Decembris
2818 448 3134 504 Anastasius
3163 466 3307 521 papa
3366 452 3472 508 Ro-

1846 547 2071 592 manus;
2110 540 2166 587 et
2220 533 2489 589 successit
2535 534 2587 589 ei
2633 535 2924 594 Nicholaus
2977 540 3274 612 episcopus
3305 542 3466 599 Alba-

1849 623 2060 690 nensis,
2090 639 2232 694 papa
2263 624 2524 681 videlicet
2555 626 2658 681 173
2720 668 2734 695 ,
2783 637 3005 684 vocatus
3053 631 3325 688 Adrianus
3377 635 3466 703 ιν,

1848 712 1933 768 vir
1962 713 2187 785 quidem
2223 714 2515 790 religiosus
2544 723 2599 772 et
2626 719 2849 774 natione
2879 720 3161 794 Anglicus,
3191 724 3284 794 qui
3316 726 3471 794 prius

1853 804 2035 860 fuerat
2083 805 2258 861 abbas
2312 809 2704 865 canonicorum
2746 813 3080 884 regularium
3139 814 3291 869 Santi
3347 815 3468 871 Rufi

1854 897 1909 951 in
1935 897 2234 963 Provincia,
2268 898 2367 953 sed
2408 899 2477 953 ab
2519 899 2765 974 Eugenio
2801 903 3199 973 predecessore
3262 920 3363 960 suo
3396 904 3475 960 fa—

1854 992 1972 1041 ctus
2002 985 2178 1041 fuerat
2207 987 2503 1059 episcopus
2535 990 2860 1046 Albanensis
2888 991 2977 1047 589.
3035 993 3260 1048 Moritur
3309 995 3472 1050 etiam

1855 1076 2192 1133 Gislebertus
2212 1078 2508 1150 episcopus
2554 1081 2911 1151 Pictavensis,
2960 1085 3043 1139 vir
3098 1085 3394 1159 religiosus
3422 1094 3477 1141 et

1854 1170 2179 1242 multiplicis
2194 1172 2468 1239 doctrine,
2502 1173 2597 1245 qui
2632 1175 2875 1244 psalmos
2904 1183 2958 1230 et
2997 1176 3261 1247 epistolas
3322 1177 3474 1232 Pauli

1858 1262 2168 1318 luculenter
2204 1263 2477 1333 exposuit.
2510 1263 2817 1319 Ludovicus
2847 1280 2939 1319 rex
2970 1265 3299 1321 Francorum
3341 1283 3472 1339 gra-

1857 1350 1932 1405 tia
1970 1351 2238 1406 orationis
2263 1352 2503 1422 perrexit
2530 1353 2597 1406 ad
2628 1353 2887 1408 Sanctum
2940 1353 3204 1410 Jacobum
3249 1357 3318 1410 de
3351 1356 3476 1411 Gal-

1858 1444 2002 1511 licia,
2038 1452 2094 1500 et
2119 1445 2186 1499 ab
2237 1444 2569 1515 imperatore
2623 1446 3010 1516 Hispaniarum
3041 1463 3233 1504 socero
3257 1464 3359 1504 suo
3382 1448 3471 1504 fa-

1856 1533 2175 1589 vorabiliter
2204 1534 2262 1588 in
2302 1534 2560 1604 Hispania
2582 1542 2869 1605 susceptus
2922 1544 3024 1591 est.
3056 1538 3319 1593 Henricus
3364 1539 3474 1594 dux

162 1628 231 1675 tes
296 1620 662 1675 libentissime
726 1619 1204 1675 conﬁrmaverant.
1289 1620 1556 1692 Sequenti
1626 1636 1758 1676 vero
1859 1624 2851 1680 Normannorum7ldusDecembris
2889 1627 2947 1681 in
2998 1628 3245 1703 Angliam
3288 1638 3473 1684 trans-
3548 1608 3551 1613 ί

163 1730 332 1770 mense
359 1714 413 1769 in
446 1714 746 1770 festivitate
777 1720 968 1769 sancte
1022 1714 1188 1769 Marie
1245 1714 1586 1788 Magdalene,
1629 1730 1760 1785 pre-
1789 1747 1837 1814 Β
1864 1714 2091 1781 fretans,
2124 1731 2247 1770 cum
2278 1731 2478 1789 magno
2503 1716 2743 1787 tripudio
2783 1718 3103 1775 clericorum
3133 1730 3187 1774 et
3212 1721 3471 1776 laicorum

162 1804 319 1858 dictus
346 1803 555 1858 electus
584 1803 916 1858 benedictus
956 1808 1039 1857 est
1080 1803 1136 1857 in
1160 1804 1415 1859 abbatem
1444 1804 1589 1874 apud
1619 1805 1761 1858 San-
1789 1803 1834 1814 “’
1861 1813 2122 1876 exceptus
2150 1813 2252 1861 est.
2306 1806 2376 1863 13
2413 1808 2684 1863 Kalendas
2737 1808 3004 1877 Januarii,
3068 1810 3159 1866 die
3199 1811 3477 1867 dominica

164 1904 291 1951 ctum
331 1895 694 1951 Philibertum
755 1896 823 1950 de
870 1895 1186 1951 Montelorti
1228 1895 1297 1950 ab
1328 1896 1594 1951 Herberto
1645 1897 1759 1968 epi-
1859 1903 1987 1950 ante
2043 1895 2385 1951 nativitatem
2442 1896 2683 1964 Domini,
2734 1898 2881 1968 apud
2926 1899 3474 1955 Westmonasterium

164 2003 312 2058 scOpo
341 1986 727 2042 Abrincatensi
756 1994 811 2041 et
836 1986 1063 2043 Girardo
1089 1987 1363 2060 Sagiensi,
1398 1988 1757 2058 presentibus
1857 1985 1927 2040 ab
1953 1986 2215 2042 omnibus
2238 1987 2446 2043 electus
2474 1995 2529 2042 et
2566 1989 2621 2042 in
2662 2005 2846 2061 regem
2880 2000 3078 2045 unctus
3108 1998 3191 2045 est
3233 2008 3263 2046 a
3300 1991 3478 2047 Theo-

164 2074 430 2131 abbatibus
467 2076 711 2151 Rogerio
772 2075 1057 2143 Beccensi,
1098 2075 1363 2129 Michaele
1405 2075 1752 2145 Pratellensi,
1856 2074 2022 2131 baldo
2059 2076 2485 2148 archiepiscopo
2531 2078 2928 2134 Cantuariensi.
2981 2079 3267 2136 Aﬁ'uerunt
3309 2081 3475 2137 etiam

168 2168 367 2240 Hugone
416 2167 485 2222 de
545 2167 745 2222 Sancto
803 2166 1082 2222 Salvatore
1150 2167 1513 2222 Constantini.
1572 2169 1755 2223 Mense
1857 2167 2102 2239 episcopi
2133 2184 2333 2224 omnes
2386 2169 2598 2243 Anglici
2652 2172 2829 2245 regni,
2885 2172 3150 2244 Rogerius
3186 2173 3470 2245 archiepi-

167 2260 381 2333 Augusto
401 2258 724 2315 concordati
751 2266 881 2314 sunt
909 2259 1218 2316 Ludovicus
1275 2276 1370 2314 rex
1421 2261 1754 2317 Francorum
1855 2275 2059 2330 scopus
2108 2260 2491 2316 Eboracensis.
2561 2262 2825 2317 Ricardus
2897 2264 3193 2335 episcopus
3246 2265 3473 2320 Lundo-

168 2358 214 2405 et
237 2350 337 2404 dux
356 2350 793 2406 Normannorum
824 2351 1090 2407 Henricus
1136 2352 1245 2408 hoc
1277 2353 1459 2408 modo.
1496 2354 1606 2408 Rex
1637 2354 1757 2408 red-
1859 2348 2092 2415 niensis,
2143 2348 2410 2404 Henricus
2467 2349 2889 2417 Wintoniensis,
2950 2351 3224 2407 Robertus
3278 2353 3471 2409 Linco-

171 2440 287 2496 didit
313 2442 360 2495 ei
382 2441 489 2497 duo
513 2441 762 2511 castella,
793 2443 1034 2498 vernum
1072 2450 1128 2499 et
1179 2444 1387 2499 Novum
1421 2451 1755 2512 mercatum;
1858 2437 2072 2503 liensis,
2106 2437 2415 2492 Gualterius
2461 2438 2783 2509 Castrensis,
2826 2440 3164 2496 Gislebertus
3218 2442 3476 2500 Herefor—

170 2538 213 2586 et
239 2534 336 2587 dux
364 2533 515 2589 dedit
537 2534 589 2588 ei
622 2534 731 2589 duo
762 2534 913 2590 milia
942 2552 1248 2592 marcarum
1287 2537 1502 2611 argenti
1533 2552 1631 2607 pro
1662 2553 1756 2592 re-
1861 2529 2072 2597 densis,
2102 2529 2373 2586 Robertus
2403 2530 2671 2598 Batensis,
2698 2531 2979 2587 Johannes
3008 2533 3478 2606 Wingorniensis,

169 2622 427 2678 sarciendo
457 2624 726 2694 dampno,
758 2622 908 2695 quod
965 2640 1057 2679 rex
1097 2642 1294 2695 passus
1352 2625 1529 2680 fuerat
1573 2625 1630 2680 in
1660 2642 1759 2681 ca-
1863 2621 2137 2676 Robertus
2193 2621 2537 2685 Exoniensis,
2600 2622 2833 2677 Hilarius
2889 2625 3187 2693 Cestensis,
3235 2625 3481 2681 Gosceli-

171 2709 370 2779 piendo,
400 2711 728 2778 muniendo,
756 2712 1000 2768 tenendo
1031 2714 1252 2768 easdem
1294 2712 1600 2768 ﬁrmitates.
1634 2714 1764 2769 Rei-
1865 2726 1970 2765 nus
2030 2710 2477 2777 Salesberiensis,
2532 2710 2805 2766 Galterius
2882 2711 3174 2780 Roffensis,
3232 2714 3481 2787 Nigellus

172 2797 342 2853 naldus
382 2800 448 2854 de
497 2799 834 2867 Castelliolo,
895 2800 1070 2856 factus
1123 2802 1384 2873 princeps
1446 2802 1757 2869 Antiochie,
1866 2798 2159 2865 Heliensis,
2189 2798 2504 2854 Willermus
2530 2798 2935 2862 Nothvicensis.
2974 2800 3125 2876 Hugo
3147 2802 3483 2857 Dunelmen-

171 2888 307 2943 ducta
362 2892 678 2947 Constantia
708 2892 900 2947 relicta
941 2892 1236 2949 Raimundi
1268 2894 1558 2966 principis,
1595 2911 1760 2967 quem
1861 2891 1957 2958 sis,
2015 2890 2298 2946 Adalulfus
2349 2892 2698 2948 Carlivensis.
2757 2890 3043 2947 Affuerunt
3099 2902 3153 2947 et
3219 2893 3288 2948 de
3343 2894 3481 2949 Nor-

171 2978 305 3037 Turci
330 2984 518 3039 eodem
556 2999 706 3039 anno
731 3024 744 3051 ,
804 3000 915 3055 quo
957 3000 1051 3041 rex
1081 2985 1412 3041 Francorum
1456 2988 1761 3043 Ludovicus
1862 2980 2086 3034 mannia
2127 2980 2209 3036 vir
2238 2980 2529 3054 religiosus
2568 2997 2634 3036 ac
2684 2980 2889 3036 timens
2929 2982 3102 3036 Deum
3141 2982 3479 3037 venerabilis

173 3075 230 3131 de
253 3079 542 3137 Jerusalem
578 3080 765 3151 rediit,
787 3081 1125 3149 occiderant,
1157 3092 1349 3139 contra
1375 3084 1598 3140 eosdem
1627 3085 1759 3141 Tur-
1782 3123 1799 3186 ⁴

1939 3086 2017 3144 igo
2091 3070 2543 3142 archiepiscopus
2614 3071 3114 3143 Rothomagensis,
3193 3070 3481 3143 Philippus

1939 3160 2175 3187 ειη-,ηυιζη
2258 3160 2503 3187 Α-....ιι·..,.
2531 3160 2877 3187 Ιιιυη..ἶιινιηεη
2938 3159 3231 3187 Πη-ινιη-ι.υ.
3291 3160 3448 3187 Διε-ἶ..

173 3183 253 3224 cos
274 3173 491 3228 viriliter
517 3189 713 3249 agens,
754 3174 857 3229 tria
913 3174 1141 3230 castella
1202 3175 1310 3230 illis
1347 3176 1593 3242 abstulit,
1653 3159 1799 3249 que‘

1939 3160 2198 3230 jocensis,
2250 3160 2506 3215 Arnulfus
2530 3160 2899 3225 Lexoviensis,
2936 3159 3235 3215 Herbertus
3281 3160 3484 3215 Abrin-

174 3262 364 3320 fuerant
430 3266 881 3322 Christianorum.
959 3266 1110 3322 Circa
1183 3267 1456 3323 Kalendas
1507 3269 1760 3325 Octobris

1939 3252 2043 3308 usis
2057 3252 2322 3324 episcopi.
2360 3250 2645 3307 Aﬁuerunt
2674 3252 2907 3307 comites
2937 3251 3093 3323 regni
3123 3251 3293 3315 illius,
3332 3251 3480 3307 etde

176 3357 409 3413 Henricus
444 3359 553 3413 dux
611 3359 1074 3424 Normannorum,
1115 3361 1296 3431 sopita
1334 3361 1565 3417 adversa
1621 3363 1763 3418 vali-

171 3447 356 3512 tudine,
385 3447 494 3503 Deo
536 3447 860 3515 miserante,
893 3464 1003 3520 qua
1055 3449 1369 3520 periculose
1398 3450 1758 3521 laboraverat,

172 3541 350 3596 accitus
401 3558 431 3597 a
458 3559 592 3617 rege
650 3543 978 3598 Francorum
1010 3559 1133 3598 cum
1162 3544 1406 3601 exercitu
1441 3548 1681 3616 perrexit
1705 3549 1761 3604 in

173 3625 520 3704 Wilcasinum,
578 3642 635 3691 et
688 3634 998 3708 paciﬁcavit
1060 3652 1185 3693 cum
1228 3654 1360 3711 rege
1415 3638 1764 3696 Goscelinum

175 3714 469 3791 Crispinum.
524 3724 659 3780 Inde
704 3724 946 3789 rediens,
987 3726 1205 3781 obsedit
1251 3725 1605 3783 Torinneium
1650 3727 1766 3784 fere

177 3823 262 3876 per
286 3814 349 3869 15
389 3816 528 3884 dies,
562 3816 841 3886 incipiens
871 3816 945 3871 ibi
980 3817 1080 3872 tria
1123 3817 1368 3873 castella.
1402 3818 1637 3875 Reddito
1674 3836 1764 3876 ca-

1861 3360 2035 3419 regno
2062 3345 2396 3401 Francorum
2439 3344 2816 3401 Theodericus
2871 3360 3060 3400 comes
3098 3343 3477 3411 Flandrensis,

1864 3444 1919 3493 et
1940 3437 2032 3491 alii
2060 3437 2262 3508 plures.
2294 3435 2455 3492 Facta
2483 3444 2568 3492 est
2598 3436 2840 3508 eclypsis
2863 3437 2993 3491 lune
3021 3436 3300 3492 dominica
3328 3434 3480 3506 (623)

1865 3539 1990 3588 ante
2023 3534 2260 3587 natalem
2292 3532 2530 3587 Domini.

2011 3620 2167 3677 1155.
2242 3622 2557 3677 Fredericus
2597 3620 2650 3677 3.
2797 3622 3101 3677 Ludovicus
3150 3622 3218 3676 18
3248 3621 3337 3676 ⁵⁹⁰.

2499 3712 2764 3766 Henricus
2789 3710 2843 3766 2.

1939 3801 2051 3857 Rex
2084 3799 2350 3856 Henricus
2369 3799 2522 3870 cepit
2537 3814 2796 3855 revocare
2823 3800 2875 3855 in
2888 3801 2979 3869 jus
2993 3799 3274 3870 proprium
3294 3800 3482 3869 urbes,

178 3900 334 3969 stello,
364 3912 419 3959 et
452 3904 743 3978 pacificato
785 3906 1017 3962 Ricardo
1048 3906 1163 3962 filio
1213 3906 1449 3973 comitis,
1482 3908 1577 3980 qui
1630 3909 1766 3964 illud
1866 3890 2110 3957 castella,
2139 3889 2317 3955 villas.
2344 3904 2455 3960 que
2498 3888 2566 3944 ad
2592 3902 2852 3943 coronam
2911 3887 3063 3960 regni
3105 3887 3479 3980 pertinebant.

178 3991 510 4063 municipium
566 4001 842 4061 tenuerat,
902 3994 1093 4051 audito
1147 3996 1391 4052 veridico
1442 3979 1638 4052 nuntio
1696 3998 1765 4054 de
1868 3984 2092 4042 castella
2113 3984 2327 4041 noviter
2366 3982 2506 4037 facta
2534 3981 2894 4047 destruendo,
2951 3987 3005 4035 et
3051 3979 3380 4050 expellendo
3413 3981 3481 4035 de

182 4089 334 4137 morte
362 4084 624 4157 Stephani
653 4086 800 4158 regis
831 4086 1154 4161 Anglorum,
1185 4084 1401 4143 locutus
1432 4103 1555 4143 cum
1596 4093 1766 4143 matre
1869 4090 2040 4149 regno
2071 4074 2309 4131 makime
2340 4075 2739 4140 Flandl‘ensesi
2773 4080 2829 4129 ει
2858 4071 3192 4144 deponendo
3213 4071 3483 4143 (Ιηοδάδηι

181 4181 263 4222 sua
285 4170 645 4242 imperatrice,
687 4160 1116 4247 convocatisque
1158 4174 1419 4231 fratribus
1454 4175 1589 4243 suis,
1631 4175 1767 4230 Gau-
1866 4165 2223 4242 imaginarios
2252 4164 2399 4236 (694)
2429 4171 2484 4220 et
2515 4163 2981 4236 Ρδθυάοοοῖηίιθδι
3015 4161 3217 4234 quibus
3239 4177 3331 4216 rex
3362 4160 3485 4216 S‘e‘

182 4252 303 4313 frido
326 4268 379 4316 et
402 4262 708 4331 Willermo,
742 4271 798 4319 et
821 4264 1099 4336 episcopis
1137 4272 1192 4320 et
1239 4264 1596 4336 Optimatibus
1633 4264 1767 4320 Nor-
1868 4260 2088 4330 phanus
2107 4258 2293 4314 omnia
2310 4272 2456 4329 pene
2478 4257 2547 4310 ad
2560 4255 2752 4311 iiscum
2768 4254 3103 4326 pertinentia
3122 4253 3305 4308 minus
3316 4260 3480 4309 caute

182 4364 399 4421 maxime,
430 4359 580 4413 venit
609 4360 1045 4427 Barbeﬂuvium,
1072 4367 1127 4415 ει
1161 4359 1239 4414 ibi
1271 4376 1372 4431 per
1399 4375 1573 4415 unum
1608 4376 1769 4416 men-
1869 4349 2242 4406 distribuerat.
2276 4350 2472 4405 Factus
2503 4354 2587 4404 est
2615 4352 2945 4403 terremotus
2985 4345 3051 4401 l5
3086 4344 3355 4400 Kalendas
3385 4343 3484 4397 Fe-

183 4455 277 4497 sem
308 4451 609 4518 expectavit
659 4458 882 4506 ventum
930 4458 1262 4521 oportunum
1293 4452 1362 4506 ad
1410 4451 1844 4535 transfretan-D
1869 4443 2075 4498 bl‘llarii
2115 4443 2205 4509 5“,
2239 4440 2473 4495 maXime
2513 4438 2569 4492 ίη
2604 4436 2962 4535 Burgundia._
2994 4436 3132 4535 θίξθξ)
3181 4440 3237 4487 ιιι
3295 4440 3377 4534 if”
3428 4434 3480 4488 ίη

184 4529 313 4586 dum.
344 4536 561 4594 Obierat
607 4542 756 4595 enim
784 4542 819 4595 8
878 4541 1149 4597 Kalendas
1175 4542 1497 4598 Novembris
1525 4524 1836 4614 Stepha-"
1869 4542 2032 4592 nocte
2081 4533 2392 4589 festivitatis
2442 4540 2628 4587 sancte
2683 4530 2867 4587 Prisce
2915 4527 3142 4601 virginis
3186 4524 3485 4580 sentiretur

185 4633 272 4674 nus
308 4639 396 4678 rex
424 4626 752 4701 Anglorum;
798 4630 958 4700 cujus
985 4646 1184 4702 corpus
1214 4631 1540 4686 tumulatum
1585 4638 1669 4686 est
1709 4633 1768 4687 in
1867 4624 2017 4696 apud
2046 4623 2391 4688 Cluniacum;
2438 4628 2495 4677 et
2531 4620 2808 4692 quoddam
2844 4618 3150 4684 castellum,
3194 4614 3340 4688 quod
3369 4621 3487 4669 erat

185 4717 488 4773 monasterio
520 4719 794 4776 Fassehan
826 4721 994 4793 (622),
1035 4722 1182 4794 quod
1223 4721 1461 4777 Matildis
1489 4738 1625 4779 uxor
1648 4723 1769 4795 ejus
1869 4720 2171 4782 desertum,
2210 4715 2359 4771 haud
2390 4714 2581 4786 procul
2608 4731 2639 4768 a
2674 4713 2933 4768 Cluniaco
2975 4711 3164 4776 situm,
3197 4709 3481 4795 absortum

186 4801 529 4876 ediﬁcaverat,
587 4811 681 4866 ubi
727 4812 844 4883 ipsa
900 4818 956 4867 et
1009 4812 1157 4868 ﬁlius
1210 4814 1330 4883 ejus
1365 4813 1771 4886 primogenitus
1870 4809 1976 4863 iret
2005 4806 2062 4861 in
2088 4805 2382 4877 abyssum,
2430 4811 2486 4858 et
2515 4803 2774 4874 spatium,
2807 4801 2861 4856 in
2896 4815 3007 4872 quo
3038 4796 3323 4854 castellum
3356 4794 3483 4850 fue-

187 4888 483 4953 Eustachius
507 4902 705 4973 sepulti
737 4912 885 4959 sunt.
916 4905 1145 4959 Interim
1177 4922 1281 4976 pax
1324 4922 1538 4960 summa
1568 4915 1683 4961 erat
1712 4907 1770 4961 in
1870 4906 1976 4967 rat,
2009 4897 2311 4969 repleretur
2338 4911 2480 4967 aqua
2510 4892 2897 4949 inestimabilis
2926 4888 3340 4962 profunditatis.
3381 4886 3488 4940 Na-

189 4982 375 5057 Anglia,
406 4990 595 5047 timore
626 5003 681 5048 et
707 5010 894 5051 amore
920 4996 1137 5051 Henrici
1171 4997 1349 5063 ducis,
1382 5013 1544 5069 quem
1578 5013 1773 5053 omnes
1872 5000 1958 5048 tus
1986 4999 2070 5048 est
2101 4989 2381 5047 Londonie
2423 4986 2601 5059 pridie
2654 4985 2925 5041 Kalendas
2982 4983 3177 5048 Martii,
3234 4978 3371 5035 feria
3398 4977 3482 5077 .2,

188 5080 450 5133 venturum
481 5087 539 5136 et
567 5098 745 5155 regem
776 5083 1018 5139 futurum
1048 5102 1161 5141 non
1195 5085 1544 5141 dubitabant.
1874 5081 2019 5137 filius
2059 5080 2289 5135 Henrico
2348 5077 2464 5151 regi
2519 5076 2814 5151 Anglorum
2842 5091 2907 5128 ex
2953 5089 3120 5129 uxore
3167 5086 3267 5126 sua
3298 5076 3489 5141 regina

1512 5182 1733 5237 VARUE
1758 5181 2133 5237 LECTIONES.

188 5275 393 5359 grumis,
420 5283 757 5359 chronologia
782 5289 978 5359 codicis
1009 5289 1066 5353 E,
1097 5290 1223 5343 inde
1247 5290 1316 5344 ab
1341 5305 1392 5344 a.
1421 5287 1581 5353 H40,
1632 5289 1877 5353 turbata,
1911 5288 2236 5359 restituitur.
2280 5285 2573 5359 Sequeiitia
2602 5280 2786 5359 Mense
2815 5309 2880 5359 -_—
2911 5275 3252 5359 Constantini
3283 5275 3477 5359 ᾴθειρηξ

192 5347 278 5429 ᾖδε
318 5346 557 5412 Ceterum
612 5346 689 5411 inv
707 5358 893 5413 verbis
949 5380 973 5409 α
1026 5346 1330 5416 Ludovicus
1370 5376 1459 5415 rex
1514 5346 1594 5413 Fr.
1628 5375 1659 5413 a
1710 5346 1903 5429 incipit
1945 5357 2041 5412 E6.
2098 5357 2167 5390 ⁵³9
2195 5346 2425 5429 vocatus
2460 5351 2790 5429 Albauensis
2818 5348 3260 5429 desuntMSbLliic
3292 5346 3486 5413 incipit

192 5419 388 5480 Roberti
413 5444 540 5497 opus
567 5432 626 5483 in
655 5430 884 5484 editione
902 5433 1176 5501 principe.
1264 5432 1334 5467 59°
1361 5434 1445 5487 ita
1475 5431 1533 5485 E.
1563 5431 1682 5485 rell.
1770 5418 1838 5464 δθῖ
1858 5433 1938 5484 ita
1962 5432 2257 5483 correctum
2284 5443 2351 5481 ea:
2380 5425 2565 5481 Marcii
2593 5444 2611 5491 ;
2642 5424 2738 5479 hoc
2772 5423 2969 5478 habent
2994 5420 3088 5474 7b.
3120 5418 3213 5474 8d.

1715 5527 1925 5584 NOTAE.

256 5618 388 5696 (9??)
415 5624 763 5696 Fovel‘Sham-
1925 5624 2072 5695 (624)
2104 5620 2451 5696 lmaginaire.

257 5690 390 5765 (623)
416 5694 600 5752 Potius
626 5696 715 5752 die
736 5696 936 5766 Martis,
967 5700 1028 5755 2i
1057 5701 1185 5756 Dec.
1220 5700 1420 5765 BOUQ.
