3858 6206
401 293 508 347 479
1624 293 1968 349 SIGEBERTI
2010 292 2524 349 GEMBLACENSIS.
3598 300 3681 357 480

546 434 906 476 aousnoauu.
1059 435 1399 475 saancoaun.
1565 437 1872 476 ANGLORUM.
2038 424 2091 493 Α
2120 420 2292 474 rendo
2323 433 2495 493 regno
2527 418 2787 474 Hibernic
2814 419 3181 475 etGuillermo
3212 419 3359 475 fratri
3396 436 3491 476 suo
3511 422 3681 491 dando,

401 512 641 576 Alienor,
673 517 728 566 et
753 518 977 566 vocatus
1006 519 1089 565 est
1119 511 1404 566 Henricus.
1466 512 1731 567 Henricus
1781 531 1872 568 rex
1925 517 2024 569 An-
2127 528 2249 567 cum
2297 511 2657 567 obtimatibus
2706 512 2820 565 suis
2848 512 3117 566 tractavit.
3173 510 3334 577 Quod
3387 513 3509 584 quia
3549 518 3680 571 matri

400 604 615 675 glorum
644 602 1041 657 exhereditavit
1071 602 1411 657 Willermum
1456 604 1648 658 Peurel
1691 606 1759 659 de
1793 607 2019 662 Nothin-
2124 606 2244 676 ejus
2274 606 2605 678 imperatrici
2640 621 2751 662 non
2790 605 3015 677 placuit,
3042 606 3350 660 intermissa
3380 613 3459 661 est
3487 608 3547 661 ad
3570 616 3683 663 tem-

402 695 645 765 guehan,
704 709 868 748 causa
911 693 1190 756 veneﬁcii,
1244 695 1391 764 quod
1436 694 1613 750 fuerat
1667 697 2018 766 prOpinatum
2124 713 2226 767 pus
2266 697 2355 751 illa
2402 697 2705 767 expeditio.
2738 696 3004 751 Henricus
3046 696 3335 767 epis00pus
3386 697 3681 766 Winthonie,

405 785 638 840 Ranulfo
677 785 864 839 comiti
922 784 1144 840 Cestrie.
1200 786 1259 840 ln
1313 787 1591 841 consortio
1648 788 1810 855 hujus
1851 790 2020 859 pestis
2122 788 2259 841 clam
2291 788 2558 858 premisso
2588 788 2845 842 thesauro
2892 801 2994 840 suo
3027 801 3125 856 per
3163 785 3414 840 abbatem
3456 786 3684 860 Cluignia~

406 874 594 944 plures
624 874 922 945 participes
957 881 1011 928 et
1050 875 1256 929 conscii
1306 875 1550 929 extitisse
1603 875 1862 930 dicuntur
1912 878 2021 934 Hoc
2121 891 2244 929 cum
2278 876 2487 947 absque
2519 875 2743 930 licentia
2773 874 2920 947 regis
2959 883 3015 928 et
3047 874 3203 945 quasi
3244 872 3470 928 latenter
3496 878 3686 930 recessit

405 982 551 1019 anno
582 966 902 1037 frequenter
929 973 1257 1021 terremotus
1308 984 1408 1037 per
1449 976 1616 1022 totam
1660 969 2019 1042 quadragesi-
2119 964 2189 1018 ab
2221 965 2429 1035 Anglia.
2477 964 2606 1019 Ideo
2657 980 2751 1019 rex
2799 963 3067 1017 Henricus
3118 961 3304 1016 omnia
3340 963 3548 1018 castella
3591 963 3685 1032 ejus

404 1071 545 1108 mam
571 1055 769 1109 accidit
808 1055 863 1109 in
896 1056 1211 1128 Burgundia
1263 1063 1317 1110 et
1350 1056 1770 1129 Langobardia;
1808 1059 1871 1112 18
1915 1059 2016 1112 Ka-
2124 1057 2486 1127 pessundedit
2515 1058 2601 1111 ⁵9⁵.

403 1145 595 1199 lendas
628 1146 769 1210 Maii,
803 1146 992 1201 feriati
1024 1147 1189 1201 etiam
1231 1148 1378 1219 apud
1429 1148 1667 1203 Montem
1715 1151 1889 1205 sancti
1922 1152 2020 1205 Mi-
2125 1148 2278 1202 1156.
2356 1147 2666 1200 Fredericus
2703 1146 2753 1199 ὕ.
2843 1146 3145 1200 Ludovicus
3198 1145 3284 1200 19.
3370 1146 3610 1200 Henricus
3640 1145 3679 1199 2.

404 1236 609 1290 cltaelis
632 1244 982 1293 terremotum
1016 1239 1292 1293 sensimus
1326 1248 1451 1293 ante
1478 1240 1612 1294 solis
1641 1250 1841 1295 ortum.
1877 1242 2018 1296 Mor-
2192 1233 2305 1289 Rex
2336 1233 2603 1289 Henricus
2636 1232 3085 1288 transfretaturus
3112 1233 3258 1303 apud
3305 1233 3521 1288 Dovram
3566 1249 3683 1286 man!

404 1335 496 1380 tuo
527 1326 763 1381 Heben-to
808 1322 1101 1382 Exoniensi
1132 1329 1416 1399 episcOpo,
1450 1330 1715 1383 successit
1748 1330 2019 1385 Robertus
2122 1326 2366 1392 intravit,
2424 1333 2479 1381 et
2531 1325 2706 1395 apulit
2750 1324 2899 1395 apud
2950 1324 3180 1379 Wisant.
3241 1324 3300 1377 ln
3358 1323 3684 1395 puriﬁcatione

404 1414 644 1468 decanus
695 1415 1022 1471 Salcsberie.
1080 1417 1320 1471 Mortuus
1354 1425 1435 1471 est
1481 1418 1779 1473 Balduinus
1816 1420 1885 1474 de
1916 1420 2021 1474 Re-
2122 1425 2309 1472 sancte
2354 1417 2520 1471 Marie
2550 1416 2653 1471 fuit
2691 1415 3054 1488 ltothomagi;
3095 1424 3152 1469 et
3190 1415 3246 1469 in
3275 1416 3517 1486 sequenti
3542 1415 3686 1470 ebdo-

405 1506 608 1569 divers,
640 1518 693 1559 et
737 1508 1005 1561 successit
1043 1508 1307 1562 Rieardus
1355 1507 1503 1563 ﬁlius
1532 1510 1651 1577 ejus
1700 1511 1789 1564 59’.
1835 1512 2016 1566 Domi—
2124 1510 2283 1563 mada
2327 1510 2540 1564 locutus
2571 1514 2653 1561 est
2680 1522 2803 1561 cum
2852 1522 2983 1578 rege
3011 1505 3341 1560 Francorum
3374 1503 3619 1559 Ludovico
3643 1504 3685 1558 in

408 1595 528 1649 nica
570 1605 693 1665 post
725 1604 970 1650 octavam
1008 1598 1229 1666 pasche,
1284 1597 1544 1651 videlicet
1571 1599 1606 1650 4
1636 1598 1764 1653 ldus
1800 1600 2020 1669 Aprilis,
2124 1600 2366 1655 conﬁnio
2382 1598 2715 1654 Normannie
2746 1608 2800 1652 et
2831 1596 3075 1651 Francia.
3120 1596 3256 1651 lnde
3283 1596 3496 1651 rediens
3524 1595 3685 1650 Bothe-

407 1687 672 1742 llenricus
703 1704 792 1741 rex
822 1689 968 1758 apud
1002 1688 1383 1762 Warengefort
1426 1690 1555 1744 fecit
1595 1690 1889 1746 obtimates
1917 1694 2020 1746 An-
2056 1762 2065 1763 ί
2124 1705 2368 1763 magum,
2405 1693 2674 1742 venerunt
2713 1686 2782 1740 ad
2839 1700 2964 1739 eum
3012 1682 3265 1739 Terricus
3322 1682 3685 1737 Flandrensium

404 1777 533 1848 glici
564 1778 718 1850 regni
755 1779 938 1846 jurare
971 1777 1290 1834 ﬁdelitatem
1324 1780 1622 1837 Guillermo
1650 1783 2018 1855 primogenito
2051 1762 2097 1827 Β
2122 1762 2331 1847 comes,
2356 1790 2410 1834 et
2443 1794 2581 1834 uxor
2610 1779 2749 1846 ejus,
2782 1776 2950 1831 amita
2990 1775 3164 1847 ipsius
3211 1776 3379 1850 regis,
3425 1783 3475 1829 et
3501 1774 3687 1828 Ganfre-

407 1884 527 1933 suo,
568 1870 634 1923 de
690 1887 857 1944 regno
906 1873 1127 1946 Anglic;
1177 1880 1232 1926 et
1263 1873 1306 1927 si
1344 1874 1490 1928 idem
1542 1890 1678 1945 puer
1727 1875 2020 1930 immatura
2126 1873 2228 1927 dus
2259 1872 2423 1927 frater
2471 1871 2610 1941 ejus.
2670 1868 2778 1923 Sed
2818 1867 3089 1922 Gaufredo
3138 1882 3253 1922 non
3300 1867 3607 1937 suscipiente
3640 1881 3687 1920 ea

409 1965 584 2013 morte
637 1962 1008 2025 occumberet,
1043 1963 1274 2018 Henrico
1305 1964 1456 2018 fratri
1500 1981 1620 2019 suo.
1676 1965 1865 2035 SOpita
1915 1967 2023 2020 dis-
2128 1982 2235 2038 que
2267 1966 2345 2019 illi
2378 1982 2404 2019 a
2428 1981 2559 2036 rege
2588 1961 2982 2029 offerebantur,
3014 1961 3244 2017 recessit
3275 1962 3330 2016 in
3378 1960 3688 2031 Andcgaven-

409 2048 618 2114 cordia,
661 2065 769 2119 que
800 2062 918 2105 erat
960 2051 1103 2107 inter
1157 2069 1341 2126 regem
1393 2055 1687 2126 Anglorum
1732 2056 2021 2110 llenricum
2128 2072 2243 2110 sem
2270 2071 2491 2130 pagum,
2539 2060 2593 2108 et
2623 2069 2716 2107 rex
2748 2052 3013 2107 Henricus
3041 2067 3072 2106 e
3115 2051 3354 2125 vestigio
3407 2049 3545 2103 illam
3588 2048 3688 2102 sub-

409 2147 463 2193 et
510 2141 803 2214 Rogerium
868 2142 1039 2199 ﬁlium
1090 2145 1305 2199 Milonis
1330 2146 1399 2200 de
1455 2147 1755 2201 Glocestria
1803 2158 2026 2217 propter
2128 2155 2349 2202 secutus
2377 2154 2460 2200 est
2496 2146 2586 2199 ⁵⁸⁸.
2643 2144 2795 2200 Circa
2823 2145 2931 2199 hoc
2976 2150 3197 2213 tempus
3254 2142 3591 2197 inundatione
3612 2139 3690 2209 Ty-

412 2240 611 2287 turrem
656 2232 1009 2299 Gloeceslric,
1043 2236 1194 2307 Hugo
1225 2238 1291 2291 de
1324 2238 1696 2305 Mortuomari,
1740 2240 1821 2293 vir
1861 2256 2019 2294 arro-
2126 2237 2272 2290 beris
2303 2235 2442 2289 facta
2499 2249 2610 2288 non
2666 2233 2907 2298 modica,
2970 2233 3143 2287 Home
3182 2231 3243 2285 in
3287 2231 3510 2303 quadarn
3547 2228 3689 2282 insula

407 2322 762 2396 gantissimus
810 2332 864 2379 et
913 2326 980 2380 de
1028 2344 1085 2380 se
1127 2343 1454 2397 presumens
1513 2328 1747 2383 munivit
1801 2329 2022 2383 castella
2125 2325 2372 2394 ejusdem
2408 2323 2674 2385 ﬂuminis.
2716 2323 2773 2377 in
2826 2322 3120 2377 ecclesiola
3150 2322 3400 2393 antiqua,
3455 2322 3685 2375 inventum

408 2430 507 2467 sua
529 2423 717 2468 contra
760 2431 966 2488 regem.
1001 2418 1127 2472 Ilico
1161 2434 1252 2472 rex
1290 2418 1553 2473 Henricus
1590 2418 1809 2473 obsedit
1838 2419 2023 2473 omnia
2125 2424 2208 2471 est
2236 2417 2291 2470 in
2319 2416 2560 2487 quodam
2599 2414 2879 2469 sarcofaco
2922 2428 3125 2485 corpus
3174 2413 3326 2468 beati
3375 2408 3687 2466 Bartholomei

408 2503 629 2557 castella
670 2503 863 2573 ipsius,
898 2506 951 2559 id
984 2515 1066 2561 est
1101 2509 1297 2581 Bruge,
1338 2508 1669 2581 Wigemore,
1716 2508 2020 2574 Cleoberci,
2124 2504 2383 2576 apostoli,
2415 2512 2591 2559 totum
2626 2503 2917 2575 integrum
2968 2508 3200 2572 excepto
3240 2502 3409 2569 corio,
3453 2499 3583 2572 quod
3624 2513 3690 2552 re-

405 2612 638 2667 quorum
693 2598 945 2654 ultimum
981 2608 1102 2671 post
1133 2602 1535 2673 aliquantulum
1571 2602 1836 2672 temporis
1877 2602 2025 2672 cepit
2124 2595 2667 2661 mansitBeneventi,
2701 2593 2922 2665 quando
2951 2592 3087 2648 Otho
3121 2592 3419 2665 imperator
3445 2598 3584 2661 capta
3610 2605 3686 2643 ea-

404 2693 458 2739 ct
485 2687 770 2741 destruxit.
820 2690 884 2742 15
915 2689 1188 2743 Kalendas
1226 2690 1378 2755 Julii,
1424 2690 1598 2758 prima
1632 2690 1765 2743 hora
1819 2690 2019 2756 noctis,
2124 2686 2247 2740 dem
2282 2685 2499 2739 civitate
2525 2699 2726 2755 corpus
2758 2682 2990 2754 predicti
3041 2683 3285 2754 apostoli
3333 2680 3585 2738 transtulit
3611 2678 3692 2731 Ro-

408 2774 646 2844 cclypsis
685 2776 810 2830 lune
859 2778 1078 2831 accidit.
1116 2779 1299 2833 Mense
1345 2779 1515 2844 Julio,
1546 2778 1715 2832 Nonis
1748 2778 2021 2847 ejusdem,
2124 2790 2291 2840 mam,
2326 2775 2469 2829 sicut
2506 2772 2616 2827 due
2656 2772 2841 2827 tabule
2894 2787 3025 2827 erce
3078 2771 3480 2835 demonstrant,
3526 2767 3690 2835 scripte

412 2865 565 2939 nugo
604 2868 673 2921 de
705 2869 1053 2925 Μοτιηοηιετί
1087 2872 1405 2942 paciﬁcatus
1436 2880 1518 2927 ρει
1563 2890 1685 2929 cum
1720 2891 1847 2949 rege
1882 2876 2025 2929 Heu-
2124 2863 2321 2918 litteris
2366 2863 2552 2917 Grecis
2583 2868 2639 2915 et
2692 2860 2920 2927 Latinis,
2950 2875 3056 2931 que
3086 2851 3337 2930 reperte'
3365 2858 3565 2949 fuerunt
3595 2868 3689 2908 cum

411 2958 548 3025 rico,
574 2960 806 3015 redditis
850 2964 1090 3017 castellis
1133 2964 1308 3038 Bruge
1341 2975 1393 3019 et
1428 2965 1762 3040 Wigemore.
1788 2947 2023 3020 ’ϐω-ηο-
2122 2970 2358 3025 corpore
2380 2952 2638 3025 apostoli.
2672 2952 2966 3023 Repertum
2997 2958 3081 3007 est
3129 2951 3302 3006 etiam
3333 2950 3389 3004 in
3417 2947 3587 3003 eadem
3616 2959 3690 3040 ec-

411 3047 527 3102 rius
556 3048 725 3103 abbas
778 3037 1313 3118 Majorismonasterii
1364 3037 1614 3120 moritur,
1658 3063 1713 3109 et
1764 3055 2026 3110 successit
2126 3049 2294 3105 clesia
2324 3063 2526 3119 corpus
2548 3046 2762 3101 Paulini
2795 3046 2989 3101 Nolani
3016 3046 3292 3117 epis00pi.
3325 3041 3588 3099 Gaufridus
3609 3037 3690 3092 fra-

414 3141 684 3195 Robertus
723 3141 947 3197 natione
970 3144 1137 3198 Brito.
1172 3145 1380 3200 Mortuo
1407 3146 1644 3219 Rogerio
1674 3145 1787 3201 ﬁlio
1812 3146 2029 3201 Milonis
2056 3128 2105 3192 C
2128 3147 2212 3192 ter
2241 3136 2454 3191 Henrici
2509 3135 2658 3208 regis
2704 3136 3029 3209 Anglorum,
3055 3134 3295 3205 expulso
3332 3132 3512 3188 Hoello
3536 3126 3693 3226 cernite

412 3230 480 3283 de
539 3231 874 3286 Gloeceslria
902 3275 917 3294 ,
980 3234 1179 3288 comite
1223 3234 1544 3289 Hcfordensi
1579 3276 1593 3300 ,
1656 3234 1923 3289 successit
1975 3236 2025 3289 ei
2130 3224 2433 3291 Britannic.
2467 3224 2614 3295 ccPil-
2654 3223 3016 3277 Νδηηθιίθεῐη
3056 3223 3358 3289 “vnalem,
3398 3223 3693 3277 consenuen‘

412 3321 677 3376 Gauterus
718 3323 885 3377 frater
914 3325 1037 3391 ejus
1077 3324 1131 3377 in
1174 3332 1457 3395 paternam
1514 3327 1880 3381 hereditatem
1914 3335 2026 3380 tan.
2131 3319 2279 3373 tibus
2308 3317 2524 3373 civibus
2577 3316 2908 3371 Guillermus
2947 3331 3040 3369 rex
3085 3315 3279 3370 Sicilie
3325 3315 3576 3369 civitatem
3618 3308 3694 3360 Bar

412 3420 707 3478 tum;nam
765 3416 1083 3471 comitatum
1110 3417 1355 3473 Heret‘ort
1404 3418 1765 3472 ctcivitatcm
1795 3418 2021 3473 Gloece-
2126 3410 2372 3465 funditus
2399 3407 2617 3473 evertit,
2683 3415 2864 3478 preter
2916 3406 3211 3462 ecclesiam
3269 3397 3691 3461 sanctiNicholai;

410 3505 543 3559 strie
575 3523 667 3560 rex
710 3507 974 3562 Henricus
1006 3508 1231 3563 retinuit
1265 3510 1510 3563 in'manu
1541 3525 1657 3563 sua.
1702 3509 2023 3564 Fredericus
2126 3498 2255 3569 (lilia
2285 3496 2433 3552 Cives
2461 3495 2606 3549 illius
2643 3495 2830 3549 GreCiS
2878 3494 3152 3558 faventes.
3186 3492 3516 3566 nequissime
3542 3497 3693 3545 οοηίτδ

411 3608 503 3646 rex
535 3594 957 3651 Alemannorum
1015 3597 1238 3652 Romam
1278 3598 1535 3667 perrexit,
1582 3598 1733 3652 etab
1787 3598 2024 3651 Adriano
2126 3590 2306 3661 ipsum
2354 3588 2825 3660 ωηερὶτεινθτεωιο
2879 3589 3081 3644 (ἔνθεος)
3119 3589 3291 3644 etiam
3328 3595 3468 3643 ιρι·τᾶ
3508 3591 3556 3640 εί
3585 3578 3688 3635 mari

409 3703 551 3758 papa
577 3697 766 3744 contra
798 3691 1162 3746 Romanorum
1200 3692 1538 3746 voluntatem
1584 3697 1839 3761 receptus
1865 3698 1921 3745 et

2166 3682 2271 3735 lem
2300 3695 2394 3734 rex
2431 3679 2728 3751 superavit,
2764 3684 2818 3733 et
2855 3678 2925 3732 de
2954 3678 3152 3750 Spoliis
3198 3695 3385 3735 eorum
3437 3672 3689 3743 locupleta-

405 3779 643 3836 ecclesia
672 3783 816 3837 beati
849 3783 989 3837 Petri
1021 3783 1075 3836 in
1137 3782 1524 3854 imperatorem
1566 3783 1634 3835 ab
1667 3797 1732 3836 eo
1760 3790 1843 3836 est
1891 3796 2025 3836 con-
2128 3783 2215 3829 tus
2244 3784 2349 3841 est,
2380 3779 2434 3828 et
2456 3788 2524 3827 ea
2544 3790 2654 3845 que
2685 3772 3002 3844 perdiderat
3051 3773 3279 3828 castella
3308 3781 3363 3828 et
3389 3770 3608 3827 civitates
3648 3770 3689 3861 in

401 3883 665 3930 secratus.
722 3877 923 3931 Volens
980 3887 1161 3932 autem
1209 3877 1351 3931 ultra
1407 3875 1685 3947 progredi,
1725 3874 1937 3929 scilicet
1966 3874 2022 3927 in
2120 3865 2213 3934 jus
2241 3865 2527 3936 proprium
2560 3864 2854 3920 revocavit.
2915 3865 3329 3920 Exhereditavit
3366 3863 3516 3919 etiam
3556 3870 3690 3947 comt-

399 3964 672 4033 Apuliam,
704 3996 773 4005 —
797 3966 1159 4021 condixerant
1189 3966 1338 4020 enim
1368 3945 1476 4019 sibi
1510 3945 1610 4036 per
1649 3965 1860 4037 legatos
1890 3978 2019 4018 suos
2126 3964 2234 4011 tem
2262 3956 2558 4011 Hobertum
2591 3956 2659 4010 de
2691 3956 3000 4011 Basenvilla
3046 3964 3344 4029 cognatum
3376 3970 3542 4013 suum,
3584 3945 3686 4019 quia

397 4050 516 4121 ipse
546 4062 601 4108 et
625 4053 841 4109 Manuel
882 4055 1185 4125 imperator
1219 4052 1887 4123 Constantinopolitanus,
1920 4051 2014 4122 qui
2120 4048 2189 4103 ab
2222 4048 2343 4118 ipso
2383 4048 2691 4104 desciverat
2740 4047 3145 4104 Nichilominus
3184 4065 3308 4104 cum
3333 4062 3468 4118 papa
3494 4041 3686 4098 Adriano

396 4145 624 4200 duxerat
660 4162 906 4201 sororem
938 4147 1058 4216 ejus
1114 4146 1204 4211 593,
1261 4153 1317 4200 ut
1347 4146 1634 4201 venientes
1666 4160 1732 4198 ex
1780 4144 2015 4198 diversis
2118 4156 2315 4211 pacem
2348 4139 2497 4208 fecit,
2528 4139 2889 4195 concedendo
2919 4140 2971 4194 ei
3025 4140 3471 4195 consecrationes
3499 4132 3682 4204 episco-

398 4237 640 4305 partihus
671 4237 1075 4305 pessundarent
1101 4252 1331 4309 regnum
1366 4235 1560 4305 Apulie
1592 4243 1646 4288 et
1679 4250 1863 4308 regem
1893 4235 2015 4303 ejus
2118 4247 2309 4303 porum
2342 4232 2497 4304 regni
2545 4231 2629 4285 sui
2687 4238 2742 4286 et
2800 4232 3052 4298 ducatus,
3120 4232 3265 4287 sicut
3320 4226 3595 4300 antiquitus

395 4324 752 4378 Guillermum
780 4355 850 4364 —
880 4331 1086 4378 mutata
1110 4324 1359 4393 protinus
1388 4324 1673 4378 voluntate
1694 4324 1749 4377 in
1782 4324 2011 4394 patriam
2124 4319 2316 4375 habuit
2346 4319 2578 4374 ecclesia
2620 4319 2896 4386 Romana;
2957 4320 3105 4375 unde
3136 4320 3408 4376 discordia
3445 4316 3599 4371 fuerat
3621 4316 3688 4362 in-

367 4434 549 4491 .suam
580 4436 639 4474 se
667 4420 895 4489 recepit.
956 4420 1061 4474 Hec
1088 4427 1273 4474 tamen
1320 4412 1621 4475 Guillermo
1674 4420 1790 4494 regi
1827 4426 1890 4491 Αι

2160 4428 2210 4466 3r
2234 4418 2443 4482 patrem
2475 4426 2633 4465 suum
2668 4426 2852 4486 regem
2901 4412 3218 4483 Rogerium,
3266 4420 3321 4467 et
3354 4402 3683 4464 Innocentium

396 4508 604 4564 Lellum
644 4508 841 4563 defuit.
886 4509 1018 4562 Nam
1054 4509 1325 4563 Robertus
1382 4525 1571 4564 comes
1600 4508 1669 4564 de
1728 4508 2019 4574 Basevilla,
2123 4510 2178 4559 et
2221 4502 2525 4575 Eugenium
2576 4503 2851 4559 Romanos
2893 4502 3203 4574 pontiﬁces.
3254 4502 3400 4557 Idem
3431 4512 3547 4555 vero
3580 4505 3689 4562 apo-

396 4599 489 4668 qui
511 4608 629 4654 erat
650 4606 920 4669 cognatus
960 4600 1029 4633 59‘
1060 4600 1202 4667 ejus,
1251 4606 1307 4654 et
1334 4599 1601 4654 Ricardus
1627 4599 1695 4654 de
1737 4598 1890 4673 Ling.
1919 4613 2014 4653 co-
2114 4595 2343 4650 stolicus
2394 4594 2671 4649 concessit
2723 4595 2775 4649 ei
2827 4611 3057 4670 regnum
3118 4595 3305 4651 Sicilie
3365 4602 3418 4647 et
3470 4590 3682 4644 ducatum

392 4702 513 4741 mes
540 4688 765 4755 Andrie,
819 4695 1077 4759 putantes
1140 4705 1327 4763 regem
1371 4697 1669 4752 mortuum,
1720 4706 1844 4743 cum
1902 4705 2011 4744 non
2116 4687 2311 4757 Apulie
2341 4695 2395 4741 et
2426 4686 2799 4758 principatum
2851 4687 3033 4758 Capue
3075 4688 3162 4742 ⁵³⁷.
3207 4688 3267 4741 ln
3311 4683 3508 4741 octavis
3535 4683 3684 4749 pente-

392 4789 558 4846 esset,
604 4810 671 4819 ——
716 4789 1064 4851 egrotaverat
1093 4783 1267 4848 enim,
1310 4782 1407 4835 sed
1444 4790 1626 4837 tamen
1656 4788 1851 4852 postea
1879 4796 2015 4836 con-
2118 4788 2303 4833 costes
2338 4779 2491 4852 Hugo
2544 4778 3010 4853 Rothomagensis
3042 4778 3491 4850 archiepiscOpus
3524 4777 3571 4825 et
3600 4766 3685 4819 Ro-

396 4868 649 4923 valuit—
671 4885 771 4938 per
796 4886 1024 4943 regnum
1052 4872 1245 4942 Apulie
1275 4872 1514 4943 graviter
1539 4870 1833 4925 debachati
1864 4878 2011 4926 sunt.
2118 4877 2305 4924 trocus
2338 4868 2689 4924 Ebroicensis
2754 4878 2809 4924 et
2877 4869 3141 4949 Ricardus
3190 4858 3599 4924 Constantiensis
3637 4862 3680 4907 et

397 4954 429 5004 Γ
440 4956 549 5011 irca
578 4956 779 5011 festum
811 4961 984 5014 sancti
1015 4960 1298 5016 Michaelis
1343 4960 1612 5015 Henricus
1669 4976 1761 5014 rex
1811 4959 2012 5032 Anglo-
2120 4964 2419 5019 Herbertus
2446 4963 2862 5018 Abrincatensis
2893 4964 3143 5035 episcopi
3180 4962 3329 5033 apud
3355 4951 3673 5015 Moretonium

398 5064 538 5115 rum,
572 5049 759 5104 habito
803 5051 1040 5107 concilio
1087 5053 1233 5123 apud
1271 5053 1601 5117 Wincestre,
1649 5051 1720 5106 de
1768 5052 2011 5123 conqcti-
2118 5054 2437 5108 levaverunt
2486 5067 2687 5122 corpus
2739 5052 2884 5107 beati
2934 5052 3177 5107 Firmati.
3232 5050 3361 5105 Cum
3412 5052 3573 5102 autem
3615 5050 3681 5090 αι’·

1746 5162 1825 5216 VA
1837 5161 1978 5216 RUE
2006 5161 2383 5216 LECTIONES.

473 5253 541 5285 59*
567 5252 1044 5328 Mortuus—Teius
1084 5257 1273 5313 desunt
1301 5258 1395 5311 8d.
1474 5258 1544 5291 593
1573 5274 1627 5328 q.
1677 5257 1730 5311 d.
1774 5273 1819 5311 s.
1879 5273 1929 5328 e.
1972 5257 2098 5325 jam
2146 5272 2306 5311 erasa
2352 5260 2481 5310 sunt
2520 5257 2578 5309 in
2620 5255 2674 5309 E.
2771 5255 2840 5289 ‘9‘
2869 5257 2953 5328 itu
3007 5259 3304 5328 correctum
3353 5255 3412 5305 in
3457 5248 3507 5301 E.

402 5324 620 5402 {aerati
650 5320 1140 5402 qui_‘_ha_l)_eliat,_in
1170 5329 1429 5402 conjugio
1457 5320 1769 5402 cognatam.
1828 5327 1928 5402 A595
1956 5320 2057 5381 Hic
2110 5328 2318 5402 desinit
2336 5329 2522 5402 prima,
2548 5341 2757 5402 _manus
2810 5325 3004 5402 in_8t_l.,
3030 5340 3183 5402 r_qu_a:
3221 5325 3492 5402 hucusque
3532 5320 3679 5402 οτζῑηξξξ

403 5384 641 5467 scripsit.
669 5384 709 5467 ’Δ
732 5394 802 5427 59°
830 5395 931 5446 Hic
961 5384 1158 5451 desinit
1179 5384 1371 5466 primi?
1399 5384 1593 5452 maniis
1630 5402 1688 5453 in
1724 5399 1759 5451 E
1813 5398 1937 5465 Qum
1966 5400 2232 5466 sequitur,
2260 5384 2433 5467 ipsius
2466 5397 2684 5451 videtur
2711 5412 2820 5451 esse
2844 5384 3091 5453 Roberti:
3115 5398 3324 5467 Desinit
3352 5384 3541 5461 quoque
3564 5384 3678 5467 2-7.5"

403 5448 575 5542 uerbis
597 5463 1046 5542 Andegavensem
1080 5448 1300 5542 pagum,
1330 5471 1526 5539 quibus
1556 5471 1673 5542 alia
1686 5448 2149 5542 mattusgaddi‘tlit:
2173 5448 2301 5522 cum
2331 5468 2407 5542 ita
2436 5468 2723 5534 coartavit,
2748 5475 2805 5521 ut
2835 5483 3023 5542 secum
3052 5482 3244 5542 pacem
3264 5448 3437 5542 facere
3457 5448 3672 5542 compti}:

408 5532 560 5597 leret,
593 5532 919 5611 nullumque
959 5551 1028 5611 ex_
1053 5532 1295 5611 castellis
1317 5532 1456 5611 quos
1486 5540 1705 5611 tenebat
1736 5540 1786 5595 ei
1820 5540 2056 5609 reliquid
2090 5548 2275 5611 preter
2330 5532 2735 5611 Nannetensem
2766 5539 2990 5602 urbem;
3052 5532 3337 5607 pecuniam
3371 5541 3539 5611 tamen
3592 5532 3672 5611 ηςξ

408 5588 580 5657 annos
614 5588 866 5680 singulos
894 5620 953 5680 se
982 5606 1031 5659 ei
1061 5588 1704 5679 ait’diiiin‘lir'drnis'iiiﬁ'
1732 5588 2759 5680 ebitat}?En’siiiraiaéiiizbﬁ'diio
2772 5588 3075 5673 Minari
3095 5588 3313 5662 animus
3362 5603 3549 5661 eadem.
3592 5588 3675 5647 διά

409 5688 527 5740 quae
562 5674 777 5731 mox'in
817 5674 1057 5731 habitum
1075 5680 1261 5733 incidit
1285 5674 1464 5734 minus
1481 5681 1705 5733 cultum.
