3858 6206
141 318 225 372 481
971 311 1299 368 CHRONICA
1362 344 1431 353 —
1470 312 1864 369 AUCTARIUM
1908 312 2190 368 ROBERTI
2233 298 2315 368 OE
2354 314 2576 369 MONTE

263 462 614 503 ROIIANORUM.
766 460 1106 501 FRANCORUM.
1253 462 1562 502 ANGLORUM.

142 537 513 609 chiepiscOpus
547 535 673 589 inde
702 535 771 589 ad
819 533 1057 589 Montem
1098 534 1273 589 sancti
1302 534 1580 589 Michaelis
1609 548 1733 589 ora-

145 631 291 686 tionis
319 636 373 683 et
403 644 507 683 nos
544 626 801 681 visitandi
856 627 1033 701 gratia
1079 626 1341 693 venisset,
1385 634 1439 681 et
1494 643 1595 682 nos
1645 643 1744 681 sua

141 719 359 790 jocunda
404 716 785 772 exhortatione
817 722 872 770 et
928 716 1300 772 collocutione
1340 725 1576 787 quatuor
1624 716 1744 770 dies

146 812 505 876 exhilarasset,
532 809 699 865 altare
731 807 974 864 cruciﬁxi
1008 808 1137 863 fecit
1162 809 1470 865 consecrari
1512 809 1581 863 ab
1608 809 1745 863 Her-

146 909 282 963 berto
319 906 698 961 Abrincatensi
726 905 990 975 episc0po
1020 904 1054 959 6
1102 905 1278 969 feria;
1330 905 1447 975 ipse
1487 920 1616 960 vero
1649 921 1741 958 se-

150 996 321 1069 quenti
352 994 585 1049 sabbato
614 993 783 1048 altare
816 992 979 1047 beate
1018 992 1186 1047 Marie
1220 993 1274 1046 in
1306 992 1478 1063 cripta
1531 993 1744 1065 aquilo-

149 1085 244 1139 nali
272 1083 484 1138 noviter
515 1080 892 1136 reediﬁcatum
926 1082 1267 1137 consecravit
1339 1084 1396 1136 ln
1428 1098 1539 1154 quo
1588 1082 1743 1137 altari

149 1178 473 1248 reposuimus
522 1176 786 1248 reliquias
829 1176 1308 1241 vestimentorum,
1369 1183 1426 1231 ut
1464 1183 1743 1248 putamus,

148 1272 298 1343 ipsius
329 1269 555 1325 domine
604 1274 814 1334 nostre,
858 1285 995 1341 quas
1034 1269 1089 1323 in
1141 1268 1326 1338 pixide
1380 1270 1637 1340 plumbea
1688 1269 1743 1324 in

152 1362 304 1415 veteri
336 1376 428 1414 ara
458 1358 669 1413 ibidem
709 1374 1136 1429 reppereramus
1188 1359 1275 1412 ⁵9⁸.
1324 1360 1380 1413 ln
1422 1375 1564 1432 pago
1597 1358 1745 1413 Pari-

150 1452 363 1508 siacensi
402 1467 581 1523 cappa
621 1451 921 1506 Salvatoris
951 1452 1123 1507 nostri
1155 1452 1494 1507 monasterio
1526 1453 1743 1526 Argen-

160 1544 276 1598 toilo
300 1541 481 1597 divine
509 1540 851 1596 revelatione
882 1548 1101 1612 reperta
1141 1547 1243 1607 est,
1274 1540 1663 1597 inconsubtilis
1694 1548 1748 1596 et

157 1632 345 1689 subruﬁ
372 1631 603 1698 coloris;
636 1648 821 1703 quam,
854 1632 997 1687 sicut
1028 1632 1187 1687 litere
1240 1648 1362 1686 cum
1415 1648 1480 1687 ea
1529 1641 1746 1703 reperte

156 1723 468 1789 indicabant,
510 1722 753 1794 gloriosa
782 1728 960 1776 mater
988 1721 1135 1775 illius
1169 1720 1299 1775 fecit
1329 1720 1380 1775 ei
1408 1737 1531 1775 cum
1562 1722 1744 1777 adhuc

157 1820 284 1867 esset
302 1783 464 1883 puer;
485 1783 829 1867 3uKalendas
858 1810 1036 1877 Junii,
1069 1810 1204 1865 feria
1229 1811 1283 1874 4,
1334 1810 1524 1884 vigilia
1553 1826 1746 1865 ascen-
1772 1783 1821 1850 Β

158 1902 309 1957 sionis
343 1902 583 1969 Domini,
616 1901 763 1956 circa
800 1899 1113 1964 meridiem,
1159 1916 1259 1971 per
1295 1899 1578 1954 dimidiam
1634 1900 1746 1954 fere

157 1992 318 2046 horam
347 1992 589 2047 circulus
618 1990 854 2045 maxime
889 1988 1199 2044 latitudinis
1247 1988 1502 2059 apparuit
1553 1988 1607 2042 in
1638 1988 1747 2043 cir-

156 2081 283 2136 cuitu
306 2081 452 2147 solis,
489 2081 640 2155 ignei
672 2086 727 2134 et
752 2079 957 2135 cerulei
985 2078 1204 2134 coloris.
1240 2078 1386 2133 Obiit
1416 2078 1746 2133 Guillermus

162 2171 532 2247 primogenitus
572 2169 720 2225 ﬁlius
766 2169 984 2224 Henrici
1034 2167 1517 2242 regisAnglorum,
1568 2175 1621 2223 et
1658 2184 1748 2223 se-

163 2261 323 2330 pultus
358 2267 439 2315 est
477 2260 746 2332 Radingis
786 2259 854 2313 ad
912 2258 1087 2329 pedes
1125 2258 1341 2312 Henrici
1386 2258 1533 2333 regis
1561 2258 1748 2328 proavi

166 2350 253 2406 sui.
296 2351 429 2405 Obiit
468 2348 870 2405 nichilominus
908 2347 1210 2411 Adalulfus,
1266 2347 1478 2419 primus
1524 2347 1747 2418 episco-

167 2458 251 2513 pus
280 2444 342 2498 de
372 2442 588 2498 Carloil.
628 2441 775 2497 Obiit
805 2443 972 2497 etiam
1018 2440 1359 2496 Gislebertus
1388 2442 1458 2496 de
1502 2441 1656 2495 Gant.
1690 2441 1752 2496 Et

168 2534 341 2604 Symon
377 2534 623 2603 juvenis,
666 2533 816 2588 ﬁlius
845 2532 1062 2588 comitis
1092 2532 1369 2604 Symonis,
1418 2548 1542 2587 cum
1595 2548 1748 2587 care-

168 2631 235 2678 ret
260 2632 409 2691 terra,
441 2624 596 2679 dono
629 2624 778 2698 regis
800 2622 1016 2678 Henrici
1039 2622 1252 2693 accepit
1277 2620 1447 2676 ﬁliam
1470 2622 1591 2691 ejus
1615 2623 1748 2677 uni-

165 2730 263 2769 cam
296 2731 410 2769 cum
441 2715 656 2770 honore
708 2713 829 2781 ejus
868 2713 958 2767 "9.
1012 2711 1275 2767 Henricus
1314 2728 1405 2766 rex
1454 2711 1749 2786 Anglorum

164 2807 287 2877 cepit
311 2814 538 2862 castrum
580 2804 951 2872 Mirebellum,
1004 2812 1060 2859 et
1090 2804 1393 2860 Chinonem
1435 2805 1598 2877 longa
1650 2803 1753 2859 ob-

169 2900 371 2957 sidione.
406 2901 737 2957 Lobdunum
777 2915 909 2955 vero
940 2905 1023 2955 est
1073 2901 1122 2954 ci
1173 2899 1471 2966 redditum,
1528 2900 1752 2970 quando

172 2990 453 3059 paciﬁcatus
494 2998 582 3045 est
619 3006 742 3045 cum
798 3005 866 3045 eo
904 2989 1201 3044 Gaufridus
1248 2989 1414 3044 frater
1453 3004 1606 3052 suus,
1650 2989 1753 3044 hac

171 3082 452 3137 conditione
486 3080 855 3151 interposita;
899 3079 1049 3151 quod
1086 3096 1177 3135 rex
1214 3079 1369 3134 daret
1424 3080 1474 3134 ei
1516 3078 1751 3150 singulis

168 3170 305 3224 annis
338 3170 481 3224 mille
512 3169 683 3224 libras
713 3169 941 3240 Anglice
980 3178 1224 3233 monete,
1266 3177 1324 3223 et
1348 3168 1457 3224 duo
1503 3168 1653 3223 milia
1685 3169 1752 3223 li-

171 3258 274 3315 bras
311 3260 755 3335 Andegavensis:
785 3268 841 3314 et
896 3260 971 3313 ita
1021 3259 1135 3314 Deo
1186 3258 1403 3315 favente
1450 3260 1749 3328 discordia,

173 3364 263 3418 que
283 3350 369 3405 diu
394 3351 688 3406 duraverat
718 3351 864 3405 inter
898 3365 1014 3415 eos,
1044 3365 1236 3405 mense
1266 3348 1412 3405 Julio
1441 3351 1622 3421 scpita
1647 3358 1747 3406 est.

172 3443 357 3503 Mortuo
383 3448 549 3504 Alano
572 3447 841 3519 episcopo
872 3446 1210 3512 Rodonensi,
1264 3447 1531 3501 successit
1554 3446 1606 3501 ei
1634 3446 1754 3501 Ste-

171 3533 357 3601 phanus
395 3536 566 3592 abbas
599 3535 786 3591 Sancti
838 3535 1121 3600 Florentii,
1153 3535 1236 3591 vir
1263 3535 1555 3610 religiosus
1597 3540 1652 3589 et
1689 3534 1758 3569 ⁶⁰⁰

172 3625 408 3687 litteratus
436 3639 489 3687 et
516 3633 811 3703 eloquens.
864 3628 1010 3684 Obiit
1055 3628 1221 3683 etiam
1265 3626 1636 3701 lngelbaudus
1675 3641 1762 3680 ar-

175 3723 526 3799 chiepiscOpus
584 3725 946 3792 Turonensis,
1011 3731 1066 3780 et
1138 3723 1405 3779 successit
1483 3722 1534 3776 ei
1586 3720 1761 3777 Gotho

175 3812 317 3871 Britto
346 3818 643 3890 episcOpus
673 3816 856 3871 Sancti
888 3814 1121 3871 Briocci.
1176 3812 1432 3868 Conanus
1470 3827 1657 3867 comes
1688 3811 1757 3867 de

177 3900 465 3963 Richemont
509 3907 750 3963 veniens
795 3905 864 3960 de
905 3903 1099 3978 Anglia
1143 3902 1201 3957 in
1241 3900 1514 3956 minorem
1548 3900 1763 3956 Britan-

179 3992 321 4061 niam,
349 3998 565 4053 obsedit
618 3996 812 4052 urbem
840 3995 1230 4051 Redonensem
1282 3993 1528 4064 etcepit,
1576 3991 1761 4067 fugato

179 4083 371 4143 Endone
410 4089 738 4145 vicecomite
776 4087 971 4144 vitrico
1024 4101 1141 4142 suo.
1198 4085 1310 4141 Hoc
1368 4100 1515 4141 anno
1546 4083 1762 4157 fulgura

180 4180 224 4226 et
246 4180 587 4248 tempestates
618 4193 807 4232 mense
837 4176 982 4233 Julio
1004 4174 1325 4247 frequenter
1350 4174 1406 4228 in
1428 4173 1764 4229 Normannia

183 4265 487 4334 acciderunt,
523 4270 680 4326 Unde
712 4269 768 4323 in
808 4268 1061 4340 pluribus
1090 4267 1229 4323 locis
1265 4266 1462 4322 messis
1491 4265 1676 4337 periit,
1710 4272 1764 4320 et

184 4350 401 4412 homines
454 4359 711 4434 fulgurati
766 4358 1113 4414 interierunt.
1163 4356 1475 4411 Subsecuta
1512 4361 1597 4410 est
1655 4355 1760 4409 ha-

183 4441 453 4506 bundantia
478 4451 685 4522 pluvie,
726 4468 835 4523 que
864 4450 1014 4521 cepit
1054 4448 1238 4505 medio
1276 4463 1468 4503 mense
1510 4447 1761 4522 Augusti,

3340 318 3449 372 48?.

1756 451 1805 518 Α
1836 446 1937 499 hac
1967 444 2035 499 de
2083 461 2249 500 causa
2283 445 2454 513 major
2484 462 2609 515 pars
2653 445 3060 501 Brittannorum
3120 458 3453 519 receperunt

1844 536 2100 592 comitem
2160 536 2439 591 Conanum
2485 537 2538 590 in
2598 537 2792 591 ducem
2850 539 3169 605 Brittannie,
3224 551 3455 612 excepto

1843 631 2095 687 Johanne
2129 630 2369 694 Dolensi,
2404 630 2498 701 qui
2548 631 2727 685 adhuc
2758 646 2855 700 pro
2907 632 3113 686 viribus
3154 633 3373 689 Conano
3404 642 3459 690 et

1844 718 2261 788 coadjutoribus
2319 719 2438 786 ejus
2489 720 2712 774 resistit.
2787 719 3108 774 Fredericus
3166 723 3460 793 imperator

1844 811 2268 866 Alemannorum
2327 811 2480 865 duxit
2530 810 2696 865 ﬁliam
2755 810 3039 865 Guillermi
3086 813 3300 867 comitis
3349 814 3459 868 Ma-

1846 902 2317 972 sconensis(625).
2378 910 2432 957 ct
2462 903 2609 973 cepit
2647 920 2769 957 cum
2822 920 2887 957 ea
2925 903 3200 958 civitatem
3256 904 3461 959 Veson-

1847 992 2052 1046 tionem
2086 1000 2139 1045 et
2177 992 2311 1046 alias
2341 991 2564 1057 multas,
2598 1008 2734 1063 quas
2766 999 2919 1062 pater
2965 992 3085 1060 ejus
3116 999 3363 1047 tenuerat
3394 993 3462 1047 de

1846 1082 1984 1137 duce
2017 1083 2352 1156 Burgundie.
2389 1083 2519 1137 Pars
2558 1090 2738 1136 tamen
2786 1082 2934 1136 illius
2963 1083 3192 1138 honoris
3224 1084 3459 1155 quedam

1847 1174 2114 1227 remansit
2146 1173 2411 1228 Rainaldo
2441 1173 2648 1239 comiti,
2678 1180 2873 1244 patruo
2901 1173 3152 1241 ejusdem
3172 1173 3356 1243 puelle
3372 1173 3458 1227 ⁸⁰¹.

2554 1323 2858 1377 Ludovicus
2896 1322 2985 1377 20.

1846 1320 2004 1375 1157.
2046 1323 2361 1376 Fredcricus
2400 1322 2454 1376 6.
2554 1323 2858 1377 Ludovicus
2896 1322 2985 1377 20.
3097 1324 3363 1377 Henricus
3404 1323 3459 1376 3.

1918 1452 2265 1509 Venerabilis
2294 1455 2483 1509 Petrus
2531 1456 2943 1529 Clugniacensis
2981 1456 3153 1510 abbas
3198 1456 3231 1510 8
3262 1456 3463 1510 Kalen-

1848 1544 1945 1599 das
1965 1545 2207 1601 Januarii
2236 1548 2519 1619 ingressus
2534 1555 2617 1601 est
2637 1549 2779 1602 viam
2802 1549 3055 1603 universe
3088 1548 3269 1603 carnis
3295 1548 3457 1619 ,626),

1849 1632 2179 1689 Guillerrnus
2212 1652 2303 1689 rex
2346 1636 2532 1690 Sicilie
2564 1636 2739 1690 navali
2773 1636 3127 1707 expeditione
3157 1652 3253 1706 per
3283 1635 3460 1690 admi-

1845 1725 2006 1780 ralios
2033 1741 2163 1781 suos
2191 1726 2339 1796 cepit
2378 1726 2626 1781 Sibillam
2658 1727 2933 1782 civitatem
2966 1728 3339 1798 metrOpolim,
3389 1728 3466 1781 si-

1852 1822 1959 1871 tam
1990 1816 2136 1871 inter
2184 1816 2436 1872 Aﬁ‘ricam
2469 1823 2523 1872 et
2555 1817 2891 1872 Babilonem.
2932 1818 3018 1871 Est
3053 1824 3234 1871 autem
3267 1818 3460 1871 eadem

1849 1904 2044 1960 civitas
2091 1914 2254 1976 caput
2286 1906 2439 1973 regni
2474 1906 2655 1960 insule
2687 1906 2849 1976 Gerp,
2892 1905 2949 1959 in
3009 1922 3116 1976 qua
3169 1905 3315 1959 idem
3371 1921 3461 1959 rex

1848 1994 2186 2051 habitatores
2214 1997 2543 2052 christianos
2600 1996 2824 2062 inmisit,
2879 2003 2933 2051 et
2973 1996 3057 2051 eis
3096 1995 3467 2065 archiepisco-

1847 2104 1976 2159 pum
2047 2089 2295 2160 prefecit.
2372 2089 2611 2144 Sabbato
2663 2088 2806 2143 infra
2854 2097 3072 2143 octavas
3135 2088 3359 2158 pasche,
3410 2087 3466 2140 in

1850 2180 2229 2249 Abrincatino,
2261 2182 2391 2236 villa
2421 2198 2529 2253 que
2555 2187 2780 2236 vocatur
2812 2180 2993 2234 Landa
3044 2180 3258 2244 Aronis,
3321 2179 3466 2233 circa

1853 2274 2145 2330 meridiem
2193 2276 2347 2347 quasi
2379 2275 2447 2329 de
2478 2283 2621 2329 terra
2663 2289 2952 2344 emergens
2985 2272 3144 2326 turbo
3173 2271 3463 2338 maximus,

1853 2379 2074 2435 queque
2137 2365 2386 2435 proxima
2430 2364 2657 2418 involvit
2708 2370 2762 2418 et
2818 2363 3044 2434 rapuit;
3103 2362 3168 2415 ad
3218 2362 3466 2415 ultimum

1854 2451 2009 2523 quasi
2054 2452 2292 2523 quedam
2350 2453 2646 2522 columpna
2693 2451 2847 2505 ruhei
2908 2457 2963 2504 ct
3017 2449 3222 2505 ccrulei
3266 2450 3468 2504 coloris

1853 2540 1957 2595 sub
1986 2540 2205 2596 turbine
2236 2542 2569 2595 ascendente
2610 2540 2665 2594 in
2724 2540 2960 2594 sublime
2998 2540 3171 2603 stetit,
3211 2546 3265 2593 et
3315 2539 3471 2593 vide-

1853 2632 2056 2688 bantur
2106 2640 2159 2687 et
2191 2634 2563 2688 audiebantur
2594 2632 2749 2703 quasi
2802 2632 3001 2705 sagitte
3042 2639 3097 2685 et
3156 2631 3348 2685 lancce
3412 2632 3468 2684 in

1854 2720 1973 2792 ipsa
2015 2722 2311 2792 columpna
2340 2722 2530 2795 deﬁgi,
2572 2722 2700 2775 licet
2729 2736 2837 2775 non
2864 2727 3154 2791 appareret
3186 2720 3465 2775 intuenti-

1854 2810 1955 2865 bus
1981 2811 2073 2882 qui
2105 2827 2200 2865 eas
2222 2811 2453 2884 agitaret
2521 2812 2577 2865 ln
2603 2812 2818 2865 turbine
2848 2811 2942 2882 qui
2965 2811 3142 2865 stabat
3172 2826 3341 2880 super
3372 2826 3469 2866 co-

1853 2899 2157 2971 lumpnam,
2189 2901 2531 2971 apparebant
2572 2901 2732 2972 quasi
2782 2901 2999 2956 diverse
3038 2901 3255 2970 species
3312 2902 3473 2956 volu-

1854 3004 2003 3043 crum
2038 2989 2093 3043 in
2117 2990 2313 3045 eodem
2345 2990 2715 3046 volitantium.
2761 2991 3064 3046 Subsecuta
3114 3000 3199 3045 est
3237 2990 3385 3046 illico
3417 2991 3471 3045 in

1780 3123 1829 3192 C
1852 3080 2043 3183 eadem
2068 3082 2196 3192 villa
2223 3084 2534 3139 mortalitas
2581 3084 2893 3153 hominum,
2938 3083 3083 3139 inter
3112 3100 3251 3156 quos
3280 3091 3334 3139 et
3371 3085 3473 3139 do-

1853 3173 2036 3227 minns
2088 3172 2217 3227 ville
2249 3174 2529 3229 occubuit.
2581 3174 2690 3229 Nec
2738 3175 2916 3229 solum
2960 3174 3015 3228 in
3070 3174 3163 3228 illa
3193 3175 3341 3238 villa,
3374 3174 3472 3228 sed

1854 3268 2018 3323 etiam
2069 3269 2259 3324 multis
2314 3269 2450 3325 locis
2504 3269 2841 3325 Normannie
2883 3277 2937 3325 et
2983 3268 3340 3324 ﬁnitimarum
3392 3287 3475 3325 re-

1856 3360 2107 3433 gionum,
2146 3362 2452 3418 mortalitas
2482 3363 2587 3418 hoc
2615 3379 2763 3419 anno
2813 3370 3051 3418 crassata
3078 3369 3178 3418 est.
3223 3363 3473 3418 Monachi

1857 3450 2181 3506 claustrales
2208 3451 2449 3506 Cluniaci
2479 3453 2833 3508 tumultuaria
2856 3453 3152 3519 electione,
3187 3453 3353 3508 immo
3383 3453 3476 3507 in—

1858 3542 2130 3608 trusione,
2161 3544 2441 3613 quendam
2469 3545 2813 3599 semilaicum
2869 3545 3166 3600 Rohertum
3196 3544 3479 3615 Grossum,

1864 3643 2158 3707 cognatum
2188 3636 2410 3690 comitis
2449 3636 2723 3701 Flandrie,
2769 3653 2865 3706 pro
2900 3637 3183 3707 parentela
3228 3653 3325 3691 sua
3364 3637 3477 3691 ele-

1861 3728 2081 3796 gerunt,
2105 3722 2531 3778 reclamantibus
2573 3724 2968 3778 maturioribus
2998 3725 3128 3779 viris
3159 3731 3214 3778 et
3236 3725 3482 3779 honestis

1861 3816 2140 3886 personis,
2173 3832 2283 3887 que
2314 3816 2383 3870 de
2411 3817 2608 3870 eodem
2648 3818 2985 3873 monasterio
3023 3820 3089 3873 ad
3144 3820 3475 3890 pastoralem

1866 3923 2052 3962 curam
2103 3906 2368 3976 assumpti
2418 3905 2657 3961 fuerant.
2701 3906 2846 3961 Obiit
2895 3906 3154 3962 Girardus
3185 3909 3482 3979 episc0pus

1863 3996 2162 4071 Sagiensis.

1938 4085 2204 4141 Henricus
2225 4102 2318 4140 rex
2346 4085 2643 4160 Anglorum
2680 4090 2803 4156 post
2840 4091 3059 4139 octavas
3105 4084 3307 4155 pasche
3335 4085 3483 4156 apud

1862 4173 2261 4230 Barbeﬁuvium
2309 4174 2558 4228 transivit
2598 4174 2652 4228 in
2708 4172 2981 4245 Angliam,
3028 4179 3083 4227 et
3140 4171 3482 4227 Malchomus

1863 4280 1957 4319 rex
1985 4264 2270 4320 Scotorum
2312 4262 2557 4317 reddidit
2584 4263 2657 4331 ei,
2693 4262 2960 4334 quicquid
3001 4261 3240 4316 habebat
3276 4262 3346 4316 de
3381 4261 3485 4316 do-

1864 4357 2013 4411 mino
2034 4372 2156 4419 suo,
2189 4356 2243 4410 id
2283 4364 2366 4411 est
2394 4355 2674 4410 civitatem
2732 4354 2994 4421 Carluith,
3041 4353 3285 4409 Castrum
3321 4354 3487 4424 puel-

1866 4451 2039 4506 larum
2071 4451 2139 4485 ⁶⁰²
2166 4450 2475 4520 Baenburc,
2506 4450 2715 4505 Novum
2750 4457 2985 4505 castrum
3046 4463 3213 4519 super
3254 4448 3484 4519 Tynam,

183 4551 274 4607 que
299 4540 576 4613 impedivit
623 4552 677 4598 et
728 4544 1113 4598 collectionem
1160 4540 1421 4596 messium
1462 4546 1518 4595 et
1564 4523 1842 4595 subse-D
1868 4547 1923 4596 et
1945 4540 2263 4595 comitatum
2297 4539 2702 4595 Lodonensem.
2736 4538 2797 4593 Et
2828 4554 2921 4593 rex
2952 4537 3195 4593 reddidit
3226 4536 3275 4591 ei
3307 4536 3490 4592 comi-

184 4635 415 4695 quentem
454 4632 727 4687 seminum
745 4631 1108 4703 sparsionem.
1146 4629 1219 4683 Ex
1242 4645 1352 4701 qua
1375 4628 1496 4703 jugi
1528 4627 1767 4685 inunda-
1866 4640 2038 4688 tatum
2085 4631 2453 4686 Huntedonie.
2503 4632 2769 4688 Similiter
2800 4632 3128 4686 Guillermus
3175 4628 3321 4685 ﬁlius
3366 4630 3491 4686 Ste-

186 4710 311 4769 tione
351 4717 677 4787 pluviarum,
709 4734 818 4791 que
844 4719 940 4774 diu
979 4718 1216 4784 duravit,
1273 4716 1445 4772 multe
1485 4724 1665 4772 turres
1712 4724 1767 4773 et
1870 4722 2038 4796 phani
2069 4720 2236 4796 regis,
2271 4719 2366 4792 qui
2392 4729 2509 4776 erat
2537 4736 2723 4777 comes
2760 4719 2995 4775 civitatis
3026 4718 3488 4784 Constantiarum,

186 4805 388 4863 εοοιθεὶθ
413 4819 467 4866 el
495 4812 722 4884 antique
763 4811 1002 4868 macerie
1045 4811 1102 4866 in
1128 4810 1461 4866 Normannia
1495 4817 1550 4865 et
1575 4810 1770 4885 Anglia
1871 4817 1925 4871 id
1956 4822 2042 4871 est
2062 4812 2354 4880 Moritonii,
2391 4820 2446 4868 et
2476 4813 2532 4867 in
2580 4812 2773 4886 Anglia
2803 4828 2991 4868 comes
3020 4811 3265 4880 Surreie,
3318 4812 3373 4866 id
3405 4818 3490 4866 est

187 4909 494 4959 corruerunt.
552 4903 814 4959 Radulfus
839 4904 909 4959 de
950 4902 1216 4976 Fulgeriis
1242 4902 1391 4974 cepit
1421 4902 1478 4956 in
1528 4903 1767 4973 quodam
1870 4907 1941 4961 de
1970 4904 2268 4971 Warenna,
2302 4908 2529 4974 prOpter
2557 4901 2725 4956 ﬁliam
2754 4902 2910 4958 tercii
2944 4900 3226 4956 Guillermi
3257 4900 3326 4956 de
3367 4901 3491 4956 Wa-

188 4992 415 5052 conllictu
471 4997 753 5054 Eudonem
783 4999 1170 5055 vicecomitem
1225 4997 1292 5052 de
1350 4996 1673 5066 Porrehoit;
1715 5005 1769 5053 et
1871 5012 2065 5063 renna,
2097 5011 2263 5067 quam
2291 4994 2542 5063 duxerat,
2571 4992 2812 5048 reddidit
2842 4993 2894 5048 ei
2926 4992 3228 5049 Penevesel
3267 5000 3322 5048 et
3349 4993 3490 5049 Nor-

1506 5099 1729 5153 VARl/E
1752 5099 2122 5155 LECTlONES.

248 5191 307 5228 ⁵³⁸
327 5196 449 5275 Cum
477 5202 1125 5275 reppereramusidesunt
1148 5202 1367 5275 8b.ﬁ_8h.
1429 5202 1498 5237 ‘99
1527 5201 1587 5256 Et
1611 5202 1814 5275 Symon
1846 5233 1912 5275 -έ
1944 5202 2065 5275 ejus
2087 5202 2143 5256 in
2254 5203 2459 5275 postea“
2472 5197 2738 5275 additum
2766 5196 2873 5275 sed
2897 5211 3063 5275 manu
3084 5195 3288 5275 eadem.
3320 5197 3493 5275 Extat

192 5274 370 5339 quoque
396 5273 453 5324 in
477 5265 681 5327 8b'.'8d.
716 5274 850 5339 8h.;
891 5274 1036 5328 deest
1064 5274 1153 5327 7h.
1205 5273 1274 5308 ⁰⁰⁰
1302 5291 1345 5328 r.
1382 5289 1429 5327 e.
1465 5265 1681 5329 erasum
1712 5275 1856 5328 deest
1883 5265 2100 5327 8d.'8h.
2137 5272 2200 5308 ⁶⁰¹
2237 5265 2391 5325 duxit
2431 5269 2597 5322 ﬁliam
2626 5298 2695 5307 —
2729 5266 3000 5339 puellein
3029 5266 3064 5320 Ε
3112 5271 3307 5339 posth
3338 5265 3498 5319 addi—

193 5335 408 5416 ΐιιτημςςιί
425 5357 590 5416 manu
617 5345 814 5416 eadem.
839 5335 1011 5416 Adest
1050 5361 1258 5416 quoque
1282 5348 1342 5400 in
1370 5344 1462 5400 8b.
1486 5344 1577 5398 8h.
1611 5351 1671 5400 at
1702 5345 2022 5400 Fredericns
2084 5376 2126 5384 —
2177 5342 2358 5416 puelle
2389 5343 2532 5396 deest
2564 5341 2651 5394 7b.
2712 5335 2779 5374 ⁶⁰²
2814 5337 3121 5409 puellarum
3156 5341 3213 5391 in
3272 5336 3329 5391 E.
3371 5350 3494 5389 era-

193 5416 312 5471 sum,
341 5410 479 5467 deest
516 5414 609 5469 8d.
641 5415 728 5469 8h.
766 5416 918 5469 adest
941 5415 1032 5468 7h.
1058 5410 1076 5414 ’
1161 5410 1182 5416 ’
1711 5484 1902 5541 Νοτλλε

252 5572 614 5653 (δεξῌίδεοη.
662 5586 769 5640 Sed
827 5594 972 5642 errat
1020 5586 1321 5653 Robertus;
1368 5586 1584 5643 Beatrix
1618 5585 1766 5642 enim

464 5636 485 5637 ἡ
499 5636 769 5710 ἤάίὺαῖἆῖ
804 5636 877 5711 Ill
891 5636 906 5641 ’
919 5636 1165 5714 ans};
1177 5636 1189 5642 ’
1205 5636 1584 5733 ῐιῖιῗςιῖηὶῐίὲέ⁷⁷
1601 5636 1784 5713 ratas

1950 5583 2101 5654 (6261
2136 5585 2191 5637 Λ.
2245 5582 2404 5654 1156,
2456 5581 2729 5638 Robertus
2756 5581 2904 5636 enim
2958 5592 3161 5633 annum
3218 5577 3275 5629 in
3327 5568 3493 5626 natali

1892 5652 2107 5709 Domini
2150 5652 2366 5723 incipit.
