3858 6206
120 328 208 383 485

240 455 581 499 RRMANORUM.
752 449 1093 491 FRANCOBUI.
1244 448 1553 489 ΑΝαιοῐιυω.

120 530 501 595 Normanniam,
534 535 587 581 et
618 527 834 581 locutus
865 538 1129 597 cumrege
1162 522 1486 578 Francorum
1530 522 1705 579 Ludo-

118 629 218 682 vico
248 639 408 694 super
438 621 605 675 Ettam
640 617 862 672 ﬂuvium
896 616 964 672 de
992 631 1127 687 pace
1159 623 1214 671 et
1251 615 1319 670 de
1350 614 1703 670 matrimonio

119 714 466 774 contrahendo
495 712 635 766 inter
663 709 832 763 ﬁlium
882 724 1041 763 suum
1104 707 1395 762 Henricum
1426 714 1482 761 et
1530 704 1702 760 ﬁliam

124 806 249 881 regis
294 804 615 857 Francorum
666 796 1037 870 Margaritam,
1068 801 1123 850 et
1149 794 1394 866 prestitis
1414 794 1543 849 hinc
1572 794 1702 849 inde

119 894 470 959 sacramentis,
505 906 595 945 rex
622 889 817 964 Anglie
849 888 998 943 venit
1046 888 1529 961 Argentomagum,
1562 885 1697 939 etin

122 989 236 1045 festo
256 983 552 1041 nativitatis
575 982 736 1036 beate
775 980 941 1034 Marie
973 978 1181 1033 ibidem
1195 978 1359 1047 jussit
1387 977 1700 1033 submoveri

124 1079 390 1135 exercitum
422 1075 591 1131 totius
644 1070 998 1137 Normannie,
1038 1077 1099 1125 ut
1128 1070 1480 1140 essentapud
1510 1068 1704 1124 Abrin-

123 1182 198 1221 cas
224 1165 272 1219 in
302 1162 597 1219 festivitate
622 1160 796 1216 sancti
836 1159 1139 1218 Michaelis.
1174 1159 1300 1213 ituri
1330 1174 1497 1229 super
1522 1158 1701 1213 Cona-

124 1271 232 1309 num
252 1254 439 1308 ducem
472 1251 769 1317 Britannic,
822 1249 931 1305 nisi
981 1250 1240 1305 redderet
1278 1249 1394 1323 regi
1425 1248 1699 1303 civitatem

127 1348 656 1418 Nanneticam,quam
690 1346 985 1400 invaserat.
1017 1344 1222 1398 Exinde
1251 1359 1343 1397 rex
1377 1348 1635 1398 evocatus
1674 1358 1702 1396 a

121 1454 227 1514 rege
258 1438 601 1499 Francorum,
633 1451 758 1491 cum
789 1434 980 1506 paucis
1018 1433 1169 1489 venit
1218 1432 1476 1496 Parisius,
1501 1438 1554 1486 et
1584 1432 1703 1485 ine-

124 1529 353 1585 stimabili
375 1530 591 1584 honore
644 1544 676 1582 a
729 1542 860 1601 rege
915 1526 1189 1581 Ludovico
1231 1532 1284 1580 et
1331 1541 1360 1579 a
1389 1522 1704 1579 Constantia

125 1622 288 1694 regina
322 1629 374 1676 et
396 1637 427 1676 a
452 1619 776 1691 proceribus
816 1619 968 1693 regni
994 1625 1259 1689 exceptus
1286 1624 1390 1683 est,
1411 1614 1704 1690 gaudenti-

952 310 1296 367 CHRONICA.
1342 339 1388 348 --
1446 303 1821 361 AUCTARIUM
1863 300 2145 356 ROBEBTI
2191 300 2272 353 DE
2311 298 2547 352 MONTE.

3306 300 3410 356 486

1726 435 1773 502 Α
1802 433 1856 480 et
1881 423 2141 479 Gervasio
2174 423 2377 478 clerico
2403 422 2611 477 Thome
2634 422 2949 478 cancellarii
2978 424 3209 479 etAdam
3232 426 3413 480 scriba

1806 514 2028 570 Roberti
2068 512 2303 567 abbatis.
2336 511 2458 582 Ipsa
2509 510 2599 565 die
2632 512 2870 581 perrexit
2898 513 2967 567 ad
2993 512 3217 569 Pontem
3251 514 3415 569 Urso-

1805 607 1909 669 nis,
1935 613 1991 661 et
2019 604 2207 659 divisit
2234 603 2307 658 ibi
2371 601 2640 657 ministris
2678 602 2792 656 suis
2845 609 2899 657 et
2949 605 3247 672 ordinavit,
3278 620 3418 677 quo-

1804 694 1970 750 modo
2001 701 2238 749 castrum
2279 692 2416 746 illud
2467 688 2896 746 rcediﬁcaretur.
2953 692 3084 747 Inde
3126 694 3420 749 discedens

1805 803 1927 842 cum
1955 801 2117 840 manu
2159 789 2365 839 armata
2394 783 2635 854 perrexit
2681 783 2749 838 ad
2778 782 3193 854 suscipiendum
3226 785 3420 839 urbem

1800 876 2089 933 Mannetis.
2132 876 2247 940 Qua
2276 881 2502 946 accepta
2534 884 2589 930 et
2614 874 2882 946 disposita
2906 875 2973 929 ad
3007 874 3246 941 libitum,
3281 891 3421 946 pau-

1804 973 1883 1028 cis
1914 970 2257 1042 interpositis
2296 970 2515 1037 diebus,
2576 985 2699 1025 cum
2759 968 3149 1025 innumerabili
3183 971 3425 1027 exercitu

1804 1060 1837 1117 3
1866 1060 2005 1115 feria
2036 1059 2257 1115 obsedit
2312 1065 2548 1113 castrum
2596 1057 2809 1125 Toarci,
2869 1060 2978 1113 διδ
3010 1058 3143 1114 feria
3173 1059 3423 1129 ejusdem

1806 1155 2113 1224 scptimane
2146 1152 2310 1224 cepit.
2341 1153 2470 1208 Post
2497 1152 2897 1224 aliquantulum
2948 1154 3216 1224 temporis
3235 1171 3427 1225 perre-

1807 1246 1886 1301 xit
1913 1245 2131 1300 obviam
2159 1244 2433 1299 Ludovico
2474 1243 2589 1319 regi
2631 1245 2982 1307 Francorum,
3025 1244 3271 1299 venienti
3301 1262 3427 1320 gra-

1807 1334 1879 1388 tia
1900 1332 2166 1389 orationis
2190 1332 2258 1387 ad
2284 1332 2522 1386 Montem
2548 1331 2721 1387 sancti
2746 1332 3023 1387 Michaelis
3065 1333 3136 1387 de
3167 1334 3416 1404 periculo

1807 1424 1991 1478 maris.
2025 1423 2216 1488 Quem.
2249 1438 2313 1477 ex
2344 1438 2455 1494 quo
2486 1423 2703 1478 intravit
2750 1424 2807 1477 in
2866 1423 3127 1479 ducatum
3157 1424 3430 1480 Norman-

1807 1515 1917 1577 nie,
1955 1515 2187 1569 deduxit
2209 1514 2395 1569 etsuis
2426 1515 2695 1585 impensis
2742 1515 3134 1570 decentissime
3166 1532 3429 1587 procura-

1804 1603 1899 1659 vit.
1936 1602 2207 1657 Bobertus
2245 1602 2314 1656 de
2363 1604 2563 1657 Sancto
2611 1604 2916 1670 Pancratio,
2964 1606 3269 1661 monachus
3289 1606 3431 1660 San-

125 1692 211 1765 bu},
243 1710 449 1765 Francis
474 1718 529 1764 ει
560 1710 630 1764 de
659 1724 795 1781 pace
814 1692 1048 1763 dubi-um
1071 1723 1259 1782 regum
1282 1716 1338 1761 et
1367 1706 1437 1761 de
1465 1706 1702 1760 adventu
1733 1719 1781 1786 Β
1806 1694 1878 1749 eti
1907 1692 2184 1786 Michaelis
2226 1693 2295 1786 de
2322 1693 2523 1760 Monte,
2578 1693 2750 1786 factus
2775 1704 2856 1749 est
2896 1696 3065 1750 abbas
3096 1697 3427 1752 Cernelien-

127 1800 241 1856 tanti
269 1801 492 1872 hospitis
520 1798 973 1871 tripudiantibus.
1035 1799 1155 1870 Ipse
1195 1804 1378 1852 autem
1418 1794 1705 1868 magniﬁce

129 1901 172 1948 et
190 1895 454 1967 dapsiliter
485 1910 546 1950 se
579 1910 752 1969 agens
789 1894 933 1949 circa
970 1907 1185 1959 omnes,
1218 1899 1272 1947 et
1302 1892 1535 1947 maxime
1568 1892 1710 1946 circa

132 1986 363 2041 ecclesias
381 1994 433 2042 et
462 2001 737 2058 pauperes
759 1984 956 2040 Christi
997 2002 1013 2051 ;
1036 1999 1305 2056 nusquam
1347 1984 1402 2038 in
1422 1984 1606 2055 aliqua
1618 1999 1713 2038 ec—

128 2075 274 2132 clesia
301 2093 417 2133 cum
458 2077 818 2149 processione
872 2075 1048 2131 voluit
1098 2076 1326 2146 suscipi,
1356 2075 1483 2131 licet
1512 2091 1543 2130 a
1582 2091 1713 2149 rege

133 2164 447 2234 Francorum,
489 2165 660 2220 immo
700 2181 841 2235 pene
869 2163 939 2219 ab
966 2163 1249 2231 omnibus,
1283 2170 1337 2218 et
1368 2163 1625 2234 precibus
1656 2170 1711 2218 et

131 2258 572 2314 obsecrationibus
598 2268 658 2314 ut
687 2258 741 2313 id
773 2265 960 2331 ageret
987 2264 1294 2331 urgeretur.
1328 2258 1462 2312 lnde
1492 2258 1711 2321 rediens

133 2346 272 2404 ﬁliam
301 2350 436 2418 regis
466 2349 695 2404 Francie
723 2365 909 2404 secum
934 2348 1186 2414 adduxit,
1217 2354 1406 2403 eteam
1432 2347 1500 2402 ad
1528 2354 1713 2402 custo-

134 2441 360 2497 diendum
380 2448 432 2497 et
461 2440 819 2495 nutriendum
844 2440 1085 2496 Roberto
1112 2439 1183 2494 de
1211 2440 1357 2495 Novo
1371 2440 1548 2513 Burge
1564 2435 1718 2492 ﬁdeli

136 2546 217 2586 suo
250 2530 476 2585 tradidit.

192 2617 356 2673 Mense
407 2617 723 2690 Septembri
754 2617 787 2671 9
853 2616 1079 2671 Kalend.
1144 2615 1411 2671 Octobris.
1451 2622 1612 2671 natus
1636 2623 1719 2671 est

143 2707 263 2765 ﬁlius
287 2710 507 2766 Henrico
536 2709 657 2782 regi
687 2709 1005 2783 Anglorum,
1033 2715 1093 2763 et
1116 2715 1339 2763 vocatus
1369 2714 1452 2763 est
1481 2706 1714 2763 Gaufre-

143 2801 241 2856 dus.
285 2804 336 2857 In
391 2802 687 2858 festivitate
740 2800 920 2855 sancti
978 2800 1260 2855 Michaelis
1284 2799 1436 2855 venit
1464 2799 1721 2855 Conanus

142 2904 294 2945 comes
318 2891 662 2947 Bedonensis
691 2897 745 2945 et
772 2888 857 2944 sui
886 2887 1127 2943 Britanni
1162 2888 1303 2959 [cum
1331 2904 1397 2945 eo
1436 2888 1718 2955 Abrincas,

145 2988 187 3035 et
210 2982 430 3038 reddidit
460 2983 577 3056 regi
612 2982 806 3038 urbem
853 2983 1120 3039 Nannetis
1159 2999 1284 3037 cum
1316 2988 1429 3037 toto
1462 2982 1724 3038 comitatu

147 3068 315 3138 Medic,
334 3072 570 3138 valente,
608 3079 667 3126 ut
707 3071 897 3138 fertur,
930 3072 1001 3127 60
1032 3071 1181 3126 milia
1207 3070 1506 3127 solidorum
1539 3071 1725 3127 Ande-

148 3166 365 3235 gavensis
396 3171 640 3221 monete.
686 3166 999 3237 lnde:venit
1050 3182 1143 3222 rex
1172 3166 1238 3220 ad
1284 3164 1519 3221 Montem
1550 3166 1724 3220 sancti

1808 1786 1884 1841 sis
1921 1785 2088 1839 509.111
2121 1784 2416 1840 festivitate
2444 1800 2575 1840 vero
2606 1785 2755 1840 beati
2788 1787 3091 1842 Clementis
3131 1788 3221 1843 die
3250 1789 3433 1845 domi-

1812 1878 1935 1933 nica
1964 1884 2237 1933 venerunt
2266 1887 2496 1949 uterque
2528 1894 2623 1932 rex
2654 1878 2721 1932 ad
2752 1878 2997 1934 Montem
3026 1881 3173 1936 beati
3207 1882 3435 1937 archan-

1811 1968 1944 2043 geli,
1972 1975 2173 2023 etcum
2206 1985 2405 2043 magno
2436 1968 2675 2039 tripudio
2734 1978 2841 2025 tam
2874 1971 3058 2027 clerici
3104 1989 3268 2045 quam
3323 1990 3432 2046 po-

1818 2057 1956 2129 puli,
1987 2057 2124 2112 itum
2155 2064 2238 2113 est
2288 2058 2406 2132 regi
2436 2057 2766 2114 Francorum
2799 2059 3041 2116 obviam.
3078 2062 3137 2115 In
3176 2061 3290 2133 ipsa
3333 2079 3437 2118 au-

1815 2153 1923 2202 tem
1957 2147 2335 2218 processione,
2368 2155 2599 2218 excepto
2638 2156 2914 2203 conventu
2948 2151 3344 2206 monachorum
3385 2160 3441 2208 et

1813 2236 2143 2293 clericorum
2190 2245 2248 2315 _et
2297 2237 2456 2309 plebe
2499 2237 2808 2306 innumera,
2843 2237 3064 2294 fuerunt
3094 2240 3205 2295 duo
3236 2242 3436 2297 summi

1817 2326 2130 2397 pontiﬁces,
2163 2344 2306 2382 unus
2344 2327 2797 2399 archiepiscopus
2854 2336 2908 2383 et
2937 2328 3076 2383 alter
3112 2330 3432 2401 episcOpus,

1823 2427 1879 2477 et
1907 2422 2153 2493 quinque
2193 2422 2441 2477 abbates.
2476 2423 2671 2477 Audita
2699 2422 2867 2477 missa
2905 2422 3191 2478 redierunt
3229 2424 3436 2479 Abrin-

1821 2527 1933 2580 cas,
1966 2513 2278 2569 deducente
2307 2512 2459 2567 illum
2504 2529 2654 2585 rege,
2687 2521 2744 2568 et
2768 2514 3074 2569 innumeris
3105 2514 3274 2588 regiis
3312 2531 3440 2571 mu-

1820 2600 2050 2657 neribus
2078 2610 2187 2657 tam
2221 2603 2374 2657 illum
2405 2618 2568 2674 quam
2596 2619 2727 2659 suos
2755 2620 2931 2676 usque
2948 2604 3017 2658 ad
3049 2603 3189 2660 ﬁnes
3215 2605 3300 2660 sui
3335 2605 3441 2662 du-

1818 2698 1973 2746 catus
2002 2698 2395 2763 prosequente.

1892 2781 2075 2837 Mense
2100 2781 2390 2837 Decembri
2420 2783 2736 2838 concordati
2792 2790 2920 2839 sunt
2960 2799 3057 2839 rex
3089 2783 3359 2840 Henricus
3387 2795 3442 2841 et

1823 2892 2010 2932 comes
2027 2876 2660 2933 Blesensis'l‘heobaldus
2691 2887 2957 2950 cognatus
2987 2879 3108 2947 ejus
3124 2879 3231 2935 hoc
3251 2878 3438 2936 modo.

1824 2971 2022 3027 Comes
2039 2971 2389 3027 Theobaldus
2422 2971 2665 3027 reddidit
2704 2972 2819 3047 regi
2845 2972 2957 3028 duo
2989 2980 3164 3028 castra
3195 2990 3210 3038 ;
3242 2972 3445 3027 Amba-

1825 3063 1969 3119 zium
2011 3070 2067 3119 et
2093 3064 2334 3119 Fractam
2362 3063 2559 3119 vallem
2595 3082 2609 3129 ;
2652 3071 2709 3119 et
2752 3065 3023 3120 Botrodus
3061 3078 3247 3119 comes
3276 3062 3445 3120 Mori—

1826 3160 2000 3229 tonie,
2021 3161 2267 3216 sororius
2297 3160 2418 3229 ejus
2451 3192 2514 3201 —
2544 3160 2817 3232 siquidem
2844 3178 3007 3217 unam
3040 3176 3287 3218 sororum
3321 3162 3442 3232 ejus

152 3254 410 3326 Michaelis,
443 3258 707 3314 etaudita
748 3258 912 3314 missa
944 3258 1012 3314 ad
1057 3259 1233 3330 majus
1273 3258 1460 3321 altare,
1487 3258 1727 3314 comedit
1827 3249 1942 3306 0άο
1974 3251 2084 3305 dux
2109 3250 2447 3325 Burgundie.
2493 3249 2654 3304 aliam
2686 3250 2966 3321 predictus
3015 3266 3203 3307 comes
3231 3250 3447 3307 Rodt‘o-

152 3346 197 3401 in
242 3349 511 3406 refectorio
580 3350 978 3406 monachorum
1055 3366 1177 3406 cum
1231 3350 1538 3406 baronibus
1590 3350 1724 3406 suis.
1831 3360 1948 3412 cus,
1981 3343 2075 3417 qui
2098 3344 2350 3400 usitatius
2377 3344 2585 3400 dicitur
2630 3360 2819 3401 comes
2846 3345 3196 3411 Perticensis,
3228 3344 3447 3400 tertiam

154 3436 279 3502 Quod
301 3448 355 3497 ut
380 3442 609 3509 faceret,
640 3440 729 3496 vix
759 3440 933 3496 abbas
959 3441 1234 3497 Rohertus
1258 3443 1446 3497 multis
1474 3442 1733 3514 precibus
1834 3435 2151 3490 Willermus
2181 3434 2338 3490 Goiet
2360 3467 2424 3475 —
2474 3434 2569 3489 hic
2614 3435 2836 3507 inquam
2876 3435 3159 3491 Rodrocus
3210 3434 3451 3491 reddidit

155 3531 348 3585 extorsit
374 3532 439 3585 ab
476 3548 565 3587 eo.
607 3530 804 3586 Postea
852 3530 907 3585 in
962 3545 1103 3585 nova
1151 3546 1367 3586 camera
1416 3530 1633 3586 abbatis
1662 3531 1731 3566 ⁶⁰⁸
1835 3524 2070 3581 Henrico
2093 3526 2205 3598 regi
2228 3526 2336 3581 duo
2370 3532 2567 3591 castra,
2599 3525 2829 3580 Molinas
2844 3532 2899 3580 et
2922 3525 3131 3580 Bonum
3164 3525 3448 3592 Melinum,

157 3623 392 3678 concessit
433 3623 703 3679 ecclesias
752 3621 939 3679 Pontis
982 3621 1207 3678 Ursonis
1252 3622 1450 3679 Sancto
1480 3622 1734 3678 Michaeli
1835 3613 2378 3686 queerantdominia
2429 3614 2588 3669 ducis
2618 3613 2969 3669 Normannia.
3016 3614 3122 3669 Sed
3148 3622 3271 3686 post
3300 3629 3452 3671 mor—

161 3714 203 3761 et
234 3709 399 3767 abbati
450 3722 504 3769 et
541 3712 836 3768 monachis
884 3712 1132 3781 ejusdem
1181 3710 1310 3779 loci,
1352 3721 1606 3782 presente
1630 3710 1738 3766 Bo-
1840 3714 1950 3761 tem
1980 3705 2126 3780 regis
2175 3704 2391 3760 Henrici
2423 3705 2692 3760 Rotrocus
2730 3704 2798 3739 ⁶¹⁰
2826 3720 3033 3772 comes,
3070 3712 3227 3776 pater
3288 3707 3454 3777 hujus

162 3794 293 3854 berto
317 3801 501 3857 abbate
531 3809 591 3857 et
623 3799 858 3857 Hanulfo
889 3799 1072 3872 priore
1110 3806 1166 3855 et
1192 3798 1428 3855 Manerio
1467 3799 1741 3855 monacho
1846 3797 2092 3864 Botroci,
2119 3802 2489 3869 occupaverat
2515 3811 2598 3850 ea.
2636 3795 2747 3850 Rex
2780 3803 2965 3851 autem
3012 3796 3281 3853 Henricus
3317 3814 3454 3853 con-

1475 3898 1698 3954 VARUE
1724 3897 2103 3954 LECTIONES.

163 4010 255 4067 sem
281 4004 332 4053 et
354 4000 499 4056 mille
528 4000 719 4067 libras,
751 4007 807 4056 et
834 3998 1025 4056 ﬁscum
1056 3998 1166 4057 300
1191 3999 1466 4063 militum;
1498 3999 1553 4054 in
1585 4000 1920 4056 Normannia
1942 4000 2215 4056 civitatem
2256 3999 2709 4055 Abrincatensem
2739 4008 2794 4054 et
2824 3998 2935 4054 duo
2965 3999 3193 4055 castella
3222 4006 3278 4055 et
3307 4000 3459 4056 mille

163 4064 321 4143 libras,
346 4077 397 4143 et
424 4070 617 4127 ﬁscum
650 4064 777 4143 200
814 4070 1076 4143 militum._
1108 4070 1272 4141 Cujus
1320 4070 1594 4143 pactionis
1641 4068 2376 4143 ﬁdejussoresexstiterunt
2432 4070 3015 4143 episcopiiutriusque
3047 4071 3233 4141 partis.
3270 4072 3455 4126 Mense

167 4134 440 4216 Septembri
491 4142 761 4216 Henricus
811 4158 906 4199 rex
938 4134 1241 4216 Anglorum
1284 4134 1831 4216 perrexit_Parisius,
1876 4148 1936 4198 ut
1962 4140 2129 4197 ﬁliam
2159 4143 2324 4216 regis,
2349 4134 2511 4215 quam
2562 4134 2661 4216 su'o
2682 4142 2794 4197 ﬁlio
2825 4134 3135 4216 acceperat,
3158 4143 3461 4216 adduceret

168 4209 212 4261 in
230 4209 629 4286 Normanniam.
665 4213 763 4286 cui
793 4229 919 4269 cum
950 4209 1395 4286 rex'Francorum
1439 4212 1750 4286 Ludovicus
1778 4229 1903 4268 cum
1953 4230 2155 4286 magno
2186 4209 2396 4269 honore
2429 4220 2483 4267 et
2511 4214 2773 4286 comitatu
2798 4209 3013 4268 veniret
3042 4213 3097 4266 in
3122 4209 3373 4286 :obviam,
3406 4214 3461 4267 in

170 4281 272 4359 aula
293 4283 578 4339 Parisiensi
614 4284 783 4358 regia,
810 4293 874 4339 ut
902 4292 1055 4339 tanto
1085 4284 1199 4409 regi
1231 4284 1775 4355 oportuitapparata,
1805 4300 1929 4339 cum
1964 4281 2164 4358 magno
2209 4286 2457 4339 omnium
2492 4284 2734 4355 tripudio
2760 4300 2883 4338 eum
2917 4285 3177 4354 suscepit.
3212 4284 3312 4348 Qui
3336 4299 3462 4338 cum

174 4348 247 4405 die
266 4352 348 4407 illa
376 4371 497 4409 sero
520 4355 833 4409 admirabili
864 4355 1122 4409 omnibus
1186 4354 1442 4409 ilectione
1473 4364 1528 4409 et
1557 4355 1874 4409 dilectionis
1907 4356 2275 4409 alternatione
2305 4355 2470 4409 simul
2500 4356 2891 4409 comedissent.
2919 4370 3011 4409 rex
3042 4356 3371 4409 Francorum
3407 4355 3462 4408 in

174 4348 247 4405 die
266 4352 348 4407 illa
376 4371 497 4411 sero
520 4348 833 4411 admiFabili
864 4355 1122 4410 omnibus
1145 4348 1442 4410 dilectione
1473 4348 1874 4411 et'dilectionis
1907 4348 2275 4411 alternatione
2305 4355 2470 4410 simul
2500 4348 2891 4423 comedissent,
2919 4370 3011 4409 rex
3042 4348 3371 4410 Francorum
3407 4355 3463 4408 in

174 4424 380 4500 crastino
419 4442 543 4500 eum
566 4443 691 4500 cum
724 4426 836 4481 ﬁlia
865 4443 965 4500 sua
983 4441 1155 4497 usque
1178 4425 1484 4500 Medantam
1514 4426 1799 4500 conduxit,
1831 4427 1892 4500 in
1914 4427 2151 4500 adventu
2208 4427 2352 4497 regis
2377 4428 2685 4500 Anglorum
2726 4435 2781 4481 et
2810 4441 3031 4480 recessu
3064 4426 3324 4500 omnibus
3356 4441 3463 4480 ne-

175 4495 395 4581 cessariis
422 4498 490 4551 ah
514 4498 715 4579 eodem
753 4513 889 4581 rege
917 4495 1249 4581 Francorum
1279 4496 1502 4571 largiter
1518 4497 1822 4581 attributis.
1859 4498 2060 4581 Eodem
2094 4495 2297 4552 mense
2326 4495 2490 4551 natus
2508 4504 2591 4552 est
2613 4496 2761 4552 ﬁlius
2782 4503 3008 4581 quartus
3033 4497 3464 4581 regiAnglorum

180 4566 452 4651 Ln'Anglia,
494 4569 723 4651 nomine
749 4566 1059 4650 Gaufridus,
1087 4567 1349 4651 Henricus
1365 4566 1474 4651 'rex
1504 4568 1797 4651 Anglorum
1821 4569 2044 4649 eodem.
2085 4583 2273 4651 mense
2334 4584 2458 4651 cum
2484 4584 2686 4642 magno
2728 4566 2960 4650 militum
2982 4566 3223 4623 exercitu
3251 4566 3468 4651 invadit

179 4630 397 4722 Briton§s
425 4630 448 4701 ;’
472 4641 833 4722 quiadventu
858 4640 979 4720 ejus
1006 4654 1114 4694 non
1153 4638 1367 4722 modice
1390 4630 1623 4722 attoniti,
1659 4639 1953 4721 reddentes
1982 4639 2047 4722 “ei
2079 4638 2351 4719 civitatem
2418 4630 2850 4722 Hanné'tensium
2883 4655 3075 4720 eorum
3107 4640 3465 4722 precipuan},

179 4708 311 4785 Euius
336 4708 505 4765 frater
528 4711 1192 4785 ejusdem__regis_comes
1223 4708 1518 4785 exstiterat,
1573 4711 1927 4785 om_nes__ejus
1965 4708 2224 4785 dominio
2253 4726 2313 4764 se
2359 4710 2741 4765 subdiderunt.
2781 4711 3005 4785 lacepto
3030 4708 3219 4785 _igit_ttt‘
3244 4708 3469 4785 castello

183 4770 509 4854 Ursiponte.a
541 4770 742 4838 Sancto
774 4770 1035 4854 Mtcﬁaele
1061 4780 1280 4854 duobus
1300 4770 1551 4854 distante
1582 4770 1909 4854 miliaribus,
1940 4797 2032 4835 rex
2068 4780 2331 4854 Henricus
2351 4796 2698 4854 cumgmagno
2716 4770 3214 4854 exercituobsedit
3241 4784 3470 4850 Thoars,

182 4849 432 4924 castellum
464 4853 900 4924 inexpugnabile
929 4853 986 4907 in
1016 4850 1259 4924 conﬁnio
1295 4850 1640 4924 Pictavorum
1671 4858 1726 4924 et
1756 4852 2192 4924 Andegavorum.
2224 4851 2319 4924 Cui
2350 4851 2406 4905 in
2437 4849 2619 4906 triduo
2640 4860 2801 4924 capto
2817 4852 3045 4908 castello
3069 4870 3242 4924 usque
3257 4854 3323 4909 ad
3356 4865 3476 4909 tur-

184 4921 288 4982 "In.
316 4927 377 4993 et
392 4924 555 4993 turris
600 4921 820 4980 reddita
862 4932 968 4987 est,
1001 4922 1200 4978 comite
1257 4921 1504 4993 ejusdem
1539 4923 1788 4993 expulso.
1821 4921 2003 4977 Mense
2033 4922 2347 4989 Novembri,
2397 4938 2519 4977 cum
2579 4939 2668 4977 rex
2710 4921 3066 4978 Francorum
3103 4921 3170 4979 ad
3193 4926 3475 4981 orationes

185 4990 333 5043 sancti
362 4991 717 5067 Michaelisde
748 4995 1005 5067 periculo
1020 4993 1198 5067 maris
1228 4990 1692 5067 proficisceretur,
1727 5008 1819 5048 rex
1850 4993 2146 5067 Anglorum
2183 4993 2413 5067 obvians
2466 4994 2539 5060 ei,
2570 5010 2693 5047 cum
2735 4994 2971 5067 maxime
3000 4995 3233 5067 ihonore
3267 4996 3477 5067 recepit

185 5065 457 5146 fum‘ahpud
487 5064 767 5146 Pacei‘um',
796 5066 943 5146 apud
976 5064 1233 5146 Ebroicas
1262 5070 1329 5146 et.
1354 5064 1560 5119 Novum
1595 5066 1854 5146 Burgum,
1897 5064 1961 5119 ut
2012 5065 2224 5145 videret
2275 5064 2447 5146 ﬁliam
2478 5080 2654 5146 suam,
2713 5081 2836 5146 quae
2868 5064 2943 5145 ibi
2964 5066 3234 5146 alebatur.
3268 5064 3475 5122 Deinde

184 5130 309 5195 apud
335 5130 557 5210 Beccum
579 5130 810 5210 solemni
832 5130 1199 5210 'processione
1224 5134 1387 5190 ambo
1421 5152 1578 5210 r_eges
1606 5130 2039 5210 sus_'(ieptisunt,
2066 5136 2121 5210 in
2146 5153 2253 5207 qua
2280 5130 2897 5210 fueruntgtres'epi'seopi
2918 5146 2971 5191 et
3002 5138 3122 5210 alite
3154 5138 3339 5209 plures
3352 5154 3477 5208 per-

187 5211 315 5279 sonas
343 5222 358 5267 ;
388 5205 591 5279 ibique
621 5208 712 5262 illa
742 5205 899 5264 nocte
919 5207 1272 5279 quieverunt,
1303 5222 1395 5279 rex
1428 5205 1668 5279 Fr'ancize
1696 5207 1751 5260 in
1781 5205 1906 5261 aula
1936 5205 2233 5279 majoripet
2263 5224 2355 5261 rex
2388 5208 2593 5279 Anglia:
2622 5207 2673 5262 in
2688 5205 2951 5279 alimlloc
2980 5208 3128 5262 enim
3157 5205 3479 5263 decreverat

191 5274 582 5348 mxAngliazfut
607 5296 826 5350 semper
848 5274 953 5334 rex'
969 5280 1296 5333 Francorum
1325 5278 1630 5333 decentiori
1663 5278 1902 5348 hospitio
1935 5274 2264 5350 quiesceret.
2309 5280 2419 5332 Hoc.
2474 5274 2550 5350 in,
2578 5278 2697 5332 loco
2730 5278 2961 5332 dixitrex
2996 5279 3346 5343 Francorum,
3380 5295 3480 5333 ne-

192 5352 367 5423 minem
399 5363 454 5401 se
491 5364 654 5423 posse
687 5348 894 5405 tantum
929 5350 1190 5423 diligere,
1214 5357 1495 5423 quantum
1514 5365 1698 5423 regem
1719 5348 2035 5423 Anglorum.
2063 5349 2308 5423 Mirabile
2327 5350 2471 5403 dictu
2498 5348 2661 5423 lQuis
2680 5366 2919 5423 unquam
2943 5350 3171 5423 audivit,
3193 5366 3351 5423 reges
3382 5351 3483 5423 Λητ

189 5408 375 5531 ᾗιοτιιτη
407 5426 461 5473 et
491 5408 814 5477 Francorum
840 5428 987 5476 tanta
1009 5408 1310 5476 dilectione
1338 5408 1591 5491 copulari
1598 5408 1645 5462 ’ν
1676 5408 1941 5474 lnde'cum
1984 5420 2358 5483 discederent,
2392 5436 2485 5474 rex
2529 5408 2823 5491 Anglorum
2857 5420 2984 5474 fecit
3014 5408 3333 5476 societatem
3366 5419 3482 5493 regi

226 5496 488 5531 l’am‘nrnm
525 5506 625 5531 nm-
650 5493 898 5531 nicitntnq
922 5508 1047 5531 cuna
1076 5499 1124 5531 μί
1160 5492 1379 5531 nnctnlln
1412 5507 1588 5531 ιιαηιιρ
1631 5491 1883 5531 Sunt-inm
1946 5490 2261 5531 Minlmnlnm
2318 5497 2367 5531 Μ
2428 5505 2528 5531 nm-
2571 5489 2926 5531 Rnlnmamim
2961 5508 3138 5531 narrum
3175 5491 3454 5531 Prnnninm

193 5489 489 5564 {raucorum
511 5506 625 5564 per
650 5493 900 5564 civitates
922 5508 1048 5547 suas
1076 5499 1130 5546 et
1160 5492 1383 5564 castella
1408 5489 1588 5563 usque
1631 5491 1884 5564 Sanctum
1945 5490 2286 5556 Micltaelem,
2318 5497 2372 5564 et
2428 5505 2528 5561 per
2569 5489 2927 5564 Rotomagum
2961 5508 3139 5563 usque
3174 5489 3480 5564 Franciam,

192 5557 608 5634 [adveniensei’in
638 5563 787 5618 omni
846 5562 1041 5620 itinere
1097 5563 1391 5634 afﬂuenter
1440 5557 1773 5617 necessaria.
1810 5564 2255 5634 eodem‘mense,
2314 5557 2543 5634 obtentu
2578 5562 2726 5634 regis
2754 5557 3106 5634 Francorum,
3135 5561 3233 5616 ﬁlii
3264 5558 3483 5634 comitis

194 5618 465 5706 '[heobaldi
496 5631 744 5706 fecerunt
774 5618 1105 5706 pacemregi
1135 5618 1435 5706 Anglorum,
1464 5651 1478 5699 ;
1512 5639 1824 5706 namantea
1880 5631 2089 5706 inimici
2134 5618 2353 5687 fuerant
2400 5632 2467 5686 ad
2498 5618 2757 5687 invicem.
2793 5632 2861 5666 ⁶⁰⁸
2890 5618 3132 5688 comedit
3160 5662 3228 5672 —
3265 5627 3481 5684 abbatis

193 5688 360 5753 desunt
385 5699 474 5754 8b.
506 5702 596 5756 8h.
627 5704 696 5740 ων
725 5688 860 5761 Bob.
894 5736 959 5745 —
987 5688 1143 5760 (ἷὲῖῗη.
1171 5688 1364 5760 desunt
1388 5688 1479 5758 8b:
1512 5704 1603 5769 8h,
1639 5703 1707 5736 ⁶¹⁰
1734 5709 1952 5760 rotocus
1978 5703 2038 5757 Ε.
