3858 6206
100 346 206 404 ιεθ

244 487 623 531 IOHANORUM.
775 486 1121 528 FRANCOHUH.
1287 488 1592 529 ANGLORUM.

104 582 203 622 cus
226 580 323 620 rex
340 564 671 637 Anglorum,
702 567 756 617 et
778 561 1120 617 Raimundus
1142 577 1330 617 comes
1356 562 1736 618 Barcinonen—

102 655 181 710 sis
206 653 360 725 apud
390 659 635 708 castrum
684 649 925 705 Blaviam
982 651 1122 720 (630;
1164 651 1429 706 amiciciaa
1461 651 1619 707 fedus
1643 651 1735 706 da-

102 748 174 801 tis
202 743 580 801 sacramentis
610 743 714 798 hoc
766 748 928 813 pacto
985 742 1249 807 inierunt,
1292 743 1439 814 quod
1471 743 1737 797 Ricardus

102 838 259 894 ﬁlius
281 837 439 911 regis
456 834 627 891 ﬁliam
654 834 872 891 comitis
896 841 1145 905 tempore
1171 841 1446 906 oportuno
1472 843 1616 890 esset
1635 835 1740 889 du-

104 941 325 1000 cturus,
356 938 412 987 et
442 946 535 986 rex
557 930 817 985 ducatum
839 928 1130 1001 Aquitanie
1160 928 1269 984 illis
1300 930 1505 985 exactis
1526 930 1738 1001 nuptiis

104 1036 504 1077 concessurus.
541 1018 829 1090 Siquidem
864 1018 951 1072 hic
982 1017 1322 1072 Raimundus
1361 1026 1444 1072 est
1484 1019 1629 1089 (63l)
1661 1020 1742 1073 vir

108 1123 423 1190 prepotens
452 1124 508 1170 et
536 1115 715 1177 dives,
760 1122 950 1184 utpote
979 1113 1070 1184 qui
1123 1129 1351 1187 regnum
1400 1115 1739 1187 Arragouum

108 1211 322 1265 habeat
354 1225 420 1264 ex
454 1208 762 1263 hereditate
776 1206 1030 1280 conjugis
1053 1223 1186 1273 suae,
1221 1222 1284 1261 ex
1316 1214 1543 1278 paterna
1559 1214 1741 1261 autem

110 1305 433 1360 hereditate
466 1302 784 1359 comitatum
824 1301 1059 1358 civitatis
1100 1301 1424 1358 Barcinone.
1484 1301 1547 1357 Ut
1596 1301 1742 1357 enim

106 1393 526 1466 aliquantulum
582 1391 647 1446 ad
709 1398 981 1447 transacta
1036 1392 1330 1446 redeamus
1368 1409 1380 1445 :
1412 1391 1603 1447 Santio
1653 1406 1745 1445 rex

106 1490 465 1559 Arragonum
497 1483 690 1557 genuit
715 1491 826 1538 tres
867 1480 1031 1547 ﬁlios,
1061 1482 1156 1554 qui
1188 1483 1291 1538 sibi
1331 1483 1577 1539 vicissim
1610 1500 1744 1539 suc-

106 1580 437 1641 cesserunt,
468 1573 809 1639 Santionem,
868 1571 1198 1637 Anfortium,
1235 1571 1565 1627 Remelium.
1598 1573 1748 1629 Duo-

108 1670 223 1724 bus
255 1684 393 1723 vero
425 1667 808 1742 primogenitis
836 1666 941 1721 sibi
975 1666 1210 1722 invicem
1244 1666 1673 1723 succedentibus
1693 1676 1748 1724 et

112 1761 340 1832 absque
366 1758 498 1814 ﬁliis
526 1758 952 1825 decedentibus,
1010 1775 1081 1814 ne
1135 1774 1366 1833 regnum
1400 1758 1531 1813 illud
1555 1757 1623 1813 ab
1655 1774 1747 1815 ex-

979 343 1329 400 C‘HRONICA.
1372 375 1434 386 —-
1477 345 1858 401 AUCTARIL’M
1903 344 2183 400 ROBERTI
2225 344 2307 399 DE
2350 342 2591 400 MONTE.

3352 344 3457 402 690

1762 475 1817 543 Α
1840 472 2027 529 vensis
2059 480 2115 527 et
2152 472 2263 527 dux
2317 471 2740 543 Aquitanorum,
2780 475 2998 528 mortuo
3017 477 3175 545 patre
3202 472 3458 546 predicte

1841 563 2044 633 puelle,
2088 578 2212 616 cum
2245 559 2556 616 hereditate
2586 559 2832 631 propria,
2863 561 3073 617 scilicet
3096 562 3235 618 urbe
3263 562 3461 621 Tolosa

1835 662 1889 708 et
1914 654 2179 709 comitatu
2207 654 2503 719 Tolosano,
2533 652 2687 707 duxit
2739 666 2968 707 uxorem
3000 669 3015 718 ;
3047 668 3114 707 ex
3142 670 3253 724 qua
3268 653 3461 727 genuit

1838 742 1985 797 idem
2007 742 2339 797 Guillermus
2369 741 2543 796 ﬁlium
2596 740 2955 796 Guillermum
3002 740 3250 809 nomine,
3282 744 3379 813 qui
3407 743 3461 799 ei

1837 837 2125 902 successit,
2157 838 2251 909 qui
2284 844 2437 908 pater
2462 835 2564 892 fuit
2591 835 3022 909 Alienorregine
3053 835 3377 911 Anglorum.
3405 832 3465 889 Si

1838 931 1965 1001 quis
1984 938 2162 985 autem
2214 930 2463 1002 requirit,
2524 929 2805 1002 quomodo
2849 935 3039 1001 postea
3073 944 3261 985 comes
3283 916 3467 986 Sancti

1843 1021 2014 1091 Egidii
2049 1021 2239 1075 habuit
2271 1020 2545 1076 civitatem
2564 1020 2838 1087 Tolosam,
2868 1021 3106 1088 noverit,
3146 1021 3297 1093 quod
3325 1038 3459 1093 pre-

1843 1113 2022 1165 dictus
2068 1112 2380 1167 \Villermus
2411 1128 2595 1167 comes
2628 1111 2966 1167 Pictavensis
3004 1112 3463 1167 invadiavitean-

1840 1202 1965 1255 dem
1996 1201 2273 1256 civitatem
2313 1201 2621 1255 Haimuudo
2668 1200 2853 1255 comiti
2894 1200 3079 1255 Sancti
3131 1200 3327 1271 Egidii,
3359 1218 3463 1273 pa-

1842 1303 1964 1351 truo
2024 1294 2209 1348 uxoris
2264 1306 2383 1357 sue,
2451 1298 2677 1361 propter
2721 1290 3036 1360 pecuniam,
3095 1305 3257 1361 quam
3314 1291 3461 1345 idem

1844 1394 2175 1449 Guillermus
2242 1388 2298 1441 in
2355 1384 2711 1457 expeditione
2769 1383 3218 1439 lerosolimitana
3249 1399 3461 1456 expen-

1844 1483 1927 1537 dit
1952 1481 2134 1551 (633);
2176 1477 2326 1532 unde
2371 1476 2516 1530 idem
2552 1473 2893 1529 Raimundus
2924 1473 2978 1527 in
3041 1473 3185 1528 libro
3215 1473 3463 1542 ejusdem

1846 1569 2221 1644 expeditionis
2246 1582 2394 1621 nunc
2428 1581 2617 1622 comes
2642 1564 2825 1619 Sancti
2868 1564 3068 1636 Egidii,
3101 1580 3249 1620 nunc
3277 1580 3466 1620 comes

1846 1660 2149 1716 Tolosanus
2177 1663 2424 1713 vocatur.
2461 1655 2578 1719 Quo
2641 1660 2868 1709 mortuo‘
2904 1653 3097 1709 habuit
3115 1655 3349 1711 eandem
3380 1672 3468 1710 ur-

1850 1753 1975 1808 bem
2010 1751 2295 1806 Anforsius
2326 1748 2471 1803 ﬁlius
2500 1748 2642 1818 ejus,
2677 1746 2771 1818 qui
2804 1746 2951 1817 apud
2975 1747 3280 1802 Jerusalem
3315 1762 3467 1803 mor-

112 1852 338 1909 traneis
401 1857 787 1922 occuparetur,
832 1850 1139 1906 Remelium
1195 1850 1525 1906 monachum
1582 1850 1745 1907 etiam
1777 1820 1826 1887 Β
1852 1847 1976 1895 illus
2030 1847 2113 1894 est
2143 1839 2338 1893 eOdem
2393 1847 2665 1909 tempore.
2695 1851 2804 1908 (1110
2839 1836 3145 1892 LUdOVicus
3172 1853 3265 1891 rex
3298 1836 3470 1892 Fran-

107 1943 231 2011 jam
272 1956 493 2008 senem,
524 1939 749 1995 licentia
777 1938 1007 1995 Romani
1047 1937 1323 2011 pontiﬁcis
1352 1955 1382 1993 a
1412 1939 1746 1998 monasterio

113 2030 465 2086 abstractum
496 2044 683 2103 regem
706 2028 987 2094 fecerunt;
1020 2035 1074 2084 et
1104 2036 1165 2083 ut
1197 2027 1457 2083 heredem
1492 2026 1743 2094 haberet,

114 2121 449 2176 Mathildem
490 2126 721 2175 matrem
751 2118 1016 2175 Willermi
1067 2118 1409 2174 vicecomitis
1436 2116 1625 2173 Toarci
1668 2116 1744 2171 illi

117 2213 566 2279 associaverunt,
626 2227 692 2267 ex
746 2228 854 2284 qua
897 2211 1092 2286 genuit
1143 2226 1309 2265 unam
1363 2209 1553 2277 ﬁliam,
1581 2224 1747 2281 quam

117 2302 480 2358 Raimundus
513 2300 795 2372 prodictus
826 2315 1014 2356 comes
1060 2299 1217 2355 duxit
1248 2300 1348 2365 ;de
1376 2316 1484 2371 qua
1514 2307 1640 2355 nata
1668 2310 1751 2356 est

117 2393 230 2447 ista
262 2390 475 2462 puella,
504 2405 667 2462 quam
701 2389 813 2445 ﬁlio
844 2390 991 2463 regis
1012 2389 1255 2444 diximus
1285 2388 1675 2459 cepulandam,
1697 2395 1752 2443 et

119 2484 276 2540 ﬁlius
305 2483 432 2552 ejus
463 2482 860 2556 primogenitus
884 2483 1224 2557 Arragonum
1256 2498 1350 2537 rex
1381 2481 1619 2536 futurus.
1662 2479 1752 2535 Si-

119 2575 359 2647 quidem
391 2572 513 2644 ipse
536 2588 743 2639 comes,
784 2573 1035 2643 quamvis
1066 2572 1290 2626 haberet
1325 2586 1558 2644 regnum
1590 2571 1750 2625 Arra-

120 2680 364 2738 gonum,
405 2670 460 2718 et
491 2669 681 2733 posset
710 2676 803 2715 rex
833 2659 951 2715 ﬁeri
980 2661 1025 2715 si
1050 2661 1238 2725 vellet,
1269 2659 1494 2715 omnino
1526 2674 1747 2713 recusa-

120 2757 222 2824 vit,
248 2770 488 2830 regnum
511 2769 799 2809 reservans
819 2751 934 2808 ﬁlio
965 2768 1088 2818 suo,
1110 2754 1257 2825 quod
1290 2751 1576 2807 accidebat
1605 2752 1657 2806 ei
1683 2766 1748 2805 ex

124 2852 393 2901 materna
428 2843 778 2918 genealogia.
812 2843 924 2897 Hoc
939 2842 1105 2897 etiam
1122 2857 1291 2909 anno,
1315 2842 1454 2897 sicut
1482 2850 1540 2896 et
1568 2855 1751 2912 prece-

119 2938 306 3005 denti,
341 2934 669 2990 Fredericus
693 2934 991 3004 imperator
1010 2934 1395 2990 Alemanorum
1426 2934 1617 2989 urbem
1645 2934 1751 2988 Me-

122 3028 516 3083 diolanensem
533 3024 777 3090 obsidet,
792 3023 918 3095 quia
932 3022 1482 3079 rebellaverantadve
1491 3039 1608 3079 rsus
1624 3039 1748 3079 eum

123 3122 280 3178 idem
294 3118 741 3175 Mediolanenses
777 3118 942 3189 Papie
974 3118 1748 3188 etPlacentieturresdejecit,

122 3223 179 3269 et
220 3213 347 3269 fere
373 3227 595 3267 omnem
609 3180 1047 3284 Lungobardiam
1064 3211 1357 3267 adlibitum
1373 3211 1476 3267 sibi
1492 3180 1746 3280 subjecit.
1779 3180 1830 3250 (ἶ

194 3304 484 3362 Mediante
530 3310 713 3359 autem
766 3303 1184 3375 quadragesima
1224 3320 1317 3359 rex
1348 3304 1480 3359 fecit
1506 3318 1753 3359 summo-

127 3399 248 3456 veri
282 3396 587 3453 exercitum
618 3395 787 3451 totius
818 3395 1173 3459 Normannie,
1208 3396 1750 3471 Anglic,Aquitanie,

127 3501 179 3547 et
213 3496 533 3547 ceterarum
589 3487 1021 3559 provinciarum,
1065 3503 1173 3560 que
1204 3487 1312 3542 sibi
1342 3488 1563 3543 subdite
1603 3494 1753 3554 sunt,

126 3581 265 3652 quia
293 3577 643 3633 Raimundus
678 3592 865 3632 comes
914 3576 1098 3631 Sancti
1128 3577 1302 3651 Egidii
1345 3575 1517 3631 nollet
1544 3577 1595 3630 ei
1629 3576 1755 3631 red-

127 3669 269 3723 dere
301 3665 579 3720 civitatem
609 3664 828 3732 Tolose,
862 3680 1026 3737 quam
1050 3681 1141 3720 rex
1174 3664 1492 3737 requirebat
1510 3663 1757 3720 sicuthe-

126 3754 427 3811 reditatem
459 3752 650 3807 uxoris
678 3769 779 3808 sue
818 3752 1040 3809 Alienor
1069 3752 1285 3827 regine.
1319 3753 1602 3824 Siquidem
1638 3752 1753 3809 Ho-

125 3848 328 3903 bertus
378 3861 568 3902 comes
622 3844 921 3910 Moritonii,
986 3845 1235 3900 uterinus
1283 3845 1449 3900 frater
1486 3844 1755 3900 Willermi

128 3938 308 4009 regis,
347 3936 443 4007 qui
474 3950 705 4008 regnum
769 3935 960 4009 Anglic
990 3935 1322 4007 subjugavit.
1357 3934 1553 3991 habuit
1583 3930 1757 3990 unum

130 4026 317 4082 ﬁlium
340 4024 726 4091 Guillermum,
781 4024 876 4095 qui
930 4024 980 4079 ei
999 4025 1287 4093 successit,
1326 4031 1382 4080 et
1401 4024 1547 4096 apud
1579 4025 1759 4081 Tene-

133 4116 370 4175 chebrai
399 4132 431 4172 a
459 4131 591 4191 rege
618 4116 914 4191 Anglorum
931 4116 1109 4187 primo
1142 4115 1374 4173 Henrico
1408 4117 1465 4171 in
1497 4116 1644 4173 bello
1668 4133 1761 4173 ca-

136 4213 272 4275 ptus
290 4213 378 4261 est
409 4223 426 4273 ;
458 4213 519 4261 et
541 4213 654 4260 tres
681 4203 845 4273 ﬁlias,
873 4221 1102 4278 quarum
1124 4222 1291 4262 unam
1322 4207 1471 4262 duxit
1510 4208 1759 4265 Andreas

139 4299 208 4355 de
242 4299 477 4367 Vitreio,
525 4297 691 4353 aliam
739 4298 913 4354 Guido
963 4299 1032 4353 de
1074 4298 1253 4367 Laval,
1316 4300 1540 4356 terciam
1572 4317 1760 4358 comes

134 4390 453 4446 Tolosanus
497 4388 666 4457 (632i.
725 4387 890 4443 frater
946 4387 1236 4443 Raimundi
1299 4389 1517 4445 comitis
1581 4391 1762 4448 Sancti

141 4479 351 4554 Egidii,
381 4478 480 4549 qui
522 4478 581 4532 in
605 4475 958 4548 expeditione
985 4476 1415 4532 lerosolimitana
1440 4478 1673 4535 viriliter
1701 4496 1761 4536 se

1849 1950 2036 1991 corum
2066 1933 2241 2008 gratia
2303 1932 2572 1988 orationis
2624 1930 2755 1986 illuc
2778 1938 3142 2005 .perrexerat.
3210 1930 3473 1986 Similiter

1850 2026 2015 2081 etiam
2050 2022 2390 2079 Raimundus
2442 2020 2588 2076 ﬁlius
2635 2022 2777 2090 ejus,
2831 2019 2925 2092 qui
2971 2020 3019 2074 ei
3054 2020 3343 2085 successit,
3372 2019 3466 2092 qui

1851 2116 2039 2173 habuit
2067 2115 2122 2170 in
2146 2115 2405 2189 conjugio
2461 2112 2859 2178 Constantiam,
2913 2127 3158 2166 sororem
3211 2111 3467 2166 Ludovici

1852 2203 2088 2275 predicti
2119 2203 2265 2277 regis
2294 2203 2649 2257 Francorum.
2668 2200 2917 2255 relictam
2949 2194 3162 2254 scilicet
3190 2198 3470 2254 Eustachii

1852 2296 2095 2363 comitis,
2131 2294 2228 2349 ﬁlii
2261 2293 2529 2365 Stephani
2582 2293 2729 2367 regis
2779 2291 3101 2366 Anglorum.
3163 2291 3273 2346 Rex
3301 2291 3472 2366 igitur

1854 2387 2120 2443 Henricus
2151 2387 2328 2441 iturus
2355 2386 2410 2439 in
2444 2383 2858 2455 expeditionem
2902 2382 3228 2454 predictam,
3253 2390 3308 2439 et
3332 2397 3468 2437 con-

1852 2480 2103 2535 siderans
2132 2476 2536 2551 longitudinem
2587 2480 2642 2530 et
2692 2473 3073 2529 difﬁcultatem
3128 2473 3237 2541 vie,
3269 2473 3469 2529 nolens

1850 2584 2046 2622 vexare
2069 2567 2333 2639 agriarios
2355 2565 2585 2631 milites,
2610 2579 2715 2618 nec
2726 2563 3082 2637 burgensium
3109 2578 3213 2617 nec
3239 2563 3472 2618 rustico-

1853 2675 1970 2713 rum
2006 2656 2433 2721 multitudinem,
2474 2652 2710 2723 sumptis
2735 2653 2805 2707 60
2829 2652 3024 2708 solidis
3051 2654 3470 2727 Andegavensi-

1850 2751 1956 2805 bus
1980 2752 2032 2804 in
2052 2748 2384 2805 Normannia
2414 2746 2486 2802 de
2514 2745 2680 2801 feudo
2706 2745 3147 2817 uniuscujusque
3194 2744 3386 2807 lorice,
3416 2752 3473 2802 et

1851 2840 1920 2895 de
1951 2839 2178 2911 reliquis
2206 2838 2465 2894 omnibus
2494 2843 2601 2891 tam
2637 2836 2692 2889 in
2715 2834 3052 2889 Normannia
3081 2848 3245 2906 quam
3276 2833 3335 2888 in
3362 2834 3473 2888 An-

1850 2933 1961 3008 glia
1989 2933 2102 2988 sive
2143 2931 2310 2987 etiam
2336 2930 2459 2985 aliis
2484 2928 2645 2984 terris
2684 2928 2821 2991 suis,
2862 2927 3168 2982 secundum
3191 2927 3296 2983 hoc
3320 2926 3472 2999 quod

1852 3024 1901 3078 ei
1935 3024 2110 3077 visum
2144 3020 2265 3084 fuit,
2292 3019 2557 3091 capitales
2582 3018 2821 3072 barones
2849 3031 2980 3071 suos
3014 3030 3140 3071 cum
3171 3013 3364 3086 paucis
3382 3029 3473 3071 se-

1851 3129 1977 3167 cum
2005 3111 2179 3176 duxit,
2244 3109 2535 3165 solidarios
2588 3121 2719 3163 vero
2777 3105 2983 3161 milites
3012 3104 3357 3159 innumeros.
3392 3102 3472 3158 Ad

1853 3204 2001 3258 illam
2040 3217 2168 3257 vero
2202 3199 2612 3271 expeditionem
2644 3212 2767 3252 cum
2833 3194 3063 3267 reliquis
3088 3192 3476 3250 transmarinis

1852 3296 2003 3351 venit
2033 3294 2305 3349 Macomus
2335 3308 2428 3347 rex
2452 3290 2653 3354 Scotie,
2689 3297 2745 3345 et
2774 3305 2805 3343 a
2832 3304 2962 3359 rege
2994 3286 3228 3343 Henrico
3251 3286 3476 3361 cingulo

1853 3382 2047 3440 militie
2079 3382 2282 3437 ibidem
2307 3380 2587 3436 accinctus
2610 3386 2717 3434 est.
2752 3378 2975 3433 Duravit
3000 3383 3183 3432 autem
3195 3374 3478 3448 expeditio

1855 3474 1946 3528 illa
1972 3473 2086 3527 fere
2115 3489 2215 3543 per
2241 3478 2352 3525 tres
2379 3485 2626 3525 menses.
2688 3468 2749 3521 Et
2793 3466 3044 3539 quamvis
3083 3483 3177 3522 rex
3209 3464 3480 3521 Henricus

1854 3565 2098 3636 cepisset
2118 3562 2313 3617 urbem
2344 3560 2592 3627 Cadurci,
2620 3569 2675 3614 et
2694 3560 2869 3628 major
2886 3575 3014 3630 pars
3052 3558 3287 3614 ducatus
3314 3557 3480 3614 Tolo-

1855 3655 2102 3713 sanisibi
2133 3660 2280 3708 esset
2304 3652 2524 3707 subdita
2549 3651 2602 3704 vi
2656 3650 2740 3705 vel
2775 3651 2995 3718 timore,
3038 3651 3234 3706 urbem
3286 3658 3475 3707 tamen

1854 3742 2103 3797 Tolosam
2154 3740 2332 3795 noluit
2377 3738 2657 3801 obsidere,
2714 3737 2972 3794 deferens
3012 3738 3291 3795 Ludovico
3355 3741 3474 3816 regi

1856 3833 2209 3896 Francorum,
2238 3829 2331 3901 qui
2388 3828 2620 3883 eandem
2651 3828 2848 3883 urbem
2887 3838 3079 3884 contra
3109 3845 3298 3903 regem
3330 3828 3479 3886 Hen-

1858 3925 2030 3981 ricum
2061 3923 2257 3995 Anglic
2279 3920 2608 3989 muniverat,
2629 3929 2686 3976 et
2711 3919 2801 3975 die
2832 3936 2895 3976 ac
2922 3926 3084 3976 nocte
3111 3921 3308 3977 volens
3338 3922 3483 3978 ferre

1858 4017 2124 4073 auxilium
2146 4014 2457 4070 Raimundo
2511 4011 2725 4069 sororio
2755 4028 2857 4070 suo
2905 4013 3253 4069 custodiebat
3292 4014 3483 4082 ;unde

1859 4128 2055 4189 graves
2084 4110 2392 4167 inimicitiae
2450 4108 2602 4165 inter
2640 4108 2821 4181 ipsum
2872 4115 2927 4164 et
2952 4124 3139 4182 regem
3182 4108 3481 4183 Anglorum

1860 4215 1978 4265 orte
2007 4213 2157 4273 sunt,
2188 4222 2312 4261 cum
2342 4204 2557 4261 videret
2579 4203 2687 4259 sibi
2707 4219 2894 4277 regem
2925 4203 3150 4260 Francie
3174 4204 3485 4272 nocere,de

1863 4297 2022 4367 cujus
2050 4294 2254 4351 auxilio
2305 4293 2605 4366 plurimum
2663 4293 2997 4350 conﬁdebat.
3038 4291 3271 4347 Remisit
3301 4291 3488 4363 itaque

1866 4408 1961 4448 rex
1992 4391 2259 4446 Henricus
2309 4388 2568 4445 comitem
2619 4386 2982 4453 Teobaldum,
3022 4387 3115 4461 qui
3158 4386 3210 4443 ei
3242 4385 3484 4443 favebat.

1862 4488 1922 4535 ut
1958 4477 2290 4549 inquietaret
2314 4492 2543 4549 regnum
2577 4476 2949 4532 Francie.Sed
2986 4474 3252 4531 Henricus
3267 4475 3493 4546 episco-

143 4568 363 4624 habuit.
395 4566 597 4623 Genuit
622 4572 805 4621 autem
858 4581 924 4620 ex
955 4581 1020 4620 ea
1049 4579 1244 4621 comes
1265 4566 1570 4622 Tolosanus
1595 4584 1762 4625 unam
1782 4538 1839 4608 D
1867 4586 1969 4643 pus
1997 4567 2367 4632 Belvacensis,
2400 4574 2457 4623 et
2486 4581 2675 4622 comes
2706 4567 2980 4623 Robertus
3001 4566 3263 4624 dominus
3290 4566 3493 4622 Dorcav

139 4656 500 4714 solummodo
558 4653 748 4721 ﬁliam,
796 4669 961 4726 quam
1008 4653 1338 4712 Guillermus
1378 4671 1565 4712 comes
1588 4657 1765 4715 Picta-

1867 4658 1975 4713 sini
2015 4659 2203 4727 castri,
2235 4660 2432 4717 fratres
2470 4660 2618 4736 regis
2648 4659 3001 4730 Francorum,
3059 4659 3111 4717 ei
3142 4658 3489 4729 restiterunt,

1494 4756 1716 4813 VARlz’E
1755 4757 2136 4815 LECTIONES.

149 4875 316 4932 mens
352 4857 424 4932 de
449 4857 587 4932 suis,
621 4870 877 4932 cunisuo
908 4855 1152 4932 exercitu
1184 4854 1316 4932 illuc
1354 4872 1531 4932 usque
1564 4859 1903 4932 properavit.
1940 4859 2367 4932 lnterea_malis
2416 4860 2473 4916 in
2505 4865 2649 4915 terra
2680 4858 3263 4932 multiplicatis,_cir_ca
3292 4857 3489 4932 festum

149 4933 204 4985 S.
239 4929 473 5013 Martini.
501 4943 691 4985 comes
722 4927 1285 5013 Ebroicen.sis_o‘mnia
1305 4927 1527 5013 castella
1560 4927 2029 5013 sua'qummerant
2061 4933 2115 4988 in
2137 4930 2413 5013 .Francia,
2446 4932 2562 5013 regi
2591 4927 2887 5012 Anglorum
2916 4927 3163 5013 tradidit,
3196 4929 3251 5012 in
3283 4931 3492 5012 quibus

154 5020 247 5057 rex
283 5001 545 5081 custodes
576 4999 1311 5081 suos_posuit,.sicutSimo'n_
1334 5000 1415 5081 de.
1434 5004 1609 5081 Ancto
1642 4999 1787 5057 fecit.
1818 5003 2303 5081 Silvesterabbas
2332 4999 2844 5081 Castellionisitunc
2883 5000 3154 5081 temporis
3178 4999 3432 5081 migravit
3460 5014 3493 5056 a

152 5073 370 5139 seculo,
402 5080 458 5129 et
481 5070 749 5153 successit
777 5070 829 5126 ei
866 5070 1207 5153 rGillebertus
1257 5071 1611 5153 Ebroicensis
1657 5075 1985 5131 monachus.
2018 5074 2513 5153 Adventuin_terim
2553 5072 2774 5153 Domini
2805 5070 3493 5153 propin—quantm-obtentu

154 5160 484 5219 magnorum
514 5142 753 5219 virorum
788 5144 999 5219 patriae,
1031 5142 1383 5219 amboreges
1403 5143 1657 5219 inducias
1701 5157 2037 5219 acceperunt
2090 5146 2359 5219 usquead
2392 5153 2613 5219 octavas
2645 5142 3337 5219 pentecostesfﬂomini‘ca
3362 5150 3492 5219 ante

156 5212 344 5295 natale
384 5212 966 5295 Domini,_Frogerius,
995 5212 1419 5295 archidiaconus
1445 5212 1945 5295 etelemosynarius
1975 5218 2121 5295 regis
2145 5212 2466 5295 Anglorum,
2500 5212 2788 5295 ordinatus
2819 5224 2902 5273 est
2931 5214 3493 5295 episcopusSagien-

156 5288 268 5361 sis._
294 5288 595 5361 Hoc_anno,
626 5285 987 5361 inundatione
1009 5285 1474 5361 pluviarum,quze
1501 5302 1534 5341 a
1562 5286 1700 5361 festo
1724 5285 1793 5341 'S.
1825 5285 2068 5361 Joannis
2083 5285 2341 5361 Baptistae
2364 5285 2541 5361 nsque
2602 5288 2670 5343 ad
2697 5288 2897 5345 festum
2928 5285 2988 5344 SI
3014 5285 3495 5361 Michaelisfpene

160 5359 548 5435 assiduafacta
564 5363 665 5412 est.
691 5356 948 5428 Sequana
976 5365 1030 5411 et
1076 5356 1196 5409 aliae
1222 5356 1385 5429 aqqu
1418 5358 1604 5414 alveos
1633 5359 1776 5415 ultra
1824 5360 2048 5415 modum
2081 5356 2727 5433 exéedentesfmagnum
2760 5361 3025 5417 damnum
3051 5358 3205 5435 genti
3241 5356 3491 5414 circum-

1693 5499 1887 5557 ΝΟΤᾹ)
1912 5541 1925 5557 .

160 5430 357 5501 positae
388 5429 720 5485 intulerunt.

238 5572 377 5643 (330)
420 5573 608 5644 Blaye,
636 5569 708 5644 ad
734 5569 1084 5625 Garumnam.

238 5640 376 5713 (631)
434 5640 547 5699 Hoc
597 5641 865 5714 scriptum
915 5657 1044 5714 esse
1113 5647 1333 5714 oportet
1388 5640 1607 5699 vivente
1659 5643 1788 5700 Rai-

166 5710 397 5771 mundo.
430 5730 597 5771 auem
628 5710 822 5769 noiter
846 5711 986 5768 infra
1023 5728 1074 5769 a.
1132 5710 1275 5768 {162
1303 5720 1581 5771 mortuum
1623 5714 1776 5771 dicit.

251 5786 390 5857 (632)
429 5783 779 5843 Guillelmus.

530 5887 832 5953 PATROL.
880 5886 1076 5953 CLX.

1955 5569 2097 5653 (633)
2148 5571 2363 5653 Falsum
2394 5589 2409 5653 ς
2443 5572 2786 5653 Raimundus
2811 5572 2958 5653 enim
2979 5572 3093 5643 jam
3114 5564 3501 5653 quinquennio

1896 5636 2477 5719 intererucgsignatos
2519 5636 3504 5719 peregrinabaturlcum;Guillelmus

1892 5730 1943 5771 a.
1958 5714 2090 5771 1101
2127 5714 2183 5771 in
2196 5710 2543 5771 Pal'aestinam
2577 5710 2857 5787 pré'fectus
2877 5710 2989 5772 est.
3005 5714 3198 5778 BOUQ.

3013 5889 3091 5952 16
