3858 6206
432 330 529 385 491
1644 322 1984 391 SlGEBEBTl
2079 317 2543 375 EMBLACENSI'S.
3623 326 3707 381 ωε

574 471 931 514 nonnenon.
1108 470 1449 511 rnanconun.
1598 469 1897 509 ANGLOHUM.
2071 457 2115 523 Α
2141 450 2551 516 Belvacensem,
2598 456 2653 503 et
2690 449 2961 504 destruxit
3012 450 3433 506 munitissimum
3464 455 3703 510 castellum

432 558 488 606 et
518 549 574 605 in
603 550 855 623 margine
895 550 1126 604 ducatus
1181 546 1511 601 Normannie
1578 546 1797 617 aliquos
1829 546 2008 599 ﬂamm
2149 538 2496 602 Guerbcrrei,
2528 546 2757 608 excepta
2802 539 3037 609 quadam
3072 537 3324 595 ﬁrmitate
3357 557 3543 613 ;quam
3565 560 3624 597 ne
3640 560 3710 599 ca-

431 646 486 695 et
517 639 711 711 rapina
740 646 1095 700 vexaverunt,
1130 636 1459 690 Normannis
1490 634 1594 689 sibi
1632 637 1886 690 tationem
1923 634 2050 688 red—
2151 637 2364 699 pcrent,
2405 627 2724 683 hominibus
2756 627 2924 698 regiis
2987 628 3133 702 ignis
3172 637 3228 682 et
3256 629 3431 685 fumus
3458 632 3711 701 prohibuit.

432 729 715 785 dentibus.
770 728 1038 784 Robertus
1091 726 1158 782 de
1212 727 1493 798 Blangeio.
1527 728 1830 781 monachus
1870 726 2045 792 Becci,
2151 721 2314 777 Villas
2342 722 2540 776 multas
2594 719 2897 775 combussit
2948 730 3003 775 et
3053 722 3338 777 destruxit.
3365 722 3541 778 Simon
3568 739 3716 779 comes

434 823 611 879 factus
631 829 713 877 est
733 821 903 878 abbas
932 821 1117 877 Sancti
1142 820 1340 876 Ebrulti
1365 820 1451 874 ⁶¹³.
2153 811 2500 867 Ebroicensis
2528 811 2752 866 tradidit
2784 810 3018 867 Henrico
3064 812 3180 886 regi
3208 814 3500 887 Anglorum
3532 814 3720 869 ﬁrmita-

506 914 692 969 Mense
717 914 863 969 Julio
910 913 1182 971 Robertss
1222 911 1292 967 de
1340 911 1490 969 Novo
1522 912 1721 985 Burge,
1754 910 1969 982 dapifer
1999 922 2055 966 et
2154 910 2236 957 tes
2284 918 2430 966 suas,
2463 918 2598 974 quas
2652 900 2892 957 habebat
2939 902 2993 959 in
3030 901 3273 967 Francia,
3299 904 3503 959 scilicet
3548 905 3716 976 Rupem

429 1007 653 1078 justicia
674 1006 1214 1071 totiusNormannie,
1240 1006 1469 1060 adversa
1508 1005 1823 1060 valetudine
1855 1012 2047 1069 tactus,
2153 995 2370 1055 lOrtem.
2423 991 2656 1046 Μουιοιη
2712 988 2930 1055 ῘΟΓιθηιν
2990 989 3348 1060 Εερὲνιοηθηι
3401 1000 3452 1047 ει
3497 994 3711 1065 reliquas.

434 1096 661 1170 gibbum
692 1098 886 1152 cameli
918 1095 1193 1167 deposuit,
1214 1097 1476 1151 videlicet
1506 1096 1957 1151 innumerasdivil

2200 1083 2306 1137 uod
2352 1098 2549 1154 magno
2582 1081 2916 1138 detrimento
2978 1081 3078 1138 fuit
3124 1083 3239 1156 regi
3273 1082 3716 1152 Francorum,cum

437 1189 691 1247 ecclesiis
730 1196 785 1244 et
807 1188 1160 1246 monasteriis
1174 1197 1229 1243 et
1247 1188 1582 1259 pauperibus
1612 1187 1865 1244 dividens
1882 1206 1896 1253 ;
1912 1196 1960 1241 et

2199 1190 2266 1228 on
2302 1180 2485 1245 poSset
2525 1173 2696 1228 libere
2749 1171 3049 1245 procedere
3079 1172 3150 1228 de
3202 1174 3438 1229 Parisius
3466 1175 3722 1230 Aurelianis

435 1276 686 1332 ultimum
743 1276 800 1335 in
857 1276 1193 1334 monasterio
1255 1276 1434 1340 Becci,
1477 1276 1622 1347 quod
1671 1294 1766 1346 pre
1798 1276 2056 1331 omnibus
2156 1266 2518 1339 velStampis,
2548 1272 2773 1338 propter
2822 1265 3166 1322 Normannos
3215 1282 3354 1337 quos
3397 1283 3485 1320 rex
3509 1266 3723 1320 Henricus

436 1364 723 1439 diligebat,
752 1364 999 1422 habitum
1024 1366 1545 1425 monachisumens,
1582 1379 1678 1435 per
1709 1380 1875 1418 unum
1908 1379 2059 1418 men-
2159 1366 2418 1432 posuerat
2450 1358 2503 1414 in
2531 1357 2723 1415 castris
2740 1358 2960 1415 comitis
2984 1357 3354 1414 lbroiccnsis.
3388 1358 3491 1413 liae
3514 1358 3574 1413 de
3599 1374 3727 1413 causa

435 1474 550 1513 sem
583 1456 661 1511 ibi
684 1455 1045 1528 penitentiam
1086 1454 1420 1512 fructuosam
1448 1454 1565 1531 egit
1592 1472 1607 1521 ;
1632 1462 1685 1508 et
1713 1454 1745 1509 3
1802 1452 2058 1511 Kalendis
2165 1451 2337 1508 trevie
2378 1458 2534 1523 capte
2564 1448 2785 1508 fuerunt
2813 1448 2960 1507 inter
2988 1449 3130 1506 duos
3184 1467 3362 1525 reges,
3397 1467 3427 1504 a
3453 1466 3621 1504 mense
3650 1451 3728 1504 De-

440 1545 783 1616 Septembris
827 1544 1109 1601 hominem
1191 1544 1346 1612 exiit,
1398 1542 1647 1613 sepultus
1716 1544 1769 1598 in
1819 1543 2063 1613 capitulo
2165 1538 2378 1599 cembri
2406 1557 2581 1613 usque
2613 1540 2681 1597 ad
2712 1548 2935 1599 octavas
2954 1547 3323 1613 pentecostes.
3353 1540 3728 1611 lniredituexpe-

441 1634 624 1701 Becci,
651 1633 803 1704 quod
834 1632 950 1704 ipse
981 1632 1222 1706 propriis
1246 1632 1561 1704 sumptibus
1588 1629 1816 1689 miriﬁce
1845 1631 2067 1688 ediﬁca-
2167 1631 2394 1691 ditionis
2446 1631 2639 1689 Tolose
2693 1648 2886 1690 mense
2954 1630 3203 1690 Octobris
3259 1629 3397 1690 obiit
3459 1632 3728 1687 Guillermus

443 1736 615 1784 verat.
648 1726 859 1785 Mortuo
890 1726 1193 1783 venerabili
1232 1724 1439 1785 lilone
1488 1725 1754 1799 episcopo
1807 1726 2065 1784 Tarwen-
2088 1779 2133 1799 η
2166 1740 2352 1782 eomes
2378 1723 2651 1787 loritonii
2686 1741 2701 1792 ;
2734 1721 2973 1779 decessit
3019 1732 3204 1782 autem
3247 1722 3453 1796 absque
3476 1722 3659 1791 liberis,
3689 1728 3727 1778 et

444 1816 631 1882 nensi,
652 1814 864 1875 electus
875 1821 960 1871 est
980 1815 1106 1874 iliis
1128 1779 1595 1874 smbidiacbon’ss
1612 1813 1658 1883 ej
1669 1779 1860 1871 iisdem
1876 1812 2065 1870 accele-
2088 1779 2136 1849 Β
2166 1812 2394 1873 retinuit
2422 1810 2690 1871 Henricus
2708 1828 2800 1868 rex
2828 1811 3152 1869 comitatum
3178 1811 3237 1866 in
3258 1779 3420 1867 manu
3451 1829 3558 1868 sua.

443 1907 563 1972 sine,
585 1905 886 1964 canonicus
922 1902 1383 1980 regularis,sicnt
1412 1905 1675 1964 decessor
1715 1904 1834 1979 ejus
1866 1905 2059 1965 fuerat.
2234 1903 2391 1961 “60.
2424 1903 2738 1962 Proderit“
2793 1902 2844 1958 9.
2887 1902 3191 1960 Ludovicus
3224 1900 3317 1957 23.
3361 1905 3601 1958 Henricus
3626 1901 3669 1958 6.

448 1999 620 2067 Quem
641 2014 763 2057 cum
794 1996 1021 2054 Samson
1077 1988 1529 2071 archiepisoOpus
1576 1995 1860 2054 Remensis
1899 1996 2066 2053 vellet
2235 1995 2348 2053 Rex
2376 1996 2645 2056 Henricus
2672 1995 2784 2072 egit
2816 1994 3155 2054 nativitatem
3188 1995 3406 2052 Domini
3447 2012 3559 2052 cum
3584 1996 3727 2070 regina

447 2085 1157 2158 sacrare,|clsricifcivitatis
1181 2086 1431 2155 Bolonie,
1454 2085 1655 2161 quidiu
1678 2084 1781 2143 sub
1802 2084 2063 2159 episcopo
2166 2087 2388 2146 Alienor
2414 2087 2558 2162 apud
2594 2086 2855 2146 Falesiam
2882 2105 2903 2155 ;
2943 2086 3145 2144 exinde
3172 2087 3367 2144 eadem
3395 2088 3570 2162 regina
3593 2098 3726 2142 trans-

445 2178 838 2236 Tarwennensi
880 2176 1124 2246 fuerant,
1179 2176 1428 2237 volentes
1479 2177 1680 2236 amodo
1720 2193 1879 2239 suum
1933 2192 2067 2250 pro-
2167 2180 2385 2239 lretavit
2436 2179 2489 2236 in
2539 2178 2807 2254 Angliam.
2851 2177 3113 2236 Kalendis
3166 2179 3412 2235 Januarii
3458 2186 3726 2235 terremotus

447 2272 628 2344 prium
672 2272 994 2342 episcopum
1047 2268 1278 2336 habere,
1335 2270 1478 2327 sicut
1526 2269 1829 2343 antiquitus
1859 2270 2067 2327 habue-
2168 2266 2436 2326 acciditin
2461 2284 2603 2340 pago
2620 2265 2999 2334 Constantino,
3029 2269 3406 2324 castroSaneti
3423 2268 3575 2323 Laudi
3598 2267 3725 2337 (635),

445 2357 1021 2432 rant,probibuerunt
1046 2358 1526 2432 archiepiscopum
1568 2361 1671 2415 sub
1700 2358 2067 2431 appellatione
2168 2356 2313 2417 circa
2333 2357 2522 2414 horam
2562 2355 2818 2430 primam.
2855 2357 3166 2414 ilardoinus
3214 2357 3455 2414 decanus
3484 2359 3730 2413 Cenoman-

446 2449 769 2521 apostolica,
811 2467 881 2506 ne
921 2468 1046 2507 eum
1083 2458 1320 2508 sacraret
1353 2450 1459 2509 nisi
1492 2452 1871 2508 tantummodo
1902 2451 1968 2506 ad
2004 2452 2070 2509 ti-
2172 2449 2363 2506 nensis
2395 2447 2567 2504 factus
2606 2456 2689 2503 est
2713 2448 3169 2520 archiepiscOpus
3189 2448 3611 2525 Burdegalensis,
3634 2462 3727 2502 cum

445 2540 618 2597 tulum
649 2540 1049 2598 Tarvennensis
1074 2543 1331 2598 ecclesie.
1367 2540 1520 2608 Quod
1542 2542 1824 2614 prodictus
1864 2540 2071 2598 electus
2172 2537 2431 2596 decessor
2461 2537 2581 2607 ejus
2611 2538 2697 2593 vix
2755 2553 2900 2593 anno
2931 2545 2986 2593 et
3016 2538 3251 2594 dimidio
3278 2536 3509 2595 vixisset.
3529 2536 3731 2592 Mathilde

444 2635 711 2701 refutans,
756 2637 1063 2692 insacratus
1118 2643 1313 2693 contra
1372 2637 1497 2692 illos
1557 2637 1791 2692 clericos
1844 2638 2068 2691 Romam
2173 2627 2522 2698 imperatrice
2551 2625 2781 2682 adversa
2821 2626 3141 2681 valetudine
3172 2642 3454 2695 percussa,
3480 2625 3731 2696 dapsiliter,

445 2732 712 2802 perrexit,
767 2739 820 2788 ει
868 2733 944 2787 ibi
1006 2743 1251 2790 sacratus
1300 2740 1399 2787 est,
1455 2732 1711 2807 Magister
1762 2733 2074 2787 senm-dus
2177 2726 2440 2791 preeunte
2461 2718 2696 2773 consilio
2727 2717 2827 2772 ﬁlii
2862 2718 2945 2773 sui
2973 2718 3188 2774 Henrici
3207 2720 3358 2795 regis
3388 2716 3735 2792 Anglorum,di-

444 2822 617 2890 Brito,
649 2824 1010 2880 cancellarius
1062 2824 1296 2879 ecclesie
1345 2824 1718 2891 Carnotensis,
1780 2824 1953 2880 factus

2211 2811 2336 2866 itias
2367 2827 2496 2866 suas
2523 2810 2812 2876 aacclcsiis,
2844 2810 3217 2876 monasteriis,
3249 2822 3304 2866 et
3329 2810 3633 2882 pauperibus
3649 2807 3731 2860 dis-

443 2911 741 2984 episcopus
771 2914 1047 2969 Cornubie
1106 2915 1162 2969 in
1220 2916 1418 2970 minori
1458 2916 1762 2970 Britannia.
1819 2916 2076 2988 Magister
2177 2902 2367 2957 tribu“
2395 2918 2410 2968 ;
2435 2900 2831 2956 monasterium
2865 2901 3159 2967 Βθοοοηεθ,
3195 2902 3345 2955 Sicut
3376 2907 3427 2955 ει
3456 2899 3507 2954 in
3536 2898 3625 2952 alia
3666 2895 3729 2988 i'l‘

441 3002 608 3057 etiam
648 3003 838 3058 Petrus
880 3004 1201 3059 Lonbardus
1264 3005 1632 3060 Parisiensem
1680 2986 2060 3076 episcopatum
2178 2991 2433 3049 ﬁrmitate
2490 3009 2589 3046 sua
2640 2990 2866 3057 fecerat,
2910 2991 3113 3048 θειθτίδ
3167 3007 3500 3064 Ρτθροηθηδι
3542 2986 3730 3044 Emesa

440 3094 675 3167 adeptus
692 3102 796 3162 est,
827 3097 1122 3151 conivente
1143 3096 1399 3167 Philippo
1420 3097 1670 3165 ejusdem
1700 3098 1933 3152 ecelesie

2208 3082 2448 3152 ajocensi
2471 3084 2598 3156 igne
2637 3082 2947 3146 combusta,
2976 3081 3271 3153 Philippus
3293 3079 3628 3154 episcopusin
3646 3077 3730 3147 ejus

436 3149 600 3250 cano,
632 3182 796 3237 fratre
844 3184 989 3256 regis
1022 3149 1351 3238 Francorum
1388 3201 1401 3237 :
1436 3149 1552 3256 (iui,
1578 3193 1637 3239 ut
1664 3186 1876 3249 dicunt,
1948 3186 2062 3241 cie-
2087 3149 2135 3216 C
2166 3176 2563 3232 restauratione
2621 3175 2816 3231 iterum
2872 3174 3105 3230 viriliter
3143 3175 3381 3232 laborat.
3436 3175 3561 3229 Maio
3586 3184 3727 3226 mense

444 3270 687 3327 ctionem
715 3288 869 3325 suam
898 3271 1177 3327 concessit
1203 3272 1385 3327 eidem
1421 3274 1600 3328 Petro.
2166 3280 2271 3336 pax
2310 3265 2451 3319 facta
2480 3273 2564 3319 est
2594 3265 2737 3319 inter
2787 3279 2945 3338 reges
2977 3264 3277 3319 llenricum
3310 3264 3493 3340 Anglie
3521 3272 3569 3318 et
3591 3260 3727 3315 Ludo-

510 3364 771 3420 Kalendis
823 3365 1165 3435 Septembris
1208 3374 1424 3423 mortuo
1491 3368 1729 3421 Adriano
1780 3366 2062 3439 pontiﬁce,
2166 3356 2347 3425 vicum
2383 3355 2626 3421 Primae:
2661 3353 2921 3409 remlmis
2972 3353 3254 3425 Prioribus
3285 3354 3456 3426 Pacus
3490 3346 3721 3407 amnti"

441 3452 602 3508 electi
634 3461 764 3508 sunt
802 3454 912 3509 duo
969 3461 1023 3509 et
1071 3456 1399 3521 consecrati,
1450 3456 1750 3512 Hollandus
1793 3475 1959 3513 cance

2197 3443 2329 3499 natis
2351 3452 2405 3499 et
2459 3443 2779 3514 paeiﬁeatis,
2809 3441 2903 3514 qui
2947 3450 3130 3512 partes
3163 3450 3516 3514 utrorumque
3540 3439 3720 3507 adjuve-

444 3540 561 3595 rius
592 3541 865 3609 presbiter
905 3542 1198 3597 cardinalis
1253 3545 1395 3599 tituli
1428 3546 1610 3601 Sancti
1645 3546 1830 3613 Marci,
1860 3548 1945 3602 vir

2200 3543 2310 3591 unt.
2332 3536 2579 3590 Matheus
2610 3534 2756 3590 ﬁlius
2791 3535 3008 3590 comitis
3048 3536 3307 3590 Flandrie
3330 3534 3561 3589 inaudito
3583 3543 3723 3585 exem-

445 3628 701 3704 ligiosus,
732 3639 955 3685 vocatus
982 3631 1289 3686 Alexander
1318 3632 1412 3699 lll,
1450 3650 1590 3704 papa
1624 3635 1879 3690 videlicet
1901 3638 2063 3690 ﬂius
2165 3629 2254 3699 plo
2285 3629 2437 3683 duxit
2509 3627 2842 3682 abbatissam
2907 3628 3248 3699 Rummesiel
3270 3627 3437 3699 (636),
3467 3639 3562 3697 que
3590 3622 3723 3676 fueral

446 3729 500 3778 et
530 3723 858 3779 Octavianus
895 3723 1170 3793 presbiter
1197 3724 1494 3779 cardinalis
1545 3726 1683 3781 tituli
1716 3728 1912 3782 Sancte
1943 3729 2057 3782 Ma-
2163 3718 2275 3772 filia
2303 3717 2565 3788 Stephani
2600 3716 2766 3789 regis.
2790 3723 2845 3771 ei
2867 3717 3015 3787 cepit
3038 3733 3162 3773 cum
3201 3716 3269 3772 ea
3292 3716 3585 3773 comitatum
3608 3708 3723 3764 Βοίο·

443 3811 525 3867 rie
565 3812 619 3866 in
654 3810 989 3879 Cosmidum,
1013 3811 1193 3867 dictus
1217 3812 1400 3867 Victor
1431 3813 1542 3878 Ill;
1576 3815 1666 3869 hic
1692 3832 1788 3886 per
1808 3823 2058 3887 potenta—
2161 3810 2431 3864 niensem.
2468 3810 2650 3864 Mense
2676 3809 2820 3864 Julio
2882 3810 3151 3865 Henricus
3185 3826 3279 3865 rex
3327 3808 3598 3883 Anglorum
3621 3814 3723 3857 con-

442 3912 555 3959 tum
589 3912 910 3975 etparentes
944 3919 1076 3958 suos
1110 3904 1330 3958 nobiles
1372 3908 1649 3976 papatum'
1670 3906 1887 3962 invasit.
1925 3908 2059 3962 Fre-
2159 3902 2408 3977 gregavit
2434 3916 2629 3956 omnes
2663 3902 2952 3973 episcopos
3011 3901 3354 3957 Normannie
3384 3907 3436 3955 et
3467 3896 3663 3952 abbate?»
3685 3894 3723 3942 εί

437 3993 626 4069 gerius
662 3993 806 4065 regis
853 3992 1273 4047 elcmosinarius
1305 3993 1478 4048 factus
1536 4003 1617 4049 est
1637 3996 1930 4066 episcopus
1960 3996 2058 4050 Sa-
2158 3992 2396 4048 barones
2426 3992 2573 4063 apud
2612 3992 2824 4048 Novum
2883 3993 3220 4058 Mercatum;
3258 4001 3314 4049 et
3357 3988 3630 4048 Ludovicus
3651 3994 3721 4035 re!

435 4081 664 4156 giensis.
718 4080 985 4134 Galterius
1025 4080 1323 4151 episc0pus
1377 4081 1682 4136 Cestrensis
1712 4083 1868 4139 obiit.
1912 4083 2056 4138 Obiit
2160 4083 2487 4139 Francorum
2514 4080 2775 4136 adunavit
2798 4098 2929 4137 suos
2958 4083 3203 4140 Belvaci.
3258 4081 3340 4137 lbi
3376 4085 3631 4137 tractatum
3654 4075 3719 4125 est

435 4173 599 4229 etiam
623 4172 896 4229 Robertus
916 4172 1211 4241 episcOpus
1242 4172 1566 4227 Exonieusis
1587 4175 1676 4240 δη,
1718 4174 1800 4229 vir
1830 4175 2053 4246 religio-
2157 4176 2226 4230 de
2267 4173 2582 4245 receptione
2612 4189 2754 4245 pape
2775 4174 3068 4230 Alexandri
3090 4175 3485 4231 etrefutatione
3504 4163 3707 4224 Victoris:

435 4277 530 4318 sus
583 4268 639 4316 et
684 4260 887 4314 timens
937 4260 1128 4315 Deum.
1182 4260 1434 4316 Terricus
1477 4278 1664 4318 comes
1702 4263 2053 4318 Flandrensis
2155 4282 2209 4328 ει
2236 4278 2638 4327 consenserunt
2664 4270 2987 4336 Alexandro,
3023 4270 3322 4342 reprobate
3340 4261 3716 4324 Victore.Meuse

435 4351 603 4406 rediit
638 4350 709 4405 de
730 4350 1055 4417 Jerusalem,
1096 4358 1150 4404 et
1180 4366 1316 4405 uxor
1368 4352 1488 4420 ejus
1518 4352 1744 4408 Mabiria
1791 4354 1937 4424 (634')
1971 4368 2053 4407 re-
2156 4362 2466 4433 Septembri
2499 4360 2636 4416 obiit
2687 4361 2982 4417 Herberms
3001 4361 3301 4433 episcopus
3329 4349 3719 4414 Abrincensis,el

432 4447 637 4537 mansit
673 4463 798 4537 eum
856 4446 1135 4537 abbatissa
1184 4446 1386 4537 Sancti
1425 4448 1608 4537 Lazari
1648 4448 1718 4503 de
1770 4448 2051 4516 Bethania,
2078 4470 2132 4537 D
2157 4453 2408 4524 sepultus
2437 4461 2522 4508 est
2543 4452 2597 4507 in
2624 4449 2875 4506 aacclesia
2901 4451 3062 4506 beate
3084 4449 3253 4506 Marie
3278 4449 3452 4515 Becci,
3490 4445 3718 4509 sieutpre-

432 4536 606 4592 invito
627 4536 864 4609 conjuge
886 4549 1007 4589 suo.
1041 4534 1223 4588 Mense
1242 4534 1488 4591 Octobris
1536 4536 1801 4591 Henricus
1826 4553 1921 4592 rex
1945 4538 2056 4591 An-
2079 4534 2115 4537 ⁷
2158 4541 2416 4597 decessor
2433 4543 2551 4609 ejus
2580 4539 2845 4595 Ricardus
2874 4539 2943 4595 de
2976 4538 3278 4614 Bellofago.
3309 4536 3545 4593 Predicto
3569 4536 3715 4584 mense

432 4633 670 4706 glorum,
699 4631 911 4686 munita
929 4628 1147 4685 civitate
1180 4628 1546 4685 Cadurcorum
1591 4638 1649 4685 et
1673 4631 2057 4686 commendata
2157 4634 2346 4706 regina
2376 4634 2570 4704 Anglic
2608 4631 2831 4686 Alienor
2862 4630 3240 4686 transfretavit
3296 4629 3353 4683 in
3380 4618 3714 4683 Normanniam

432 4719 641 4774 Thome
680 4719 1011 4775 cancellario
1068 4732 1191 4784 suo,
1230 4726 1284 4772 et
1337 4718 1620 4789 dispositis
1650 4719 1971 4774 custodibus
2004 4724 2056 4773 et
2150 4722 2308 4792 jussu
2357 4721 2524 4795 regis,
2553 4719 2836 4775 adducens
2875 4736 3063 4776 secum
3098 4720 3389 4774 Henricum
3412 4715 3569 4770 ﬁlium
3588 4718 3713 4763 suum

439 4806 745 4861 auxiliariis
773 4808 829 4861 in
873 4808 1006 4863 locis
1060 4806 1372 4877 oportunis,
1433 4806 1724 4862 conlidens
1756 4809 1824 4863 de
1846 4807 2054 4863 auxilio
2157 4822 2212 4870 et
2242 4813 2406 4869 ﬁliam
2455 4812 2766 4867 Mathildem
2797 4812 2934 4885 (Oct.
2975 4812 3083 4879 16.)
3127 4812 3371 4868 Mortuus
3392 4803 3715 4872 estPhilippus

439 4895 735 4952 Raimundi
798 4898 1116 4970 Berengarii
1178 4897 1395 4955 comitis
1459 4899 1785 4960 Barcinone,
1828 4910 1883 4955 et
1934 4900 2057 4954 Tre—
2138 4907 2321 4963 .trater
2346 4905 2603 4961 Ludovici
2659 4904 2806 4980 regis
2860 4904 3217 4969 Francorum,
3297 4905 3527 4958 decanus
3569 4885 3712 4948 Sancti

438 4986 640 5043 chenel
660 4988 875 5044 comitis
902 4989 1219 5057 Neumausi,
1248 4998 1303 5046 et
1334 4990 1601 5047 Willermi
1629 4991 1697 5047 de
1735 4990 2055 5062 Montepes-
2153 4996 2369 5052 Martini
2396 4979 2744 5052 Turonensis
2762 4996 2850 5051 ⁸³⁵.
2883 4996 3095 5051 Mortua
3138 5002 3224 5050 est
3247 4989 3543 5050 Constantia
3564 4979 3715 5055 τοιζίηδ

440 5079 651 5134 sulano.
678 5086 732 5134 et
775 5082 1008 5136 aliorum
1065 5098 1287 5139 suorum
1330 5083 1609 5152 ﬁdelium,
1641 5084 1803 5141 rediit
1825 5085 1881 5139 in
1913 5085 2054 5141 Nor-
2157 5086 2382 5142 Francie
2412 5086 2599 5141 labore
2652 5091 2864 5157 partus,
2915 5084 3217 5159 superstite
3270 5082 3401 5148 ﬁlia,
3431 5077 3713 5148 cuiust:ausa

442 5171 741 5227 manniam.
762 5172 897 5230 Inde
930 5174 1167 5244 perrexit
1203 5190 1328 5233 eum
1359 5175 1540 5232 valida
1561 5192 1726 5232 manu
1767 5176 1823 5232 in
1852 5192 2050 5250 pagum
2154 5191 2302 5232 mors
2323 5176 2431 5233 sibi
2450 5175 2749 5232 acciderat.
2986 5159 2989 5163 ﬁ

1778 5305 1998 5363 νΑΒιΑζ
2027 5304 2305 5363 LECTlON
2316 5305 2412 5361 ES.

516 5396 586 5433 ⁶¹³
612 5396 752 5453 “01)-
784 5426 853 5480 τ-
879 5397 1078 5480 Εὶξςξιιὲ
1109 5403 1301 5480 desunt
1362 5408 1451 5480 8b,
1488 5405 1583 5465 8h.
1626 5407 1696 5446 ⁶¹⁴
1751 5409 1837 5465 hic
1868 5408 2065 5465 desinit
2122 5408 2169 5463 4.
2230 5409 2291 5463 in
2330 5406 2509 5462 verbis
2540 5425 2558 5460 :
2590 5402 2951 5462 Obsoniensis
2979 5402 3281 5475 episcOpus
3311 5399 3361 5456 ei
3389 5388 3640 5454 successit,
3664 5385 3709 5437 in

447 5480 655 5523 summa
676 5470 907 5536 pagina.
940 5470 1009 5506 ⁵⁸⁵
1033 5474 1157 5529 Post
1176 5477 1284 5532 haec
1312 5481 1376 5536 in
1403 5479 1460 5533 E.
1494 5481 1641 5534 linea
1676 5495 1859 5535 erasa.

2081 5580 2202 5635 ΤΛΕ.

2081 5580 2119 5635 τ
2193 5624 2202 5635 .

522 5661 918 5737 (635)8ibylla-
1556 5678 1940 5749 (635)8t.-Lo.
1993 5579 2076 5637 ΝΟ
2121 5577 2185 5637 Β
2588 5680 2739 5753 (636)
2763 5678 3012 5737 nariam.
