3858 6206
130 294 242 352 493

283 430 649 471 ROMANORUM.
801 433 1120 474 FRANCORUM
1309 437 1617 476 ANGLOHUM.

201 505 402 560 Mense
457 504 676 561 Octobri
746 521 836 560 rex
920 509 1113 582 Anglic
1162 516 1214 563 et
1280 527 1373 564 rex
1432 512 1760 566 Francorum

128 597 422 664 collocuti,
457 605 676 668 pactum
725 599 875 668 pacis
927 608 1116 654 mutue
1164 601 1629 658 conﬁrmaverunt
1663 623 1675 668 ;
1710 615 1763 660 et

128 689 409 746 Henricus
447 689 596 745 ﬁlius
654 691 868 747 Henrici
901 693 1050 766 regis
1073 694 1369 768 Anglorum
1407 697 1532 750 fecit
1563 699 1758 752 homa-

127 779 290 854 gium
350 779 469 853 regi
521 779 852 834 Francorum
904 780 976 834 de
1029 782 1230 836 ducatu
1275 783 1629 848 Normannie,
1665 785 1758 856 qui

129 875 322 931 estde
372 889 547 948 regno
596 873 844 928 Francie.
901 874 1095 930 Paucis
1158 877 1499 948 interpositis
1541 879 1758 944 diebus,

128 963 454 1019 Ludovicus
519 978 614 1016 rex
687 961 1018 1018 Francorum
1101 963 1253 1018 duxit
1315 964 1483 1020 ﬁliam
1547 967 1762 1022 comitis

126 1055 446 1111 Theobaldi
471 1055 727 1111 senioris.
762 1056 872 1111 Nec
919 1071 1070 1111 mora
1111 1057 1342 1114 Henrico
1401 1058 1514 1115 ﬁlio
1545 1060 1758 1116 Henrici

125 1147 286 1222 regis
306 1146 504 1222 Anglie
558 1147 890 1218 desponsata
917 1156 1000 1203 est
1049 1149 1196 1218 apud
1253 1151 1462 1206 Novum
1525 1153 1760 1227 Burgum

126 1237 434 1309 largarita
465 1237 578 1294 ﬁlia
607 1239 868 1295 Ludovici
935 1240 1080 1312 regis
1130 1241 1455 1296 Francorum
1489 1261 1501 1297 :
1533 1253 1588 1298 et
1621 1244 1762 1299 Hen-

129 1327 288 1382 ricus
322 1344 419 1382 rex
477 1327 672 1402 Anglic
729 1327 876 1399 cepit
925 1328 1025 1383 tria
1082 1329 1308 1384 castella
1373 1329 1758 1399 munitissima,

126 1418 356 1474 scilicet
405 1417 612 1485 Gisorz,
671 1417 960 1486 Neaﬂiam,
1007 1419 1218 1474 Novum
1285 1419 1601 1488 Castellum,
1658 1421 1764 1476 sita

127 1525 312 1580 super
341 1508 548 1566 ﬂumen
578 1511 734 1581 Epte,
766 1510 820 1565 in
853 1510 1095 1566 conﬁnio
1145 1512 1476 1568 Normannia
1499 1522 1554 1567 et
1586 1513 1758 1568 Fran-

128 1601 221 1657 cie
269 1619 286 1667 ;
320 1601 456 1672 quia
500 1602 827 1676 pepigerant
882 1603 1025 1658 inter
1061 1620 1120 1659 se
1169 1605 1288 1675 ipse
1315 1615 1371 1661 et
1401 1622 1492 1661 rex
1523 1606 1762 1662 Franco-

1021 295 1364 352 CHHONICA.
1413 327 1478 335 --
1519 298 1902 354 AUCTARIUM
1945 299 2225 357 ROBERTI
2266 299 2348 354 DE
2385 299 2626 355 MONTE.

1792 425 2128 496 Acomitatu
2181 425 2515 498 Andegavie,
2575 425 2930 495 Cenomanie,
2981 431 3314 501 Turonensi,
3374 451 3470 491 ca-

3361 301 3465 358 494

1864 517 2042 579 stella,
2086 516 2401 574 mansiones
2427 516 2626 590 regias,
2657 517 2744 572 vel
2774 534 2912 574 nova
2933 521 3225 595 editicavit,
3254 526 3342 582 vel
3370 543 3471 582 ve-

1865 618 1976 665 tera
2001 611 2332 666 emendavit.
2377 611 2664 666 Castellum
2694 612 2857 667 etiam
2908 615 2963 668 in
3003 617 3150 682 villa,
3183 636 3290 690 que
3321 621 3469 676 dici-

1867 707 1953 753 tur
2013 701 2398 766 Amandivilla,
2463 699 2634 770 super
2681 701 2807 755 Vire
2882 701 3107 757 fluvium
3173 706 3468 763 ediﬁcavit.

1865 789 2145 842 Achardus
2175 789 2342 842 abbas
2392 787 2573 844 Sancti
2633 789 2863 845 Victoris
2929 791 3247 847 Parisiensis
3300 794 3474 850 factus

1863 888 1944 933 est
1999 881 2292 950 episcopus
2377 880 2748 935 Abriucensis.
2849 882 3168 937 Willermus
3219 885 3478 956 Anglicus

1863 971 2015 1040 prior
2041 971 2223 1025 Sancti
2252 972 2462 1026 Martini
2513 973 2582 1027 de
2613 973 2852 1044 Campis,
2897 974 3000 1028 luit
3039 975 3214 1030 abbas
3245 975 3476 1032 ecclesie

1865 1059 2212 1114 Ramesensis
2236 1061 2290 1114 in
2314 1061 2504 1133 Anglia
2534 1062 2622 1116 3“.
2653 1063 2712 1116 In
2762 1063 2940 1134 capite
2963 1062 3165 1132 jejunii
3206 1066 3353 1136 apud
3385 1066 3479 1120 Ce-

1863 1164 2173 1204 nomannos
2219 1149 2370 1221 Hugo
2433 1150 2882 1221 archiepisc0pus
2940 1151 3194 1207 Dolensis
3242 1155 3478 1210 cecitate

1861 1243 2201 1308 debilitatus,
2246 1245 2600 1315 presentibus
2651 1245 2880 1302 Henrico
2935 1263 3064 1321 rege
3095 1248 3392 1322 Anglorum
3423 1258 3480 1305 et

1862 1332 2080 1388 duobus
2115 1335 2310 1408 legatis
2342 1335 2584 1390 Romane
2636 1335 2892 1403 ecclesie,
2944 1336 3176 1392 Henrico
3227 1337 3298 1392 de
3338 1337 3478 1394 Pisis

1864 1431 1920 1480 et
1947 1425 2246 1481 Guillermo
2275 1426 2345 1481 de
2368 1427 2552 1498 Papia,
2594 1433 2648 1481 et
2663 1427 3475 1500 reddiditarchiepiscopatum,

1865 1533 2028 1587 quem
2052 1519 2166 1576 fere
2197 1536 2297 1591 per
2325 1536 2423 1576 sex
2479 1535 2656 1575 annos
2704 1527 2978 1587 tenuerat,
3007 1527 3061 1576 et
3108 1521 3164 1576 in
3195 1523 3353 1591 cuius
3377 1539 3476 1578 re-

1867 1617 2152 1688 paratione
2191 1616 2490 1687 plurimum
2528 1616 2894 1672 laboraverat.
2943 1617 3002 1671 lu
3051 1617 3172 1687 ejus
3216 1619 3478 1686 loco,ibi-

129 1713 288 1763 rum,
331 1697 596 1768 quatinus
648 1697 785 1753 inito
836 1698 1191 1754 matrimonio
1245 1697 1486 1754 ﬁliorum
1537 1716 1761 1757 suorum
1793 1722 1844 1789 Β
1867 1708 1990 1762 dem
2025 1707 2234 1763 electus
2279 1708 2382 1763 fuit
2408 1708 2678 1783 Regerius
2707 1709 2776 1764 de
2807 1709 3028 1774 Humez,
3053 1711 3479 1767 archidiaconus

129 1804 231 1844 rex
269 1787 548 1844 Henricus
567 1789 795 1844 haberet
818 1789 941 1844 illas
971 1791 1333 1858 munitiones,
1367 1808 1473 1864 que
1501 1793 1568 1848 ad
1601 1793 1766 1850 duca-

126 1888 255 1936 tum
297 1880 637 1936 Normannie
695 1881 993 1952 pertinent.
1030 1883 1145 1948 Quo
1191 1884 1380 1940 audito
1419 1901 1510 1940 rex
1543 1885 1769 1942 Fraucie

127 1968 388 2043 graviter
418 1968 540 2024 tulit
573 1969 715 2040 ipse,
754 1977 811 2026 et
855 1971 1050 2026 sororii
1080 1972 1188 2037 sui,
1232 1973 1444 2028 scilicet
1476 1974 1764 2042 Henricus,

128 2061 476 2126 Teobaldus,
520 2063 852 2134 Stephanus.
917 2065 1120 2120 Exinde
1182 2066 1238 2120 hi
1284 2075 1393 2122 tres
1423 2070 1652 2125 comites
1675 2086 1767 2126 co-

131 2155 406 2210 adunatis
449 2154 660 2210 viribus
717 2157 830 2210 suis
857 2165 1122 2228 ceperunt
1153 2159 1366 2214 ﬁrmare
1396 2161 1760 2217 munitionem

129 2249 289 2304 Calvi
319 2248 542 2316 Montis,
571 2265 680 2320 que
705 2257 819 2304 erat
853 2251 920 2304 de
965 2251 1131 2307 feudo
1183 2254 1345 2307 castri
1377 2253 1673 2320 Blescnsis,
1707 2262 1766 2308 ut

130 2341 346 2396 exinde
399 2357 601 2416 pagum
660 2341 987 2397 Turonicum
1053 2343 1394 2399 infestarent.
1465 2347 1571 2399 Hex
1633 2362 1764 2399 vero

137 2436 436 2501 Henricus,
496 2437 626 2508 quia
657 2436 796 2491 illud
856 2445 1092 2492 castrum
1148 2446 1263 2493 erat
1325 2441 1394 2492 de
1448 2446 1764 2494 casamento

133 2524 393 2598 Hugonis
421 2522 522 2578 lilii
571 2524 799 2594 Sulpicii
839 2525 907 2578 de
939 2526 1216 2592 Ambazia,
1249 2527 1396 2598 quod
1442 2527 1660 2581 tenebat
1697 2527 1765 2581 de

126 2616 342 2672 comite
374 2615 714 2670 Teobaldo—
759 2623 920 2686 caput
946 2623 1126 2671 autem
1155 2618 1238 2671 sui
1273 2618 1520 2682 honoris,
1556 2619 1766 2673 scilicet

129 2703 485 2770 Ambaziam,
519 2705 741 2758 tenebat
773 2705 840 2758 de
875 2722 1001 2774 rege
1061 2707 1293 2760 Henrico
1323 2738 1390 2746 ——
1421 2725 1511 2760 rex
1541 2707 1762 2777 inquam

132 2793 416 2848 Henricus
482 2800 742 2864 percepto
810 2794 1011 2848 exinde
1063 2796 1286 2860 nuncio,
1331 2813 1439 2850 non
1468 2797 1766 2864 expectatis

134 2885 306 2942 soliis
344 2885 487 2952 suis,
549 2885 678 2940 illuc
719 2888 1055 2957 prOperavit,
1107 2889 1302 2942 volens
1333 2889 1600 2958 impedire
1628 2905 1767 2960 opus

135 2977 293 3033 illius
322 2977 513 3046 castri,
551 2993 654 3047 per
684 2979 830 3049 quod
864 2978 1140 3044 licentius,
1173 2982 1215 3033 si
1263 2981 1566 3050 perfectum
1598 2990 1764 3048 esset,

1870 1799 2202 1868 Bajocensis.
2259 1798 2678 1854 Bartholomeus
2701 1799 3126 1854 archidiaconus
3156 1800 3480 1855 Exoniensis

1868 1887 2046 1942 factus
2083 1893 2168 1942 est
2225 1887 2521 1960 episcOpus
2573 1887 2796 1942 Exonie.
2854 1887 3160 1942 Richardus
3191 1888 3480 1943 Peccatum

1868 1976 2290 2032 archidiaconus
2319 1977 2624 2032 Cestrensis
2655 1975 2713 2032 ﬁt
2741 1977 3038 2048 episcOpus
3099 1977 3348 2046 ejusdem
3389 1993 3483 2034 ec-

1869 2069 2053 2124 clesie.
2084 2069 2392 2125 Teobaldus
2453 2070 2903 2141 archiepiscopus
2969 2070 3258 2124 Cantuarie
3285 2070 3482 2126 2feria

1867 2161 2068 2230 pasche
2108 2161 2265 2216 obiit.
2297 2161 2428 2216 Post
2451 2163 2652 2232 pascha
2685 2177 2776 2216 rex
2806 2160 3103 2232 Anglorum
3139 2161 3404 2216 Henricus
3425 2168 3480 2216 et

1868 2253 2173 2309 Ludovicus
2197 2255 2547 2318 Francorum,
2615 2254 2794 2324 primo
2844 2254 2900 2307 in
2930 2253 3226 2318 Vilcasino,
3285 2259 3480 2322 postea

1869 2344 1925 2398 in
1950 2346 2190 2400 Dunensi
2215 2361 2354 2417 pago
2387 2346 2554 2412 (637),
2588 2346 2884 2415 instigante
2923 2361 3021 2400 eos
3047 2345 3114 2399 ad
3146 2344 3476 2399 discordiam

1869 2435 2068 2490 comite
2095 2435 2394 2500 'l‘eobaldo,
2425 2434 2773 2507 congregatis
2803 2433 3136 2488 exercitibus
3161 2433 3278 2486 suis
3303 2432 3476 2486 alter-

1869 2533 2047 2580 utrum
2073 2533 2244 2580 terras
2281 2543 2408 2579 suas
2461 2524 2834 2588 defendendo,
2891 2523 3004 2578 fere
3053 2523 3110 2577 in
3167 2523 3478 2579 comminus

1868 2623 2158 2670 venerunt.
2193 2617 2327 2670 Inde
2361 2615 2500 2670 datis
2523 2615 2765 2669 induciis
2795 2622 2920 2684 post
2957 2612 3152 2667 festum
3179 2613 3355 2668 sancti
3379 2613 3478 2668 Jo-

1869 2703 2087 2770 hannis,
2125 2705 2385 2758 Henricus
2411 2719 2504 2758 rex
2561 2702 2860 2774 Anglorum
2892 2702 3130 2772 perrexit
3159 2701 3213 2756 in
3244 2701 3474 2773 Aquita-

1870 2795 2038 2862 niam,
2071 2803 2123 2850 et
2151 2796 2292 2850 inter
2317 2796 2421 2850 alia
2453 2811 2560 2866 que
2624 2802 2850 2852 strenue
2881 2794 3072 2869 gessit,
3093 2793 3478 2849 Castellionem

1869 2902 2034 2956 supra
2059 2885 2252 2939 urbem
2286 2886 2568 2959 Agermum
2617 2885 2784 2955 (638).
2845 2891 3080 2939 castrum
3127 2883 3341 2940 scilicet
3379 2899 3478 2938 na-

1870 2983 1990 3030 tura
2018 2983 2072 3031 et
2110 2965 2339 3030 artiﬁcio
2406 2975 2698 3041 munitum,
2745 2975 2984 3040 obsedit,
3040 2981 3100 3028 et
3146 2973 3291 3028 infra
3310 2989 3477 3029 unam

131 3067 523 3123 discurrerent
580 3083 677 3137 per
729 3075 927 3121 terram
988 3085 1169 3126 suam.
1216 3071 1414 3124 Audito
1454 3077 1632 3124 autem
1663 3071 1758 3124 ad-
1790 3101 1838 3166 Ο
1867 3071 2230 3142 septimanam
2264 3070 2322 3124 in
2356 3070 2648 3126 festivitate
2701 3071 2876 3126 sancti
2893 3069 3166 3124 Laurentii
3197 3069 3479 3124 admiran-

129 3168 306 3217 ventu
335 3163 486 3234 regis
514 3161 707 3236 Anglie
727 3177 914 3216 comes
953 3163 1226 3217 Tehaldus
1257 3163 1508 3219 discessit
1538 3183 1568 3219 a
1599 3164 1759 3220 Calvo

128 3250 340 3316 Monte,
367 3249 582 3304 munita
611 3249 869 3306 ﬁrmitate
891 3261 944 3306 et
973 3253 1292 3307 custodibus
1313 3254 1615 3324 dispositis.
1648 3255 1757 3310 Rex

124 3357 260 3397 vero
314 3341 596 3414 Henricus
648 3342 865 3397 obsedit
897 3344 1206 3413 prediclum
1247 3351 1505 3410 castrum,
1546 3355 1600 3401 et
1634 3347 1758 3403 ilico

128 3434 306 3505 cepit,
327 3433 386 3488 in
412 3449 526 3505 quo
559 3441 714 3488 erant
765 3434 984 3507 triginta
1025 3437 1271 3508 quinque
1304 3437 1506 3492 milites
1537 3445 1590 3493 et
1623 3455 1758 3509 qua-

124 3532 210 3580 ter
231 3524 430 3598 viginti
481 3525 806 3588 servientes,
877 3535 931 3580 et
960 3527 1200 3581 reddidit
1231 3530 1466 3582 eandem
1498 3530 1760 3584 munitio-

131 3634 260 3673 nem
299 3618 514 3691 Hugoni
549 3617 620 3672 de
658 3618 932 3684 Ambazia,
969 3619 1060 3690 qui
1094 3620 1453 3674 aversabatur
1477 3637 1573 3690 pro
1597 3637 1759 3690 posse

130 3721 236 3762 suo
267 3706 461 3762 comiti
482 3706 786 3773 Tedbaldo,
817 3707 946 3778 quia
979 3708 1033 3761 in
1067 3725 1286 3762 carcere
1320 3710 1550 3778 predicti
1587 3711 1759 3764 comi-

135 3795 204 3852 tis
235 3796 544 3867 Sulpicius,
596 3797 771 3867 ipsius
805 3797 1048 3871 llugonis
1083 3808 1260 3868 pater,
1293 3800 1551 3870 nequiter
1581 3801 1764 3853 extin-

131 3892 258 3942 ctus
287 3884 492 3940 fuerat.
539 3885 746 3940 Exinde
802 3903 896 3941 rex
955 3887 1222 3942 Henricus
1271 3889 1496 3944 munitis
1525 3891 1767 3946 turribus

135 3973 405 4028 Ambazie
443 3981 502 4028 et
529 3973 718 4028 Fracte
754 3973 950 4041 Vallis,
1002 3982 1056 4030 et
1114 3975 1396 4046 dispositis
1421 3978 1763 4045 custodibus,

136 4067 254 4142 egit
293 4066 502 4122 festum
553 4066 752 4122 natalis
781 4068 996 4123 Domini
1046 4083 1170 4122 cum
1199 4069 1422 4124 Alienor
1453 4071 1640 4144 regina
1673 4071 1770 4125 Ce-

135 4155 448 4212 nomannis
476 4156 568 4208 ⁵³⁵.

136 4245 301 4300 1161.
371 4245 696 4300 Frederz'cus
734 4245 820 4300 10.
895 4247 1199 4302 Ludovicus
1255 4247 1346 4301 Ἡ.
1427 4252 1686 4305 Henricus
1713 4252 1764 4306 7.

215 4340 495 4396 Henricus
525 4355 622 4394 rex
661 4340 1002 4396 munitiones
1025 4340 1243 4396 comitis
1270 4341 1512 4396 Mellenti
1551 4349 1605 4396 et
1629 4343 1770 4398 alio-

1862 3163 2010 3216 tibus
2038 3169 2091 3216 et
2125 3160 2434 3232 perterritis
2473 3161 2836 3215 Wasconibus
2879 3161 3045 3231 cepit.
3089 3159 3303 3234 Regina
3332 3160 3478 3215 Alie-

1863 3265 1964 3303 nor
2014 3250 2158 3320 apud
2235 3248 2727 3304 Donnumfrontcm
2793 3247 2959 3304 ﬁliam
3017 3249 3254 3320 peperit,
3311 3265 3476 3320 quam

1862 3341 2129 3396 Henricus
2194 3340 2471 3411 presbiter
2513 3340 2812 3396 cardinalis
2869 3347 2925 3395 et
2981 3341 3196 3415 legatus
3235 3340 3480 3396 Romane

1861 3430 2092 3486 ecclesie
2147 3429 2462 3499 baptizavit,
2520 3439 2575 3484 et
2612 3430 2894 3484 Achardus
2949 3431 3246 3502 episcopus
3283 3429 3480 3484 Abrin-

1861 3523 2063 3589 censis,
2097 3530 2152 3576 et
2204 3523 2478 3578 Robertus
2525 3522 2698 3576 abbas
2755 3509 2940 3578 Sancti
2972 3522 3252 3578 Michaelis
3283 3523 3352 3577 de
3383 3537 3481 3592 pe-

1863 3615 2034 3668 riculo
2065 3615 2252 3676 maris,
2284 3629 2409 3667 cum
2463 3613 2584 3667 aliis
2629 3613 2839 3679 multis,
2896 3613 2966 3668 de
3033 3614 3184 3669 fonte
3217 3629 3484 3684 suscepe-

1864 3712 2019 3770 runt;
2053 3712 2107 3758 et
2144 3711 2333 3758 vocata
2381 3710 2462 3758 est
2501 3702 2724 3758 Alienor
2781 3704 2848 3758 de
2884 3704 3112 3759 nomine
3141 3706 3333 3760 matris
3359 3721 3482 3761 sue.

1867 3797 2158 3854 Mauricius
2182 3796 2606 3850 archidiaconus
2663 3795 2988 3850 Parisiensis
3027 3794 3087 3849 ﬁt
3111 3795 3358 3862 ejusdem
3391 3813 3484 3851 ec-

1867 3887 2032 3942 clesie
2057 3886 2370 3957 epis00pus.
2407 3886 2616 3940 Mortuo
2659 3885 2878 3939 Jubello
2909 3885 2980 3940 de
3026 3885 3314 3952 Meduana,
3356 3900 3483 3940 suc-

1869 3980 2032 4034 cessit
2061 3977 2352 4032 Gaufridus
2382 3976 2527 4032 ﬁlius
2595 3977 2748 4047 ejus;
2791 3977 2880 4032 hic
2924 3976 3082 4032 duxit
3109 3975 3278 4031 ﬁliam
3310 3975 3484 4032 comi-

1872 4074 1940 4127 tis
1961 4072 2204 4126 Mellenti
2232 4072 2320 4128 δίε.

2015 4141 2172 4218 ίὶθρ.
2467 4161 2554 4214 ll.
2881 4161 2974 4216 25.
3287 4161 3342 4214 8.

1947 4255 2055 4309 Rex
2090 4254 2352 4308 Henricus
2383 4253 2496 4326 egit
2543 4253 2880 4307 nativitatem
2931 4251 3147 4307 Domini
3188 4251 3335 4322 apud
3385 4251 3486 4305 Ba-

1869 4348 2040 4416 jocas.
2070 4348 2251 4400 Mense
2274 4347 2534 4400 Januario
2574 4344 2864 4399 Caufridus
2904 4345 2972 4399 de
3003 4343 3272 4399 Meduana
3301 4343 3488 4398 reddi-

140 4447 267 4487 rum
300 4431 578 4486 baronum
608 4445 834 4485 suorum
888 4430 944 4484 in
974 4430 1308 4486 Normannia
1359 4431 1414 4485 in
1468 4447 1634 4486 manu
1677 4448 1774 4486 sua
1798 4419 1851 4486 D
1877 4435 1956 4488 dit
1988 4433 2219 4489 Henrico
2270 4435 2384 4504 regi
2437 4433 2733 4507 Anglorum
2789 4434 2890 4488 tria
2921 4433 3148 4488 castella
3193 4449 3302 4504 que
3335 4439 3492 4502 pater

139 4523 381 4595 cepitet
437 4520 704 4577 fidelibus
751 4521 866 4576 suis
913 4521 1322 4578 commendavit
1403 4524 1463 4576 ln
1525 4524 1774 4598 margine

143 4617 316 4674 etiam
341 4617 581 4672 ducatus
626 4616 962 4673 Normannie
1007 4617 1122 4672 fere
1167 4617 1355 4672 omnia
1391 4632 1490 4672 sua
1529 4619 1772 4686 castella,

141 4715 200 4764 et
227 4707 472 4764 maxime
502 4707 712 4775 Gisorz,
757 4709 1067 4765 melioravit
1095 4709 1180 4764 vel
1205 4711 1515 4774 renovavit,
1550 4726 1774 4780 parcum

143 4803 200 4852 et
226 4797 582 4852 mansionem
641 4797 846 4871 regiam
906 4798 1039 4854 fecit
1097 4799 1242 4854 circa
1299 4798 1471 4854 fustes
1501 4801 1776 4871 plantatos

143 4887 297 4960 apud
319 4887 694 4956 Cliivilleium,
731 4889 888 4958 juxta
935 4890 1358 4964 Rothomagum.
1420 4892 1648 4947 Domum
1692 4891 1776 4947 le-

146 4997 445 5054 prosorum
502 4983 660 5052 juxta
735 4983 1036 5040 Cadumum
1091 4985 1403 5040 mirabilem
1473 4985 1771 5042 ediﬁcavit.

147 5077 342 5131 Aulam
396 5084 453 5132 et
510 5091 759 5132 cameras
813 5084 938 5134 ante
993 5086 1199 5134 turrem
1269 5079 1774 5152 Rothomageusem

149 5165 558 5222 nichilominus
589 5166 888 5224 renovavit.
923 5169 984 5224 Et
1031 5183 1144 5223 non
1184 5167 1364 5224 solum
1409 5169 1468 5223 in
1517 5168 1784 5224 Norman-

148 5252 270 5323 nia,
299 5254 402 5310 sed
431 5255 601 5310 etiam
637 5254 694 5308 in
741 5271 912 5328 regno
967 5255 1184 5330 Anglic,
1227 5257 1429 5313 ducatu
1469 5257 1783 5329 Aquitanie,

1877 4531 1999 4598 ejus
2033 4537 2287 4585 tenuerat
2317 4537 2438 4600 post
2486 4537 2717 4584 mortem
2781 4529 2998 4584 llenrici
3040 4529 3186 4600 regis
3225 4527 3486 4592 senioris,

1875 4619 2086 4674 scilicet
2118 4620 2346 4684 Gorran,
2379 4619 2708 4684 Ambrerias,
2768 4619 2977 4672 Novum
3030 4625 3265 4674 castrum
3323 4633 3492 4688 super

1876 4709 2081 4764 ﬁumen
2117 4708 2340 4764 Colmie.
2395 4707 2596 4762 Eodem
2642 4723 2833 4762 mense
2883 4715 3092 4762 remoto
3143 4709 3400 4780 Aquilino
3422 4709 3490 4762 de

1878 4801 2072 4856 Furnis
2099 4801 2168 4856 de
2200 4799 2424 4854 castello
2473 4799 2662 4852 Pontis
2710 4798 2958 4864 Ursonis,
2999 4800 3130 4870 quia
3151 4799 3488 4855 Abrincatini

1877 4889 2364 4962 conquerebantur
2412 4887 2480 4942 de
2519 4903 2586 4942 eo
2619 4888 2767 4959 quod
2824 4895 2998 4944 terras
3060 4905 3250 4944 eorum
3308 4889 3494 4944 nimiis

1877 4980 2261 5037 exactionibus
2293 4987 2346 5034 et
2367 4977 2587 5046 injuriis
2607 4989 2881 5052 gravaret,
2934 4980 3200 5036 Henricus
3229 4997 3322 5035 rex
3345 4980 3491 5036 idem

1877 5080 2116 5129 castrum
2141 5074 2208 5127 ad
2240 5080 2457 5142 tempus
2485 5071 2896 5128 commendavit
2937 5072 3176 5128 Roberto
3207 5071 3393 5127 abbati
3427 5074 3496 5126 de

1884 5163 2066 5218 Monte
2116 5163 2201 5217 “9.
2253 5161 2463 5216 Mortuo
2522 5159 2820 5216 Sanctione
2878 5161 3018 5232 (639)
3079 5161 3496 5234 archiepiscopo

1885 5254 2162 5310 Remensi.
2192 5253 2456 5309 Henricus
2496 5252 2665 5310 frater
2705 5253 2852 5330 regis
2890 5253 3243 5324 Francorum,
3277 5255 3500 5328 episco:

1513 5354 1734 5409 VARUE
1755 5350 2136 5408 LECTIONES.

224 5448 542 5522 “Abhinc;
572 5450 632 5522 in
676 5448 735 5502 Ε.
767 5465 908 5522 noua
932 5449 1400 5522 manusnoberti,
1453 5455 1516 5505 ut
1573 5451 1813 5522 videtur.
1859 5449 1926 5485 σιτ
1975 5447 2290 5522 Willermus
2315 5409 2390 5488 -:
2424 5449 2621 5522 Anglia
2677 5449 2870 5505 desunt
2900 5448 2996 5518 8b,
3047 5449 3144 5504 8h.
3201 5449 3269 5483 θίθ
3299 5441 3508 5513 Μανῆ-ξ

146 5518 275 5574 cius
299 5519 545 5576 Mellenti
578 5519 768 5576 desunt
795 5520 888 5576 8b.
921 5521 1016 5577 8h.
1050 5522 1117 5557 ω
1137 5520 1328 5578 Mense
1359 5521 1482 5576 Jan.
1509 5551 1574 5564 -
1599 5521 1783 5580 Monte
1810 5523 1999 5578 desunt
2035 5518 2129 5576 8b.
2169 5518 2260 5572 8h.

1734 5621 1938 5692 NOTIE,

229 5719 370 5792 (637)
394 5720 468 5776 Le
498 5719 727 5778 Dunois.
749 5721 897 5780 circa
921 5721 1170 5780 Orléans.

1607 5725 1748 5798 (638)
1777 5725 1948 5798 Agen.

2460 5719 2606 5792 (639)
2640 5722 2928 5776 Samsone.
