3858 6206
463 323 565 387 495

604 465 963 509 nouxnoauu.
1130 457 1471 510 rnxnconut.
1616 473 1926 513 Ακοιοιιωί.

462 559 568 614 pus
659 541 1012 598 Belvacensis
1077 543 1362 600 successit.
1449 546 1867 604 Bartholomeus
1942 563 2072 604 vero

465 635 891 692 archidiaconus
965 633 1255 692 Remensis
1346 636 1522 694 factus
1610 648 1693 696 est
1781 641 2076 712 episcOpus

464 725 818 782 Belvacensis
855 724 943 779 "°.
999 725 1180 782 Prima
1221 727 1502 785 dominica
1535 731 1952 805 quadragesime
1981 748 2074 787 rex

463 818 730 875 Henricus
775 819 1094 894 aggregavit
1147 820 1463 892 episcopos,
1530 822 1777 889 abbates,
1838 823 2076 879 barones

462 912 645 966 tocius
672 911 1006 966 Normannie
1055 912 1203 982 apud
1254 903 1757 988 Rothomagum,et
1797 915 2078 988 querimo-

463 1003 609 1058 niam
658 1000 864 1055 faciens
911 999 979 1054 de
1024 1001 1304 1072 episcOpis
1358 1009 1412 1056 et
1458 1018 1649 1058 eorum
1702 1003 1968 1058 ministris
2023 993 2078 1056 (εί

464 1090 880 1146 vicecomitibus
929 1089 1062 1149 suis.
1120 1091 1283 1160 jussit
1327 1099 1383 1145 ut
1413 1092 1706 1146 concilium
1754 1093 1895 1147 Julie
1929 1093 2073 1146 Bone

468 1189 768 1238 teneretur.
810 1181 953 1234 Julia
1004 1182 1152 1235 Bona
1204 1182 1258 1236 in
1303 1182 1572 1238 Caletensi
1612 1200 1752 1258 pago
1793 1184 1946 1252 juxta
1973 1185 2073 1238 Se-

462 1291 699 1345 quanam
731 1281 831 1337 est,
865 1273 1028 1328 sedes
1061 1275 1229 1347 regia,
1262 1292 1290 1328 a
1358 1276 1599 1330 dominis
1630 1277 2064 1332 Normannorum

455 1361 686 1416 multum
726 1368 903 1416 amata
948 1371 1001 1416 et
1051 1361 1414 1434 frequentata.
1475 1366 1626 1419 Hanc
1683 1365 1860 1418 Julius
1884 1365 2065 1430 Cesar,

453 1468 516 1510 cx
540 1452 702 1521 cujus
733 1453 957 1507 nomine
987 1452 1129 1506 Julia
1186 1461 1430 1518 vocatur,
1477 1453 1744 1518 condidit,
1789 1455 2066 1509 destructa

452 1547 590 1602 urbe
614 1544 821 1610 Caleto,
853 1563 919 1600 ex
949 1547 1107 1614 cujus
1125 1547 1295 1602 veteri
1324 1547 1592 1603 vocabulo
1641 1554 1752 1603 tota
1778 1548 1929 1622 regio
1960 1549 2063 1603 sita

451 1639 594 1696 inter
614 1640 920 1711 Sequanam
953 1646 1008 1693 et
1039 1655 1190 1694 mare
1241 1640 1421 1694 adhuc
1451 1648 1694 1696 vocatur.
1729 1640 1938 1695 Primus
1971 1641 2062 1695 Ri-

1669 329 2008 383 SIGEBEH'I'I
2061 329 2578 384 GEMBIACENSIS.

3641 339 3718 394 496

2098 463 2148 530 Α
2175 459 2560 530 chiepiscOpus
2603 457 3015 514 Cantuariensis
3068 461 3158 516 ⁸⁸³.
3215 460 3472 516 Radulfus
3498 462 3562 518 de
3589 463 3718 522 Tmne

2175 548 2424 612 moritur,
2453 548 2643 602 relicto
2671 546 2897 619 parvulo
2937 545 3050 603 ﬁlio
3102 564 3168 604 ex
3205 547 3315 604 ﬁlia
3361 550 3720 610 Roberticomi-

2176 637 2247 690 tis
2277 635 2604 690 Leecestrie.
2659 635 2847 690 Mense
2904 635 3048 690 Julio
3107 636 3169 689 in
3199 636 3495 702 {Britannia
3544 640 3721 709 minori,

2174 728 2386 784 scilicet
2413 727 2468 782 in
2524 727 2756 794 Retello,
2811 727 3037 800 sanguis
3067 727 3224 798 pluit,
3243 735 3297 784 et
3324 730 3392 784 de
3425 730 3552 801 ripis
3574 733 3724 803 cujus-

2177 821 2300 876 dam
2335 820 2502 876 fontis
2526 818 2732 874 ibidem
2765 817 2998 886 efﬂuxit,
3044 835 3148 876 nec
3183 835 3292 876 non
3325 821 3483 876 etiam
3509 821 3570 877 de
3596 839 3722 894 pauc.

2178 909 2378 964 Eodem
2411 924 2598 962 mense
2625 907 2908 963 Johannes
2937 908 3006 962 de
3055 909 3152 964 Dol
3189 917 3433 964 mortuus
3471 918 3564 977 est,
3591 919 3637 967 et
3659 914 3722 968 di-

2179 1001 2547 1056 misitterram
2601 1009 2653 1054 et
2685 999 2848 1054 ﬁliam
2895 1017 3048 1054 suam
3091 1001 3144 1054 in
3177 1004 3507 1071 protectione
3555 1005 3719 1060 Radulﬁ

2175 1093 2242 1147 de
2274 1091 2564 1166 Fulgeriis.
2602 1090 2714 1145 Sed
2766 1107 2860 1146 rex
2921 1091 3216 1167 Anglorum
3239 1095 3449 1164 accepit
3474 1103 3646 1149 turrem
3670 1097 3721 1150 de

2174 1199 2338 1236 manu
2381 1182 2502 1250 ejus
2542 1181 2626 1233 ⁵2³.
2663 1180 2994 1236 Guillermus
3044 1197 3136 1235 rex
3194 1183 3377 1237 Sicilie
3409 1185 3647 1238 transiens
3670 1187 3721 1239 de

2168 1271 2438 1326 Siciliain
2492 1270 2743 1341 Apuliam
2801 1288 2923 1326 cum
2981 1288 3180 1344 magno
3220 1274 3478 1338 exercitu,
3534 1275 3720 1332 Roberto

2169 1361 2237 1415 de
2266 1359 2573 1415 Basenvilla
2626 1359 2814 1432 fugato
2870 1377 2993 1416 cum
3059 1363 3424 1433 complicibus
3459 1365 3720 1434 Esuis,civi-

2167 1459 2307 1507 tates
2345 1459 2400 1507 et
2434 1452 2680 1518 castella,
2709 1468 2818 1522 que
2848 1469 2879 1507 a
2917 1469 2982 1507 se
3009 1453 3344 1523 defecerant,
3362 1466 3636 1527 recuperat.
3655 1458 3723 1513 J0.

2169 1541 2782 1596 hannesthesaurarius
2836 1541 3220 1611 Eboracensis,
3277 1546 3362 1599 vir
3416 1546 3658 1614 jocundns
3680 1556 3719 1603 et

2167 1636 2348 1709 largus
2375 1643 2431 1690 et
2467 1634 2718 1705 apprime
2758 1635 3048 1702 litteratus,
3072 1636 3132 1690 ﬁt
3162 1637 3457 1709 episcopus
3484 1639 3716 1696 Pictaven-

450 1733 650 1790 cardus
694 1732 803 1786 dux
863 1731 1296 1787 Normannorum
1358 1741 1411 1787 et
1462 1734 1740 1788 secundus
1798 1734 2062 1790 Ricardus
2092 1793 2132 1803 κ
2163 1727 2259 1782 sis.
2294 1727 2506 1782 Matheo
2535 1727 2796 1798 episcopo
2827 1728 3210 1803 Andegavensi
3245 1730 3718 1798 defuncto,succes-

452 1821 602 1876 ﬁlius
629 1821 769 1886 ejus,
802 1820 946 1890 apud
965 1819 1288 1875 Fiscannum
1318 1820 1478 1876 levati
1497 1822 1567 1878 de
1594 1823 1820 1878 tumulis
1843 1823 1977 1887 suis,
2007 1822 2061 1876 in
2087 1793 2138 1861 Β
2165 1819 2236 1874 sit
2279 1793 2583 1873 Gaufridus‘
2609 1793 2910 1890 Sagiensis,
2978 1793 3226 1877 decanus
3265 1823 3505 1891 ejusdem
3533 1825 3718 1879 ecclesie

455 1912 662 1983 quibus
680 1909 975 1980 separatim
1023 1909 1306 1977 jacebant,
1349 1919 1471 1981 post
1519 1913 1690 1967 altare
1729 1920 1919 1968 sancte
1947 1911 2064 1967 Tri-

453 1999 639 2054 nitatis
677 1997 964 2053 honestius
1003 2008 1300 2068 ponuntur.
1342 2000 1476 2056 Huic
1530 2001 1873 2056 translationi
1919 2003 2063 2055 llen-

454 2089 599 2143 rieus
642 2104 732 2142 rex
778 2088 1072 2159 Anglorum
1137 2088 1400 2156 interfuit,
1437 2097 1491 2144 et
1511 2091 1760 2161 episcOpi
1797 2091 2062 2147 Norman-

453 2179 566 2244 nie,
597 2185 652 2232 et
680 2177 832 2231 dedit
853 2177 928 2230 illi
953 2179 1186 2232 ecclesie
1204 2179 1394 2232 silvam
1429 2180 1496 2234 de
1531 2180 1694 2254 llogis

522 2269 717 2322 Comes
770 2266 1040 2320 Robertus
1083 2267 1149 2320 de
1211 2268 1516 2322 Basenvilla
1545 2269 1808 2325 adversus
1844 2270 2058 2325 Willer-

450 2372 599 2410 mum
648 2362 939 2429 cognatum
1004 2371 1163 2409 suum
1217 2372 1402 2428 regem
1465 2357 1650 2413 Sicilie
1719 2358 1951 2414 rebellat
2003 2360 2056 2414 in

448 2445 643 2516 Apulia
691 2463 705 2512 ;
751 2455 806 2500 et
851 2445 1037 2500 multis
1095 2446 1512 2515 coadjutoribus
1575 2463 1760 2503 secum
1805 2449 2060 2504 adunatis

447 2539 709 2607 majorem
741 2544 948 2606 partem
998 2537 1389 2592 maritimarum
1421 2537 1702 2593 civitatum
1745 2538 1850 2592 sibi
1871 2539 2057 2594 conci-

448 2628 614 2682 liavit.
646 2626 970 2681 Fredcricus
1036 2626 1334 2697 imperator
1386 2627 1813 2682 Alemannorum
1866 2627 2056 2682 urbem

448 2716 840 2782 Mediolanum,
877 2732 1040 2787 quam
1083 2732 1182 2786 per
1223 2725 1332 2771 tres
1382 2731 1557 2771 annos
1606 2717 1921 2782 obsederat,
1953 2735 2056 2771 ne-

445 2807 702 2863 cessitate
733 2807 892 2862 famis
913 2807 1168 2861 afflictam
1201 2807 1348 2877 capit
1371 2817 1424 2862 et
1459 2808 1694 2862 destruit
1722 2811 1910 2879 (Mart.
1943 2808 2052 2875 26),

445 2899 734 2953 reservatis
758 2900 1134 2954 tantummodo
1193 2900 1416 2954 matrice
1475 2900 1707 2955 ecclesia
1747 2908 1801 2955 et
1824 2901 2056 2972 quibus-

446 2991 569 3045 dam
599 2991 740 3046 aliis.
811 2991 1092 3046 Discordia
1137 2991 1278 3046 inter
1307 3007 1539 3065 regnum
1597 3001 1652 3048 et
1676 2993 2051 3048 sacerdocium

444 3083 622 3137 adhuc
651 3083 982 3152 perdurante
1024 3091 1247 3154 propter
1302 3084 1502 3138 scisma
1529 3085 1830 3150 Octaviani,
1888 3102 2051 3156 quem

444 3187 536 3226 rex
569 3172 974 3227 Romannorum
1005 3173 1326 3228 Fredericus
1347 3189 1534 3228 secum
1552 3175 1605 3228 in
1623 3175 1776 3229 ltalia
1793 3175 2051 3242 habebat,

441 3263 746 3317 Alexander
803 3280 945 3334 papa
1026 3265 1302 3319 Romanus
1359 3265 1646 3321 conlidens
1699 3267 1766 3320 de
1825 3268 2053 3341 regibus

444 3355 775 3410 Francorum
808 3356 1081 3412 Ludovico
1115 3365 1168 3412 et
1221 3359 1514 3432 Anglorum
1547 3359 1801 3426 Henrico,
1829 3361 1922 3431 qui
1955 3361 2054 3415 de-

440 3450 563 3499 vote
583 3461 802 3515 semper
860 3445 1156 3500 Romanam
1223 3447 1513 3502 ecclesiam
1552 3448 1739 3504 foveut
1797 3459 1851 3505 et
1882 3467 2054 3506 vene-

442 3544 649 3604 rantur,
703 3537 771 3592 ad
820 3538 1196 3594 cismontanos
1239 3540 1449 3595 marina
1515 3542 1871 3613 expeditione
1911 3545 2056 3599 circa

440 3629 644 3699 pascha
705 3629 877 3696 venit,
943 3637 995 3684 et
1075 3633 1221 3701 apud
1314 3632 1906 3706 Montempessulanum
2001 3637 2054 3690 in

439 3716 725 3784 Provincia
807 3718 994 3774 debita
1078 3720 1499 3778 honoriﬁcentia
1569 3732 1860 3796 susceptus
1948 3732 2052 3779 est.

438 3810 740 3867 Richardus
792 3812 863 3867 de
908 3813 1129 3880 Revers,
1200 3816 1462 3871 dominus
1503 3817 1682 3872 insule
1749 3818 1934 3882 Vecte,
1990 3818 2045 3871 in

435 3903 627 3974 Anglia
657 3903 907 3971 moritur,
955 3905 1280 3978 relinquens
1319 3923 1384 3962 ex
1414 3906 1529 3962 ﬁlia
1557 3907 2047 3964 Rainaldieomitis

437 3991 710 4047 Cornubie
763 3994 1050 4064 parvulum
1138 3993 1334 4062 tilium,
1395 3996 1618 4052 nomine
1693 3997 2042 4051 Balduinum.

435 4081 748 4153 Stephanus
795 4092 1166 4158 cognomento
1234 4087 1554 4160 Burgensis,
1621 4088 1792 4142 abbas
1860 4088 2044 4143 Sancti

2163 1915 2218 1963 et
2237 1908 2473 1964 clericus
2497 1908 2643 1983 regis
2674 1909 2975 1982 Anglorum
2995 1909 3086 1963 θυι.

2235 1999 2452 2070 Leupus
2484 2015 2575 2054 rex
2632 1998 2888 2054 Valencie
2945 2007 3002 2054 et
3032 1999 3257 2064 Murcia,
3316 2002 3440 2057 licet
3461 2002 3651 2074 gentilis
3679 2012 3718 2057 et

2161 2086 2462 2160 Agarenus,
2521 2102 2753 2141 munera
2791 2085 3038 2160 ingentia
3093 2089 3147 2143 in
3180 2105 3316 2145 auro
3355 2097 3407 2144 et
3433 2091 3590 2147 serico
3614 2091 3717 2146 etin

2161 2174 2284 2230 aliis
2309 2175 2605 2246 speciebus
2630 2185 2684 2230 et
2733 2175 2787 2230 in
2822 2176 2981 2246 equis
3014 2183 3068 2231 et
3093 2179 3325 2234 camelis
3355 2179 3510 2235 mittit
3533 2179 3715 2235 Henrico

2161 2264 2275 2338 regi
2308 2263 2628 2336 Anglorum,
2660 2263 2894 2338 grandia
2947 2271 3002 2320 et
3031 2267 3149 2337 ipse
3189 2268 3261 2322 ab
3292 2269 3482 2324 eodem
3512 2275 3715 2339 receptu-

2162 2368 2271 2406 rus.
2307 2351 2645 2407 Haimundus
2699 2353 3063 2428 Berengarius
3092 2370 3285 2411 comes
3333 2356 3713 2422 Barcinonensis,

2159 2443 2242 2498 vir
2297 2443 2554 2500 omnibus
2606 2444 2771 2500 bonis
2843 2445 3217 2521 plangendus,
3274 2449 3518 2516 moritur,
3570 2448 3716 2503 relicto

2160 2532 2274 2590 ﬁlio
2298 2534 2571 2601 Anforsio,
2598 2536 2692 2607 qui
2749 2535 2923 2592 factus
2971 2546 3056 2593 est
3086 2555 3178 2594 rex
3225 2541 3546 2613 Arragonum
3570 2557 3582 2605 ;
3605 2539 3717 2610 quod

2160 2639 2388 2694 regnum
2418 2625 2468 2677 ei
2500 2626 2776 2681 acciderat
2801 2643 2866 2680 ex
2898 2635 3145 2684 materno
3176 2646 3406 2704 genere.
3454 2630 3717 2684 Fredericus

2156 2712 2578 2768 Alemannorum
2623 2715 2924 2786 imperator
2962 2725 3016 2772 et
3067 2718 3377 2775 Ludovicus
3405 2735 3491 2774 rex
3528 2719 3714 2773 Franco-

2159 2821 2299 2869 rum;
2333 2821 2455 2859 cum
2488 2821 2654 2875 super
2685 2806 2909 2861 fluvium
2943 2807 3246 2882 Sagonam,
3299 2811 3442 2881 quod
3469 2809 3713 2880 antiquitus

2159 2898 2290 2950 Arar
2317 2897 2636 2962 vocabatur,
2689 2899 2758 2952 de
2800 2915 2932 2970 pace
2987 2901 3273 2956 tractaturi
3328 2901 3594 2958 convenire
3639 2900 3715 2953 de-

2159 2987 2412 3042 buissent
2469 2990 2684 3060 (Sept),
2751 3000 2977 3060 repente
3038 2999 3252 3049 mutato
3311 2995 3487 3049 animo
3539 2997 3716 3064 prOpter

2107 3137 2123 3156 ‘
2156 3079 2356 3134 scisma
2375 3081 2677 3147 Octaviani,
2701 3083 2860 3152 cujus
2891 3094 3074 3153 partes
3123 3083 3712 3157 imperatori’adjuvabat,

2156 3171 2357 3228 infecto
2399 3174 2622 3244 negotio
2647 3175 2713 3228 ad
2747 3177 2967 3246 pr0pria
3027 3178 3334 3234 redierunt.
3370 3178 3558 3233 Exinde
3585 3189 3710 3246 parvo

2156 3266 2344 3336 Spacio
2374 3268 2636 3338 temporis
2692 3269 3006 3337 interjecto,
3069 3271 3380 3329 Ludovicus
3410 3288 3494 3328 rex
3529 3269 3713 3325 Franco-

2157 3374 2274 3411 rum
2303 3365 2357 3412 et
2381 3358 2645 3414 Henricus
2673 3374 2765 3413 rex
2804 3361 3100 3435 Anglorum
3144 3379 3318 3434 super
3362 3361 3574 3436 Ligerim
3599 3357 3708 3428 apud

2156 3446 2438 3502 Cociacum
2472 3449 2892 3516 convenientes,
2948 3452 3320 3509 Alexandrum
3342 3468 3523 3525 papam
3560 3450 3713 3506 Roma-

2158 3552 2286 3590 num
2340 3537 2550 3592 honore
2606 3553 2852 3613 congruo
2909 3550 3303 3611 susceperunt,
3353 3550 3405 3598 et
3437 3542 3529 3604 ,usi
3572 3537 3710 3594 officio

2157 3626 2430 3694 stratoris,
2472 3627 2687 3697 pedites
2715 3628 2905 3684 dextra
2935 3629 3166 3703 levaque
3197 3632 3415 3689 frenum
3443 3631 3556 3704 equi
3577 3627 3710 3701 ipsius

2157 3723 2434 3784 tenentes,
2493 3735 2620 3773 eum
2678 3735 2852 3792 usque
2905 3721 2973 3776 ad
3025 3733 3384 3793 preparatum
3433 3723 3708 3795 papilionem

2159 3810 2552 3880 perduxerunt.
2583 3811 2698 3875 Quo
2731 3813 3031 3880 mediante,
3065 3815 3180 3872 Deo
3216 3816 3454 3883 favente,
3482 3831 3571 3888 pax
3603 3812 3709 3866 inter

2147 3917 2244 3957 eos
2269 3901 2424 3956 ﬁrma
2486 3903 2733 3958 restituta
2789 3913 2893 3960 est.
2957 3905 3268 3963 Richardus
3307 3909 3580 3979 episcopus
3604 3903 3709 3958 Lon-

2147 3994 2279 4050 doni
2311 3993 2542 4049 moritur
2565 3996 2651 4050 5’5.
2715 3995 2980 4052 Henricus
3034 4014 3126 4052 rex
3161 4001 3430 4056 ordinatis
3457 4006 3506 4053 et
3532 4006 3709 4064 compo-

2147 4083 2267 4138 sitis
2299 4084 2482 4150 rebus,
2529 4091 2586 4139 et
2635 4084 2878 4140 castellis
2927 4087 3044 4141 suis
3075 4086 3129 4140 in
3163 4088 3508 4153 Normannia,
3534 4083 3709 4156 Aquita-

433 4169 714 4225 Michaelis
757 4171 827 4225 de
883 4171 1040 4226 Clusa
1086 4179 1140 4227 et
1208 4175 1514 4230 monachus
1553 4176 1946 4244 Cluniacensis,
1989 4177 2047 4233 ﬁt

433 4258 604 4314 abbas
635 4259 902 4328 Cluniaci,
949 4260 1152 4316 abbate
1207 4262 1433 4336 Hugone
1479 4279 1538 4318 se
1603 4263 1922 4320 conferente
1972 4267 2040 4320 ad

433 4357 616 4420 partes
645 4349 995 4422 imperatoris
1041 4360 1097 4407 et
1149 4353 1426 4410 Octaviani
1479 4356 1568 4414 ⁶²¹.
1624 4355 1840 4413 Mortuo
1907 4357 2040 4413 Har-
2144 4356 2344 4412 fretare
2367 4366 2494 4412 ante
2517 4357 2754 4412 natalem
2778 4359 3033 4426 Domini;
3069 4361 3165 4416 sed
3209 4369 3374 4418 vento
3406 4356 3704 4432 prohibente.

433 4443 607 4516 duino
659 4444 1082 4517 archiepiscopo
1143 4447 1521 4523 Burdigalensi
1561 4451 1710 4522 apud
1777 4442 2121 4511 Montem-D
2145 4450 2258 4524 egit
2286 4450 2519 4505 natalem
2550 4449 2764 4505 Domini
2797 4465 2919 4506 cum
2954 4451 3147 4527 regina
3179 4454 3400 4509 Alienor
3423 4450 3554 4524 apud
3573 4448 3703 4502 Cesa-

430 4537 812 4610 pessulauum,
842 4539 972 4596 dum
1001 4541 1205 4598 ibidem
1254 4543 1311 4597 in
1341 4543 1496 4600 curia
1532 4545 1724 4600 domni
1752 4563 1896 4618 papc
1926 4561 2050 4604 mo-

2164 4539 2228 4593 ‘is
2243 4540 2502 4612 Burgum.
2531 4538 2748 4594 Manuel
2778 4538 3076 4610 imperator
3124 4536 3704 4611 Constantinopolitanus

429 4638 664 4691 raretur.
713 4631 1012 4704 episcopus
1065 4631 1412 4690 Lactorensis
1463 4633 1609 4704 (640)
1663 4635 1713 4690 ei
1756 4639 2046 4696 successit.
2151 4636 2305 4693 duxit
2334 4635 2706 4694 Constantiam
2765 4636 2936 4694 ﬁliam
3002 4641 3236 4698 secundi
3293 4635 3703 4698 Boamundiuxo-

429 4716 616 4787 Fame,
657 4724 988 4779 mortalitate
1031 4723 1382 4790 cismontani,
1444 4727 1681 4782 maxime
1739 4728 1793 4782 in
1826 4730 2051 4801 Aquita-
2151 4743 2288 4784 rem.
2322 4728 2383 4783 Et
2410 4729 2761 4784 Boamundus
2791 4730 3008 4797 tertius,
3039 4730 3208 4788 frater
3268 4731 3504 4803 predicte
3539 4720 3700 4797 puellc.

429 4805 542 4874 nia,
601 4809 870 4880 laborant,
931 4811 1227 4868 Rainaldus
1279 4815 1348 4870 de
1398 4813 1728 4872 Castellione
1781 4818 2041 4890 princeps
2151 4817 2324 4874 factus
2354 4823 2438 4872 est
2460 4817 2739 4888 princeps,
2780 4817 2974 4874 vitrico
3022 4819 3206 4875 suoin
3246 4819 3543 4890 captivitate
3568 4822 3702 4868 rema-

426 4898 714 4956 Antiochie
745 4902 872 4957 dum
917 4902 1138 4976 incapte
1185 4906 1242 4960 in
1302 4916 1498 4961 terram
1550 4909 1921 4981 Agarenorum
1956 4911 2042 4966 in-
2142 4921 2308 4970 nente
2337 4912 2602 4968 Rainaldo
2635 4913 2723 4967 “6.

426 4994 554 5055 trat,
585 4992 776 5048 multis
803 5009 1027 5050 suorum
1084 4997 1282 5054 occisis
1334 4999 1419 5055 vel
1460 4999 1638 5070 captis
1677 5000 1913 5071 ipsemet
1941 5019 2037 5058 ca-
2139 5003 2299 5060 1163.
2377 5003 2686 5057 Fredericus
2728 5002 2811 5058 12.
2889 5005 3190 5060 Ludovicus
3244 5004 3333 5061 26.
3411 4990 3696 5058 Henricus?

425 5076 593 5146 pitur.
624 5079 859 5138 Thomas
894 5084 1259 5142 cancellarius
1312 5086 1460 5163 regis
1500 5087 1796 5162 Anglorum
1854 5087 1916 5145 ﬁt
1944 5106 2035 5146 ar-
2210 5092 2398 5149 Mense
2423 5094 2684 5150 Januario
2713 5111 2805 5150 rex
2839 5095 3104 5152 Henricus
3132 5094 3382 5150 transivit
3403 5094 3454 5148 in
3475 5086 3698 5162 Angliam.

1764 5219 1984 5276 VARUE
2026 5221 2402 5279 LECTIONES.

461 5304 472 5310 “
503 5309 574 5346 ⁶²⁰
593 5313 689 5384 Hic
711 5314 772 5367 in
811 5314 867 5368 E.
886 5317 1094 5384 pagina
1121 5317 1391 5373 desinente
1415 5332 1606 5375 manus
1635 5321 1879 5377 habitum
1907 5328 2099 5379 mutat.
2133 5327 2320 5380 Restat
2368 5329 2552 5380 tamen
2627 5326 2828 5382 eadem.
2892 5326 2956 5361 ⁶²¹
3003 5325 3310 5381 Richardus
3361 5356 3422 5364 —
3466 5312 3694 5379 Octaviani

421 5383 612 5465 desunt
640 5381 731 5465 8b_.
755 5381 1320 5465 8h."‘_f'_"l‘hhoma_s_—
1347 5392 1498 5465 Cant.
1553 5391 1746 5465 desunt
1768 5394 1855 5448 8b.
1891 5395 1983 5449 8h.
2044 5396 2114 5431 ⁸³³
2142 5395 2347 5450 Eodem
2401 5427 2469 5437 —
2525 5396 2647 5465 ejus
2687 5381 2874 5453 desunt
2909 5397 3004 5452 8b.
3031 5399 3122 5452 8h.
3173 5398 3242 5432 ⁶²⁴
3297 5397 3557 5452 Johannes
3598 5391 3690 5465 ᾼιι·

419 5453 874 5540 ﬁorudeesunf
903 5456 1090 5540 8h
1138 5457 1206 5492 ⁸³⁸
1232 5459 1292 5515 Ε.
1333 5476 1384 5517 e.
1413 5462 1471 5518 L.
1497 5479 1571 5518 m.
1597 5464 1796 5520 desunt
1839 5465 1932 5521 8b.
1963 5466 2060 5520 8h.
2083 5467 2154 5502 ⁸³⁸
2178 5467 2384 5522 Aanuel
2434 5453 2777 5524 —Rainaldo
2816 5474 3006 5540 postea
3035 5469 3309 5524 additum.
3337 5467 3428 5524 sed
3453 5466 3515 5522 ab
3537 5458 3690 5516 eadem

417 5525 607 5582 Manu.
638 5525 858 5595 Reliqui
894 5526 1092 5582 habent
1118 5542 1314 5585 omnes.

1964 5607 2154 5664 NOTAE

483 5691 631 5766 (640)
655 5694 943 5763 Lectoure,
962 5691 1223 5751 subditus
1242 5698 1736 5772 archiepiscopatui
1769 5704 2056 5763 Auscenci.

2149 4174 2260 4241 nia,
2293 4175 2626 4250 Andegavia,
2681 4182 2735 4230 et
2794 4177 2957 4232 etiam
2991 4178 3049 4232 in
3098 4179 3414 4247 Wasconia,
3446 4180 3496 4233 in
3520 4177 3706 4232 adventu

2151 4264 2363 4319 Domini
2393 4264 2543 4318 venit
2586 4264 3010 4332 Barbeﬂuvium,
3062 4267 3260 4324 volens
3291 4269 3334 4324 si
3366 4274 3538 4340 posset
3571 4273 3705 4319 trans-
