3858 6206
129 359 217 413 Μ

253 493 597 542 ΒΟΙΑΝΟΒΠἎΙ.
746 498 1063 538 ΡΜΝΕΟΒΠΠ
1075 525 1086 537 .
1235 497 1542 538 ΑΝοιοκωι.

132 576 232 647 ipse
260 582 310 629 et
339 572 543 648 regina,
580 580 634 628 et
673 587 796 628 cum
829 587 1030 646 magno
1059 570 1262 651 gaudio
1301 577 1589 642 susceptus
1628 577 1712 624 est

131 667 190 722 ab
208 666 450 722 omnibus
488 665 598 720 fere
632 664 975 735 principibus
1007 664 1202 736 patrie,
1235 663 1328 736 qui
1359 679 1485 718 eum
1526 664 1582 717 in
1628 661 1710 717 lit-

131 767 233 812 tore
283 755 654 826 expectabant.
693 753 813 808 Jam
866 754 1014 809 enim
1077 754 1346 810 Henricus
1389 753 1536 810 ﬁlius
1589 753 1709 822 ejus

131 855 460 922 precesserat,
514 857 568 904 et
594 848 739 903 sicut
795 848 849 902 in
899 849 1254 916 Normannia,
1305 848 1478 904 sicin
1515 847 1708 921 Anglia

129 940 351 1012 homagia
380 948 434 994 et
465 937 754 996 fidelitates
792 939 1062 994 baronum
1080 949 1134 996 et
1164 940 1402 996 militum
1433 938 1699 1011 suscepit.

128 1032 523 1103 Archiepiscopo
573 1031 927 1104 Lugdunensi
975 1030 1470 1104 (641}deticiente,
1527 1031 1707 1089 clerus

128 1135 171 1181 et
195 1127 414 1198 populus
446 1127 760 1182 coniventia
810 1126 1084 1182 Frederici
1117 1125 1466 1198 imperatoris
1521 1126 1705 1198 elege-

128 1217 602 1274 runtGuillermum
651 1215 824 1273 filium
869 1218 1088 1274 comitis
1129 1217 1391 1274 Teobaldi
1447 1217 1701 1282 senioris,

128 1311 252 1382 quod
287 1311 444 1366 etiam
476 1327 618 1382 papa
673 1310 985 1366 Alexander
1024 1311 1317 1367 concessit.
1372 1309 1469 1364 llla
1521 1316 1704 1366 autem

126 1400 256 1466 urbs,
281 1415 383 1471 que
413 1399 492 1454 cis
518 1399 800 1454 Rodanum
834 1407 938 1465 est,
970 1399 1038 1454 ad
1062 1415 1290 1473 regnum
1322 1399 1550 1455 Francie
1582 1416 1702 1471 per-

126 1493 269 1559 tinet;
293 1491 386 1546 sed
408 1492 538 1564 quia
559 1492 730 1567 Guigo
761 1491 828 1527 ⁶²τ
859 1491 1104 1547 Dalfinus
1133 1499 1186 1547 et
1209 1491 1582 1561 Forojulensis
1609 1508 1703 1548 co.-

125 1584 262 1638 mites
289 1599 428 1638 anno
485 1583 752 1654 preterito
805 1583 994 1638 fraude
1050 1599 1171 1639 eam
1226 1584 1476 1656 predicto
1519 1582 1702 1640 archi-

125 1672 352 1744 episcOpo
380 1671 746 1739 abstulerunt,
779 1688 882 1728 nec
939 1689 1038 1744 per
1067 1688 1252 1746 regem
1313 1673 1537 1729 Francie
1577 1690 1699 1729 eam

126 1761 354 1816 rehabere
378 1762 576 1832 potuit,
611 1762 736 1817 ideo
768 1763 913 1818 idem
942 1763 1394 1834 archiepiscOpus
1423 1763 1700 1819 transtulit
1731 1806 1778 1873 Β

125 1866 172 1904 se
205 1851 263 1904 ad
317 1850 729 1921 imperatorem;
782 1852 876 1924 qui
935 1852 1237 1922 predictam
1294 1851 1569 1907 civitatem
1618 1852 1701 1906 ei-

127 1939 228 1992 dem
255 1939 500 2005 restituit,
535 1949 591 1994 et
621 1948 822 1995 extunc
850 1940 919 1995 ab
949 1956 1016 1995 eo
1049 1941 1194 1995 illam
1230 1941 1406 1996 tenuit
1435 1941 1503 1975 ⁸⁸⁸
1536 1941 1700 2011 (642).

965 354 1312 408 CHRONICA.
1354 382 1421 394 —
1461 351 1838 408 AUCTARIUM
1878 349 2162 406 ROBERTI
2191 350 2282 405 ΒΕ
2322 349 2566 406 MONTE.

1732 487 1785 552 Α
1812 479 1918 534 trui
1950 479 2054 544 sui,
2089 493 2188 550 per
2219 477 2562 548 aliquantum
2592 480 2859 548 temporis
2907 479 3013 537 fuit
3062 481 3238 537 abbas
3268 482 3426 538 Hom-

3315 351 3424 414 ιω

1812 571 2018 626 mensis
2047 571 2103 625 in
2144 569 2370 642 Anglia;
2431 586 2540 641 qua
2595 569 2819 626 abbatia
2870 572 3060 629 relicta
3109 572 3213 630 fuit
3248 574 3423 631 abbas

1810 657 2183 714 Certesiensis.
2236 660 2432 714 lterum
2468 659 2563 713 illa
2611 659 2808 717 relicta
2849 661 2998 716 venit
3037 662 3091 717 in
3145 663 3421 720 Franciam

1807 751 1874 804 ad
1904 761 2136 822 nepotes
2157 765 2287 805 suos
2313 750 2607 806 Henricum
2633 759 2689 807 et
2716 751 3130 819 Theobaldum;
3165 752 3220 811 et
3248 755 3349 822 sic,
3367 765 3427 813 ut

1809 844 2069 908 diximus,
2100 843 2275 898 factus
2305 848 2386 897 est
2415 842 2589 898 abbas
2632 842 3052 901 Latiniacensis.
3090 844 3426 902 Gislebertus

1809 937 2105 1008 episcopus
2152 933 2593 1001 Herel‘Ordensis,
2655 943 2872 992 mortuo
2913 933 3146 994 Ricardo
3203 933 3426 999 Lundolo

1807 1023 1987 1078 niensi
2016 1024 2300 1096 episcopo,
2329 1025 2626 1081 translatus
2656 1035 2741 1081 est
2763 1027 2832 1082 ad
2864 1026 3097 1084 eandem
3124 1028 3338 1097 sedem,
3368 1035 3424 1084 et

1809 1116 2073 1192 magister
2102 1116 2374 1172 Robertus
2395 1118 2463 1172 de
2491 1116 2789 1186 Mileduno,
2821 1132 3030 1189 genere
3058 1119 3336 1196 Anglicus.
3369 1128 3426 1177 et

1807 1212 2144 1287 grandevus,
2181 1211 2355 1268 factus
2381 1219 2466 1268 est
2496 1213 2793 1286 episcOpus
2843 1213 3281 1272 Herefordensis.
3313 1217 3424 1272 Ro-

1805 1301 1992 1376 gerius
2022 1301 2168 1357 ﬁlius
2223 1301 2444 1358 Roberti
2474 1303 2693 1358 comitia
2744 1304 3060 1360 Gloecestrie
3101 1303 3311 1361 electus
3337 1312 3423 1361 est

1805 1397 1872 1450 ad
1928 1397 2306 1468 episcopatum
2362 1396 2799 1473 Wigorniensem
2857 1398 2943 1454 ⁸³0.
2994 1397 3179 1455 Mense
3228 1399 3421 1456 Martio

1803 1488 1942 1543 obiit
1973 1489 2176 1546 tercius
2207 1489 2507 1546 Balduinus
2533 1506 2628 1546 rex
2651 1489 2978 1558 Jerusalem,
3003 1491 3087 1546 vir
3115 1509 3213 1563 per
3232 1492 3421 1548 omnia

1805 1581 2182 1655 plangendus;
2239 1590 2294 1638 et
2324 1583 2592 1638 successit
2641 1583 2692 1638 ei
2724 1583 3027 1640 Amalricus
3064 1584 3234 1640 frater
3276 1585 3417 1654 ejus.

1805 1669 1936 1725 Huic
1968 1671 2234 1726 Balduino
2273 1687 2304 1725 a
2343 1687 2585 1742 superna
2612 1671 2909 1727 clementia
2947 1688 3269 1729 concessum
3313 1681 3415 1741 est,

1803 1767 1860 1813 ut
1891 1759 2212 1815 Ascalonem
2241 1766 2484 1830 caperet,
2513 1768 2569 1816 et
2595 1762 2874 1832 Agarenos
2895 1761 3200 1832 expelleret
3229 1771 3284 1816 et
3302 1779 3419 1818 ser-

1803 1849 1934 1904 vitio
1965 1850 2154 1905 divino
2208 1851 2578 1921 manciparet;
2639 1851 2789 1922 quod
2820 1866 2926 1907 nec
2979 1852 3146 1906 David
3189 1859 3419 1923 propter

1803 1941 2146 1996 sanctitatem
2179 1958 2356 2007 suam,
2397 1957 2503 1996 nec
2527 1941 2804 1997 Salomoni
2838 1950 3066 2014 propter
3087 1941 3413 2013 sapientiam

128 2026 352 2082 Rotrocus
407 2029 705 2100 episcopus
748 2029 1094 2084 Ebroicensis
1171 2036 1226 2084 et
1273 2029 1574 2084 Rainaldus
1632 2027 1702 2083 dc
1803 2043 1856 2087 et
1905 2033 2126 2089 divitias
2171 2051 2299 2088 suas
2332 2076 2345 2097 ,
2409 2050 2512 2089 nec
2565 2034 2797 2089 Ezechie
2862 2042 3091 2106 pr0ptcr
3145 2034 3413 2102 justitiam

121 2115 283 2171 Sancto
313 2117 546 2174 Walerio
596 2118 846 2174 fecerunt
877 2118 931 2172 in
977 2119 1311 2174 Normannia
1364 2133 1700 2191 cognoscere
1801 2139 1980 2190 suam,
2009 2139 2112 2178 nec
2131 2123 2295 2178 alicui
2327 2130 2487 2178 antea
2515 2139 2743 2196 regnum
2767 2122 3096 2194 permissum
3123 2122 3318 2177 fuerat.
3355 2123 3414 2177 ln

117 2204 243 2269 jussu
261 2205 416 2279 regis,
449 2221 548 2277 per
574 2205 948 2277 episcOpatus,
973 2207 1179 2281 legales
1214 2207 1464 2262 redditus
1488 2214 1543 2262 et
1560 2221 1693 2263 con-
1797 2212 2006 2268 octavis
2032 2219 2382 2284 pentecostes
2406 2213 2710 2268 Alexander
2731 2230 2874 2285 papa
2905 2213 3079 2269 tenuit
3111 2213 3409 2268 concilium

121 2293 400 2349 suetudines
437 2295 505 2350 ad
537 2310 725 2366 regem
783 2306 838 2349 et
869 2296 1104 2350 barones
1159 2296 1522 2366 pertinentes.
1565 2295 1696 2350 Phi-
1795 2304 2052 2372 Turonis,
2085 2305 2139 2358 in
2171 2319 2282 2377 quo
2337 2306 2834 2361 excommunicavit
2890 2305 3242 2361 Octavianum
3284 2319 3408 2358 cum

121 2386 267 2458 lippus
299 2389 592 2462 episcopus
626 2390 943 2459 Bajocensis
975 2406 1162 2445 mense
1205 2390 1497 2446 Februario
1525 2389 1694 2447 mori-
1795 2396 1919 2451 aliis
1948 2397 2276 2452 scismaticis
2300 2403 2354 2452 et
2383 2396 2747 2469 complicibus
2777 2397 2911 2453 suis.
2949 2398 3008 2452 In
3041 2397 3135 2452 illo
3171 2394 3408 2452 concilio

121 2486 203 2543 tur,
231 2482 312 2551 qui
335 2481 432 2535 fuit
463 2482 546 2536 vir
583 2483 832 2552 prudens
860 2489 914 2536 et
939 2489 1152 2536 astutus
1184 2483 1239 2536 in
1265 2482 1694 2555 augmentandis
1794 2488 1902 2543 duo
1943 2488 2208 2559 episcopi,
2239 2503 2472 2559 quorum
2505 2504 2648 2543 unus
2674 2497 2918 2543 sacratus
2951 2489 3130 2543 fuerat
3160 2505 3261 2560 per
3284 2503 3410 2541 mae

121 2579 162 2624 et
185 2573 478 2628 revocandis
509 2573 681 2629 rebus
736 2574 883 2629 illius
924 2573 1183 2637 ecclesie,
1241 2582 1296 2629 et
1336 2573 1565 2628 multum
1617 2575 1691 2630 ibi
1795 2591 1923 2629 num
1988 2575 2453 2630 Terrachonensis
2507 2576 2914 2648 archiepiscOpi
2993 2578 3405 2648 metropolitani

121 2663 342 2732 profecit;
394 2666 490 2721 sed
520 2666 801 2738 sapientia
853 2666 1016 2736 hujus
1054 2665 1246 2721 mundi
1306 2665 1550 2721 stulticia
1607 2673 1690 2721 est
1790 2669 1895 2734 sui,
1925 2668 2063 2724 alter
2093 2686 2190 2740 per
2213 2669 2536 2725 Toletanum
2587 2671 3067 2743 archiepisc0pum
3105 2673 3276 2728 totius
3311 2675 3405 2730 Hio‘

119 2758 233 2826 apud
261 2759 436 2815 Deum.
471 2761 568 2816 Hic
589 2776 648 2814 se
681 2761 911 2816 dederat
942 2761 1276 2817 monasterio
1309 2761 1573 2817 Beccensi
1617 2763 1684 2817 ad

117 2853 471 2919 monachatum,
512 2855 617 2908 sed
647 2869 757 2909 non
787 2861 868 2909 est
901 2854 955 2908 in
992 2854 1216 2909 homine
1245 2854 1332 2908 via
1385 2855 1524 2926 ejus.
1556 2854 1685 2909 Pre-

114 2948 272 2996 ventus
296 2945 434 2999 enim
475 2945 582 3001 fuit
611 2953 807 3011 morte,
845 2962 945 3001 nec
1003 2946 1147 3018 quod
1183 2954 1545 3017 proposuerat
1576 2946 1681 3001 im-

118 3027 235 3095 plere
275 3035 472 3102 potuit;
530 3035 800 3090 librorum
829 3041 1011 3090 tamen
1041 3036 1248 3105 septies
1295 3035 1486 3110 viginti
1517 3037 1676 3092 volu-

1788 2758 1980 2828 spanie
2013 2759 2324 2828 primatem,
2365 2759 2578 2830 expulsi
2605 2761 2816 2815 suntde
2847 2761 3083 2816 ecclesia
3108 2762 3400 2834 Pampulo-

1787 2851 1972 2917 nensi,
2001 2851 2068 2905 ad
2099 2851 2255 2921 cujus
2282 2851 2502 2906 titulum
2543 2853 2704 2908 ambo
2742 2852 2936 2908 sacrati
2981 2863 3159 2916 erant.
3197 2862 3252 2909 et
3294 2862 3402 2910 ter-

1781 2941 1901 2995 cius
1926 2941 2257 3012 subrogatus
2299 2949 2400 2997 est.
2457 2942 2571 2997 Illis
2623 2949 2803 2997 tamen
2845 2943 3063 2998 duobus
3113 2944 3248 3000 ordo
3281 2945 3400 3016 epi-

1780 3032 1934 3102 sc0pi
1966 3032 2186 3098 mansit,
2231 3041 2287 3088 et
2318 3048 2643 3089 concessum
2673 3040 2776 3096 est,
2807 3042 2866 3088 ut
2917 3033 2964 3088 si
3019 3040 3278 3090 vacantes
3307 3051 3401 3090 ec-

118 3120 232 3176 mina
259 3123 326 3178 illi
359 3127 465 3194 jam
507 3127 740 3182 dederat
769 3128 836 3162 ⁶²⁰
868 3126 1032 3196 (643).
1093 3127 1302 3182 Bellum
1339 3127 1562 3181 Robcrti
1607 3128 1674 3183 de
1700 3169 1749 3238 Ο
1776 3121 1943 3175 clesie
1965 3137 2062 3176 eos
2091 3131 2372 3188 vocarent,
2401 3121 2594 3176 ﬁerent
2627 3137 2813 3176 earum
2832 3122 3084 3192 presules
3105 3123 3195 3178 ‘3‘.

118 3208 252 3238 tum.“
288 3215 418 3238 0--.:
457 3233 571 3238 ---μμ
623 3217 849 3238 ..-μ-μ,
897 3219 950 3238 Α-
1000 3219 1208 3238 n____,__
1258 3234 1346 3238 ηᾼᾼ
1398 3218 1516 3238 μην-
1557 3236 1643 3238 ﬁ,“
1848 3213 1980 3238 ΑΑΩι
2050 3214 2350 3238 η..,.,.ι.....·-..-
2379 3213 2447 3238 λε)
2503 3215 2799 3238 τμλημέμ.-
2823 3215 2889 3238 an
2947 3213 3195 3238 u..-..---..

115 3208 253 3266 llonte
287 3215 420 3271 Forti
449 3233 577 3272 cum
623 3217 856 3272 Henrico
889 3219 958 3272 de
1000 3219 1216 3272 Essessa
1257 3234 1353 3289 pro
1398 3218 1527 3294 fuga
1556 3236 1676 3290 pre-

1847 3213 2005 3267 1164.
2039 3214 2350 3269 Frederz‘cus
2379 3213 2464 3270 l3.
2495 3215 2799 3270 Ludovicus
2823 3215 2913 3268 27.
2941 3213 3202 3270 Henricus
3233 3214 3322 3270 10.
3392 3236 3395 3238 ·

112 3299 153 3353 lii
171 3315 334 3360 contra
361 3307 683 3374 Gualenses,
718 3309 774 3362 in
804 3325 912 3380 quo
955 3309 1129 3363 isdem
1155 3311 1416 3365 Henricus
1446 3311 1673 3377 defecit,

113 3401 152 3445 et
186 3396 548 3466 exheredatus,
601 3399 776 3454 factus
815 3408 896 3455 est
939 3403 1242 3456 monachus
1289 3403 1674 3477 Radingensis.

117 3482 352 3543 Walenses
379 3491 589 3546 subditi
618 3501 750 3546 sunt
778 3493 892 3568 regi
927 3493 1160 3550 Henrico
1183 3495 1250 3549 ad
1284 3495 1520 3551 libitum.
1545 3495 1681 3550 Mal-

115 3591 265 3635 comus
308 3600 392 3638 rex
453 3587 637 3642 Scotie
678 3585 806 3643 fecit
857 3588 1174 3662 homagium
1227 3590 1478 3658 Henrico,
1533 3591 1683 3665 regis

119 3668 366 3741 Anglorum
408 3674 541 3744 filio,
567 3684 625 3731 et
668 3677 822 3732 dedit
855 3678 968 3752 regi
1002 3677 1248 3744 obsides,
1280 3678 1490 3733 scilicet
1529 3677 1684 3733 dedit

120 3751 296 3812 fratrem
325 3777 474 3816 suum
508 3765 782 3818 minorem
837 3771 892 3820 et
927 3751 1196 3836 quosdam
1240 3766 1310 3821 de
1361 3765 1490 3819 ﬁliis
1519 3765 1681 3820 baro-

118 3861 216 3901 num
245 3867 478 3917 suorum.
511 3855 585 3911 de
614 3873 750 3926 pace
779 3858 1020 3912 tenenda
1052 3868 1106 3912 et
1137 3873 1234 3929 pro
1277 3857 1518 3912 castellis
1546 3859 1680 3925 suis,

115 3952 194 4004 que
224 3958 307 3997 rex
331 3946 543 4002 volebat
588 3947 817 4002 habere.
868 3949 1098 4013 Quidam
1141 3950 1336 4022 gartio,
1369 3949 1683 4005 coniventia

116 4037 458 4095 monachorum
507 4049 566 4097 ut
622 4042 888 4110 creditur,
934 4044 1136 4099 occidit
1189 4044 1444 4099 abbatem
1500 4044 1680 4100 Sancti

115 4121 344 4184 Maximini
376 4134 823 4200 Aurelianensis;
873 4143 926 4190 et
957 4152 1097 4206 papa
1151 4137 1459 4192 Alexander
1484 4144 1537 4191 et
1576 4137 1682 4192 Lu-

119 4213 301 4275 dovicus
329 4240 416 4280 rex
457 4226 786 4282 Francorum
820 4229 1150 4298 expulerunt
1179 4229 1307 4284 inde
1338 4245 1531 4285 omnes
1564 4229 1680 4284 fere

118 4313 386 4380 monachos,
407 4324 464 4370 et
495 4334 596 4387 per
625 4317 869 4372 diversas
899 4319 1151 4373 abbatias
1177 4319 1576 4390 disperserunt,
1625 4326 1680 4374 et

119 4390 323 4456 fecerunt
360 4404 433 4459 ibi
469 4407 727 4462 abbatem
758 4408 826 4462 de
858 4408 1046 4479 Majori
1084 4409 1436 4464 Monasterio.
1469 4409 1677 4464 Simili-

116 4485 176 4536 ter
199 4501 325 4546 anno
373 4497 637 4564 preterito
677 4514 798 4552 cum
861 4499 1031 4553 abbas
1067 4499 1459 4554 Latiniacensis
1516 4499 1677 4570 equi-
1705 4547 1728 4570 ,,

1845 3304 2099 3360 Terricus
2155 3321 2342 3362 comes
2414 3306 2768 3362 Flandrensis
2815 3307 2965 3362 vadit
3005 3307 3390 3363 Jerosolimam

1778 3396 1977 3460 tercio,
1999 3404 2052 3451 et
2091 3396 2238 3452 ﬁlius
2267 3399 2390 3467 ejus
2417 3399 2821 3474 primogenitus
2871 3397 3158 3470 Philippus
3188 3399 3238 3453 ei
3280 3414 3404 3454 suc-

1781 3485 2008 3550 cedens,
2039 3485 2202 3542 ducta
2233 3487 2405 3541 altera
2432 3486 2668 3542 filiarum
2701 3484 2914 3542 Radulfi
2946 3485 3186 3541 senioris
3214 3485 3391 3542 comi-

1782 3573 1852 3628 tis
1881 3573 2352 3639 Viromandensis,
2387 3581 2440 3630 et
2469 3574 2636 3629 fratre
2683 3575 2870 3630 uxoris
2897 3591 2996 3630 sue
3021 3575 3245 3643 juniore
3295 3574 3402 3630 Ha-

1783 3665 1936 3720 dulfo
1959 3666 2158 3720 comite
2186 3665 2501 3736 elephantia
2522 3681 2806 3736 percusso,
2831 3683 2932 3736 per
2960 3681 3186 3722 uxorem
3217 3665 3278 3720 ﬁt
3299 3665 3403 3720 do-

1783 3753 1966 3808 minus
2004 3753 2238 3809 duorum
2269 3753 2650 3819 comitatuum,
2687 3754 2898 3809 scilicet
2950 3754 3402 3810 Viromandensis

1785 3851 1838 3899 et
1895 3845 2091 3911 Montis
2149 3843 2406 3900 Disderii.
2442 3844 2744 3899 Rainaldus
2785 3845 3128 3901 Coloniensis
3163 3845 3396 3909 electus,

1783 3936 2148 3992 cancellarius
2204 3936 2479 3992 Frederici
2537 3936 2887 4008 imperatoris
2944 3937 3395 4004 Alemannorum,

1783 4029 2062 4084 transtulit
2091 4028 2251 4083 trium
2279 4043 2567 4098 magorum
2595 4043 2827 4099 corpora
2855 4028 2925 4083 de
2954 4027 3260 4084 Mediolano
3286 4026 3397 4084 Co-

1783 4121 2015 4185 loniam;
2052 4137 2286 4192 quorum
2327 4135 2558 4191 corpora
2588 4121 2716 4192 quia
2759 4121 3002 4177 balsamo
3033 4130 3089 4177 et
3119 4120 3242 4175 aliis
3271 4120 3394 4195 pig-

1781 4213 1983 4267 mentis
2015 4213 2236 4268 condita
2277 4212 2512 4281 fuerant,
2556 4213 2770 4288 integra
2812 4213 3070 4281 exterius,
3129 4221 3396 4285 quantum

1780 4301 1850 4356 ad
1879 4309 2060 4357 cutem
2093 4310 2147 4357 et
2183 4302 2436 4374 capillos,
2467 4303 2757 4359 durabant.
2789 4303 2988 4358 Eorum
3021 4301 3248 4374 primus,
3283 4300 3396 4356 sic-

1781 4401 1839 4449 ut
1866 4394 2000 4448 mihi
2037 4395 2240 4462 retulit,
2271 4395 2362 4466 qui
2393 4410 2490 4450 eos
2515 4411 2574 4450 se
2601 4396 2809 4451 vidisse
2839 4394 3170 4458 affirmabat,
3209 4407 3391 4465 quan-

1782 4495 1892 4542 tum
1918 4502 1981 4540 ex
2018 4487 2154 4541 facie
2186 4495 2240 4541 et
2261 4487 2475 4558 capillis
2497 4504 2690 4543 eorum
2720 4486 3122 4559 comprehendi
3146 4493 3387 4557 poterat,
3415 4497 3417 4500 '

118 4576 211 4627 tans
239 4577 527 4640 invenisset
559 4586 858 4657 quendam,
891 4587 985 4658 qui
1029 4589 1078 4642 ei
1112 4588 1446 4654 forifeccrat,
1481 4598 1534 4642 et
1570 4547 1678 4641 lmi-
1702 4547 1758 4616 Β
1781 4577 2096 4649 quindecim
2128 4593 2421 4646 annorum,
2442 4580 2720 4634 secundus
2749 4578 2995 4656 triginta,
3029 4577 3235 4632 tercius
3262 4591 3399 4648 qua-

119 4678 298 4723 naretur
339 4682 395 4728 ut
421 4691 548 4730 eum
587 4685 811 4748 caperet
849 4685 902 4733 et
929 4679 1276 4734 destrueret:
1339 4680 1432 4735 ille
1484 4681 1685 4734 emissa

119 4758 275 4844 sagitta
302 4769 848 4836 percussitabbatem
877 4772 932 4826 in
980 4772 1142 4828 oculo
1187 4789 1361 4844 usque
1414 4773 1470 4827 in
1527 4788 1686 4828 cere-

118 4841 258 4915 brum,
289 4861 339 4906 et
361 4856 582 4912 occidit.
617 4858 710 4913 Cui
743 4861 1007 4915 successit
1042 4861 1214 4935 Hugo,
1247 4841 1513 4918 naturalis
1540 4861 1687 4917 filius

117 4940 292 4997 comitis
317 4945 616 5004 Theobaldi
668 4951 923 5007 senioris.
978 4953 1082 5008 [ste
1140 4953 1242 5008 fuit
1279 4954 1433 5026 prius
1490 4969 1685 5010 mona-

119 5027 224 5085 chus
245 5033 447 5095 Tironis
477 5041 648 5114 (6H);
681 5050 736 5098 et
773 5051 1022 5116 tempore
1072 5045 1337 5117 Stephani
1393 5046 1538 5120 regis
1588 5062 1687 5116 pa-

1786 4673 2040 4747 draginta
2073 4671 2381 4728 videbatur.
2433 4673 2632 4728 Beatus
2662 4680 2844 4728 autem
2900 4671 3216 4748 Eustorgius
3247 4671 3398 4728 dono

1786 4765 2070 4836 cujusdam
2094 4764 2444 4836 imperatoris
2475 4766 2750 4821 transtulit
2770 4765 2898 4822 illos
2928 4765 3299 4820 Mediolanum
3326 4764 3399 4819 de

1788 4860 2280 4932 Constantinopoli,
2311 4877 2432 4916 cum
2473 4862 2710 4933 quadam
2740 4877 2936 4917 mensa
2984 4860 3076 4917 cui
3125 4875 3398 4933 superpo-

1785 4955 1876 5012 siti
1905 4964 2083 5025 erant,
2104 4953 2160 5008 in
2191 4953 2436 5027 quodam
2467 4954 2722 5011 vehiculo
2741 4953 3098 5028 parvo,quod
3130 4954 3242 5010 due
3268 4969 3400 5010 vac-

1787 5061 1850 5100 ce
1887 5045 2077 5100 divina
2104 5045 2304 5101 virtute
2351 5051 2406 5101 et
2433 5046 2713 5102 voluntate
2756 5044 3071 5102 trahebant.
3101 5042 3403 5100 Transtulit

1420 5151 1638 5207 VARl/E
1680 5151 2050 5207 LECTIONES.

171 5235 224 5323 im
252 5243 500 5323 G._hab_et
538 5250 594 5304 Ε.
683 5252 751 5286 ⁶¹⁸
770 5253 1014 5323 archiep.
1065 5253 1236 5323 Lugd.

252 5269 306 5297 υ.
348 5269 500 5304 navet
539 5269 594 5304 tu.
683 5269 751 5286 πο
770 5269 1014 5323 arcmep.
1065 5269 1136 5307 hu
1181 5269 1226 5308 (1

123 5307 208 5380 ίῐυη
229 5321 404 5371 mutat.
442 5320 537 5375 llic
561 5351 629 5361 —
660 5323 889 5378 dederat
925 5325 1115 5378 desunt
1134 5269 1226 5380 ξι).

1248 5282 1349 5380 εῑῖ
1387 5251 1919 5398 ἐξιηόἒξίεῖίέτῗῗὲἒιιξῗδ
1940 5252 2480 5398 suum
2498 5251 2966 5380 armis:-
2996 5250 3403 5394 αΎέἕρέεῗτῗδ

123 5374 368 5456 desinente,
399 5374 597 5445 manus
626 5374 1402 5466 massilienses.
1434 5374 1716 5451 ιη’ἳῖἰόῖῖ
1740 5374 1970 5450 Nam.
1999 5374 2480 5466 marsi-igags‘aa‘i
2493 5374 2716 5451 sm.

1641 5491 1852 5549 ΝΟΤᾹί.

292 5563 303 5628 l
336 5555 599 5615 Heraclio.
632 5560 821 5628 BOUQ.

183 5617 304 5692 (542)
342 5628 485 5685 Hanc
539 5617 1174 5692 Robertiwnarrationem
1227 5636 1450 5692 dubiam
1483 5635 1721 5692 reddunt

132 5700 326 5813 ξῖ-ιξυίθ
369 5699 521 5756 “ﬁeri
571 5703 818 5773 Bquuet
865 5706 998 5762 Xlll.
1049 5708 1174 5773 307,
1233 5725 1266 5764 n
1309 5725 1325 5774 ;
1378 5708 1449 5764 cf.
1498 5707 1638 5765 infra
1675 5724 1726 5762 a.

1901 5562 2050 5636 (653)
2076 5563 2316 5636 Quorum
2344 5564 2677 5636 catalogum,
2706 5563 2885 5636 primo
2925 5559 3135 5620 codicis
3167 5561 3222 5616 Β.
3255 5560 3398 5620 folio

1832 5633 2176 5704 inscriptum,
2217 5634 2348 5690 inde
2376 5633 2553 5690 edidit
2590 5633 2890 5690 Ravaisson
2927 5637 3169 5705 Rapport
3193 5648 3267 5688 au
3302 5637 3408 5689 mi—

1838 5705 2369 5780 nistfe._Par.184_l.
2419 5775 2471 5780 __
2587 5775 2597 5780 _
2770 5773 2802 5780 _.
2957 5772 2967 5780 ,
3042 5767 3074 5780 .n
3337 5771 3348 5780 .

1922 5777 2064 5846 (644)
2107 5777 2231 5832 Tiro
2275 5776 2390 5832 sive
2419 5775 2716 5838 Tironi‘um,
2752 5772 3002 5828 diace'sis
3037 5772 3402 5825 Carno‘ten'sis.
