3858 6206
469 341 499 395 4
505 341 572 396 99

623 473 976 515 ROHANORUM.
1127 473 1470 515 FRANCORUI.
1622 476 1928 519 ANGLORUM.

467 549 631 603 etiam
664 548 810 604 idem
845 543 1144 602 Rainaldus
1173 547 1372 601 exinde
1404 564 1605 619 corpus
1634 549 1794 604 beate
1847 549 2078 614 Valerie,

466 639 656 695 matris
703 648 1017 695 sanctorum
1075 651 1373 711 martyrum
1405 641 1648 696 Gervasii
1706 651 1760 696 et
1791 641 2078 709 Prothasii,

465 739 520 786 et
563 738 728 802 caput
779 728 1010 786 Naboris
1058 730 1330 800 martyris.
1390 730 1546 800 Apud
1606 730 2004 804 Rothomagum
2049 731 2082 787 3

469 820 739 874 Kalendas
771 819 1054 874 Februarii
1101 819 1238 875 obiit
1268 818 1587 873 Willermus
1641 818 1806 874 frater
1864 819 2080 874 Henrici

468 911 650 986 regis;
687 910 936 981 sepultus
966 916 1050 964 est
1098 909 1153 964 in
1203 908 1439 964 ecclesia
1478 915 1665 962 sancte
1698 908 1884 962 Marie.
1927 908 2079 964 Circa

467 1013 687 1061 octavas
717 1005 918 1076 pasche
947 1021 1042 1060 rex
1070 1003 1333 1058 Henricus
1361 1001 1488 1057 fecit
1513 1002 1758 1058 dedicari
1790 1003 2077 1060 ecclesiam

467 1098 629 1155 beate
659 1088 823 1153 Marie
853 1097 920 1152 de
964 1096 1249 1168 Radingis,
1305 1105 1358 1150 et
1391 1109 1489 1165 per
1523 1101 1634 1149 tres
1665 1095 1782 1150 dies
1821 1097 2079 1168 regaliter

470 1189 778 1262 procuravit
799 1194 1128 1245 conventum
1158 1188 1555 1242 monachorum
1585 1194 1639 1241 et
1661 1187 1924 1258 hospites,
1951 1189 2076 1243 data

465 1285 628 1340 etiam
670 1283 800 1338 dote
855 1296 965 1336 non
1005 1280 1233 1334 minima
1270 1279 1450 1334 eidem
1484 1279 1744 1334 ccclesie.
1778 1278 2075 1349 Hamelius,

464 1373 727 1428 naturalis
746 1372 911 1426 frater
931 1369 1170 1436 Henrici,
1189 1370 1341 1424 duxit
1372 1369 1710 1424 comitissam
1739 1369 1806 1424 de
1841 1370 2077 1424 Guaren-

464 1484 554 1533 na,
579 1467 819 1521 relictam
854 1465 1120 1520 Willermi
1149 1465 1365 1518 comitis
1395 1463 1692 1528 Moritonii,
1713 1464 1808 1517 ﬁlii
1843 1464 2076 1534 Stepha-

464 1556 709 1629 nijregis.
739 1555 845 1609 llec
863 1553 964 1608 fuit
995 1553 1107 1607 tilia
1137 1553 1292 1607 tcrcii
1313 1553 1577 1606 \Villcrmi
1603 1553 1820 1607 comitis
1843 1554 1910 1606 de
1935 1554 2072 1608 Gua-

464 1665 654 1712 renna,
685 1648 925 1718 quicum
951 1647 1319 1719 rcgeFrancie
1354 1646 1625 1699 Ludovico
1661 1647 2073 1715 perrexitJeru-

462 1741 655 1806 salem,
684 1738 830 1793 etibi
853 1737 1009 1802 obiit,
1031 1738 1328 1806 superstite
1359 1737 1472 1789 sola
1507 1737 1748 1804 prodicta
1770 1737 2064 1791 comitissa.

537 1832 595 1884 ln
621 1847 758 1901 pago
782 1829 1101 1884 Belvacensi
1125 1829 1340 1882 cuidam
1384 1829 1601 1898 plebeio
1630 1829 1880 1898 (ιρι-»τινιιὶῑ
1913 1829 1965 1882 in
1991 1831 2071 1882 vi-

463 1942 527 1980 su
563 1925 742 1979 noctis
773 1928 996 1976 sanctus
1026 1920 1273 1994 Egidius,
1315 1929 1368 1975 et
1407 1921 1640 1991 quedam
1675 1923 1904 1976 honeste
1937 1939 2068 1992 per-

464 2029 601 2069 sone
627 2029 750 2067 cum
773 2028 859 2077 eo,
895 2011 982 2066 cui
1015 2011 1272 2082 predixit,
1314 2017 1372 2063 ut
1415 2027 1534 2064 cum
1579 2011 1667 2062 die
1700 2012 1936 2065 crastina
1971 2015 2071 2081 pri-

462 2119 610 2156 mum
646 2101 855 2154 sulcum
896 2099 1059 2154 aratri
1091 2099 1338 2161 duceret,
1388 2098 1659 2152 inveniret
1693 2117 1907 2167 parvam
1945 2117 2070 2155 cru—

463 2209 580 2247 cem
613 2191 866 2252 ferream,
901 2197 953 2244 et
978 2189 1139 2258 jussit
1171 2197 1227 2242 ut
1254 2187 1414 2241 ferret
1445 2206 1564 2241 eam
1595 2189 1658 2240 ad
1702 2205 1855 2241 suam
1890 2193 2071 2245 eccle-

461 2284 615 2337 siam.
646 2284 796 2336 Tune
828 2282 1064 2336 rusticus
1103 2280 1338 2351 quesivit
1375 2282 1442 2332 ab
1483 2295 1570 2346 eo,
1614 2288 1794 2333 utrum
1836 2282 1902 2334 ad
1938 2284 2066 2336 San-

460 2380 604 2426 ctum
639 2371 890 2442 Egidium
949 2371 1018 2424 de
1069 2368 1351 2422 Provincia
1384 2369 1612 2422 deberet
1653 2387 1770 2421 eam
1823 2381 2067 2439 portare;

459 2461 544 2515 cui
574 2468 797 2514 sanctus
850 2458 1074 2528 Egidius
1113 2457 1395 2526 respondit
1431 2474 1443 2508 :
1499 2460 1652 2520 Non;
1713 2459 1800 2510 Sel
1831 2459 1902 2510 ad
1931 2458 2067 2511 Sun-

456 2555 595 2605 cum
643 2551 904 2618 Egidium
941 2549 1001 2599 de
1032 2548 1395 2608 (.‘onstanu'no,
1438 2547 1528 2600 ubi
1565 2552 1639 2600 est
1667 2563 1855 2615 corpus
1881 2565 2048 2601 meum

459 2641 612 2706 Quod
645 2656 767 2694 cum
798 2639 999 2692 factum
1045 2637 1259 2702 fuisset,
1293 2636 1464 2690 multe
1508 2635 1583 2689 ibi
1643 2637 1874 2689 virtutes
1929 2637 2069 2691 facte

457 2742 603 2789 sunt.
638 2733 795 2804 Apud
827 2732 1023 2786 Lucam
1070 2731 1344 2785 civitatem
1383 2730 1518 2784 obiit
1578 2730 1908 2783 Octavianus
1959 2731 2068 2784 sci-

457 2823 740 2890 smaticus,
771 2838 868 2892 per
898 2819 1196 2874 antifrasim
1227 2828 1450 2874 vocatus
1472 2819 1684 2882 Victor;
1714 2829 1768 2873 et
1800 2821 2067 2874 successit

457 2918 510 2972 ei
532 2917 586 2972 in
615 2918 810 2973 eodem
843 2932 1031 2971 errore
1064 2931 1396 2984 permanens
1427 2914 1586 2967 Wido
1615 2915 1947 2977 Cremensis,
1981 2915 2067 2968 di-

457 3017 576 3066 ctus
633 3009 908 3064 Paschalis
957 3009 1038 3064 IV.
1100 3009 1295 3062 Comes
1337 3007 1686 3061 Carnotensis
1741 3008 2068 3062 Tedbaudus

456 3101 752 3172 despondit
801 3099 966 3153 filiam
998 3097 1256 3152 Ludovici
1305 3097 1449 3169 regis
1483 3097 1727 3161 Francia,
1783 3107 1838 3150 et
1895 3116 1985 3151 rex
2014 3099 2062 3153 ei

453 3189 728 3246 concessit
762 3187 1126 3258 dapiferatum
1173 3185 1416 3251 l’rancic,
1464 3201 1626 3256 quem
1675 3188 2066 3241 comesAnde-

453 3285 713 3360 gavensis
742 3282 1047 3353 antiquitus
1071 3280 1327 3344 habebat,
1354 3280 1500 3334 unde
1524 3280 1687 3334 etiam
1704 3281 1901 3334 nostris
1930 3289 2064 3335 tem-

453 3377 684 3449 poribus
742 3373 1006 3430 Radulfus
1051 3374 1121 3427 de
1179 3374 1416 3428 Parrona
1473 3390 1570 3443 pro
1627 3391 1693 3428 eo
1745 3375 2061 3440 serviebat;

453 3469 602 3524 unde
626 3468 678 3522 ei
707 3467 1080 3537 hommagium
1101 3466 1309 3520 faciens
1347 3476 1404 3519 ut
1426 3466 1709 3519 dominum
1735 3467 2061 3524 honorabat.

454 3557 720 3612 Henricus
779 3563 962 3611 autem
1024 3555 1189 3610 frater
1245 3556 1368 3625 ejus
1427 3556 1822 3627 primogenitus
1875 3575 2062 3612 comes

449 3645 740 3701 Trecensis
770 3645 972 3700 iterum
1013 3645 1308 3715 assumpsit
1357 3643 1522 3698 tiliam
1579 3645 1836 3699 Ludovici
1895 3649 2058 3720 regis,

447 3756 612 3812 quam
660 3739 813 3810 prius
863 3737 1147 3792 dimiserat
1223 3735 1546 3790 Fredericus
1599 3736 1901 3807 imperator
1937 3755 2060 3794 cum

447 3829 514 3884 ad
547 3827 760 3882 libitum
805 3826 1088 3881 subdisset
1127 3826 1195 3858 6³³
1225 3825 1330 3879 sibi
1379 3825 1837 3895 Langobardiam,
1871 3827 1924 3880 in
1953 3845 2062 3898 qua

446 3927 574 3976 sunt
610 3921 681 3975 25
711 3919 982 3984 civitates,
1024 3919 1164 3972 inter
1197 3933 1332 3988 quas
1380 3925 1507 3971 sunt
1539 3926 1645 3973 tres
1685 3920 2058 3989 archiepisco-

446 4017 626 4080 patus,
655 4009 865 4064 scilicet
916 4006 1613 4072 Mcdiolanumﬂiavenua,
1645 4005 1855 4065 .lenua;
1912 4015 1966 4060 et
1998 4006 2062 4060 li-

444 4117 597 4156 scum
644 4101 851 4174 regium
884 4099 955 4154 ad
984 4098 1054 4154 50
1102 4097 1250 4151 milia
1303 4097 1644 4151 marcharum
1689 4114 1956 4151 summam
2003 4099 2058 4152 in

444 4193 641 4248 eodem
664 4208 835 4263 regno
870 4197 1194 4261 reparasset,
1232 4195 1285 4243 et
1307 4204 1498 4259 pacem
1539 4187 1746 4243 ibidem
1781 4195 1887 4242 tam
1920 4189 2059 4242 indi-

441 4285 602 4358 genis
624 4300 786 4355 quam
817 4281 1125 4353 peregrinis
1155 4283 1503 4334 retormasset
1535 4295 1547 4332 :
1595 4279 1786 4333 iterum
1820 4279 2052 4346 Verona,

441 4381 497 4428 et
525 4373 762 4445 quedam
795 4371 903 4426 alie
935 4371 1182 4425 civitates
1209 4369 1473 4422 adversus
1502 4384 1626 4422 eum
1661 4368 1931 4423 rebellant
1961 4370 2047 4425 ⁸³³.

440 4466 740 4522 Gualenses
767 4463 935 4518 fidem
977 4461 1210 4516 Henrico
1241 4461 1356 4533 regi
1398 4475 1508 4516 non
1547 4468 1848 4527 servantes,
1881 4467 2055 4518 terras

1677 340 2021 396 SIGEBERTI
2065 342 2578 400 GEMBLACENSIS.

3639 353 3719 417 500

2107 469 2154 536 Α
2183 471 2426 544 Augusto
2457 470 2606 543 cepit
2634 476 2870 525 castrum
2903 468 3143 526 Conbort
3182 469 3238 525 in
3267 470 3533 530 Britannia
3564 476 3611 531 in
3633 495 3722 536 ma.

2185 577 2257 616 nu
2289 561 2455 633 regis,
2488 562 2637 634 quod
2669 559 2935 616 Radulfus
2958 561 3028 616 de
3071 562 3337 636 Fulgeriis
3363 563 3604 623 habuerat
3633 579 3725 640 post

2185 661 2416 708 mortem
2468 653 2734 708 Johannis
2782 653 2852 708 de
2904 653 3025 707 Dol.
3067 653 3271 708 Eodem
3325 670 3508 710 mense
3548 661 3724 731 sanguis

2184 745 2322 815 pluit
2344 745 2398 798 in
2427 745 2644 807 Rethel,
2676 745 2732 798 in
2756 744 3078 816 episcOpatu
3107 743 3347 800 Dolensi.
3378 745 3618 802 Bobertus
3639 751 3725 821 epi-

2182 849 2385 904 scopus
2414 833 2767 888 Carnotensis
2793 833 2876 886 vir
2903 831 3195 906 religiosus
3235 834 3463 890 moritur
3494 835 3570 887 ‘3‘.
3615 837 3724 894 Obiit

2184 921 2334 995 Hugo
2373 920 2712 976 venerabilis
2764 919 3217 992 archiepiscopus
3263 921 3724 995 Rothomagensi”

2181 1011 2258 1065 Id.
2294 1011 2561 1066 Octobris.
2615 1011 2711 1066 Hic
2761 1009 2844 1065 vir
2884 1025 3083 1082 magne
3155 1009 3430 1066 literature
3480 1014 3628 1068 multa
3659 1015 3724 1083 jo-

2179 1102 2359 1156 cunde
2401 1103 2604 1167 edidit;
2633 1101 2814 1158 viduis
2836 1108 2892 1156 et
2917 1102 3184 1172 orphanis
3220 1108 3275 1157 et
3302 1102 3423 1158 aliis
3448 1104 3724 1175 pauperibus

2180 1189 2360 1260 largus
2381 1190 2583 1245 extitit.
2616 1190 2772 1244 Rexit
2811 1197 2997 1245 autem
3045 1189 3336 1246 ecclesiam
3377 1191 3724 1268 Rothomagen-

2178 1293 2294 1332 sem
2329 1279 2557 1333 honeste
2587 1287 2642 1334 et
2679 1277 2912 1334 viriliter
2949 1279 3110 1332 annis
3141 1279 3250 1334 fere
3299 1279 3513 1354 triginta
3543 1282 3618 1338 ⁸³⁸.
3649 1284 3722 1338 Al-

2179 1374 2445 1428 marricus
2475 1390 2568 1428 rex
2596 1373 2922 1441 Jerusalem,
2951 1375 3261 1430 conductus
3297 1375 3366 1430 ab
3406 1376 3625 1434 amiralio
3649 1379 3726 1434 Ba-

2178 1461 2440 1526 bilonico,
2471 1477 2595 1516 cum
2619 1461 2860 1515 exercitu
2895 1463 3134 1532 perrexit
3161 1463 3218 1517 in
3255 1463 3567 1532 adjutorium
3595 1466 3722 1530 illius,

2177 1556 2411 1609 liberare
2443 1557 2720 1626 quandam
2751 1557 3027 1614 civitatem
3077 1558 3254 1627 ipsius
3291 1560 3508 1615 nomine
3542 1561 3728 1617 Barbas-

2176 1655 2304 1709 tam,
2341 1662 2505 1715 quam
2549 1647 2782 1716 Salegon
2817 1646 3159 1700 senescallus
3201 1647 3438 1702 Noradin
3469 1647 3636 1704 fraude
3655 1666 3724 1705 oc-

2127 1745 2421 1832 }cupatam
2463 1743 2652 1790 contra
2703 1737 2881 1806 ipsum
2911 1737 3155 1791 tenebat.
3216 1737 3446 1793 Obsessa
3478 1739 3622 1812 igitur
3657 1756 3726 1810 per

2175 1832 2572 1902 aliquantulum
2604 1831 2889 1900 temporis,
2925 1832 3162 1885 tamdem
3195 1842 3356 1902 capta
3385 1841 3465 1887 est
3491 1834 3720 1888 etamira-

2179 1927 2246 1978 llo
2282 1924 2528 1977 restituta
2583 1923 2794 1986 civitas,
2847 1922 3076 1977 firmatis
3108 1932 3294 1978 autem
3329 1923 3466 1978 inter
3501 1939 3584 1979 eos
3623 1925 3724 1980 ami-

2174 2013 2341 2076 citiis,
2376 2022 2430 2066 et
2484 2012 2714 2066 redditis
2753 2011 2938 2065 multis
2997 2011 3252 2082 captivis,
3295 2013 3560 2082 duplicato
3600 2013 3722 2068 etiam

2175 2103 2380 2156 tributo
2413 2132 2477 2141 —
2507 2117 2630 2155 nam
2665 2106 2825 2154 antea
2875 2099 3041 2154 dabat
3079 2101 3366 2156 amiralius
3405 2102 3514 2176 regi
3542 2101 3724 2174 singulis

2175 2192 2330 2245 annis
2361 2191 2429 2243 50
2469 2190 2619 2243 milia
2650 2206 2940 2244 aureorum
2975 2221 3040 2229 ——
3081 2206 3173 2244 rex
3231 2191 3298 2245 ad
3331 2191 3538 2261 prepria
3583 2191 3720 2244 rediit.

2173 2283 2277 2333 Sed
2311 2280 2522 2334 interea
2554 2279 2792 2332 Noradiu
2840 2279 3104 2334 intulerat
3153 2279 3466 2334 christiauis
3520 2294 3720 2352 maguum

2174 2374 2470 2442 dampnum
2494 2390 2506 2434 ;
2535 2389 2657 2424 nam
2683 2381 2841 2440 capto
2865 2380 3040 2426 castro
3058 2387 3279 2436 eorum,
3301 2373 3512 2427 nomine
3533 2371 3714 2434 Hareue,

2173 2471 2332 2532 capto
2369 2462 2532 2514 etiam
2570 2461 2889 2514 Boamundo
2922 2459 3146 2526 juniore
3188 2461 3437 2531 principe
3467 2458 3718 2522 Antiochie,

2173 2559 2226 2605 et
2256 2551 2443 2604 multis
2480 2550 2804 2617 interfectis,
2840 2549 3112 2616 Habilina,
3156 2549 3214 2603 id
3247 2558 3332 2604 est
3368 2549 3583 2613 Belinas,
3609 2556 3723 2618 post-

2172 2644 2396 2698 modum
2429 2659 2458 2696 a
2490 2642 2807 2695 Sarracenis
2837 2657 3065 2711 pervasa
3097 2649 3204 2696 est.

2171 2736 2329 2789 11675.
2407 2736 2712 2788 Frcdcricus
2745 2735 2831 2786 14.
2909 2734 3215 2789 Ludo-vicus
3243 2734 3332 2788 28.
3411 2735 3722 2789 ΗεητίαιεΗ.

2243 2827 2510 2881 Henricus
2545 2842 2636 2879 rex
2668 2825 2858 2898 Anglic
2889 2827 2945 2878 in
2981 2825 3409 2897 quadragesima
3435 2828 3486 2879 in
3513 2823 3723 2879 Normau-

2171 2916 2314 2969 niam
2350 2915 2644 2980 transiens,
2679 2914 2732 2967 in
2767 2913 2980 2969 octabis
3019 2914 3230 2984 pasche
3259 2915 3404 2985 apud
3449 2914 3607 2969 Gisorz
3630 2929 3720 2966 cum

2169 3026 2297 3081 rege
2338 3009 2663 3062 Francorum
2695 3007 2911 3060 locutus
2942 3015 3043 3061 est.
3098 3006 3238 3062 lnde
3281 3007 3491 3061 rediens
3521 3007 3721 3060 Rotoma-

2123 3146 2140 3164 η
2166 3116 2314 3173 gum.
2346 3097 2658 3166 Philippum
2680 3096 2938 3150 comitem
2969 3096 3366 3151 Flandrensem
3389 3095 3718 3152 consobrinum

2132 3188 2323 3246 ‘suum
2358 3191 2616 3264 regaliter
2645 3190 2877 3258 excepit.
2934 3191 3222 3246 Venerunt
3261 3191 3505 3244 similiter
3531 3189 3587 3243 ad
3622 3201 3714 3242 eum

2169 3282 2332 3355 legati
2375 3280 2645 3334 Frederici
2679 3279 3026 3348 imperatoris
3103 3279 3505 3344 Alemanorum,
3551 3274 3718 3332 llainal-

2167 3373 2268 3424 dus
2307 3369 2517 3424 scilicet
2546 3368 3000 3437 archiepiscopus
3044 3367 3393 3423 Coloniensis
3423 3364 3719 3422 caucellarius

2169 3467 2359 3536 ipsius,
2405 3473 2456 3519 et
2485 3464 2641 3517 multi
2670 3464 2760 3516 alii
2811 3463 2998 3536 magni
3041 3472 3364 3533 potentatus
3411 3462 3526 3529 viri,
3578 3457 3720 3528 requi-

2167 3567 2347 3612 rentes
2379 3574 2501 3611 eum
2532 3575 2594 3610 ex
2641 3563 2792 3626 parte
2841 3555 3213 3626 imperatoris,
3250 3563 3308 3610 ut
3339 3557 3487 3610 daret
3514 3567 3647 3608 unam
3672 3547 3715 3600 li-

2166 3649 2356 3700 li'irnm
2388 3663 2608 3700 suarum
2644 3644 2874 3698 Henrico
2915 3645 3038 3698 duci
3085 3645 3358 3712 Bajoarie,
3397 3652 3448 3700 et
3471 3643 3606 3698 aliam
3633 3635 3718 3691 ﬁlio

2165 3757 2284 3805 suo,
2319 3739 2446 3792 licet
2476 3738 2657 3791 adhuc
2700 3737 2950 3807 puerulo.
2997 3736 3212 3791 Exactis
3241 3738 3422 3808 itaque
3465 3743 3717 3789 sacramen-

2165 3831 2231 3883 tis
2262 3837 2314 3882 et
2337 3829 2496 3894 datis,
2531 3844 2622 3881 rex
2652 3835 2839 3898 postea
2865 3827 3010 3881 misit
3051 3843 3182 3882 suos
3223 3829 3428 3902 legatos
3461 3827 3512 3880 in
3549 3822 3717 3876 Alema-

2165 3923 2328 3982 niam,
2354 3921 2444 3990 qui
2479 3920 2546 3973 ab
2575 3919 2908 3990 imperatore
2941 3928 2995 3972 et
3043 3921 3282 3990 satrapis
3313 3920 3423 3974 suis
3461 3916 3626 3973 eadem
3651 3926 3715 3964 sa-

2161 4019 2442 4066 cramenla
2470 4011 2537 4064 de
2562 4009 3047 4076 conventionibus,
3075 4026 3187 4082 que
3223 4011 3366 4064 inter
3383 4024 3474 4064 eos
3493 4015 3714 4063 convene-

2166 4113 2303 4171 rant,
2335 4106 2669 4174 acciperent.
2705 4102 2983 4158 Rotrodus
3009 4103 3310 4174 episcOpus
3341 4097 3650 4158 Ebroicensis
3671 4091 3716 4146 ﬁt

2159 4196 2612 4268 archiepiscOpus
2639 4194 3075 4268 Rotomagensis.
3113 4193 3384 4249 Henricus
3402 4193 3617 4247 decanus
3645 4184 3718 4239 Sa-

2156 4285 2515 4340 lesberiensis
2568 4283 2795 4358 eligitur
2833 4283 2902 4338 ad
2958 4283 3346 4355 episcOpatum
3401 4282 3716 4352 Bajocensem.

2157 4379 2364 4433 Mortuo
2417 4375 2650 4448 Rogerio
2693 4375 2894 4430 abbate
2950 4375 3136 4430 Sancti
3198 4369 3590 4443 Wandregisili,
3633 4363 3719 4418 viro

2156 4473 2454 4545 religioso,‘
2479 4469 2750 4525 Anfredus
2788 4471 3017 4526 sacrista
3056 4471 3312 4540 ejusdem
3361 4461 3645 4524 monasterii
3680 4455 3717 4511 ei

441 4561 720 4631 proximas
752 4555 1135 4613 latrocinando
1163 4553 1443 4620 infestant,
1469 4563 1666 4628 agente
1689 4555 1926 4626 quodam
1957 4571 2051 4610 re-
2072 4523 2130 4592 Β
2154 4523 2532 4620 ευοξεεείιιοδτ,
2581 4561 2791 4634 Regina
2827 4561 3019 4636 Anglic
3051 4523 3278 4618 Alienor
3326 4565 3536 4616 evocata
3556 4571 3583 4609 a
3619 4563 3718 4623 rege

437 4653 568 4727 gulo
597 4668 812 4718 eorum,
843 4656 1036 4706 vocato
1085 4647 1200 4712 Bis,
1258 4655 1314 4702 et
1337 4647 1446 4703 alio
1491 4647 1741 4715 ejusdem
1773 4648 2054 4718 perversi-

441 4742 568 4796 tatis
622 4741 845 4797 homine
876 4737 1102 4793 nomine
1131 4736 1302 4804 (Eno,
1354 4735 1586 4806 predicti
1614 4735 1706 4790 Bis
1753 4737 2047 4792 avunculo.

441 4833 734 4888 Walterius
785 4829 952 4886 Giﬁ'ar
997 4845 1184 4886 comes
1231 4829 1300 4884 de
1353 4827 1763 4903 Rochingaham
1817 4829 2052 4885 moritur

438 4929 647 4998 absque
673 4928 903 4993 herede,
935 4933 989 4981 et
1007 4926 1326 4999 .comitatus
1356 4924 1481 4993 ejus
1511 4923 1566 4979 in
1599 4925 1790 4998 Anglia
1821 4933 1875 4980 et
1906 4931 2050 4981 terra

437 5017 558 5086 ejus
586 5016 640 5070 in
667 5016 1002 5072 Normannia
1037 5016 1202 5070 rediit
1239 5014 1307 5070 ad
1337 5013 1642 5070 dominium
1675 5014 1819 5088 regis
1849 5014 1937 5070 53‘.
1963 5015 2052 5069 Ri-

437 5111 674 5166 chardus
701 5111 769 5166 de
804 5111 1373 5182 Humet,§conestalus
1425 5109 1640 5164 Henrici
1694 5110 1860 5186 regis,
1915 5125 2051 5166 con-

435 5203 645 5259 vocatis
697 5202 1002 5260 baronibus
1051 5203 1382 5258 Normannie
1413 5208 1466 5257 et
1511 5201 1814 5269 Britannie,
1857 5218 2046 5256 mense

2150 4654 2304 4708 venit
2329 4653 2385 4708 in
2413 4651 2826 4718 Normanniam,
2870 4651 3155 4706 adducens
3189 4666 3378 4706 secum
3410 4647 3566 4702 ﬁlium
3592 4652 3714 4696 suum

2153 4743 2444 4797 Ricardum
2473 4748 2528 4796 et
2559 4740 2727 4796 tiliam
2761 4739 3102 4795 Mathildem.
3144 4739 3431 4794 Redeunte
3477 4747 3590 4789 vero
3616 4739 3715 4798 rege

2152 4832 2206 4886 in
2235 4831 2506 4906 Angliam,
2556 4837 2612 4886 et
2664 4846 2789 4886 cum
2839 4830 3014 4884 multo
3054 4837 3324 4900 apparatu
3355 4825 3539 4882 bellico
3587 4829 3715 4888 super

2149 4925 2410 4980 Valenscs
2439 4930 2630 4990 eunte,
2673 4923 2867 4995 regina
2899 4921 3167 4977 remansit
3197 4921 3255 4975 in
3305 4917 3540 4992 partibus
3563 4912 3718 4968 ciama-

2153 5019 2304 5073 rinis.
2369 5016 2672 5072 Alexander
2712 5033 2854 5087 papa
2907 5016 3186 5070 Romanus
3227 5013 3536 5083 relinquens
3581 5005 3717 5059 Seno-

2151 5127 2302 5177 nem,
2353 5111 2407 5164 in
2455 5124 2564 5180 qua
2612 5107 2727 5163 fere
2779 5107 2920 5162 duos
2950 5122 3126 5162 annos
3163 5110 3408 5161 moratus
3443 5100 3615 5160 fuerat,
3641 5103 3714 5146 ve-

2151 5201 2310 5253 niens
2371 5199 2441 5253 ad
2491 5193 3334 5270 Montempessulanumnavali
3387 5181 3709 5255 subvectione,

1782 5322 2001 5377 VARI/{'3
2031 5321 2409 5379 LECTIONES.
2447 5365 2455 5370 .
3697 5403 3705 5412 '

505 5421 574 5455 ⁸⁸³
603 5423 784 5499 ἱξαῌΕ.
843 5423 1329 5499 Henricus_aute_m
1363 5426 1675 5499 —A_in_7qua
1712 5430 1771 5482 in
1811 5443 2009 5484 rasura
2038 5434 2221 5499 postea
2255 5431 2490 5483 correxit
2543 5427 2726 5482 eadem
2770 5441 2982 5499 manus:
3064 5423 3132 5459 ⁵³³
3164 5425 3223 5478 In
3269 5436 3407 5499 pago
3443 5417 3708 5499 Bclﬁaw‘ﬁ?

431 5523 499 5532 —-
559 5491 833 5550 rebellant
873 5496 1067 5549 desunt
1117 5495 1208 5548 8b.
1266 5497 1355 5550 8h.
1423 5497 1491 5532 ⁸⁸⁸
1524 5491 1815 5554 walterius
1872 5533 1912 5537 -—

1961 5495 2108 5573 regis
2144 5502 2338 5554 desunt
2375 5501 2464 5554 8b.
2501 5501 2590 5573 δὴ.
2655 5499 2808 5573 saga.
2843 5515 2892 5553 e.
3030 5513 3082 5573 v.
3126 5512 3259 5573 r_._m

3349 5477 3498 5546 ἷευηε
3517 5484 3598 5542 8b.
3629 5477 3701 5532 8h.

433 5562 504 5598 ³³⁸
525 5548 907 5640 Postuhaeciz’n
931 5548 986 5620 Ε.
1027 5548 1222 5640 manus
1257 5548 1505 5640 barbitum
1533 5548 1918 5640 inuitati-(“itque
2639 5548 2894 5624 additur:
2947 5548 3092 5622 Obiit
3129 5548 3358 5640 illustris
3387 5573 3559 5640 ρομηεε
3579 5548 3703 5640 (ξθιβξ

435 5635 946 5714 Faneuwel'pnli.
973 5637 1070 5714 qui
1101 5635 1270 5714 πιμιιεε
1307 5637 1454 5714 bona
1488 5641 1729 5714 contulit
1750 5630 1981 5714 ecclesie
2012 5643 2063 5696 b.
2096 5642 2262 5697 Marie
2309 5642 2377 5698 de
2413 5642 2568 5714 Voto,
2602 5658 2711 5714 que
2740 5642 2844 5714 sita
2874 5646 2958 5714 est
2988 5640 3044 5694 in
3077 5636 3351 5695 territorio
3379 5630 3636 5689 Catelensi.
3676 5630 3702 5669 ιι

433 5705 616 5774 terris,
650 5705 706 5760 in
735 5705 910 5777 silvis,
933 5705 1195 5764 in'vineis
1221 5713 1273 5760 et
1302 5708 1628 5763 redditibus.
1664 5711 1729 5744 ⁸³⁷
1761 5711 1822 5766 Η.
1865 5713 2107 5768 decanus
2136 5743 2204 5754 —-
2237 5713 2500 5770 successit
2529 5705 2720 5768 desim:
2747 5712 2840 5768 8b.
2873 5713 2970 5766 8h.
