3858 6206
143 324 230 383 561
984 321 1328 379 CHRONICA.
1368 347 1437 366 ›-
1477 321 1864 380 AUCTARIUM
1908 307 2192 378 nonn’ari
2230 322 2316 377 nn
2355 322 2593 379 mourn.
3347 320 3457 378 eos

268 461 620 504 nonnenon.
769 460 1089 504 raauconuu
1121 490 1134 506 .
1282 464 1590 508 aucnoauu.
1766 455 1815 523 Α
1836 450 1955 520 ejus
1987 447 2130 504 filius
2152 446 2421 503 Guidonis
2456 448 2809 522 primogeniti
2859 448 2942 505 sui
2971 444 3191 505 comitis
3216 447 3461 527 Pontivi;

146 542 368 618 perrexit
394 542 462 597 ad
503 548 701 597 terram
729 538 996 597 Willermi
1021 542 1168 619 regis
1206 543 1412 611 Sicilia,
1456 545 1582 602 licet
1602 545 1745 603 inci-
1843 546 2241 593 concesserunt
2293 537 2408 611 regi
2472 536 2704 592 Henrico
2765 544 3001 593 castrum
3053 537 3372 595 Alenceium
3403 545 3459 596 et

146 640 224 695 die
250 637 536 709 piratarum
566 635 915 705 imperatoris
944 636 1227 694 Alemanie
1278 638 1330 695 ei
1372 639 1428 695 in
1465 640 1600 695 mari
1625 656 1737 697 non
1844 629 2043 685 li003“!
2072 628 2333 695 Mabel‘ie.
2364 643 2486 684 011m
2535 628 2617 683 eis
2638 642 2747 700 que
2776 627 2844 683 ad
2878 626 2997 700 ipsa
3035 629 3260 686 castella
3287 628 3463 702 perli-

147 728 401 785 deessent.
434 724 750 779 Willermus
776 722 948 780 frater
1000 726 1221 782 comitis
1254 727 1482 783 Tebaldi
1513 728 1740 803 eligitur
1838 719 2079 774 nent-Et
2106 717 2348 774 forsitam
2393 716 2518 774 ideo
2551 717 2831 788 predictas
2858 716 3462 790 munitionesrerdide—

148 816 207 872 ad
234 813 471 889 regimen
500 812 732 869 ecclesie
763 813 1138 885 Carnotensis,
1170 817 1297 872 data
1326 817 1377 872 ei
1409 818 1734 875 remissione
1837 819 1980 868 runt.
2017 810 2147 882 quia
2186 807 2360 867 malas
2387 808 2823 866 ConsuelUdines
2844 808 2952 885 ipSi
2987 818 3042 866 ei
3062 821 3253 866 eorum
3296 815 3457 867 aule-

150 922 318 978 apapa
350 912 573 977 propter
594 904 898 975 iuvenilem
929 912 1152 974 etatem,
1182 914 1243 965 ut
1272 924 1445 981 usque
1472 909 1540 965 ad
1571 907 1734 981 quin-
1835 914 2081 958 cessares
2102 901 2194 958 diu
2224 900 2299 957 ibi
2329 906 2660 969 tenuerant:
2711 914 2849 974 quas
2895 915 2989 961 rex
3047 897 3314 959 Henricus
3340 910 3458 958 sta-

150 996 426 1069 queunium
456 994 770 1050 differretur
823 995 1055 1051 sacratio
1122 997 1241 1066 ejus
1274 997 1363 1053 ⁸³³.
1403 997 1588 1053 Mense
1618 988 1759 1054 Au-i
1833 988 1931 1048 tim
1957 992 2232 1051 meliorarl
2272 992 2549 1067 tprecipit.
2591 993 2780 1050 Hense
2825 991 3138 1068 Septembri
3160 988 3299 1050 obiit
3328 992 3453 1050 Ste-

149 1096 310 1164 gusto,
336 1084 610 1143 Ludovico
624 1085 740 1161 regi
786 1085 1116 1145 Francorum
1143 1105 1209 1145 ex
1223 1105 1393 1146 uxore
1424 1104 1524 1146 κει
1553 1090 1737 1147 nasci-
1838 1081 2054 1155 pilanus
2087 1082 2383 1157 episcopus
2419 1080 2785 1141 Redoacnsls.
2813 1081 2957 1140 Obiit
2988 1081 3158 1143 etiam
3179 1080 3237 1141 il
3264 1083 3457 1156 Anglia

149 1190 224 1238 tur
250 1180 406 1247 filius,
437 1190 494 1237 et
532 1187 760 1238 vocatus
783 1190 868 1237 est
918 1180 1223 1256 Philippm.
1255 1184 1465 1259 uagina
1519 1181 1739 1241 Alieaor
1839 1174 2114 1232 Robertus
2160 1169 2411 1231 Batensls
2458 1173 2756 1248 episcopis
2774 1174 2866 1231 ⁵³⁸.
2899 1174 3035 1241 Quit
3059 1190 3192 1232 vero
3211 1174 3456 1232 obtima-

148 1286 316 1326 mense
343 1268 595 1327 Octobris
624 1268 934 1347 Aade‘avla
970 1270 1188 1345 peperit
1225 1268 1417 1342 illam,
1463 1284 1519 1332 et
1544 1281 1737 1331 vocata
1838 1277 1922 1327 tes
1967 1269 2313 1327 Cenomaaiei
2362 1270 2656 1327 comitatus
2711 1275 2765 1326 et
2822 1268 3137 1326 Britannice
3188 1271 3455 1345 regionis,

150 1374 224 1421 est
259 1365 310 1420 in
339 1361 670 1437 baptismate
703 1361 975 1423 Johanaa.
1029 1362 1302 1423 Bobertus
1339 1364 1513 1423 abbas
1541 1366 1740 1425 ﬂantis
1840 1365 2132 1432 antequam
2158 1370 2251 1413 rex
2276 1355 2678 1422 traasfretaret,
2723 1356 2906 1414 minus
2943 1356 3463 1429 obtemperaverant

151 1456 198 1510 in
222 1454 449 1527 quodsi
480 1450 711 1510 5&0th
749 1467 888 1511 Iure
939 1459 995 1512 et
1023 1461 1250 1532 argento
1309 1456 1516 1529 optime
1548 1464 1738 1530 parato
1839 1448 2119 1521 preceptis
2139 1447 2351 1521 regine,
2384 1451 2442 1503 et
2489 1454 2549 1503 ut
2594 1445 2812 1503 dicitur.
2838 1455 3185 1503 sacramento
3227 1463 3289 1503 se
3316 1447 3464 1504 obli-

148 1545 294 1617 jussit
317 1544 511 1619 reponi
553 1544 821 1617 reliquias
852 1544 1028 1604 sancti
1081 1543 1389 1617 Laurencii,
1447 1547 1660 1605 scilicet

1937 1542 2119 1604 erant,
2179 1542 2239 1593 ut
2270 1550 2330 1590 se
2359 1535 2727 1592 communiter
2764 1534 3154 1602 defenderent,
3178 1535 3224 1590 si
3258 1535 3460 1608 aliquis

151 1636 336 1692 brachii
365 1633 514 1709 qua
550 1634 840 1695 «omnia
879 1642 1101 1704 νοαιαι,
1154 1636 1329 1694 erati.
1354 1643 1612 1711 quattuor
1637 1639 1741 1695 mi-
1841 1642 2034 1684 eorum
2057 1632 2416 1704 gravaretur:
2448 1640 2543 1682 rex
2598 1624 2668 1683 ad
2722 1624 2939 1681 libitum
2970 1643 3130 1682 suum
3165 1642 3262 1683 eos
3289 1635 3345 1682 et
3371 1644 3465 1683 ca-

155 1742 269 1783 nora
296 1742 415 1782 ossa
464 1723 717 1796 ejusdem
761 1725 1016 1799 martyris
1047 1743 1063 1794 ;
1092 1725 1438 1784 sicutiaatea
1483 1740 1741 1800 rcposue-
1770 1780 1817 1800 η
1842 1721 2001 1778 stella
2022 1733 2214 1776 eorum
2270 1720 2524 1777 tractavit
2570 1735 2585 1787 ;
2627 1725 2682 1775 et
2730 1719 3082 1792 congregatis
3129 1719 3464 1775 exercitibus

153 1826 225 1875 rat
249 1818 300 1875 in
340 1780 578 1890 quadam
616 1831 802 1890 cupps
850 1780 998 1874 in'tus
1025 1780 1080 1875 et
1107 1826 1259 1875 extra
1298 1780 1569 1877 deauratar
1585 1780 1821 1892 caputB
1850 1813 1967 1869 fere
2024 1810 2094 1867 de
2137 1810 2288 1868 Omni
2348 1816 2620 1885 potestate
2658 1825 2759 1865 sua
2806 1780 3167 1876 citrawmare,
3221 1819 3458 1866 castrum

150 1910 430 1966 lnnocentii
456 1908 598 1964 socii
657 1909 831 1965 sancti
869 1908 1136 1967 Mauricii.
1171 1909 1453 1968 Predictas
1484 1911 1752 1984 reliquias
1851 1905 2219 1977 Felgeriarum
2262 1902 2502 1971 obsedit,
2547 1902 2716 1976 cepit,
2768 1903 3015 1959 funditus
3056 1902 3278 1958 delevit.
3324 1903 3460 1959 Inde

152 2007 196 2055 et
218 2007 408 2071 partem
455 1999 708 2070 corporis
743 2000 920 2057 sancti
978 2000 1192 2075 Λεξιρίιὶ
1224 2001 1502 2075 martyris,
1535 1991 1750 2058 scilicet
1851 1993 1998 2050 facto
2028 1992 2270 2051 conubio
2306 1992 2376 2048 de
2424 1990 2688 2048 Gaufrido
2719 1989 2832 2047 ﬁlio
2889 2007 2992 2047 suo
3043 1998 3099 2047 et
3135 1990 3460 2047 Constancia

154 2104 347 2144 carnem
376 2104 497 2144 cum
537 2088 709 2144 costis
737 2097 1015 2160 quattuor.
1059 2091 1248 2164 Suppo
1275 2089 1446 2146 abbas
1474 2090 1673 2147 Montis
1702 2108 1733 2146 a
1834 2085 1947 2141 filia
2001 2083 2218 2141 comitis
2279 2082 2484 2140 Conani
2530 2082 2835 2139 Brittannis
2879 2088 2936 2137 et
2988 2083 3057 2137 de
3109 2080 3460 2151 Richemont,

156 2178 458 2234 monasterio
497 2179 677 2234 sancti
710 2178 941 2253 Bcnigni
972 2176 1426 2244 fructuariensis,
1461 2180 1557 2236 ubi
1585 2180 1736 2252 prius
1836 2194 2021 2235 comes
2041 2177 2294 2232 Conanus
2344 2175 2622 2230 concessit
2674 2176 2809 2247 regi,
2872 2174 3028 2246 quasi
3094 2173 3163 2227 ad
3190 2189 3331 2245 opus
3361 2171 3462 2228 ﬁlii

157 2266 311 2324 fuerat
329 2267 514 2335 abbas,
570 2275 626 2323 et
666 2283 826 2342 prece
882 2274 937 2323 et
987 2267 1173 2340 precio
1228 2269 1296 2324 ad
1342 2271 1737 2326 monasterium
1838 2273 2141 2339 sui,totum
2172 2272 2431 2327 ducatum
2488 2269 2771 2336 Brittania,
2800 2269 3052 2341 lcxcepto
3099 2268 3360 2325 comitatu
3391 2267 3463 2323 de

158 2358 308 2411 sancti
361 2357 649 2414 Michaelis
701 2359 1028 2429 adportavit.
1100 2358 1190 2414 Est
1246 2367 1427 2415 autem
1486 2361 1746 2416 Fructua-
1850 2362 2137 2435 Gingamp,
2170 2360 2263 2432 qui
2283 2357 2333 2413 ei
2362 2359 2653 2414 accederat
2673 2374 2773 2429 per
2804 2374 2965 2412 avum
2996 2372 3155 2411 suum
3198 2355 3457 2412 comitem

161 2445 317 2500 riensc
339 2447 732 2502 monasterium
776 2448 829 2501 in
888 2447 1285 2520 Langobardia,
1342 2450 1399 2503 in
1431 2450 1750 2521 episcOpatu
1852 2454 2212 2525 Stephanum.
2269 2453 2382 2507 Rex
2449 2466 2581 2505 vero
2627 2450 2841 2519 accepit
2874 2448 3181 2504 hominium
3233 2448 3347 2504 fere
3391 2447 3461 2503 ab

160 2533 461 2591 Vercellensi
513 2537 604 2592 ⁵³9.
640 2535 917 2593 Malconus
974 2554 1066 2593 rex
1098 2538 1305 2606 Scotie,
1347 2539 1640 2614 religiosus
1660 2539 1755 2607 ju-
1851 2544 2108 2598 omnibus
2129 2540 2435 2595 baronibus
2467 2538 2768 2594 Brittannie
2823 2538 2968 2608 apud
2999 2537 3156 2592 Toas.
3194 2537 3324 2591 Inde
3367 2552 3463 2592 ve-

161 2624 307 2690 venis,
327 2625 479 2680 obiit.
499 2625 763 2681 Succedit
811 2624 863 2683 ei
890 2625 1056 2683 frater
1096 2627 1217 2697 ejus
1256 2627 1592 2684 Willermus.
1628 2627 1751 2682 Ful-
1853 2630 1932 2684 nit
1964 2628 2224 2695 Redonis,
2282 2635 2334 2683 et
2367 2644 2466 2698 per
2518 2627 2797 2683 civitatem
2840 2625 3011 2691 illam,
3043 2641 3150 2697 que
3182 2630 3355 2695 caput
3383 2630 3466 2679 est

159 2728 265 2768 men
292 2716 482 2770 cecidit
510 2716 573 2770 in
609 2717 848 2771 ecclesia
905 2718 1079 2775 sancti
1124 2718 1404 2773 Hichaelis
1434 2720 1487 2772 in
1521 2725 1670 2773 turre
1700 2727 1754 2772 et
1855 2720 2178 2786 Brittannie,
2222 2726 2393 2775 totum
2428 2718 2580 2773 illum
2614 2718 2873 2775 ducatum
2932 2716 3162 2772 saisivit.
3223 2716 3284 2770 Et
3334 2715 3467 2786 quia

161 2800 207 2855 in
226 2803 337 2858 aliis
365 2805 516 2873 locis,
545 2811 604 2861 et
653 2813 838 2861 tamen
862 2808 976 2864 Deo
999 2809 1297 2864 miserante
1329 2808 1498 2863 nichil
1542 2809 1747 2864 nocuit.
1854 2824 2137 2882 nunquam
2166 2808 2378 2863 viderat
2408 2806 2736 2862 Comborcht
2788 2822 2970 2879 neque
3013 2805 3129 2869 Dol,
3172 2809 3463 2874 postquam

163 2888 287 2947 Obiit
310 2893 583 2950 Robertus
622 2895 797 2952 abbas
842 2895 1057 2968 Majoris
1112 2897 1428 2954 Monasterii
1467 2898 1636 2971 (διδ),
1696 2905 1749 2953 οι
1847 2906 1906 2960 in
1936 2920 2131 2959 manus
2161 2905 2281 2972 ejus
2312 2913 2599 2969 venerant,
2628 2902 2683 2957 in
2739 2903 2968 2960 transitu
2991 2901 3083 2956 illa
3108 2898 3263 2955 vidit.
3296 2897 3467 2953 Causa

162 2981 396 3037 successit
425 2985 475 3039 ei
494 2982 768 3040 Robertus
806 2985 1080 3042 Blesensis
1103 2987 1190 3041 “0.
1848 3013 1977 3053 vero
2004 2980 2273 3053 orationis
2304 2995 2371 3050 ad
2405 2994 2640 3050 Montem
2688 2993 2863 3050 sancti
2895 2990 3175 3048 Michaelis
3213 2989 3464 3053 veniens,

222 3073 365 3130 1166.
402 3078 713 3133 Iudaicus
757 3078 821 3134 ιδ
887 3079 1187 3138 Ludovicus
1244 3081 1333 3137 29.
1368 3080 1636 3137 Henricus
1657 3082 1743 3136 12.
1781 3128 1824 3159 ρ
1854 3086 1999 3159 apud
2031 3084 2322 3159 genecium
2383 3084 2476 3140 illa
2518 3092 2675 3141 nocte
2755 3083 3065 3155 bospitatus
3093 3088 3177 3135 est
3204 3079 3293 3133 ⁸⁸⁸.
3336 3079 3471 3134 llluc

912 3134 926 3138 -
992 3134 997 3135 ,
1131 3134 1155 3136 ψ
1262 3134 1301 3137 ἡ-
1528 3134 1741 3136 W,
1806 3134 1883 3151 μ
1931 3134 1999 3142 __
2074 3134 2322 3141 ---ηψπ
2385 3134 2475 3140 --6,
2518 3134 2670 3141 ν---
2757 3134 3057 3155 mar“---
3104 3134 3113 3135 κ
3164 3134 3171 3135 ,

224 3163 464 3221 Henrices
510 3181 629 3234 rex,
681 3167 909 3222 munitis
964 3167 1221 3224 conﬁniis
1278 3169 1421 3225 inter
1462 3170 1666 3247 Anglos
1695 3178 1747 3226 et
1779 3134 2121 3231 chranerunl
2181 3174 2248 3228 ad
2302 3190 2427 3229 eum
2479 3173 2814 3229 Guillermus
2866 3188 2961 3227 rex
3018 3170 3221 3233 Scotie,
3251 3169 3473 3240 episco-

169 3258 441 3326 Walenses,
498 3271 559 3319 ct
610 3264 853 3319 castellis
897 3271 951 3322 et
1008 3265 1280 3322 militibus
1338 3265 1639 3338 dispositis,
1691 3267 1746 3322 in
1850 3280 1955 3337 pus
1978 3263 2281 3319 insularum
2330 3262 2451 3317 Nan
2503 3266 2557 3317 et
2606 3260 2839 3315 aliarum
2888 3259 2978 3326 31,
3036 3274 3145 3331 que
3176 3266 3305 3312 sunt
3330 3257 3475 3315 inter

167 3350 560 3428 quadragesima
612 3351 984 3409 transfretavit
1013 3352 1070 3408 in
1094 3354 1504 3412 Normauniam.
1540 3354 1749 3412 Deinde
1850 3351 2089 3408 Scotiam
2122 3359 2176 3407 ct
2206 3350 2521 3407 Hiberniam
2574 3357 2629 3404 et
2677 3348 2945 3424 Angliam.
2993 3347 3121 3404 illas
3160 3346 3230 3402 32
3261 3345 3474 3402 insulas

163 3433 354 3493 locutus
374 3454 495 3494 cum
523 3456 657 3517 rege
691 3439 1022 3498 Francorum
1043 3458 1109 3498 ea
1126 3458 1233 3514 que
1259 3444 1326 3497 ad
1359 3460 1548 3517 pacem
1583 3451 1748 3511 sunt;
1852 3452 2003 3501 tenet
2024 3461 2116 3499 rex
2177 3444 2480 3499 insularum
2527 3441 2618 3499 tali
2658 3441 2866 3497 tributo
2892 3441 2960 3496 de
3008 3455 3135 3518 rege
3165 3438 3472 3514 Norwegie.

164 3527 328 3583 audito
385 3531 549 3586 etiam
618 3530 768 3602 quod
813 3546 911 3587 rex
969 3530 1300 3589 Francorum
1356 3535 1636 3589 statuisset
1678 3535 1750 3590 de
1850 3540 2000 3612 quod
2032 3540 2254 3613 quando
2288 3552 2399 3593 rex
2430 3538 2746 3601 innovatur,
2808 3551 2905 3591 rex
2959 3535 3263 3590 insularum
3299 3533 3392 3589 dat
3420 3532 3474 3590 ei

164 3614 405 3674 thesauris
420 3629 477 3676 et
514 3619 824 3676 redditibus
888 3621 1029 3691 suis,
1081 3621 1342 3679 similiter
1394 3630 1449 3677 et
1503 3623 1748 3677 omnium
1852 3629 2042 3684 decem
2065 3644 2281 3695 marcas
2311 3626 2453 3693 auri,
2506 3640 2609 3681 nec
2640 3622 2849 3698 aliquid
2878 3622 3008 3679 facit
3047 3623 3097 3677 ei
3127 3621 3325 3680 intota
3362 3624 3476 3680 vita

168 3704 421 3762 hominum
479 3717 591 3766 tam
642 3711 969 3766 clericorum
1024 3727 1189 3784 quam
1236 3712 1521 3779 laicorum,
1570 3712 1665 3786 qui
1695 3712 1750 3769 in
1852 3737 1970 3785 sua,
2011 3719 2116 3775 nisi
2146 3719 2342 3772 iterum
2397 3716 2538 3772 alius
2593 3732 2686 3772 rex
2736 3715 3028 3772 ordinetur
3078 3715 3136 3772 in
3158 3714 3472 3791 Norwegia.

170 3796 465 3853 suaditione
508 3804 694 3866 erant,
724 3799 960 3875 singulis
1010 3800 1171 3856 annis
1228 3816 1405 3874 usque
1454 3801 1523 3856 ad
1586 3801 1693 3874 qui:

1953 3814 2030 3879 ius
2061 3811 2204 3885 regis
2226 3808 2529 3864 insularum
2560 3807 2710 3863 venit
2736 3808 2948 3882 legatus
2977 3805 3045 3862 ad
3074 3822 3259 3880 regem
3284 3807 3476 3880 Anglic

173 3891 447 3958 quennium
470 3893 534 3929 ⁶⁴¹
567 3892 636 3948 de
658 3892 889 3969 singulis
918 3894 987 3950 29
1012 3894 1468 3969 solidissingulos
1502 3895 1762 3951 denarios
1865 3904 2143 3978 predictus
2175 3901 2490 3975 episcopus.
2546 3898 2832 3956 Est'enim
2881 3896 3166 3969 prodictus
3217 3912 3311 3952 rex
3342 3912 3477 3954 οοη-

178 3981 373 4039 mittere
419 3985 728 4042 Jerusalem
757 3987 826 4042 ad
883 3986 1267 4044 defensionem
1299 3987 1714 4044 Christianitatis
1746 4004 1761 4042 :
1865 4008 2202 4066 sanguuleus
2232 3991 2382 4065 regis
2403 3988 2593 4066 Anglic
2620 4004 2685 4043 ex
2729 3997 2883 4060 parte
2926 3986 3198 4043 Mathildis
3227 3985 3475 4059 impera-

175 4070 305 4129 idem
329 4092 420 4132 rex
443 4078 833 4155 magnanimus
862 4078 994 4135 fecit
1022 4078 1309 4149 duplicare
1340 4081 1395 4135 in
1421 4080 1575 4136 omni
1610 4088 1765 4151 potc-
1871 4084 2022 4139 tricis
2046 4081 2236 4138 matris
2254 4096 2353 4137 sue
2380 4079 2467 4136 οη.

176 4170 295 4222 state
320 4184 418 4226 sua
443 4170 722 4230 redditum
773 4170 935 4246 primi
973 4172 1127 4242 anni,
1162 4171 1391 4247 reliquis
1444 4172 1605 4229 annis
1644 4189 1699 4245 pi

1955 4175 2102 4232 1167.
2460 4172 2547 4227 16.
2936 4169 3027 4225 30.
3395 4169 3478 4227 l3.

177 4262 507 4318 manentibus
522 4264 592 4318 ad
608 4264 942 4321 solutionem
966 4265 1133 4321 unius
1162 4264 1377 4320 denarii
1406 4281 1505 4337 per
1527 4265 1774 4340 singulos
1946 4269 2006 4323 In
2032 4265 2200 4321 natali
2230 4263 2448 4321 Domini
2490 4262 2592 4320 fuit
2644 4278 2741 4321 rex
2797 4260 3064 4319 Henricus
3121 4259 3374 4327 Pictavis,
3427 4265 3487 4317 et

177 4348 351 4424 viginti
404 4356 630 4411 solidos.
665 4354 1006 4412 Gualeranus
1073 4370 1259 4412 comes
1297 4355 1539 4411 Mellenti
1587 4353 1767 4413 factus
1797 4421 1833 4425 _
1872 4356 2024 4414 venit
2052 4355 2119 4411 ad
2152 4370 2276 4409 eum
2334 4352 2600 4409 Henricus
2625 4350 2774 4409 ﬁlius
2817 4368 2952 4408 suus
2979 4351 3047 4407 de
3089 4349 3303 4425 Anglia.
3348 4352 3485 4405 Ante

180 4421 459 4501 monachus
516 4448 730 4504 Pratelli
764 4446 947 4519 obiit;
992 4455 1049 4506 et
1094 4448 1361 4503 successit
1389 4448 1440 4502 ei
1472 4445 1618 4503 filius
1645 4448 1766 4517 ejus
1795 4421 2349 4523 unadragesimam
2399 4445 2552 4501 venit
2600 4460 2695 4499 rex
2727 4444 3148 4518 Hotbomagum,
3177 4421 3244 4497 et
3268 4449 3486 4499 mortuo

181 4530 447 4604 Robertus,
503 4549 667 4597 natus
723 4556 787 4596 ex
844 4556 1031 4597 sorore
1063 4540 1303 4595 Simonis
1340 4540 1557 4595 comitis
1576 4540 1767 4595 Ebroi-
1870 4536 2126 4606 Rotgerio
2148 4534 2348 4589 abbate
2401 4532 2587 4589 Sancti
2629 4533 2902 4599 Audonei,
2951 4532 3067 4587 viro
3095 4546 3309 4587 summe
3357 4530 3488 4587 reli—

181 4624 340 4679 censis
374 4629 457 4683 οη.
491 4629 652 4686 Duxit
708 4637 891 4687 autem
950 4629 1097 4685 idem
1128 4630 1399 4685 Robertus
1429 4628 1595 4683 tiliam
1647 4628 1771 4682 ltai-
1869 4623 2077 4700 gionis,
2113 4623 2343 4677 eandem
2372 4621 2645 4677 abbatiam
2691 4621 2842 4678 dedit
2864 4619 3168 4676 Haimerico
3196 4618 3485 4675 cellerario

184 4713 315 4769 naldi
344 4719 562 4775 comitis
619 4721 1007 4778 Cornubensis.
1066 4721 1214 4777 Obiit
1255 4722 1418 4776 etiam
1446 4721 1774 4778 Guillermus
1876 4713 2051 4768 3600i.
2086 4711 2252 4766 Ρίιυιο
2284 4716 2409 4765 ante
2441 4710 2692 4766 οδίθΐᾶῐιί
2716 4711 2768 4764 in
2794 4710 2985 4786 Anglia
3016 4709 3289 4764 Ηοδονῑυδ
3314 4708 3486 4763 ³91⁵8·-

183 4814 265 4854 rex
340 4805 541 4862 Siciliae
622 4818 677 4864 et
761 4811 1032 4867 successit
1094 4810 1144 4865 ei
1222 4808 1549 4865 Guillermus
1630 4809 1776 4866 ﬁlius
1878 4808 2154 4864 fordensis
2191 4815 2247 4861 et
2303 4805 2578 4861 Robertus
2608 4804 2987 4860 Linconiensis
3028 4803 3274 4875 cpiSCOpi
3309 4792 3487 4859 “Mn

183 4890 304 4956 ejus.
397 4897 714 4954 Willermus
775 4900 1113 4968 Talavacius,
1203 4915 1391 4956 comes
1472 4902 1775 4974 Sagieusis,
1878 4901 2298 4975 quadragesima
2353 4900 2566 4955 locutus
2603 4898 2703 4952 fuit
2752 4915 2845 4953 rex
2893 4897 3189 4972 Anglorum
3231 4913 3353 4952 cum
3392 4910 3490 4953 co-

185 4987 233 5036 et
265 4982 406 5042 ﬁlius
426 4988 547 5058 ejus
603 4991 903 5059 Johannes,
953 4999 1007 5047 et
1063 4993 1262 5048 iterum
1293 4993 1572 5048 Johannes
1602 5009 1778 5064 nepos
1883 4993 2016 5048 mite
2040 4990 2224 5045 Sancti
2266 4989 2437 5065 Egidii
2471 4989 2618 5060 apud
2649 4988 2901 5061 Magnum
2945 4995 3206 5044 montem.
3238 4987 3363 5043 Post
3394 5001 3493 5058 pa-

1498 5094 1717 5148 VARUE
1762 5094 2138 5150 LECTIONES.

248 5182 902 5261 6‘l‘fWillermusu—ejus
961 5195 1153 5248 desunt
1209 5195 1300 5248 8b.
1335 5194 1425 5249 8h.
1489 5192 1557 5227 53°
1610 5193 1880 5249 Roberius
1909 5193 2314 5248 —Vercel,eusi
2370 5193 2556 5247 desunt
2607 5191 2700 5246 8b.
2763 5191 2851 5244 8h.
2915 5190 2983 5225 διο
3021 5190 3251 5245 Fulmen
3281 5190 3502 5244 -—Ble—

186 5255 345 5334 Sensis
368 5265 552 5334 postca
572 5264 794 5318 addidit
811 5255 1013 5319 'manu
1074 5264 1296 5328 eadem;
1358 5266 1543 5319 desunt
1573 5265 1663 5319 8b.
1726 5266 1816 5321 8h.
1878 5267 1941 5300 δη
2013 5264 2440 5334 quadriennium
2499 5262 2590 5318 8d.
2622 5263 2690 5296 ⁸⁵³
2726 5265 2846 5317 Post
2882 5263 2988 5316 hac
3011 5267 3125 5334 tres
3163 5276 3309 5334 uoces
3334 5262 3503 5317 erasit

186 5328 400 5396 scriptor
426 5333 618 5401 ipsein
658 5335 696 5388 E
769 5334 1115 5389 Gualeranus
1146 5366 1213 5374 —
1269 5337 1645 5390 (lornubensis
1696 5337 1886 5391 desunt
1940 5328 2047 5391 8b:
2083 5336 2174 5387 8h.
2224 5335 2293 5367 6‘3
2324 5333 2537 5401 Pagina.
2593 5334 2860 5387 desinente
2894 5337 2953 5387 in
3010 5332 3060 5386 Ε.
3106 5333 3347 5388 habitum
3374 5347 3501 5387 mae

185 5408 276 5479 {tus
300 5405 494 5479 mutat.
524 5405 615 5458 sed
643 5406 923 5477 paululum
974 5412 1202 5462 tantum.
1242 5407 1429 5462 Mense
1460 5438 1525 5447 -—
1561 5408 1856 5479 episc0pus
1914 5408 2101 5461 desunt
2154 5404 2245 5459 8b.
2296 5406 2385 5457 8h.
2434 5406 2501 5438 5“
2549 5406 2924 5479 Atramentum
2972 5408 3235 5479 nudatur.
3385 5402 3507 5479 Ab-

188 5464 309 5549 hinc:
327 5464 682 5549 atramentum
714 5482 869 5549 atque
897 5494 1092 5532 manus
1120 5493 1343 5547 prorsus
1381 5464 1649 5548 mit/amr,
1692 5464 2086 5547 orlhogruphr‘a
2126 5491 2329 5543 quoque
2371 5479 2569 5545 sepius
2620 5477 2801 5544 cli/fert
2832 5492 2866 5528 α
2901 5476 3239 5544 prwccdmti.
3272 5473 3342 5508 ³⁸⁵
3371 5477 3509 5527 Ante

185 5540 642 5615 quadragesimum
681 5574 753 5590 -
778 5540 1025 5620 Episcopi
1055 5540 1245 5604 desunt
1272 5550 1365 5605 8h.
1384 5551 1474 5605 8h.

1706 5620 1919 5701 intra;

252 5712 300 5769 t6
312 5710 393 5781 t5)
424 5712 983 5773 Marmontiers-les-T
987 5733 1135 5773 ours.
