3858 6206
434 302 550 359 303

432 474 451 504 ι
592 446 943 491 ΒΟΜΑΝΟΗυΜ.
1095 456 1441 498 FRANCORUM.
1589 463 1897 503 ANGLORUM.

439 528 572 584 scha
601 529 756 585 duxit
803 532 1103 589 exercitum
1171 537 1403 594 militum
1474 541 1526 595 in
1579 543 1929 601 Arvernicum
1955 564 2051 618 pa-

435 632 589 693 gum,
621 623 678 674 et
703 621 936 676 vastavit
964 629 1166 679 terram
1199 626 1741 706 Quillermicomitis,
1772 635 1900 706 quia
1927 636 2051 691 data

435 704 548 762 ﬁde
576 708 866 784 pepigerat
895 716 1039 768 stare
1063 694 1312 781 justicie,
1346 716 1402 770 in
1432 694 1927 789 presentiadonni
1966 741 2050 779 re-

432 794 538 871 gis,
556 796 744 867 nepoti
771 812 895 866 suo,
945 816 1111 872 quem
1168 804 1855 879 exheredaverat,juniori
1885 814 2044 867 vide-

430 890 762 946 licetcomiti
808 892 1136 950 Arvernensi
1167 896 1300 961 ;sed
1343 897 1680 957 inveteratus
1720 903 1812 959 ille
1833 905 2046 961 dierum

434 977 701 1034 malorum
743 986 901 1050 rupta
948 980 1079 1050 fide,
1133 986 1409 1041 transtulit
1460 1003 1518 1042 se
1558 989 1628 1044 ad
1656 1007 1841 1066 regem
1884 993 2047 1048 Fran-

431 1081 645 1135 corum,
674 1075 731 1122 et
757 1068 1049 1125 seminavit
1079 1071 1387 1130 discordias
1417 1076 1562 1131 inter
1600 1094 1697 1134 eos
1757 1081 1866 1136 Sed
1899 1090 1953 1138 et
1977 1083 2047 1140 de

431 1155 766 1213 collectione
796 1160 1030 1229 pecunie
1061 1160 1363 1219 deferende
1426 1165 1751 1236 Jerusalem,
1809 1187 1920 1243 que
1947 1173 2047 1229 ad-

429 1252 597 1300 unata
622 1244 799 1302 fuerat
824 1247 1075 1314 Turonis,
1133 1267 1296 1323 quam
1352 1269 1445 1309 rex
1503 1257 1799 1331 Anglorum
1826 1262 2047 1319 volebat

432 1333 652 1389 mittere
682 1351 783 1407 per
811 1352 941 1393 suos
997 1340 1246 1409 nuntios,
1285 1350 1475 1413 utpote
1521 1353 1794 1417 sumptam
1855 1349 1910 1403 in
1943 1367 2043 1407 suo

429 1428 713 1495 comitatu,
775 1447 871 1487 rex
913 1440 1098 1489 autem
1156 1436 1485 1493 Francorum
1546 1457 1647 1511 per
1708 1459 1859 1511 suos,
1915 1446 2042 1517 quia

426 1517 661 1574 ecclesia
712 1518 1049 1578 Turonensis
1087 1540 1185 1579 sua
1224 1534 1328 1591 est,
1370 1530 1726 1603 suggestione
1781 1532 1918 1587 Jocii
1950 1551 2042 1587 ar-

422 1609 763 1683 chiepiscopi
792 1612 1129 1670 Turonensis
1177 1633 1375 1691 magna
1408 1620 1684 1677 discordia
1716 1624 1860 1679 inter
1901 1626 2044 1679 Hen-

422 1698 596 1755 ricum
626 1716 812 1775 regem
842 1704 1144 1777 Anglorum
1201 1714 1256 1761 et
1286 1707 1625 1765 Ludovicum
1657 1729 1841 1786 regem
1872 1714 2040 1769 Fran-

423 1805 614 1846 corum
639 1801 786 1848 mota
835 1800 934 1848 est.
1000 1795 1291 1852 Combusta
1351 1812 1435 1854 est
1491 1802 1682 1857 civitas
1710 1805 2042 1860 Turonensis

1670 316 2013 373 SIGEBERTI
2054 318 2565 375 GEMBLACENSIS.

3622 344 3703 399 504

2078 452 2128 521 Α
2158 452 2391 507 multum
2458 453 2702 509 deferret
2754 457 2867 528 regi
2916 456 3211 524 Ludovico,
3267 460 3476 519 Calvum
3509 466 3699 527 Montem

2156 553 2393 599 castrum
2425 546 2856 603 munitissimum
2910 556 2965 603 et
3018 549 3364 616 ditissimum,
3421 555 3472 609 in
3521 574 3613 630 quo
3634 579 3703 618 rex

2153 633 2482 690 Francorum
2514 646 2943 710 congregaverat
2990 655 3263 708 expensas
3317 651 3370 698 et
3407 645 3628 704 victualia
3651 653 3703 705 ad

2151 737 2291 791 opus
2323 723 2473 791 belli,
2498 734 2563 801 et
2591 725 2859 795 plurimas
2908 726 3066 781 villas
3097 728 3153 782 in
3178 730 3399 786 circuitu
3429 733 3561 790 illius
3584 753 3703 794 com-

2152 813 2343 869 bussit.
2385 816 2499 881 Quo
2524 817 2713 873 audito
2760 835 2850 873 rex
2907 819 3236 875 Francorum
3266 825 3493 897 graviter
3525 828 3647 896 tulit,
3665 841 3705 886 et

2149 905 2397 961 collectis
2417 909 2628 964 viribus
2659 911 2796 972 suis.
2829 911 2967 967 latos
2997 911 3200 969 fundos
3229 931 3366 985 quos
3392 918 3601 975 Sanctus
3623 924 3707 978 Au-

2149 996 2363 1053 doenus
2392 1000 2634 1056 habebat
2666 1002 2722 1057 in
2741 1002 3045 1070 Vircasino,
3088 1006 3300 1062 scilicet
3329 1008 3522 1065 Vadum
3544 1013 3704 1086 Nigasii

2148 1094 2201 1142 et
2226 1089 2359 1145 alias
2412 1093 2587 1148 villas-
2648 1094 2996 1161 combussit;
3030 1097 3386 1155 Andeliacum
3415 1103 3563 1158 etiam
3599 1105 3703 1161 bur-

2148 1196 2274 1251 gum
2303 1183 2597 1253 optimum,
2630 1186 2723 1257 qui
2776 1193 2897 1242 erat
2946 1189 3205 1259 praprius
3270 1191 3433 1247 Beate
3478 1193 3622 1250 Marie
3665 1205 3706 1252 et

2148 1270 2550 1343 archiepiscOpi
2610 1275 3090 1353 Rothomageusis.
3148 1280 3418 1338 Nonnulla
3453 1285 3705 1359 etiamque

2147 1361 2497 1430 pertinebant
2524 1366 2593 1420 ad
2625 1368 2913 1424 ecclesiam
2935 1377 3123 1427 sancte
3151 1372 3424 1430 Trinitatis
3450 1375 3703 1434 Bothoma-

2143 1453 2350 1525 gensis,
2393 1457 2645 1513 vastavit.
2675 1459 2785 1514 Sed
2842 1477 2952 1518 non
2985 1463 3165 1519 defuit
3214 1464 3464 1523 festinata
3490 1469 3704 1525 vindicta.

2147 1544 2346 1600 Eadem
2381 1564 2619 1622 namque
2672 1552 2765 1608 die
2806 1555 2965 1610 multi
2995 1557 3063 1611 de
3106 1560 3350 1615 exercitu
3380 1562 3493 1631 ejus
3515 1579 3619 1618 cum
3646 1581 3707 1619 re-

2145 1636 2330 1693 dirent
2384 1642 2451 1695 ad
2505 1651 2701 1715 castra,
2746 1648 2858 1716 siti,
2909 1650 3043 1705 solis
3094 1651 3327 1721 fervore,
3376 1656 3594 1725 pulvere,
3618 1658 3704 1715 for-

2066 1728 2355 1827 Bmidine
2417 1733 2743 1827 deficientes
2799 1741 3208 1811 expiraverunt.
3272 1745 3362 1801 Sic
3422 1748 3570 1804 etiam
3598 1750 3702 1821 patri

2144 1818 2317 1886 ipsius
2350 1822 2563 1891 pridem
2610 1825 2750 1895 (646)
2812 1829 3129 1897 acciderat;
3163 1848 3290 1888 nam
3321 1835 3543 1892 initurus
3567 1818 3706 1894 certa-

423 1898 549 1937 cum
589 1885 879 1956 principali
937 1889 1190 1945 ecclesia.
1246 1891 1551 1949 Almaricus
1608 1914 1699 1950 rex
1736 1897 2037 1953 Jerusalem
2141 1885 2265 1963 mon
2295 1885 2415 1967 cum
2460 1914 2692 1971 Henrico
2747 1920 2967 1977 seniore
3027 1939 3157 1999 rege
3187 1926 3503 1998 Anglorum,
3533 1930 3580 1983 in
3621 1946 3702 2001 quo

424 1981 682 2001 Λςοιιιιηιηη
725 1977 789 2001 ..ιι
856 1979 1108 2001 -.με---εΑ
1155 1981 1403 2001 n-1,9|_,,-
1600 1987 1609 1996 -
1766 1987 1785 2001 ιι
1838 1990 1848 2001 1
1960 1999 1965 2001 Α
2140 1996 2150 2001 -
2208 1997 2224 2001 -

423 1981 685 2030 evocatus
723 1977 792 2030 ab
854 1979 1113 2035 amirario
1155 1981 1463 2051 Babilonie,
1525 1987 1613 2040 cui
1653 1987 2040 2045 cont‘cderatus
2138 1996 2366 2056 inferior
2387 2002 2507 2072 fuit,
2536 2009 2859 2076 precedeuti
2891 2018 3052 2068 nocte
3085 1977 3139 2069 ian
3179 1977 3377 2071 eodnem
3410 1977 3523 2074 vic'o
3548 1977 3703 2089 ιιοξρί-

429 2072 538 2089 ---ι
596 2067 807 2089 -L---12A
855 2069 1036 2089 ll-_-_,_
1058 2071 1078 2089 J
1102 2071 1153 2089 ,',
1587 2085 1595 2089 _
1702 2085 1709 2089 .
1747 2078 1780 2089 ν·-
1904 2081 1931 2089 Α.
2026 2088 2030 2089 ,

426 2072 562 2130 erat.
592 2067 811 2123 Obsedit
842 2069 1245 2141 Alexandriam,
1302 2091 1409 2146 que
1439 2085 1603 2147 caput
1633 2085 1717 2131 est
1744 2078 1956 2153 Egypti,
1984 2088 2037 2134 et
2136 2094 2281 2143 tatus
2308 2067 2505 2160 fuerat,
2535 2067 2589 2150 et
2618 2097 2829 2165 Franci,
2864 2102 2957 2171 qui
2996 2067 3360 2172 aferocitate,
3393 2115 3519 2163 teste
3544 2067 3702 2164 Valeru-

420 2157 590 2226 cepit,
622 2166 677 2212 el
703 2158 945 2214 reddidit
970 2176 1089 2216 eam
1146 2163 1424 2231 amirariO,
1483 2167 1575 2237 qui
1611 2168 1818 2244 pepigit
1847 2171 1896 2225 ei
1920 2171 2037 2225 sin-
2138 2180 2347 2239 tiniano
2382 2186 2749 2244 Romanorum
2782 2191 3132 2263 imperatore,
3174 2200 3355 2254 vocati
3386 2207 3524 2267 sunt,
3557 2202 3701 2256 eccle-

419 2257 565 2331 gulis
594 2259 757 2314 annis
810 2260 1074 2317 tributum
1119 2264 1188 2319 de
1253 2267 1448 2321 eadem
1510 2258 1757 2325 civitate
1793 2272 1862 2327 50
1891 2272 2041 2328 milia
2139 2269 2274 2325 siam
2309 2272 2467 2329 beate
2500 2276 2664 2333 Marie
2695 2257 2977 2336 Andoliaci
3017 2257 3297 2341 stabulum
3331 2257 3577 2361 equorum
3600 2305 3702 2345 suo-

417 2344 812 2417 Bizantiorum,
869 2352 1114 2422 exceptis
1161 2354 1230 2409 57
1297 2355 1537 2424 milibus,
1604 2374 1744 2430 quos
1774 2360 1941 2415 liabet
1970 2362 2038 2416 de
2143 2376 2262 2414 rum
2294 2361 2553 2421 fecerant.
2582 2368 2736 2424 Unde
2794 2371 2884 2425 alii
2943 2391 3130 2428 mrum
3165 2378 3335 2447 capti,
3384 2344 3472 2433 alii
3524 2395 3633 2435 vero
3656 2380 3698 2433 in

415 2438 699 2498 Babilone.
747 2441 893 2497 ldem
942 2444 1105 2499 etiam
1159 2463 1253 2501 rex
1314 2448 1467 2503 duxit
1527 2467 1749 2506 uxorem
1808 2463 2032 2524 neptem
2136 2446 2320 2523 fugam
2361 2452 2535 2525 elapsi
2559 2466 2703 2511 sunt.
2737 2458 2926 2515 Mense
2958 2463 3201 2534 Augusto
3233 2438 3421 2542 tregue
3448 2473 3637 2540 sumpta
3658 2476 3700 2522 et

412 2529 631 2585 Manuel
663 2529 1013 2603 imperatoris
1056 2533 1793 2609 Constantinopolitanicum
1835 2543 2028 2599 intini-
2126 2538 2307 2607 jurate
2353 2554 2480 2601 sunt
2539 2548 2682 2604 inter
2720 2566 2877 2626 reges
2936 2553 3232 2612 Henricum
3290 2569 3346 2614 et
3394 2560 3699 2625 Ludovicum,

412 2618 482 2673 tis
505 2619 801 2676 thesauris.

479 2707 633 2764 Circa
659 2714 1039 2780 pentecostem
1110 2713 1431 2771 Fredericus
1483 2716 1786 2789 imperator
1814 2721 2031 2776 Alema-

404 2816 628 2871 norum,
672 2804 857 2861 missis
911 2807 1248 2865 exercitibus
1288 2812 1422 2878 suis,
1485 2814 1688 2869 multos
1750 2815 2031 2872 Romano-

404 2910 524 2948 rum
577 2894 799 2962 occidit,
835 2897 955 2968 ipse
1010 2899 1079 2953 ab
1144 2902 1358 2957 eisdem
1419 2904 1624 2960 similia
1682 2919 2023 2979 recepturus.

403 2983 557 3041 Circa
599 3002 847 3042 mensem
904 2990 1110 3045 Julium
1157 3009 1258 3062 per
1313 2996 1673 3067 semetipsum
1730 2998 2027 3055 Leoninam

406 3080 633 3136 Romam
667 3082 889 3139 obsedit
910 3092 965 3139 et
998 3086 1167 3156 cepit,
1201 3094 1255 3142 et
1286 3088 1525 3160 quedam
1564 3091 1716 3159 juxta
1739 3095 2029 3150 ecclesiam

401 3169 549 3225 beati
583 3170 729 3226 Petri
757 3172 1049 3240 destruxit,
1105 3176 1317 3231 scilicet
1349 3179 1621 3248 porticum
1646 3189 1699 3236 et
1736 3183 1843 3236 alia
1875 3199 2022 3239 non-

404 3262 573 3318 nulla.
600 3264 926 3337 Antipapam
959 3267 1123 3322 etiam
1153 3268 1447 3325 Widoncm
1489 3273 1556 3327 de
1579 3274 1770 3330 (Ireme
1798 3276 2022 3334 Romam

406 3358 657 3420 adduxit.
691 3368 747 3414 et
776 3376 877 3431 per
914 3377 1137 3418 manum
1176 3364 1355 3434 ipsius
1407 3382 1630 3422 uxorem
1662 3385 1813 3425 suam
1844 3371 2025 3444 impe-

404 3450 659 3507 ratricem
691 3451 825 3507 fecit
873 3455 1127 3510 coronari
1186 3459 1342 3528 (Aug.
1402 3460 1475 3529 1).
1521 3460 1829 3519 Subsecuta
1884 3472 2024 3522 este

400 3543 634 3617 vestigio
664 3545 800 3602 ultio
848 3547 1057 3605 divina.
1116 3551 1251 3605 Nam
1306 3551 1534 3608 Karolus
1579 3554 1724 3610 filius
1778 3556 2022 3627 Corradi,

401 3634 642 3707 quiante
668 3637 1018 3694 Fredericum
1061 3641 1452 3714 imperaverat,
1485 3647 1852 3704 consobrinus
1882 3652 2022 3721 ejus,

398 3730 650 3779 mortuus
681 3733 766 3782 est
796 3728 885 3795 ατ,
916 3735 971 3784 et
1014 3730 1314 3787 Rainaldus
1368 3734 1826 3809 archiepiscOpus
1853 3738 2022 3796 Colo-

400 3815 611 3871 niensis
639 3818 1003 3877 cancellarius
1030 3823 1171 3892 ejus,
1225 3825 1383 3894 cujus
1413 3828 1647 3883 consilio
1679 3831 1848 3885 multa
1879 3832 2023 3887 mala

2132 2647 2308 2703 usque
2331 2634 2400 2688 ad
2442 2637 2662 2705 pascha.
2717 2640 2848 2695 Inde
2878 2644 3118 2712 perrexit
3145 2661 3240 2700 rex
3264 2647 3517 2703 Henricus
3543 2649 3587 2702 in
3612 2647 3702 2701 Bri-

2132 2724 2397 2792 tanniam,
2430 2734 2485 2783 et
2527 2729 2776 2785 subdidit
2827 2732 2930 2787 sibi
2976 2750 3172 2791 omnes
3236 2738 3533 2805 Britannos,
3553 2740 3697 2803 {etiam

2132 2812 2447 2870 Leonenses
2478 2834 2492 2882 ;
2525 2834 2649 2872 nam
2699 2819 3129 2891 Guibunmarus,
3187 2823 3339 2881 ﬁlius
3368 2828 3546 2884 Hervei
3578 2828 3698 2881 vice-

2131 2907 2349 2961 comitis
2396 2908 2700 2965 Leonensis
2739 2913 2896 2984 cujus
2946 2913 3112 2971 filiam
3143 2933 3335 2974 comes
3380 2919 3541 2975 Guido
3565 2919 3712 2980 habe-.

2132 3001 2226 3054 bat
2256 3000 2310 3053 in
2342 3000 2685 3075 conjugium,
2714 3003 2855 3058 datis
2904 3006 3194 3064 obsidibus
3247 3011 3496 3067 submisit
3519 3028 3572 3067 se
3592 3010 3696 3082 regi,

2131 3096 2341 3146 terrore
2409 3091 2772 3158 exanimatus,
2847 3110 2971 3150 cum
3027 3097 3246 3155 videret
3302 3108 3526 3157 castrum
3572 3116 3695 3156 suum

2134 3136 2340 3146 --.πη
2410 3136 2772 3158 -.................,
2848 3136 2971 3150 νυ...
3036 3136 3246 3155 "au...
3302 3136 3526 3157 υαωιυι..
3572 3136 3695 3156 auum

2054 3136 2555 3235 Cmunitissimum
2597 3183 2949 3240 combustum
3000 3192 3056 3242 et
3111 3196 3359 3258 captum,
3401 3196 3452 3245 et
3473 3188 3567 3244 alia
3588 3203 3698 3243 non-

2127 3272 2276 3327 nulla
2309 3273 2394 3328 vel
2417 3281 2584 3344 capta
2661 3275 2748 3329 vel
2788 3277 3024 3333 reddita.
3055 3278 3187 3334 Cum
3234 3281 3417 3338 adhuc
3444 3287 3698 3338 moraretur

2126 3378 2219 3417 rex
2253 3362 2309 3416 in
2342 3363 2645 3430 Britannia,
2704 3365 2916 3420 audivit
2955 3368 3210 3423 nuntium
3243 3370 3314 3425 de
3354 3380 3521 3426 morte
3545 3366 3696 3423 matris

2107 3470 2225 3520 suc
2254 3454 2531 3509 Mathildis
2587 3454 2973 3526 imperatricis.
3042 3461 3297 3517 Decessit
3346 3462 3486 3518 enim
3537 3462 3567 3515 4
3599 3459 3698 3515 ldus

2126 3544 2467 3616 Septembris
2499 3545 2844 3622 Rothomagi,
2911 3557 2967 3604 et
3004 3551 3229 3621 sepulta
3257 3560 3340 3607 est
3386 3553 3555 3609 Becci.
3583 3550 3696 3605 Thc-

2125 3655 2317 3695 sauros
2351 3640 2595 3698 inﬁnitos
2626 3643 2750 3713 pius
2783 3642 2928 3698 filius
2951 3643 3696 3714 distribuitecclesiis,mona-

2123 3732 2326 3799 steriis,
2358 3733 2591 3804 lcprosis
2620 3742 2675 3789 et
2702 3735 2826 3790 aliis
2857 3736 3219 3807 pauperibus,
3250 3753 3352 3809 pro
3376 3738 3545 3793 anima
3564 3735 3693 3791 illius.

2123 3824 2274 3880 Fecit
2315 3835 2498 3881 autem
2549 3828 2797 3898 predicta
2839 3828 3157 3899 imperatrix
3206 3829 3588 3886 monasterium
3640 3826 3695 3880 de

397 3909 638 3967 faciebat
665 3914 757 3981 ⁵³⁸,
793 3924 848 3971 et
898 3917 1196 3990 episcOpus
1249 3920 1590 3977 Leodiensis.
1628 3930 1683 3978 et
1740 3925 1897 3981 multi
1926 3927 2018 3982 alii
2121 3920 2256 3977 Voto
2288 3921 2343 3975 in
2377 3918 2650 3977 Calete’nsi
2685 3938 2825 4021 pago
2846 3922 3233 4021 juxtaluliam
3267 3925 3569 4021 ΔΒοῐιειιιωδι
3613 3936 3694 4021 po-

396 4009 508 4056 tam
571 4004 823 4077 episcopi
878 4023 1044 4079 quam
1095 4010 1371 4079 consules,
1404 4012 1661 4070 similiter
1706 4017 2011 4087 perierunt,
2118 4013 2229 4067 suit
2258 4012 2328 4067 ibi
2357 4015 2654 4069 monachos
2714 4013 3111 4074 Cistertienses.
3154 4016 3306 4073 Fecit
3333 4024 3389 4073 ct
3412 4012 3698 4073 monasteria

394 4093 602 4150 Dicitur
631 4096 804 4165 enim,
832 4100 979 4171 quod
1034 4109 1311 4157 crassante
1361 4105 1693 4162 mortalitate
1739 4109 1812 4162 25
1864 4110 2016 4165 milia
2118 4107 2532 4173 canonicorum,
2561 4124 2730 4162 unum
2773 4108 2924 4177 juxta
2957 4108 3167 4163 Cesaris
3208 4111 3468 4185 Burgum,
3498 4106 3695 4164 et'aliud

393 4182 676 4239 hominum
708 4186 778 4242 de
808 4190 1052 4244 exercitu
1080 4206 1180 4247 suo
1203 4194 1401 4248 mortui
1433 4206 1580 4250 sunt.
1634 4197 2014 4272 Longobardie
2117 4198 2173 4251 in
2196 4198 2332 4253 silva
2358 4198 2427 4253 de
2457 4197 2655 4254 Goﬂ‘er.
2687 4199 2765 4253 Ad
2798 4208 3040 4255 montem
3072 4199 3243 4254 etiam
3275 4201 3541 4272 lapideum
3561 4210 3695 4267 super

388 4273 658 4343 civitates,
691 4294 798 4350 que
828 4286 958 4335 sunt
1020 4297 1250 4338 numero
1278 4283 1369 4350 24,
1424 4283 1787 4341 Mediolanum
1834 4290 2017 4343 reedi-
2117 4286 2431 4358 Sequanam
2459 4288 2603 4359 apud
2638 4288 3064 4365 Rothomagum,
3092 4306 3123 4343 a
3150 4306 3211 4346 se
3238 4286 3694 4357 inchoatum,mul—

389 4372 555 4428 ticant
584 4375 640 4425 et
686 4372 755 4426 ab
821 4371 1154 4444 imperatore
1210 4374 1516 4440 deciscunt,
1574 4386 1762 4449 preter
1792 4380 2014 4452 Papiam
2118 4385 2226 4433 tam
2269 4396 2536 4435 summam
2570 4381 2803 4452 pecunie
2834 4381 3061 4437 dimisit.

388 4468 443 4519 et
480 4463 761 4521 Vercellas
787 4463 877 4517 “9.
914 4464 971 4517 In
1028 4464 1239 4519 octavis
1290 4473 1641 4537 pentecostes
1685 4486 1777 4523 rex
1809 4472 2013 4545 Anglo-
2034 4491 2096 4563 D
2188 4470 2490 4527 Richardus
2532 4473 2705 4528 abbas
2757 4474 2942 4528 Sancti
2975 4474 3118 4530 Petri
3153 4492 3327 4547 super
3366 4475 3545 4531 Divam
3574 4472 3690 4541 (647;

393 4570 512 4609 rum
536 4562 593 4610 et
617 4570 711 4609 rex
738 4552 1071 4609 Francorum
1104 4553 1160 4607 in
1192 4554 1472 4610 Vircasino
1528 4556 1766 4612 locuturi
1786 4558 1855 4613 de
1879 4576 2012 4629 pace
2034 4552 2086 4563 ”
2114 4563 2334 4626 obiit,et
2390 4566 2659 4621 successit
2690 4566 2976 4621 Ranncrus
3028 4569 3337 4623 monachus
3371 4567 3577 4623 Cadomi
3612 4575 3691 4635 pro

388 4649 788 4700 convenerunt.
825 4643 932 4698 Sed
980 4642 1316 4715 primoribus
1371 4645 1526 4717 regni
1560 4646 1891 4704 Francorum
1915 4665 2013 4705 ex-
2112 4669 2199 4709 eo.
2235 4654 2479 4709 Decessit
2501 4653 2663 4710 etiam
2689 4654 2916 4709 Michael
2947 4655 3117 4710 abbas
3142 4656 3367 4711 Aratelli
3401 4655 3557 4725 (648),
3594 4667 3691 4707 mo-

386 4731 777 4787 acerbantibus
805 4732 1088 4787 lenitatem
1117 4732 1266 4808 regis
1298 4731 1582 4802 Ludovici,
1618 4736 1756 4790 nihil
1788 4736 2009 4807 profue-
2112 4745 2323 4799 nachus
2368 4744 2546 4809 Becci,
2599 4753 2655 4801 et
2712 4746 3043 4801 substitutus
3087 4753 3170 4801 est
3210 4763 3313 4818 pro
3352 4762 3418 4805 eo
3464 4742 3691 4799 Henricus

387 4832 534 4879 runt.
564 4823 1048 4898 Congregaverunt
1078 4826 1263 4898 itaque
1284 4835 1514 4898 uterque
1546 4827 1822 4884 infinitum
1854 4846 2008 4886 exer—
2108 4853 2374 4893 monacus
2399 4837 2580 4903 Becci,
2638 4844 2957 4908 procurator
3006 4838 3289 4909 hospitum
3322 4838 3408 4892 σεο.
3445 4836 3588 4892 Jocio
3619 4848 3689 4887 ar-

386 4913 554 4969 citum
579 4915 647 4970 de
679 4915 831 4971 omni
884 4923 1156 4988 potestate
1202 4933 1323 4985 sua,
1383 4926 1437 4974 et
1489 4919 1754 4975 alteruter
1783 4922 2006 4978 castella
2106 4927 2497 4998 chiepiscOpus
2528 4925 2860 5007 Turonensis
2909 4926 3277 4982 concordatus
3334 4934 3420 4980 est
3448 4934 3687 4994 cumrege

384 5021 489 5062 sua
526 5007 901 5064 muniverunt.
960 5010 1089 5066 Cum
1122 5018 1307 5067 autem
1367 5029 1459 5068 rex
1522 5013 1851 5069 Francorum
1900 5017 2003 5071 ali-
2104 5020 2426 5096 Anglorum.
2468 5018 2813 5074 Venerabilis
2880 5019 3033 5107 Hugo
3090 5018 3261 5074 abbas
3318 5015 3517 5107 Cerasii
3565 5010 3684 5107 (64?)

383 5103 618 5170 quantas
646 5098 866 5155 villulas
898 5100 957 5156 in
986 5118 1190 5172 marca,
1244 5105 1389 5160 inter
1440 5105 1748 5162 Medantam
1794 5117 1849 5164 et
1904 5110 2003 5165 Pa-
2106 5112 2345 5166 humane
2384 5108 2494 5163 vite
2524 5107 2815 5204 moriendo
2835 5106 3103 5204 satisfecit
3133 5125 3147 5174 ;
3180 5106 3277 5178 qui
3551 5098 3686 5204 aliud;

381 5185 655 5245 scheium.
687 5188 1105 5260 combussisset,
1138 5208 1233 5249 rex
1283 5194 1550 5251 Henricus
1578 5195 1842 5266 irritatus,
1875 5200 2004 5257 licet
2104 5200 2244 5256 rexit
2268 5199 2416 5254 idem
2476 5197 2893 5254 monasterium.
2957 5196 3093 5251 Huic
3157 5194 3427 5250 successit
3461 5191 3686 5247 Martinus

1741 5298 1960 5355 VAthE
1989 5300 2365 5359 LECTIONES.

455 5385 848 5470 “113°81‘th
872 5392 978 5470 tres
1000 5403 1362 5470 uoceserasqs.
1421 5394 1517 5470 “‘_
1540 5400 1666 5465 post
1706 5398 1859 5470 lianc
1887 5401 2100 5470 aliquos
2148 5416 2295 5456 voces
2355 5414 2539 5456 erasa.
2592 5399 2660 5433 “9
2711 5396 2862 5453 Circa
2893 5404 3093 5469 pentec
3119 5426 3187 5437 —
3215 5393 3493 5452 Vercellas
3519 5387 3685 5447 desunt

384 5455 480 5515 8b.
509 5455 606 5514 8h.
638 5457 709 5494 ⁶⁸⁰
735 5458 1042 5515 Richardus
1068 5490 1139 5501 —
1164 5462 1447 5533 hospitum
1479 5455 1674 5524 desunt
1693 5468 1785 5524 8b.
1810 5471 1904 5525 8h.

1935 5571 2149 5631 NOTAE.
2183 5643 2329 5713 (648)
2355 5640 2767 5713 Préaux,dioec.
2796 5640 3172 5713 Luxoviensis.

2184 5711 2322 5782 (649)
2357 5714 2564 5784 Cerisy,
2598 5711 2763 5781 diose,
2794 5712 3131 5782 Bajocensis.

637 5632 705 5685 Α.
730 5629 887 5686 1119.

476 5629 581 5685 656

476 5630 581 5685 656
637 5632 705 5685 Α.
730 5630 887 5686 1119.

455 5630 601 5775 ξϐϋζ
630 5702 804 5758 Dioec.
837 5701 1146 5773 Sagiensis.

475 5698 579 5755 647
