3858 6206
146 331 243 387 505
1014 326 1359 383 CHRONICA.
1401 356 1471 369 -——-
1510 327 2235 386 AUCTARIUMPOBERTI
2275 332 2358 385 DE
2397 331 2640 386 MONTE.
3356 325 3463 385 506

275 473 621 513 κοΜΑηοιιυΜ.
776 471 1111 512 ῖιιΑΝοοιιυυ.
1264 469 1571 511 numnum.
1761 459 1814 529 Α
1840 459 1955 512 suis
1982 458 2259 514 militibus
2287 466 2341 513 et
2368 459 2535 513 victui
2568 459 2910 521 necessariis,
2945 460 3134 515 relicta
3166 458 3241 513 ibi
3270 456 3462 531 regina

150 567 391 607 monacus
417 551 665 621 ejusdem
710 550 815 604 loci
848 550 936 605 τίδ’.
973 550 1183 625 Regina
1213 550 1434 606 Alienor
1474 548 1739 604 transfre-
1840 566 1961 605 cum
2013 550 2213 604 comite
2258 549 2488 603 Patricio
2551 548 2968 614 Salesberiensi,
3030 549 3299 605 avunculo
3350 549 3460 603 Ro-

148 644 263 699 tavit
302 644 357 697 in
414 643 680 718 Angliam,
735 644 945 698 ducens
991 660 1178 698 secum
1213 643 1381 699 ﬁliam
1430 661 1584 699 suam
1632 645 1742 699 Ma-
1840 643 1981 697 trodi
2040 642 2258 697 comitis
2287 640 2656 703 Perticeusis;
2710 641 2764 694 in
2821 641 3027 695 octavis
3079 642 3282 710 pasche
3315 640 3459 695 inter

148 738 355 793 lhildem
394 738 451 792 in
504 738 690 813 vigilia
728 739 925 793 natalis
971 740 1186 794 Domini
1227 740 1338 795 duo
1395 740 1553 794 stulte
1594 740 1739 813 ignei
1842 733 2095 788 Paccium
2128 741 2182 787 et
2228 733 2540 787 Mcdantum
2572 731 2625 785 in
2656 728 2970 793 Normania,
3007 730 3290 783 locuturus
3331 744 3453 782 cum

147 826 344 889 coloris,
374 843 609 899 quarum
654 844 765 882 una
791 836 906 883 erat
935 844 1152 903 magna,
1194 830 1365 884 altera
1420 846 1608 901 parva,
1640 846 1737 900 ap-
1841 839 1969 898 rege
1997 823 2324 878 Francorum
2359 829 2414 877 et
2445 820 2677 888 iniurias
2719 836 2847 873 suas
2879 819 2946 872 ab
2976 833 3041 873 eo
3079 817 3457 887 expostulatu-

146 927 423 988 paruerunt
472 920 528 973 in
565 921 875 987 occidente,
926 926 980 975 et
1012 902 1169 975 erant
1209 921 1366 992 quasi
1398 923 1736 990 conjuncte;
1840 929 1952 977 rus,
2011 913 2264 967 accessit.
2307 911 2591 983 Siquidem
2647 909 2847 964 Pictavi
2878 908 2946 962 ad
3004 921 3185 977 regem
3223 902 3460 956 Franco-

146 1018 312 1079 postea
349 1010 624 1079 disjuncte
677 1018 805 1066 sunt
868 1012 1037 1085 longo
1085 1013 1286 1083 spatio,
1355 1021 1409 1068 ct
1470 1029 1736 1084 apparere
1840 1022 1957 1061 rum
2008 1013 2291 1073 venerant,
2351 1013 2405 1060 et
2435 1004 2660 1061 obsides
2702 1018 2832 1057 suos
2883 1009 3074 1057 contra
3123 1016 3307 1073 regem
3348 1000 3457 1053 An-

145 1103 460 1162 desiverunt.
495 1104 658 1159 Natus
690 1114 775 1160 est
821 1104 1101 1161 Johannes
1150 1105 1299 1161 ﬁlius
1353 1107 1497 1179 regis
1536 1108 1668 1181 Angl

1936 1114 2075 1165 rum,
2099 1096 2256 1165 cujus
2285 1094 2491 1166 proprii
2524 1101 2700 1160 erant,
2728 1092 2778 1147 ei
2811 1091 3099 1146 dederant.
3142 1090 3292 1144 Unde
3331 1105 3456 1145 cum

142 1212 245 1253 rum
266 1198 350 1255 “’.
1622 1179 1644 1181 id
1840 1188 1970 1242 hinc
1999 1187 2128 1241 inde
2159 1185 2386 1258 grandis
2421 1184 2707 1239 altercatio
2738 1182 2914 1247 ﬁeret,
2948 1197 3052 1236 nec
3090 1196 3183 1235 rex
3211 1179 3455 1234 Franco-

203 1289 351 1345 1168.
394 1290 702 1346 Fredericus
743 1290 828 1345 17.
871 1291 1173 1347 Ludovicus
1214 1291 1299 1348 3|.
1344 1293 1605 1349 Henricus
1644 1294 1726 1349 14.

1935 1296 1956 1333 u
1986 1278 2231 1339 obsides,
2285 1292 2424 1348 quos
2461 1283 2651 1331 contra
2694 1274 2972 1343 justiciam
3028 1279 3272 1344 ceperat,
3329 1271 3458 1327 red-

203 1385 273 1440 Ad
326 1387 502 1441 natale
546 1386 645 1441 fuit
697 1402 791 1441 rex
826 1386 1095 1443 Henricus
1127 1389 1537 1462 Argentomagi,
1570 1396 1624 1445 et
1656 1396 1726 1445 te-

1934 1386 1972 1425 *e
2022 1370 2204 1431 vellet.
2260 1367 2481 1443 iuducic
2537 1368 2661 1421 date
2716 1373 2845 1421 sunt
2893 1380 3067 1436 usque
3113 1364 3180 1418 ad
3236 1369 3457 1418 octavas

146 1474 248 1530 nuit
268 1475 338 1528 ibi
370 1491 625 1548 magnam
656 1476 862 1531 curiam
891 1476 946 1531 in
982 1492 1121 1532 nova
1149 1477 1272 1532 aula
1312 1494 1428 1533 sua.
1460 1478 1669 1534 Mathilr

1930 1461 2007 1516 .cti
2048 1460 2336 1516 Johannis.
2400 1459 2551 1514 Circa
2596 1474 2726 1513 vero
2767 1465 2986 1513 octavas
3042 1456 3249 1527 pasche
3303 1455 3453 1523 dolo,

144 1566 240 1623 ﬁlia
263 1569 404 1643 regis
450 1570 669 1624 Henrici
712 1587 839 1626 cum
874 1570 1092 1626 inﬁnita
1133 1573 1365 1643 pecunia
1394 1582 1448 1629 et
1477 1581 1739 1646 apparatu
1844 1553 2501 1646 Picmvensmfnhoc‘ﬁsus
2642 1568 2828 1646 09m“
2860 1551 3149 1646 muria”?!
3184 1561 3238 1646 ei
3266 1552 3456 1646 δέραι-

146 1641 355 1715 ηηιχίηιδ
382 1661 545 1716 dum,
598 1668 681 1716 ρει
708 1662 762 1716 in
815 1641 1152 1718 Memmi“,
1185 1664 1252 1719 ad
1284 1641 1738 1735 Sponsum'suum
1842 1652 1928 1699 tus
1957 1650 2039 1698 est
2065 1643 2211 1713 apud
2239 1644 2491 1697 Sanctum
2528 1642 2806 1695 Hilarium.
2866 1642 3136 1696 Successit
3184 1641 3233 1696 ei
3282 1641 3451 1705 ﬁlius,

151 1750 413 1805 Hem-tcum
447 1751 647 1805 ducem
675 1751 946 1808 sansonie
978 1753 1047 1787 ess
1084 1760 1137 1808 et
1178 1730 1450 1822 Bajoérie;
1506 1769 1735 1825 quorum
1770 1782 1817 1850 Β
1844 1743 2003 1789 natus
2040 1749 2111 1850 αἱ
2138 1733 2248 1850 iil‘i‘a
2280 1732 2563 1850 GuillermAi
2605 1730 2822 1785 comitis
2854 1730 3113 1850 Pontivi,l
3145 1739 3314 1786 matre
3364 1747 3455 1787 co-

162 1841 170 1850 .
275 1849 279 1850 ,
660 1843 672 1850 .
733 1844 745 1850 -
804 1844 817 1850 -
1441 1845 1454 1850 -
1842 1824 2066 1850 ....:.:..,...
2123 1840 2148 1850 ,ι
2207 1848 2209 1850 ,
2250 1828 2452 1850 nene...“
2571 1829 2830 1850 ηιηηηηηι
2879 1821 3054 1850 ...ξι-..ιη
3085 1829 3210 1850 ιηίη
3246 1828 3427 1850 Ara-nn.

146 1841 411 1896 ducatuum
453 1859 625 1896 unum
660 1843 896 1899 habebat
926 1861 990 1899 ex
1033 1852 1184 1914 patre
1235 1861 1358 1910 suo,
1409 1845 1637 1900 alterum

1927 1824 2149 1879 tissaade
2182 1823 2475 1877 Warenna.
2525 1824 2831 1893 Antequam
2879 1821 3057 1893 trigue
3084 1821 3211 1875 (late
3244 1828 3450 1886 essent,

147 1936 314 1984 matre.
337 1929 493 1984 Pater
522 1930 699 2000 ipsius
722 1930 825 1985 fuit
859 1932 1125 1986 Henricus
1151 1933 1279 1999 dux,
1314 1934 1406 2005 qui
1449 1933 1547 1988 fuit
1579 1942 1669 1989 nat

1929 1964 1933 1971 ,
1977 1916 2273 1991 Anglorum
2318 1915 2717 1970 submonuerat
2760 1915 3041 1969 Eudonem
3071 1911 3452 1967 vicecomitem

144 2032 196 2069 ex
244 2016 345 2071 ﬁlia
392 2017 630 2073 Lotharii
687 2019 1057 2089 imperatoris,
1122 2021 1215 2091 qui
1268 2003 1395 2075 anim
1438 2021 1732 2077 corradum
1840 2009 1908 2061 de
1950 2005 2258 2071 Purrolioit,
2301 2006 2394 2076 qui
2426 2006 2640 2059 eatinus
2673 2004 2975 2059 umbratico
3016 2003 3238 2057 nomine
3269 2016 3455 2057 comes

141 2108 491 2177 imperaverat.
522 2109 620 2164 Hic
652 2109 934 2174 Henricus,
961 2112 1172 2166 scilicet
1197 2112 1406 2179 junior,
1441 2111 1534 2183 qui
1566 2111 1664 2165 ﬁlia

1930 2099 2147 2164 :abatur,
2177 2105 2232 2152 et
2261 2096 2349 2152 cui
2382 2104 2529 2151 tanta
2549 2097 2693 2151 bona
2725 2096 3053 2159 contulerat,
3084 2105 3142 2149 ut
3181 2094 3249 2148 ad
3280 2094 3453 2148 servi-

141 2198 263 2268 regis
290 2198 583 2270 Anglorum
623 2199 796 2265 duxit,
829 2215 996 2271 super
1036 2217 1301 2275 paganos,
1343 2202 1553 2256 scilicet
1578 2202 1659 2256 Scl

1931 2206 1967 2242 τι
1993 2201 2051 2243 et
2080 2188 2411 2257 adjutorium
2442 2204 2598 2241 suum
2632 2188 2875 2252 veniret;
2923 2187 3067 2258 quod
3112 2187 3227 2256 ipse
3272 2186 3454 2240 renuit

139 2305 219 2343 V05
247 2297 297 2344 et
335 2290 668 2349 Vindelicos.
717 2300 926 2347 tantum
959 2294 1278 2365 adquisivit,
1321 2295 1468 2366 quod
1500 2294 1625 2350 fecit
1654 2296 1725 2350 ibi
1833 2294 1885 2340 et
1915 2286 2145 2357 quidam
2195 2286 2284 2339 alii
2330 2287 2395 2339 de
2428 2285 2702 2339 Britannis
2744 2284 2795 2338 ei
2841 2284 3205 2343 confederati,
3239 2281 3453 2336 scilicet

137 2388 227 2435 tres
251 2383 615 2454 episcopatus.
649 2383 792 2439 Obiit
823 2386 893 2420 6“
921 2386 1172 2441 Terricus
1212 2402 1397 2442 comes
1428 2387 1729 2441 Flandren-
1830 2379 2118 2443 Oliverius,
2151 2378 2297 2432 ﬁlius
2336 2378 2531 2432 Oliveri
2562 2378 2630 2431 de
2660 2378 2876 2431 Dinam.
2913 2383 2967 2430 et
3002 2375 3300 2430 Hollandus
3325 2388 3455 2429 con-

137 2470 216 2537 sis,
237 2473 315 2527 cui
354 2475 623 2530 successit
668 2475 959 2547 Philippus
992 2475 1135 2532 ﬁlius
1175 2494 1316 2547 ejus,
1350 2479 1442 2549 qui
1481 2479 1591 2547 jam
1628 2480 1722 2534 diu
1826 2475 2087 2530 sobrinus
2118 2475 2254 2543 ejus.
2306 2474 2415 2527 Rex
2462 2474 2646 2543 itaque
2705 2488 2813 2527 non
2860 2471 3139 2525 immerito
3188 2471 3452 2525 adversus

139 2563 417 2618 comitatum
449 2564 608 2619 illum
641 2575 876 2631 rexerat,
919 2582 1042 2621 cum
1075 2574 1231 2637 pater
1268 2567 1414 2621 illius
1447 2568 1729 2625 iterJeru-
1829 2580 1924 2619 eos
1984 2564 2172 2630 iratus,
2219 2580 2249 2617 a
2283 2563 2484 2632 capite,
2517 2561 2728 2616 scilicet
2758 2560 2842 2614 ‘ah
2877 2560 3099 2614 Eudone
3152 2558 3447 2628 incipiens,

140 2655 281 2710 salem
323 2656 722 2729 frequentabat.
767 2660 1077 2730 Stephanus
1108 2662 1176 2716 de
1226 2662 1499 2733 Filgeriis,
1541 2666 1727 2734 capel-
1830 2657 2057 2712 vastm’il
2085 2665 2140 2711 οι
2183 2655 2489 2711 οοιηὺιιεείῐ
2526 2654 2647 2723 eius
2677 2662 2901 2719 ίοπθηῒν
2944 2654 3226 2706 desummo
3258 2651 3451 2722 i"‘Pri'

144 2744 273 2799 Ianus
296 2748 435 2822 regis
477 2748 720 2811 chrici,
766 2748 939 2804 factus
970 2758 1051 2805 est
1094 2751 1390 2822 episc0pus
1437 2752 1730 2808 Rodonen-
1834 2749 1938 2802 mis
1985 2748 2209 2803 castello
2261 2747 2545 2810 Joscelini,
2611 2746 2758 2817 quod
2818 2746 3049 2800 habebat
3097 2745 3444 2816 precipuum.

140 2838 216 2891 sis.
260 2839 586 2897 Fiscanense
646 2846 1036 2899 monasterium
1105 2846 1449 2901 combustum
1511 2858 1592 2903 est
1637 2851 1723 2906 6⁵⁵.
1834 2840 2161 2895 (ἷοῐηὶῐᾶῐιιω
2217 2840 2381 2895 etiam
2444 2840 2513 2893 d0
2565 2838 2836 2894 BFOCI‘OCh
2894 2837 3121 2892 abswiit
3168 2836 3240 2899 οἱ»
3293 2835 3449 2903 cuius

140 2927 291 2986 Mense
320 2933 614 2990 Februario
640 2936 841 2991 accidit
870 2937 1147 3009 quoddam
1188 2939 1440 2993 mirabile
1460 2941 1514 2994 in
1548 2940 1663 2995 Ccni

1924 2936 1995 2984 »ιιι
2032 2937 2114 2983 est
2163 2929 2354 2984 civitas
2387 2927 2798 2992 Venetensium,
2839 2943 3001 2998 quam
3049 2943 3141 2980 rex
3183 2925 3236 2978 in
3281 2940 3447 2979 manu

139 3024 351 3077 manensi
385 3041 544 3100 pago,
579 3033 757 3081 castro
806 3027 1083 3095 Freornai,
1146 3030 1295 3101 quod
1351 3040 1586 3087 castrum
1641 3040 1725 3087 ρει
1828 3038 1927 3077 sua
1958 3023 2124 3093 cepit,
2175 3021 2329 3090 cujus
2374 3028 2591 3092 portum
2650 3020 2828 3074 Julius
2873 3020 3037 3074 Cesar
3075 3018 3304 3072 miriﬁce
3350 3032 3446 3071 ex-

139 3108 370 3169 Roscelini
419 3117 763 3172 vicecomitis
816 3118 1313 3185 Cenomannorum,
1348 3123 1441 3194 qui
1476 3124 1638 3181 habet

1914 3112 2075 3167 lcudo
2103 3110 2377 3166 collaudat
2411 3110 2465 3164 in
2512 3110 2651 3166 libro
2696 3125 2859 3179 quem
2914 3108 3134 3178 scripsit
3175 3107 3244 3161 de
3291 3106 3437 3161 bello

136 3204 356 3278 conjugio
396 3209 715 3265 Mathildem
778 3211 942 3266 ﬁliam
995 3214 1219 3268 notham
1279 3216 1438 3285 primi
1503 3195 2026 3274 lleni-icii‘tlallico
2067 3202 2247 3273 (6250);
2308 3199 2596 3253 dimidium
2658 3200 2822 3253 etiam
2883 3196 3157 3252 Cornuhie
3215 3195 3443 3266 (651)ρί

136 3297 254 3370 regis
324 3302 663 3375 Anglorum,
743 3311 1089 3360 materteram
1171 3308 1400 3362 secundi
1499 3309 1715 3367 uenrici
1818 3293 2061 3348 abstulit.
2105 3291 2330 3347 Obsedit
2391 3289 2558 3343 etiam
2613 3288 2902 3343 castellum
2965 3287 3156 3349 Abrai;
3219 3294 3441 3356 captum

137 3388 254 3458 regis
291 3392 603 3465 Anglorum,
651 3412 719 3449 ex
757 3413 863 3469 qua
926 3398 1119 3469 genuit
1171 3399 1460 3455 Ricardum
1519 3404 1613 3474 qui
1659 3405 1709 3457 ei
1818 3386 2070 3442 munivit.
2106 3386 2323 3440 Vastata
2363 3383 2530 3455 igitur
2561 3381 2807 3474 Eudonis
2857 3390 2999 3474 terra
3030 3387 3084 3434 et
3112 3380 3179 3433 ad
3220 3378 3436 3474 libitum

135 3484 379 3549 successit,
425 3495 479 3540 et
526 3486 911 3551 Guillermum,
971 3489 1057 3543 cui
1116 3492 1394 3545 secundus
1452 3493 1658 3549 llenricl

1906 3493 1978 3530 1m
2010 3475 2251 3540 redacta,
2287 3474 2355 3527 ad
2400 3480 2599 3527 terram
2644 3470 3077 3525 Dinannensium
3120 3468 3429 3539 appropin-

136 3581 208 3621 rex
234 3569 510 3645 Anglorum
536 3574 695 3629 dedit
722 3575 775 3629 in
820 3577 1119 3633 Brittannia
1150 3578 1315 3634 ﬁliam
1357 3580 1607 3636 Rollandi
1645 3602 1659 3637 t

1919 3588 2011 3636 .ns,
2062 3576 2297 3624 castrum
2354 3567 2541 3621 Hedde
2601 3583 2632 3621 a
2683 3565 2955 3620 Gaufredo
3009 3566 3080 3619 de
3128 3561 3442 3618 Monteforti

138 3653 255 3712 Reus
295 3675 410 3714 cum
462 3668 609 3717 terra
662 3663 854 3734 ipsius.
904 3666 962 3719 In
1017 3667 1118 3722 hac
1162 3668 1349 3739 itaque
1407 3671 1715 3728 munitione
1815 3663 1921 3717 sibi
1979 3661 2254 3716 redditum
2308 3659 2564 3724 munivit,
2635 3666 2690 3713 et
2740 3657 3146 3712 Tintinniacum
3220 3655 3436 3710 evertit.

141 3743 306 3801 ﬂuvius
325 3748 507 3816 Sartae,
540 3751 638 3823 qui
673 3752 997 3822 preterﬁuit,
1032 3755 1145 3810 fere
1188 3773 1287 3827 per
1326 3758 1514 3813 horam
1547 3769 1601 3815 et
1641 3762 1720 3815 di-
1822 3755 1955 3810 Inde
1996 3752 2253 3807 Becherel
2293 3750 2658 3805 munitionem
2708 3748 2959 3805 Rollandi
3002 3749 3071 3802 dc
3112 3748 3303 3801 Dinam
3344 3746 3442 3801 ﬁr-

139 3833 327 3891 midiam
365 3839 605 3895 siccatus
636 3847 737 3907 est,
780 3841 853 3896 ita
903 3851 960 3897 ut
1010 3843 1221 3899 calciati
1254 3846 1426 3901 siccis
1470 3849 1720 3923 vestigiis
1820 3844 2129 3900 missimam
2164 3857 2263 3912 per
2292 3840 2500 3911 aliquot
2530 3839 2647 3894 dies
2691 3838 2974 3895 obsidens.
3010 3836 3271 3890 adhibitis
3316 3851 3440 3889 ma-

140 3936 331 3992 possent
372 3931 625 3996 transire,
654 3947 794 3985 cum
827 3939 988 3986 antea
1018 3932 1106 3987 vix
1131 3934 1257 4005 equi
1284 3934 1494 4008 absque
1526 3945 1713 3993 natatu
1820 3935 1997 3990 chinis
2036 3932 2183 4003 cepit
2214 3940 2269 3985 et
2306 3929 2560 3984 munivit.
2608 3928 2794 3982 Leliun
2826 3942 2954 3982 vero
2987 3935 3221 3981 castrum
3270 3926 3439 3995 (632),

138 4024 324 4080 possent
370 4018 745 4074 transvadare.
796 4020 904 4076 Hoc
960 4021 1123 4076 etiam
1180 4024 1378 4080 accidit
1430 4009 1715 4083 Londonie
1817 4028 1872 4082 in
1930 4042 2039 4098 quo
2097 4023 2400 4080 Hollandus
2454 4021 2693 4075 maxime
2736 4019 3086 4084 conﬁdebat,
3129 4019 3258 4091 quia
3322 4024 3493 4073 erat'

138 4100 191 4155 de
239 4104 476 4163 Tamensi
507 4108 761 4174 ﬂumine,
805 4116 1051 4182 tempore
1106 4114 1266 4184 primi
1313 4115 1528 4169 Henrici
1569 4118 1714 4189 regis
1817 4128 2008 4173 natura
2038 4124 2093 4172 et
2123 4122 2239 4170 arte
2280 4112 2734 4172 munitissimum,
2784 4108 3117 4173 obsedisset,
3158 4108 3263 4162 nisi
3312 4106 3437 4161 bre-

141 4193 420 4270 Anglorum,
483 4203 545 4256 14
603 4201 712 4255 Kal.
763 4202 946 4257 Marcii
1004 4211 1335 4262 terremotus
1386 4206 1560 4263 factus
1608 4217 1710 4278 est,
1813 4210 1953 4266 vitas
1980 4206 2196 4263 termini
2231 4204 2400 4260 eundi
2432 4202 2499 4257 ad
2532 4200 2869 4273 colloquium
2904 4199 3049 4272 regis
3105 4198 3432 4252 Francorum

143 4293 184 4340 ct
204 4290 378 4361 globus
413 4295 614 4368 igneus
644 4297 793 4352 visus
847 4305 931 4353 est
975 4315 1072 4370 per
1101 4315 1229 4354 aera
1280 4300 1589 4355 discurrere
1621 4304 1708 4353 6⁵6.
1814 4315 1938 4355 eum
1974 4303 2212 4372 urgeret.
2258 4293 2475 4348 Tradita
2525 4291 2707 4361 itaque
2758 4297 2901 4343 terra
2933 4286 3181 4342 liollandi
3234 4285 3441 4356 rapinis

198 4378 375 4439 Pictavi
402 4396 455 4441 et
502 4389 762 4459 Aquitani
798 4405 862 4444 ex
897 4390 1087 4459 majori
1128 4397 1299 4461 parte.
1336 4390 1389 4445 id
1419 4398 1502 4447 est
1529 4409 1714 4450 comes
1747 4444 1793 4461 η
1821 4399 1875 4447 et
1926 4388 2224 4454 incendiis,
2278 4386 2414 4441 citra
2454 4384 2639 4438 Riecm
2702 4381 2928 4443 flumen,
2975 4379 3167 4434 eadem
3226 4378 3339 4450 egit
3383 4376 3439 4429 in

142 4468 197 4523 de
230 4472 444 4542 Marcha,
474 4492 663 4533 comes
695 4479 1210 4553 Engolismensium,
1261 4480 1597 4537 Haimericus
1644 4484 1715 4538 de
1746 4467 1798 4510 υ
1820 4477 2204 4542 ulterioribus;
2236 4492 2360 4530 nam
2395 4472 2622 4528 transito
2662 4486 2825 4525 amne
2856 4485 2955 4539 per
2996 4468 3181 4522 Lehun
3205 4467 3442 4520 descen-

139 4553 434 4632 Lizennioio,
467 4567 757 4637 Robertus,
791 4578 844 4625 et
875 4571 1024 4644 Hugo
1054 4571 1220 4626 frater
1245 4573 1365 4641 ejus
1404 4573 1472 4628 de
1522 4574 1708 4637 Sileio,
1817 4573 1977 4637 deus,
2006 4575 2059 4623 et
2083 4567 2300 4638 aliquas
2330 4561 2692 4635 perl‘undans,
2744 4558 3033 4614 monachis
3064 4553 3443 4610 Lehunnensi-

137 4651 279 4742 etalii
312 4656 483 4728 multi,
513 4660 808 4716 voluerunt
860 4663 1128 4717 rebellare
1185 4672 1375 4719 contra
1406 4681 1629 4737 regem;
1662 4673 1716 4721 et
1816 4667 1918 4720 bus
1957 4659 2221 4733 pepercit.
2278 4658 2466 4712 Dinam
2508 4670 2638 4710 vero
2695 4652 2990 4716 circuiens,
3045 4649 3283 4721 quedam
3336 4646 3435 4701 de-

140 4735 376 4799 incendiis
402 4754 456 4801 et
482 4748 693 4819 rapinis
723 4767 1028 4822 pauperum
1062 4735 1713 4820 incumbentespcircun-
1815 4752 2030 4815 struxit,
2065 4748 2300 4821 quedam
2356 4745 2559 4799 intacta
2589 4742 2829 4814 reliquit.
2894 4741 2951 4794 lu
2997 4754 3138 4813 pago
3195 4735 3438 4791 Aletensi

141 4839 323 4915 (Il-Ianle
372 4836 779 4893 crassabantur.
844 4839 997 4903 Quod
1052 4856 1144 4894 rex
1207 4840 1441 4895 audiens
1480 4842 1718 4915 impiger
1819 4842 2012 4897 eadem
2044 4836 2232 4914 gessit.
2258 4836 2317 4890 In
2349 4832 2557 4888 octavis
2586 4830 2761 4885 sancti
2796 4828 3067 4885 Johannis
3095 4836 3318 4882 ventum
3354 4834 3443 4880 est

139 4912 345 4986 advolat;
368 4931 423 4977 et
447 4939 639 4979 eorum
672 4927 885 4983 insanie
911 4927 1211 4995 obsistens,
1248 4912 1603 4987 Lizcnnoium
1623 4912 1720 4989 ica-
1820 4934 1888 4991 ad
1918 4912 2209 4989 Feritatcm
2255 4924 2539 4993 tternardi,
2579 4923 2674 4978 ubi
2705 4923 2775 4978 de
2807 4937 2942 4993 pace
2971 4921 3118 4976 inter
3149 4935 3307 4995 reges
3330 4929 3438 4973 tra-

142 5012 282 5066 8(τιιῐῐι
339 5019 763 5077 munitissimum
829 5024 997 5094 cepit,
1077 5031 1297 5096 captum
1353 5026 1606 5095 munivit,
1664 5035 1719 5083 et
1820 5036 2026 5085 ctatum
2062 5032 2165 5090 est,
2199 5031 2259 5078 et
2288 5020 2491 5076 infecto
2545 5015 2781 5091 negocio
2822 5014 3132 5070 discessum
3174 5019 3273 5068 est.
3306 5012 3439 5066 Nam

143 5097 270 5157 villas
290 5120 474 5164 eorum
502 5121 558 5166 et
578 5114 879 5186 municipia
910 5116 1193 5172 destruxit.
1228 5117 1448 5172 Munitis
1475 5119 1718 5175 castellis
1823 5117 2117 5181 Brittones,
2148 5111 2292 5166 sicut
2324 5115 2379 5164 et
2418 5105 2646 5171 Pictavi,
2688 5102 2916 5160 obsides
2961 5102 3078 5176 regi
3112 5101 3440 5158 Francorum

1419 5207 1646 5280 vanus
1677 5222 2053 5283 LECTIONES.

145 5304 709 5407 ωῗξηνξηεΐὲρίᾕε-
739 5319 846 5403 loci
900 5321 1090 5376 desunt
1126 5321 1221 5407 8b.
1250 5322 1344 5376 8h.
1427 5324 1496 5407 δεῖ
1526 5324 1585 5378 Ν.
1629 5341 1679 5379 e.
1736 5326 1778 5379 1.
1820 5324 1858 5378 f.
1908 5338 1954 5377 r.
2001 5337 2052 5374 a.
2102 5320 2217 5373 alia
2247 5330 2437 5407 {nullus
2458 5313 2729 5407 addidi};
2772 5311 2974 5407 adsunt
3003 5312 3162 5394 etiam
3183 5308 3437 5407 religant.

181 5379 291 5464 :“a
310 5381 366 5437 Ε.
444 5386 512 5464 ‘f‘
539 5389 662 5464 ῌωο
682 5406 787 5446 vos:
808 5393 868 5445 in
896 5407 1095 5464 rasura
1118 5394 1244 5462 plus
1268 5410 1430 5464 quam
1456 5394 1700 5450 dimidiae
1727 5399 1879 5451 lineae
1897 5394 2106 5464 scripta
2125 5394 2200 5446 est
2238 5392 2296 5464 in
2320 5388 2374 5442 Ε.
2434 5386 2526 5464 cf?
2551 5387 2753 5464 Inmﬁne
2777 5384 3148 5454 quaternionis
3178 5380 3263 5434 hic
3290 5379 3438 5435 desi-

143 5451 207 5499 ηίε
229 5464 422 5511 manus.
453 5458 610 5514 Redit
640 5464 830 5532 prima
858 5463 1054 5519 codicis
1084 5451 1294 5521 "ianus:
1372 5466 1441 5500 ⁵⁵⁸
1472 5466 1786 5539 Stephanus
1812 5496 1885 5507 —
1911 5451 2219 5519 discurrere
2257 5460 2443 5514 desunt
2474 5455 2566 5512 8b.
2599 5451 2695 5512 8h.

1661 5564 1870 5622 NOTAE.

350 5651 438 5738 ψ,
465 5653 518 5709 8.
552 5654 722 5738 Hodie
753 5667 836 5714 est
865 5660 1104 5718 Vannes.
1892 5664 2057 5738 ((652)
2090 5662 2357 5730 lnter,l)ol
2388 5671 2443 5718 et
2469 5663 2669 5717 Dinan.

204 5714 328 5785 ἷδῖνῦ
368 5714 725 5782 Cornouaille.
