3858 6206
441 325 546 381 507

589 464 942 506 ROMANORUM.
1092 465 1431 506 FRANCORUH.
1585 466 1871 508 ANCLORUM
1883 496 1893 507 .

441 540 731 607 dederant,
758 548 812 595 et
843 539 950 595 fide
984 540 1307 611 interposita
1352 541 1670 611 paccionem
1703 551 2050 611 acceperant,

442 634 590 705 quod
618 649 713 687 rex
753 633 1083 688 Francorum
1110 634 1229 687 sine
1267 632 1401 703 ipsis
1441 633 1555 706 regi
1595 634 1891 707 Anglorum
1942 648 2053 687 non

440 726 889 781 concordaretur.
930 724 1082 779 Unde
1101 730 1155 778 et
1185 724 1289 795 ipsi
1322 724 1606 787 Brittanni,
1629 724 2053 779 conniventibus

441 816 770 887 quibusdam
821 816 1314 871 Cenomanensium
1350 859 1364 879 ,
1422 833 1520 886 per
1564 831 1794 887 quorum
1852 824 2051 870 terram

441 910 676 966 latenter
709 911 1066 976 transierunt,
1098 909 1377 981 colloquio
1408 910 1797 965 interfuerunt.
1833 909 2053 965 Munitis

440 1009 623 1057 autem
672 1003 929 1067 marcbis,
979 1018 1043 1056 ex
1099 1010 1331 1073 utraque
1378 1008 1533 1072 parte
1590 1002 1911 1056 continuata
1972 1009 2056 1057 est

441 1094 741 1150 decertatio
800 1111 970 1166 usque
1024 1095 1091 1149 ad
1135 1095 1431 1150 adventum
1490 1095 1725 1150 Domini.
1782 1095 1893 1149 Rex
1921 1111 2053 1150 vero

444 1185 709 1240 Henricus
763 1192 921 1239 caute
967 1201 1160 1257 agens,
1220 1192 1511 1259 cognatum
1568 1200 1726 1238 suum
1778 1184 2052 1238 Matheum

440 1276 694 1331 comitem
731 1275 955 1331 Bolonie
984 1276 1091 1329 sibi
1125 1273 1451 1345 pacificavit,
1480 1274 1764 1343 spondens
1789 1274 1841 1327 ei
1869 1289 1926 1328 se
1957 1275 2057 1329 da-

436 1373 617 1421 turum
669 1382 766 1436 per
806 1383 1013 1421 annum
1046 1367 1337 1420 maximam
1402 1372 1609 1437 partem
1654 1366 1908 1436 pecunie,
1957 1382 2055 1437 pro

434 1454 750 1525 calumpnia
789 1456 936 1526 (653)
974 1455 1267 1509 relaxanda
1292 1454 1581 1509 comitatus
1614 1453 1904 1508 Moritonii.
1944 1455 2054 1509 Ha-

434 1548 599 1602 bebat
626 1547 773 1602 enim
806 1546 973 1602 filiam
1007 1547 1153 1619 regis
1188 1546 1477 1616 Stephani,
1520 1546 1612 1616 qui
1643 1544 1822 1600 fuerat
1870 1561 2058 1601 comes

438 1639 725 1694 Moritonii
765 1640 850 1687 657.
890 1639 1019 1693 Cum
1054 1649 1234 1692 autem
1279 1638 1425 1693 idem
1491 1638 1738 1694 Matheus
1791 1639 1857 1692 ad
1899 1639 2058 1692 auxi-

1664 324 2009 399 SIGEBEBTI
2048 322 2561 381 GEMBLACENSIS.
3628 339 3708 396 508

2076 455 2131 522 Α
2228 447 2383 505 1169.
2426 448 2736 506 Fredericus
2774 451 2861 506 18.
2904 454 3203 509 Ludovicus
3245 455 3335 513 32.
3378 456 3610 517 Henricus
3644 467 3714 520 15.

2227 541 2338 596 Rex
2376 541 2643 597 Henricus
2691 543 2804 618 egit
2842 546 3024 601 natale
3056 547 3269 602 Domini
3309 549 3451 620 apud
3490 554 3712 627 Argento-

2154 652 2395 711 magum.
2443 636 2588 693 Obiit
2636 640 2946 695 Bernardus
2975 641 3270 713 episcopus
3308 644 3645 704 Nannetensis
3665 651 3717 687 αθ

2155 725 2212 779 ln
2254 726 2554 797 epiphania
2594 729 2809 783 Domini
2851 732 3165 786 eoncordati
3210 742 3338 788 sunt
3376 751 3464 789 rex
3522 737 3715 796 Franco-

2152 832 2271 869 rum
2328 825 2383 869 et
2434 832 2525 871 rex
2566 818 2778 891 Anglic.
2842 819 3108 875 Henricus
3163 820 3309 877 ﬁlius
3364 823 3565 882 Henrici
3599 830 3717 902 regis

2155 907 2472 980 Anglorum,
2512 907 2643 963 fecit
2683 911 2997 983 homagium
3046 914 3160 986 regi
3211 914 3529 972 Francorum
3560 936 3718 977 socero

2155 1013 2255 1053 suo
2278 999 2344 1052 de
2377 1000 2757 1072 Andegavensi
2788 1004 3050 1058 comitatu
3083 1012 3151 1059 et,
3177 1006 3245 1060 de
3285 1006 3478 1063 ducatu
3518 1010 3716 1066 Brittan-

2157 1088 2271 1155 nie,
2323 1104 2485 1161 quem
2529 1107 2623 1145 rex
2660 1093 2935 1147 concessit
2974 1094 3156 1149 eidem
3198 1113 3405 1168 genero
3457 1115 3567 1154 suo.
3615 1102 3716 1156 Nam

2157 1175 2226 1230 de
2257 1177 2588 1233 Normannia
2628 1179 2831 1234 fecerat
2862 1180 2912 1235 ei
2943 1192 3106 1237 antea
3154 1184 3485 1258 homagium,
3532 1196 3583 1242 et
3614 1205 3718 1245 con-

2158 1269 2322 1323 cessit
2351 1270 2402 1325 ei
2450 1288 2541 1325 rex
2576 1271 2797 1328 Francie
2831 1283 2890 1328 ut
2943 1283 3089 1330 esset
3129 1278 3466 1333 senescallus
3518 1279 3717 1343 Francie,

2157 1358 2306 1429 quod
2358 1361 2594 1430 pertinet
2623 1362 2690 1415 ad
2737 1362 2958 1417 feudum
3010 1366 3425 1439 Andegavense.
3466 1369 3721 1424 llichardus

2158 1445 2304 1500 filius
2336 1446 2552 1503 Henrici
2594 1450 2740 1523 regis
2784 1452 3081 1525 Anglorum
3125 1453 3256 1509 fecit
3308 1456 3604 1530 homagium
3631 1459 3719 1531 regi

2158 1536 2487 1593 Francorum
2528 1540 2598 1595 de
2643 1541 2842 1598 ducatu
2877 1544 3187 1614 Aquitanie.
3226 1545 3551 1602 Williermus
3594 1547 3721 1603 Malet

2157 1626 2626 1707 cepit;Robertum_
2668 1631 2736 1685 de
2762 1632 2949 1686 Silleio
2982 1635 3071 1690 δδο.
3106 1635 3165 1688 ln
3196 1633 3572 1707 puriﬁcatione
3597 1637 3720 1691 beate

439 1731 573 1784 lium
606 1730 754 1803 regis
794 1731 1110 1806 Anglorum,
1140 1730 1349 1784 domini
1400 1738 1457 1785 et
1507 1730 1724 1801 cognati
1767 1730 1874 1797 sui,
1900 1730 2056 1786 veni-
2085 1760 2132 1826 Β
2162 1719 2326 1775 Marie
2360 1721 2460 1822 iuit
2489 1702 2754 1779 Henricus
2786 1722 2933 1779 filius
2976 1725 3124 1799 regis
3175 1702 3472 1800 Anglorum
3512 1728 3720 1791 Parisios,

438 1828 542 1887 ret,
602 1822 885 1877 Johannes
935 1838 1121 1876 comes
1172 1821 1387 1875 Pontivi
1444 1836 1555 1876 non
1610 1822 1860 1891 permisit
1925 1839 2053 1877 eum

439 1916 674 1971 transire
699 1933 797 1986 per
827 1924 1024 1970 terram
1063 1933 1247 1979 suam;
1284 1913 1431 1971 unde
1461 1916 1791 1971 necessitate
1820 1925 2056 1989 cogente

439 2005 617 2059 navali
658 2005 1017 2060 subvectione
1048 2006 1116 2060 ad
1148 2022 1333 2079 regem
1374 2022 1497 2059 cum
1530 2004 1726 2058 multis
1790 2005 2058 2059 militibus

441 2095 713 2165 expeditis
735 2096 983 2149 accessit.
1016 2096 1167 2160 Quod
1198 2112 1290 2149 rex
1321 2096 1573 2162 audiens,
1596 2104 1785 2169 rogatu
1809 2098 2056 2166 ejusdem

445 2182 641 2235 Mathei
666 2199 789 2237 cum
825 2183 1024 2238 bellico
1046 2190 1311 2254 apparatu
1346 2184 1400 2237 in
1425 2192 1620 2239 terram
1651 2184 1919 2240 Johannis
1942 2203 2061 2256 per-

447 2270 604 2336 rexit,
638 2278 691 2325 et
721 2271 1098 2326 Vimacensem
1132 2274 1274 2342 (($54)
1314 2289 1515 2343 pagum
1550 2273 1788 2328 Vulcano
1812 2274 2058 2340 tradens,

450 2362 517 2418 40
539 2371 593 2418 et
622 2380 689 2419 co
711 2366 946 2436 amplius
976 2366 1306 2421 comburens
1331 2366 1508 2433 villas,
1540 2368 1808 2422 voluntati
1839 2385 1953 2423 sua;
1981 2387 2063 2425 sa-

448 2452 672 2508 tisfecit.
700 2454 811 2509 Rex
870 2456 1198 2510 Francorum
1240 2456 1472 2511 veniens
1505 2457 1740 2511 latenter
1784 2459 1851 2512 ad
1884 2460 2063 2529 quod-

448 2542 573 2597 dam
616 2545 976 2615 municipium
1022 2546 1391 2609 Normannim,
1424 2548 1870 2618 cognominatum
1914 2548 2059 2603 Che-

448 2634 696 2702 snebrut,
741 2635 876 2690 illud
918 2638 1246 2707 combussit,
1280 2645 1332 2691 et
1393 2645 1629 2709 quatuor
1660 2639 1863 2694 milites
1894 2641 1948 2694 in
1994 2657 2061 2696 eo

448 2726 614 2796 cepit.
646 2728 760 2792 Quo
791 2736 1098 2798 comperto,
1132 2746 1221 2792 rex
1262 2730 1557 2802 Anglorum
1592 2730 1743 2785 illum
1779 2733 2062 2789 insecutus

449 2821 555 2880 est,
578 2816 777 2870 multos
788 2817 991 2871 milites
1008 2818 1183 2887 cepit;
1206 2818 1350 2872 inter
1366 2835 1506 2889 quos
1522 2821 1682 2874 etiam
1698 2824 2062 2878 senescallum

451 2903 690 2974 Philippi
738 2905 1150 2961 Flandrensium
1201 2907 1420 2962 comitis
1461 2909 1767 2964 aduocatus
1797 2919 1898 2966 est.
1933 2914 2064 2968 Tra-

2157 1817 2211 1864 et
2243 1812 2467 1868 servivit
2498 1815 2612 1887 regi
2638 1815 2965 1870 Francorum
3009 1818 3077 1872 ad
3108 1827 3462 1885 mensam,ut
3488 1821 3722 1874 senescal-

2158 1902 2243 1956 lus
2298 1901 2543 1959 Francie.
2590 1906 2736 1961 Hanc
2780 1909 3191 1976 senescaltiam,
3252 1911 3339 1965 vel
3392 1919 3448 1967 ut
3473 1912 3722 1983 antiquitus

2159 1990 2469 2057 dicebatur,
2514 1995 2835 2063 majoratum
2890 1997 3088 2052 domus
3134 1999 3313 2072 regie,
3357 2000 3607 2056 Robertus
3650 2017 3719 2055 rex

2163 2082 2387 2139 Francie
2416 2086 2570 2139 dedit
2600 2085 2862 2143 Gaufrido
2895 2088 3274 2164 Grisagonella
3303 2091 3486 2147 comiti
3514 2093 3719 2164 Andega-

2159 2188 2371 2237 vorum,
2405 2182 2628 2246 pr0pter
2657 2176 2987 2244 adjutorium
3016 2179 3165 2249 quod
3209 2181 3262 2233 ei
3294 2180 3553 2251 impendit
3574 2188 3722 2236 contra

2161 2264 2432 2319 Othonem
2487 2264 2876 2337 imperatorem
2930 2268 3238 2326 Alemanie.
3306 2270 3459 2326 Dedit
3510 2273 3649 2326 etiam
3685 2271 3721 2326 ei

2161 2355 2425 2427 quicquid
2455 2356 2691 2413 habebat
2722 2358 2777 2413 in
2800 2360 3120 2432 episcopatu
3148 2363 3546 2439 Andegavcnsi.
3572 2365 3724 2419 Postea

2161 2463 2291 2502 vero
2341 2464 2461 2503 cum
2522 2449 2814 2505 Gaufridns
2859 2467 3046 2507 comes
3105 2450 3436 2510 Perticensis
3503 2459 3551 2509 et
3595 2453 3721 2508 David

2161 2556 2346 2595 comes
2368 2540 2802 2599 Cenomanensis
2836 2555 3024 2600 essent
3056 2549 3294 2603 rebelles
3325 2548 3501 2604 eidem
3529 2548 3722 2604 lloberto

2162 2632 2275 2703 regi
2309 2632 2661 2699 Francorum,
2696 2636 2974 2706 predictus
3006 2653 3097 2692 rex
3128 2634 3482 2705 Francorum,
3514 2635 3723 2692 Gaufrido

2162 2726 2535 2800 Grisagonella
2556 2728 2767 2784 ferente
2797 2730 2904 2785 sibi
2935 2732 3226 2798 auxilium,
3261 2734 3476 2790 obsedit
3496 2732 3721 2787 municio-

2168 2831 2291 2869 nem
2327 2816 2612 2872 Meritonie
2645 2824 2698 2873 et
2735 2819 2898 2889 cepit.
2932 2819 2991 2875 Et
3031 2821 3161 2893 quia
3194 2824 3366 2878 David
3392 2839 3563 2879 comes
3590 2822 3726 2875 Ceno-

2168 2922 2494 2963 mannorum
2552 2916 2810 2964 evocatus
2862 2927 2893 2966 a
2939 2926 3068 2988 rege
3118 2913 3185 2967 ad
3245 2930 3371 2969 eam
3411 2915 3582 2970 venire
3624 2928 3724 2967 con-

450 2996 596 3051 didit
633 2999 794 3053 etiam
848 3002 1132 3056 castellum
1184 3001 1425 3072 Hugonis
1483 3004 1552 3057 de
1609 3005 1758 3059 Novo
1828 3006 2063 3064 Castello
2165 2999 2409 3069 tempsit.
2441 2999 2593 3053 dedit
2631 3015 2724 3056 rex
2753 3001 3013 3058 Gaufrido
3043 3002 3426 3081 Grisaaonetlu
3465 3002 3724 3079 homaeium

452 3083 690 3140 ﬂammis
727 3094 781 3142 et
811 3087 1104 3155 incendiis,
1143 3097 1396 3143 vocatum
1448 3091 1756 3159 Brueroles,
1804 3101 1863 3147 ut
1913 3111 2063 3151 eom-
2088 3128 2141 3193 Ο
2166 3089 2336 3157 illius,
2384 3098 2441 3146 et
2471 3091 2650 3163 ipsam
2682 3093 2985 3158 civitatem,
3041 3104 3097 3151 et
3135 3096 3407 3171 quicquid
3459 3094 3723 3152 habebatin

449 3176 666 3231 bustum
696 3193 759 3232 ex
793 3195 850 3234 re
887 3196 1091 3234 nomen
1121 3181 1366 3235 haberet.
1403 3182 1511 3236 Hac
1550 3183 1714 3237 etiam
1754 3184 1885 3240 fecit
1912 3186 2062 3244 Novo
2088 3176 2141 3193 ν
2164 3183 2487 3255 episcopatu
2538 3185 3000 3244 Cenomanucnsb
3051 3189 3326 3247 Henricus
3384 3190 3520 3245 iliis
3556 3185 3722 3243 Henrici

451 3267 685 3325 Castalio
733 3287 833 3341 per
882 3271 1088 3326 milites
1144 3288 1299 3339 suos,
1366 3273 1490 3345 ipso
1567 3283 1749 3332 tamen
1801 3279 2054 3337 absente.
2166 3275 2311 3347 regis
2340 3276 2636 3349 Αηεὶοτιηι
2691 3277 2819 3333 fecit
2859 3281 3179 3353 homagium
3238 3281 3486 3353 Philippo
3516 3281 3613 3336 ﬁlio
3646 3278 3724 3332 ιιι·

450 3359 666 3416 Vastata
718 3370 801 3417 est
855 3363 1111 3418 similiter
1158 3373 1302 3419 terra
1348 3366 1567 3421 comitis
1621 3368 1955 3426 Perticensis
1992 3388 2056 3427 ex
2157 3362 2338 3419 άονίοί
2390 3366 2534 3441 ηδίε
2583 3365 2932 3423 Francorum.
3008 3369 3278 3427 Henricus
3331 3389 3423 3428 rex
3461 3371 3628 3444 Anglic
3662 3369 3725 3422 Ιο-

449 3453 643 3522 majori
673 3463 846 3526 parte,
892 3456 1013 3527 ipso
1048 3467 1244 3532 agente
1288 3459 1372 3513 65°.
1402 3460 1565 3515 Multa
1609 3462 1772 3516 etiam
1808 3464 1936 3521 fecit
1961 3482 2054 3527 rex
2156 3468 2317 3515 catus
2347 3466 2432 3514 est
2457 3474 2578 3514 eam
2613 3461 2887 3518 Ludovico
2919 3478 3051 3535 rege
3079 3465 3338 3531 Francia,
3370 3466 3508 3538 apud
3534 3466 3582 3520 S.
3619 3462 3722 3517 Ger-

450 3541 644 3638 Anglie
676 3545 730 3600 in
761 3545 861 3603 hac
879 3564 1094 3620 guerra.
1131 3566 1239 3620 que
1264 3567 1373 3605 non
1404 3552 1739 3620 audivimus,
1766 3557 1849 3610 vel
1881 3557 1927 3612 si
1955 3575 2055 3617 au-
2154 3568 2376 3638 manum
2437 3553 2491 3608 in
2543 3552 2688 3610 Leia.
2739 3555 3033 3613 Gaufridns
3088 3558 3238 3615 Ilias
3286 3562 3429 3638 regis
3481 3559 3722 3629 Anglorum

449 3632 705 3703 divimus,
739 3654 849 3693 non
871 3646 1164 3695 occurrunt
1191 3642 1478 3696 memorie.

521 3726 671 3783 Obiit
690 3730 962 3787 Robertus
986 3748 1173 3788 comes
1188 3732 1525 3801 Leecestrie,
1550 3734 1871 3808 relinquens
1889 3737 2061 3796 filium

451 3812 773 3887 Hobertum,
802 3821 897 3892 qui
938 3823 1153 3893 accepit
1203 3839 1325 3878 cum
1357 3839 1531 3880 uxore
1564 3842 1663 3881 sua
1699 3828 2061 3885 hereditatem

449 3906 519 3962 de
549 3908 990 3970 Grantemesnill.
1030 3915 1273 3974 lortuus
1313 3923 1396 3972 est
1432 3924 1616 3975 autem
1661 3920 1717 3975 in
1760 3918 2062 3977 Brittannia

450 3998 689 4057 Herveus
738 4004 809 4060 de
851 4003 1060 4074 Lehun,
1112 4009 1199 4064 cui
1247 4010 1517 4065 successit
1571 4010 1871 4068 Guibomar
1916 4014 2062 4070 ﬁlius

448 4091 587 4160 ejus.
606 4093 1010 4154 Nichilominus
1032 4099 1175 4155 obiit
1201 4101 1373 4157 Rome
1400 4100 1471 4156 de
1496 4099 1675 4159 Gaido
1705 4103 1896 4161 Creme
1917 4108 2059 4163 anti-

446 4197 592 4253 papa
622 4187 950 4241 etsuccessit
978 4188 1033 4242 in
1062 4189 1318 4244 scismata
1336 4190 1561 4262 quidam
1586 4193 2057 4262 pseudoclericls.

442 4272 872 4345 cognominatus
895 4275 1151 4331 Calixtus.
1184 4278 1608 4352 Arcliiepiscopo
1630 4295 1850 4352 quoqne
1882 4283 2058 4341 Seno—

444 4363 605 4419 nensi
648 4364 701 4419 in
751 4364 863 4421 fata
892 4370 1212 4435 secedente,
1270 4369 1580 4427 Willermus
1608 4372 1819 4429 electus
1849 4374 2056 4434 Carno-

443 4452 618 4507 tensis
668 4454 722 4509 ei
773 4457 1063 4522 successit;
1110 4472 1375 4514 concesso
1403 4466 1586 4514 tamen
1630 4460 1681 4515 ei
1731 4462 2055 4534 episcOpatn

443 4540 765 4601 Carnotensi
796 4562 896 4618 per
939 4548 1224 4602 biennium
1260 4566 1291 4604 a
1337 4565 1479 4621 papa
1509 4550 1813 4607 Alexandro
1887 4554 2058 4611 Venit

442 4635 508 4689 ad
562 4637 771 4692 curiam
828 4638 975 4715 regis
1029 4640 1246 4695 Henrici
1298 4642 1616 4714 Anglorum,
1669 4643 1944 4700 Saxonum
2001 4653 2058 4701 et

442 4721 765 4791 Bajocorum
802 4727 918 4782 dux
950 4727 1215 4784 Henricus
1244 4745 1417 4804 gener
1459 4730 1603 4799 ejus,
1659 4738 1713 4786 et
1742 4734 1956 4806 magnis
1985 4733 2054 4789 ab

442 4827 509 4868 eo
539 4815 839 4873 honoratus
868 4822 1193 4876 muneribus
1239 4822 1294 4875 in
1332 4838 1432 4877 sua
1483 4823 1664 4878 rediit.
1709 4824 2053 4899 Langobardi

442 4900 706 4958 ediﬁcant
734 4905 1009 4963 civitatem
1038 4910 1171 4964 haut
1200 4909 1364 4981 longe
1394 4925 1427 4964 a
1468 4909 1751 4977 Vercellis,
1794 4923 2055 4969 vocantes

444 5004 569 5045 eam
618 4992 1022 5064 Alexandriam,
1082 5000 1151 5055 ad
1220 5001 1486 5056 honorem
1555 5001 1843 5057 Alexandri
1893 5020 2056 5076 pape,

443 5079 687 5221 sumpti:
726 5076 1130 5142 habitatoribus
1171 5103 1237 5142 ex
1289 5087 1525 5163 singulis
1549 5089 1863 5147 civitatibus
1917 5091 2057 5148 Lon-

446 5178 516 5221 20
561 5181 621 5221 ar
662 5184 737 5221 ιθ.

446 5178 737 5235 gonardie.

2151 3621 2282 3697 fecit
2313 3641 2631 3717 homaginm
2678 3645 2915 3701 Henrico
2948 3647 3097 3704 fratri
3132 3648 3239 3705 sua
3265 3651 3335 3709 de
3348 3621 3580 3706 'ducam“
3611 3644 3721 3700 Brit-

2164 3733 2372 3799 tannis,
2409 3734 2643 3803 iubente
2674 3744 2826 3808 patre
2865 3751 3078 3796 eorum.
3143 3741 3360 3799 Mortuo
3420 3739 3640 3797 Hascnlfo
3673 3735 3724 3789 dc

2164 3820 2471 3891 Solinneio,
2499 3826 2764 3881 successit
2804 3826 2855 3881 ei
2889 3827 3033 3884 ﬁlias
3072 3843 3210 3886 slus
3250 3832 3586 3887 Gislebertus.
3623 3825 3725 3880 Mor-

2162 3915 2288 3966 taus
2317 3921 2401 3965 est
2435 3913 2604 3967 etiam
2636 3914 2936 3974 Richardns
2983 3917 3051 3971 de
3092 3915 3257 3987 Han,
3289 3919 3593 3993 relinquens
3616 3914 3721 3968 tilias

2165 4006 2277 4057 tres
2302 4002 2387 4055 “l.
2426 4003 2534 4059 Bex
2561 4002 2829 4063 Henricus
2855 4006 3176 4081 perrexitil
3207 4006 3609 4085 quadragesima
3630 4002 3722 4056 Wa-

2159 4092 2402 4148 sconiam
2444 4101 2499 4149 et
2551 4093 2852 4153 destructis
2889 4097 3080 4154 multis
3133 4099 3402 4165 castellis,
3441 4114 3541 4170 que
3575 4098 3721 4150 contra

2164 4193 2289 4241 eam
2321 4192 2498 4249 erant,
2529 4184 2615 4239 vel
2644 4185 2892 4253 munitis,
2924 4187 3157 4243 comites
3199 4186 3661 4265 Engelismensium
3683 4184 3724 4233 et

2162 4274 2314 4331 illum
2344 4275 2414 4330 de
2443 4276 2658 4336 Ulrcha
2687 4277 2791 4335 sibi
2823 4278 3153 4350 paeliieavit;
3186 4292 3242 4336 et
3282 4282 3485 4337 multos
3514 4278 3633 4332 alios
3651 4269 3722 4343 Qui

2157 4383 2268 4424 non
2313 4375 2470 4423 erant
2502 4370 2635 4424 tanti
2678 4367 2940 4427 nominis.
2976 4372 3273 4429 Gaufridua
3320 4372 3463 4427 filius
3490 4369 3621 4443 regis
3640 4366 3723 4418 An-

2154 4456 2371 4529 glorum
2403 4472 2591 4511 mense
2646 4454 2783 4514 ﬂaio
2822 4459 2972 4516 venit
3025 4462 3316 4530 Redonis;
3375 4469 3428 4517 et
3465 4459 3725 4530 Stephanus

2159 4544 2503 4599 Redonensis
2524 4551 2580 4601 et
2609 4546 2909 4604 Aatbertas
2940 4549 3214 4608 Aletensis
3266 4549 3529 4620 epis-cepi,
3558 4555 3605 4599 et
3642 4542 3725 4594 Bo-

2156 4636 2347 4692 bertus
2367 4636 2537 4694 abbas
2558 4638 2626 4693 de
2655 4636 2839 4695 lonte
2868 4640 2922 4693 S.
2957 4642 3268 4710 Michaelis,
3301 4650 3355 4697 et
3385 4642 3484 4696 alio
3514 4634 3726 4705 religiose

2157 4745 2417 4800 persone,
2459 4739 2793 4803 receperunt
2827 4750 2954 4788 eum
2986 4751 3107 4791 cum
3174 4751 3390 4790 summa
3419 4727 3722 4786 veneratione

2156 4819 2211 4873 in
2240 4820 2474 4875 ecclesia
2512 4822 2687 4877 sancti
2740 4820 2908 4878 Petri.
2944 4824 3024 4879 lbi
3067 4826 3282 4898 accepit
3311 4821 3542 4880 hominia
3593 4818 3724 4870 baro.

2155 4924 2287 4963 num
2316 4909 2639 4965 lrittaunie.
2704 4911 2819 4967 Rex
2853 4912 3120 4968 Henricus
3157 4913 3291 4969 fecit
3335 4914 3529 4968 lossata
3574 4905 3665 4959 alla
3683 4904 3725 4953 ei

2160 5000 2267 5056 lata
2295 5001 2439 5056 inter
2487 5000 2765 5059 Franciam
2807 5011 2861 5058 et
2898 5004 3319 5074 Normanniam,
3379 5004 3445 5060 ad
3500 4998 3725 5073 predones

2160 5093 2449 5148 arcendos.
2510 5095 2774 5151 Similiter
2833 5096 3038 5152 fecerat
3094 5098 3149 5153 in
3203 5091 3571 5171 Andegavensi
3614 5095 3724 5159 pago

2158 5197 2328 5251 super
2368 5181 2627 5258 Ligerim,
2668 5184 2737 5239 ad
2766 5200 2966 5257 aquam
2992 5186 3315 5255 arcendam,
3350 5200 3455 5258 que
3483 5190 3662 5237 messes
3681 5175 3723 5225 ei

1788 5304 2010 5361 VARUS
2039 5306 2398 5364 LECTIONES

517 5386 585 5463 θξτ
620 5386 876 5463 Habebat
888 5418 967 5463 _—
987 5390 1278 5463 _Moritonii
1308 5400 1495 5455 desunt
1542 5401 1632 5456 8b.
1666 5403 1760 5457 sed
1784 5404 2000 5461 absunt.
2033 5405 2125 5459 8h.
2205 5405 2274 5443 ⁸⁸⁸
2304 5407 2370 5463 Se

2411 5408 2591 5462 tientia
2632 5408 2793 5464 Multa
2825 5440 2895 5450 —
2930 5410 3260 5476 Alexandro,
3314 5420 3361 5466 et
3417 5392 3716 5476 LanngEE“

620 5424 967 5467 υιιυυναιι-
1009 5424 1278 5452 "Iw-suun
1308 5424 1493 5455 avsum
1542 5424 1632 5456 ou.
1666 5424 1760 5457 sea
1784 5424 2000 5461 ausum.
2033 5424 2125 5459 on.
2205 5424 2274 5443 ’ν’
2304 5424 2370 5463 ne
2411 5424 2591 5462 uenua
2635 5424 2793 5464 multa
2825 5440 2895 5450 —
2930 5424 3237 5466 Alexandro
3314 5424 3361 5466 et
3418 5424 3716 5476 Langov'dw'

448 5456 938 5540 3,1,:Oqsobardie
965 5461 1150 5540 desunt
1188 5466 1403 5540 ausu.
1485 5472 1554 5506 σεο
1601 5472 1655 5528 o.
1716 5475 1774 5528 Β.
1821 5490 1871 5531 e.
1913 5476 1976 5532 ιι.
2019 5476 2208 5532 desunt
2237 5478 2330 5533 8b.
2371 5424 2466 5534 ξι).
2535 5478 2603 5513 δσο
2640 5479 2724 5535 w.
2784 5481 2851 5535 Μ.
2901 5497 2950 5537 c.
3003 5483 3064 5540 ιι,
3116 5454 3261 5536 (1.ὃῖ
3319 5483 3501 5537 desunt
3540 5466 3719 5527 8b.8h~

2007 5616 2216 5674 ΝΟΤᾸΕ.

447 5525 745 5583 “uiliorth
774 5558 842 5569 —
874 5534 988 5583 tres
1014 5531 1203 5587 desunt
1236 5538 1326 5593 8b.
1358 5541 1451 5596 8h.

523 5664 672 5741 (653)
715 5671 757 5727 l.
792 5686 844 5728 e.
881 5669 1341 5740 expostulatione.

2268 5691 2407 5763 (6⁵4)
2435 5690 2505 5749 Le
2530 5691 2743 5760 Vimen,
2778 5692 2920 5749 inter
2958 5692 3101 5751 ostia
3126 5693 3307 5749 Lucire
3338 5699 3496 5763 atque
3518 5687 3712 5742 Sumne.
