3858 6206
180 312 295 370 509
1051 321 1399 380 CHRONICA.
1445 352 1515 367 σ-
1552 327 1941 386 AUCTARIUM
1981 328 2267 386 ROBERTI
2307 331 2389 386 DE
2432 330 2676 389 MONTE.

337 455 699 498 nonanonuu.
864 461 1212 503 rnanconuu.
1361 466 1669 507 anomnnu.
1845 459 1888 526 Α
1918 463 2103 510 tamen
2165 455 2288 510 sine
2336 456 2677 511 discrimine.
2741 457 3035 514 Submerso
3088 458 3146 513 in
3177 459 3313 514 mari
3353 458 3529 514 Gisle-

184 540 350 603 prata
380 533 676 604 predabat,
704 535 941 607 quedam
1001 540 1321 607 retinacula,
1352 558 1459 613 que
1489 544 1688 599 torsias
1717 561 1815 600 vo-
1916 541 2077 597 berto
2099 542 2169 596 de
2199 542 2510 609 Abrincate,
2547 543 2707 599 Fulco
2760 544 2973 611 Painel,
3026 547 3121 618 qui
3155 547 3392 603 habebat
3419 548 3533 619 pri-

180 633 335 691 cant,
366 642 467 696 per
497 626 717 698 triginta
764 626 879 683 fere
908 629 1161 696 miliaria,
1197 631 1405 688 faciens
1444 634 1522 688 ibi
1555 633 1812 690 edificare
1915 633 2247 702 mogenitam
2282 649 2527 689 sororem
2565 635 2710 704 ejus,
2749 637 3019 691 successit
3070 639 3143 693 ei.
3175 639 3536 695 Vicecomites

182 716 513 772 mansiones
568 717 883 782 hominum,
946 720 1042 791 qui
1085 722 1285 778 torsias
1332 732 1604 781 tenerent.
1668 727 1813 791 Quos
1915 742 2015 796 per
2056 725 2329 800 Angliam,
2357 726 2453 797 qui
2502 726 2882 782 exactionibus
2914 735 2969 782 et
3028 729 3235 799 rapinis
3264 731 3529 801 populum

181 805 356 860 etiam
398 805 529 861 fecit
567 805 774 861 liberos
835 808 904 863 de
954 811 1195 867 exercitu
1251 817 1306 868 et
1355 815 1541 869 multis
1587 815 1709 869 aliis
1739 816 1806 871 ad
1913 814 2448 888 afﬂixerant,arege
2498 816 2740 887 correpti
2793 824 2937 872 sunt.
2986 816 3115 871 Post
3173 826 3531 887 pentecosten

3424 336 3530 392 510

180 898 382 952 iiscum
420 897 829 967 pertinentibus
854 899 940 955 ⁶⁶².
968 900 1112 956 Obiit
1156 902 1391 959 Hilarius
1420 904 1723 960 Cestrensis
1751 913 1805 961 et

180 986 437 1059 Nigellus
457 986 727 1042 lleliensis
752 989 1020 1061 episcopi,
1046 999 1100 1045 et
1121 991 1313 1046 Petrus
1325 993 1798 1062 Gemmeticensis,

185 1078 501 1132 Richardus
549 1079 952 1147 Bernaicensis,
1007 1082 1270 1139 Silvester
1313 1085 1687 1142 Rothonensis
1717 1088 1815 1143 ab-

181 1165 361 1219 bates.
390 1164 579 1220 Mense
626 1168 892 1239 Augusto,
956 1169 1259 1240 paciﬁcatis
1289 1173 1404 1229 fere
1458 1176 1719 1231 omnibus
1758 1177 1813 1231 in

182 1254 501 1309 Pictavensi
558 1271 720 1328 pago,
768 1257 1082 1327 Wasconia,
1131 1261 1397 1317 Henricus
1456 1280 1547 1317 rex
1577 1266 1727 1320 venit
1763 1266 1818 1321 in

180 1348 607 1417 Normanniam,
642 1359 696 1405 et
739 1354 946 1408 evocati
983 1355 1250 1410 Brittanni
1283 1368 1722 1428 prOperaverunt
1750 1362 1819 1416 ad

181 1455 338 1493 eum.
375 1437 561 1493 Catina
606 1440 798 1495 civitas
853 1442 1054 1497 Sicilia:
1112 1452 1410 1501 terremotu
1464 1462 1732 1504 concussa
1761 1460 1816 1507 et

184 1539 469 1602 prostrata
491 1540 595 1597 est,
623 1540 676 1586 et
708 1533 862 1588 multi
886 1535 941 1588 in
970 1551 1035 1590 ea
1069 1537 1357 1606 perierunt
1378 1539 1463 1592 ⁸⁵³.

260 1624 376 1678 Rex
431 1624 695 1679 Henricus
761 1626 889 1680 fecit
961 1636 1199 1684 castrum
1267 1632 1693 1689 munitissimum
1759 1643 1813 1690 et

182 1713 431 1783 burgum
476 1714 785 1785 pergrande
818 1715 977 1783 juxta
1036 1718 1213 1772 haiam
1244 1720 1313 1773 de
1379 1720 1637 1787 Malaﬁ're,
1663 1701 1811 1794 quod

182 1810 448 1856 vocatum
488 1812 571 1856 est
602 1803 883 1859 Bealveer.
917 1805 1047 1860 Cum
1099 1807 1365 1879 Rogerius
1402 1770 1808 1867 Malabranlchia
1835 1770 1885 1839 Β

184 1892 321 1948 dolo
353 1893 597 1963 cepisset
620 1894 813 1948 urbem
846 1896 1225 1965 Citeriensem,
1251 1916 1414 1970 quam
1446 1901 1595 1956 cives
1632 1903 1807 1973 ipsius

182 1993 384 2040 contra
407 2001 534 2039 eum
576 1986 860 2053 tenebant,
896 2005 1088 2043 omnes
1109 1997 1217 2044 tam
1249 1991 1393 2046 viros
1423 2009 1586 2063 quam
1613 1995 1811 2050 mulie-

183 2089 279 2128 res
313 2075 401 2129 vel
444 2074 745 2144 suspendio
802 2076 888 2130 vel
934 2077 1042 2141 alio
1109 2079 1378 2135 tormenlo
1426 2082 1586 2136 morti
1645 2085 1817 2139 tradi—

183 2165 290 2231 dit,
331 2172 386 2219 et
420 2164 580 2219 novis
608 2165 1012 2222 habitatoribus
1052 2168 1199 2222 illam
1253 2170 1669 2227 inhabitandam
1700 2181 1812 2230 tra-

181 2258 355 2312 didit.
391 2257 678 2329 Siquidem
698 2259 930 2329 predicti
963 2260 1111 2315 cives
1152 2261 1434 2317 dominum
1466 2282 1625 2320 suum
1659 2268 1810 2323 Guil-

185 2351 428 2404 lermum
489 2348 651 2420 (655).
705 2350 1060 2413 Trenchevel,
1115 2361 1325 2422 patrem
1381 2356 1600 2430 Hogerii
1641 2359 1809 2415 Male-

183 2442 461 2506 branche,
494 2441 550 2495 in
582 2442 816 2513 quadam
865 2444 1100 2502 ecclesia
1129 2464 1255 2503 cum
1308 2450 1423 2506 ﬁlio
1486 2469 1587 2508 suo
1642 2471 1809 2525 parvo

182 2533 490 2589 crudeliter
557 2533 897 2589 occiderant.
968 2536 1077 2592 Rex
1175 2540 1440 2597 Henricus
1502 2542 1631 2599 fecit
1696 2546 1812 2600 Mo-

185 2625 423 2680 lendina
464 2633 519 2678 et
571 2624 890 2695 piscatorias
941 2628 1249 2702 Andegavis
1296 2633 1350 2686 in
1417 2633 1643 2691 ﬂumine
1696 2636 1811 2693 Me-

182 2717 376 2772 duane
437 2716 566 2772 Cum
626 2716 961 2774 Guiilermus
1010 2721 1181 2777 Goeth
1232 2723 1464 2781 obiisset
1511 2726 1569 2782 in
1610 2726 1809 2785 itinere

177 2810 518 2873 Jerusalem,
546 2818 601 2865 et
652 2825 837 2865 comes
881 2810 1229 2869 Theobaldus
1275 2816 1441 2873 vellet
1490 2818 1694 2876 habere
1751 2823 1807 2877 in

179 2916 352 2955 manu
375 2915 476 2953 sua
499 2898 734 2953 Montem
784 2899 1085 2955 Mirabilem
1117 2911 1171 2957 et
1201 2903 1334 2957 alias
1364 2903 1671 2975 ﬁrmitates,
1701 2927 1808 2981 que

182 2990 719 3047 fuerantGuillermi
769 2991 963 3058 Goeth,
1016 2993 1085 3047 de
1133 2993 1336 3065 quibus
1367 2997 1586 3053 saisitus
1643 3001 1806 3073 (656),

182 3088 303 3137 erat
340 3080 588 3135 Hervens
619 3079 687 3134 de
716 3080 866 3144 Iven,
920 3080 1015 3152 qui
1046 3081 1286 3139 habebat
1324 3084 1381 3141 in
1409 3087 1669 3161 conjugio
1698 3091 1810 3159 pri-

1909 917 2002 955 rex
2040 901 2305 956 Henricus
2336 910 2562 958 evocato
2616 902 2728 959 tilio
2761 919 2864 960 suo
2911 904 3144 960 Henrico
3177 906 3231 959 in
3258 905 3531 977 Angliam,

1916 992 2046 1048 fecit
2077 1009 2201 1048 eum
2222 994 2476 1049 coronari
2494 995 2546 1048 in
2581 1012 2791 1069 regem,
2822 1013 2945 1052 cum
2973 1014 3173 1070 magna
3197 997 3326 1052 cieri
3356 1012 3534 1069 popu-

1917 1084 2065 1156 lique
2130 1085 2333 1150 leticia,
2399 1086 2685 1143 Lundonie
2755 1090 2901 1160 apud
2959 1082 3531 1145 Westmonasterium.

1921 1173 2073 1228 Hunc
2102 1174 2318 1228 inunxit
2353 1174 2620 1247 Rogerius
2642 1176 3097 1248 archiepisc0pus
3132 1179 3531 1246 Eboracensis;

1921 1279 2046 1317 nam
2079 1264 2317 1318 Thomas
2348 1263 2909 1321 Cantuariensiscitra
2936 1268 3532 1338 marepercontinuum

1920 1353 2034 1410 fere
2057 1357 2377 1412 sexennium
2416 1358 2471 1411 in
2504 1357 2691 1413 Galliis
2716 1358 3050 1414 morabatur.
3086 1358 3219 1413 Huic
3244 1374 3535 1415 consecra-

1916 1444 2053 1499 tioui
2075 1445 2443 1501 interfuerunt
2475 1448 2811 1504 Gislebertus
2834 1449 3243 1517 Lundonensis,
3289 1450 3534 1506 Gosceli-

1908 1554 2020 1592 nus
2050 1539 2507 1607 Salesburiensis,
2540 1541 2813 1597 Walterus
2844 1543 3116 1598 Bofensis.
3153 1543 3416 1599 Ricardus
3432 1543 3531 1599 Ce-

1914 1634 2162 1697 strensis,
2196 1634 2569 1689 Bartolomeus
2611 1636 2953 1699 Exoniensis,
3010 1636 3161 1708 llugo
3193 1638 3534 1692 Dunelmen-

1912 1726 1987 1779 sis
2012 1726 2293 1796 epiSCOpi;
2343 1728 2613 1801 Bogerius
2668 1728 3072 1801 Wigorniensis
3106 1731 3160 1784 in
3193 1730 3532 1787 Normannia

1910 1816 2241 1871 morabatur.
2301 1818 2570 1873 Henricus
2666 1820 3047 1875 Wintonensis
3116 1828 3172 1875 et
3217 1821 3532 1877 Willermus

1910 1904 2261 1960 Norvicensis
2289 1905 2603 1962 infirmitate
2631 1908 2907 1978 prepediti
2932 1924 3043 1963 non
3075 1907 3373 1965 aﬂ'uerunt.
3396 1910 3528 1964 Nam

1909 1995 2189 2051 Adelult‘us
2242 1997 2600 2066 Carluiensis,
2661 2006 2715 2054 et
2767 2000 3045 2055 Robertus
3089 2000 3527 2067 Herefordensis,

1915 2094 1969 2140 et
1999 2086 2270 2142 Robertus
2300 2088 2565 2151 Batensis,
2627 2096 2682 2143 et
2713 2089 2981 2144 Robertus
3030 2090 3433 2158 Lincolnensis,
3476 2099 3532 2147 et

1918 2177 2150 2234 Hilarius
2198 2178 2578 2246 Cicestrensis,
2633 2188 2687 2235 et
2715 2178 2961 2255 Nigellus
2989 2180 3261 2236 Heliensis
3283 2182 3529 2254 episcopi

1910 2268 2247 2325 dormierant
2310 2271 2362 2325 in
2394 2271 2649 2336 Domino,
2692 2279 2748 2326 et
2803 2271 3299 2326 adhuccathedre
3339 2288 3529 2326 eorum

1910 2359 2196 2415 vacabant.
2264 2360 2639 2416 lnterfuerunt
2696 2376 2826 2416 vero
2867 2362 2935 2416 de
2961 2361 3294 2416 Normannia
3335 2362 3531 2417 Henri-

1911 2468 2007 2506 cus
2029 2452 2344 2520 Bajocensis
2395 2460 2451 2506 et
2482 2453 2774 2525 Frogerius
2819 2452 3098 2523 Sagiensis
3129 2453 3401 2524 episcopi,
3433 2455 3527 2525 qui

1911 2557 2034 2596 cum
2053 2556 2118 2596 eo
2145 2548 2410 2595 venerant
2456 2542 2513 2595 in
2573 2541 2843 2615 Angliam.
2906 2541 3133 2605 Quidam
3184 2542 3411 2597 moleste
3443 2542 3528 2598 fe—

1911 2640 2059 2699 runt,
2099 2632 2249 2704 quod
2291 2633 2741 2703 archiepiscOpus
2776 2632 3136 2688 Eboracensis
3184 2634 3403 2688 unxerit
3471 2634 3527 2689 in

1911 2741 2097 2798 regem
2153 2725 2446 2779 chricum
2495 2725 2772 2792 juniorem
2880 2724 2988 2779 Sed
3048 2725 3322 2791 noverint,
3379 2726 3527 2797 quod

1910 2817 2122 2890 primus
2152 2818 2513 2883 Guillermus,
2560 2818 2654 2888 qui
2698 2817 2945 2889 Angliam
2990 2818 3156 2872 armis
3186 2818 3428 2892 subegit,
3459 2818 3528 2872 ab

1910 2908 2177 2962 Alveredo
2220 2905 2641 2980 religiosissimo
2696 2906 2813 2961 viro
2866 2905 3197 2960 Eboracensi
3252 2904 3530 2976 archiepi-

1911 3014 2079 3069 scopo
2118 3000 2378 3053 inunetus
2430 3006 2483 3053 et
2532 3008 2779 3052 sacratus
2835 3005 2939 3060 est,
3008 2997 3390 3052 Cantuariensi
3430 3013 3526 3052 ar-

1910 3089 2268 3161 chiepiSCOpo
2308 3090 2450 3144 intra
2500 3088 2735 3143 insulam
2797 3088 3073 3143 Britannic
3113 3095 3391 3155 manente,
3420 3088 3528 3143 Sti-

182 3179 531 3247 mogemtam
582 3170 748 3225 filiam
790 3172 1072 3226 Guillermi
1134 3173 1328 3237 Goeth,
1389 3152 1667 3233 natam-ex
1696 3152 1807 3236 una
1838 3152 2090 3258 Cgaude
2129 3152 2394 3240 sciliceta
2418 3200 2555 3255 papa
2575 3183 3070 3239 excommunicato.

181 3284 439 3325 sororum
527 3266 742 3321 comitis
827 3266 1126 3323 Theobaldi
1196 3287 1210 3335 ;
1276 3269 1472 3325 videns
1525 3272 1806 3341 predietus

182 3363 459 3425 Herveus,
489 3374 548 3413 se
580 3374 689 3413 non
722 3374 882 3429 posse
922 3359 1177 3415 resistere
1236 3360 1422 3415 comiti
1462 3359 1800 3416 Theobaldo.

1978 3274 2266 3347 Margarita
2318 3273 2431 3328 lilia
2471 3274 2615 3348 regis
2649 3273 2894 3336 Francic,
2928 3288 3063 3327 uxor
3097 3272 3314 3328 Henrici
3341 3272 3531 3340 junio-

1904 3363 1980 3418 ris
2022 3363 2190 3434 regis,
2225 3363 2281 3417 in
2315 3362 2564 3437 Angliam
2607 3362 2823 3417 transiit
2865 3379 2878 3415 :
2912 3378 3015 3416 nec
3055 3368 3186 3416 tunc
3225 3367 3404 3416 tamen
3427 3360 3534 3433 fuit

175 3476 306 3515 cum
340 3473 438 3512 rex
465 3456 630 3510 etiam
659 3454 986 3510 Francorum
1052 3454 1336 3526 adjuvaret
1367 3463 1548 3525 partes
1587 3456 1802 3511 comitis
1904 3460 2181 3508 coronata.
2247 3453 2377 3524 quia
2427 3469 2521 3507 rex
2569 3452 2679 3522 jam
2747 3459 3043 3508 coronatus
3108 3458 3244 3519 erat,
3304 3460 3358 3507 et
3397 3451 3527 3522 epi-

176 3544 515 3611 Theobaldi,
540 3549 727 3613 utpote
752 3544 997 3598 sororius
1034 3543 1196 3612 ejus:
1238 3543 1384 3598 idem
1418 3545 1680 3613 Herveus,
1704 3546 1797 3601 in-

177 3642 533 3695 tercurrente
557 3651 757 3709 magna
791 3634 1025 3705 pecunia
1075 3645 1127 3690 et
1159 3636 1492 3706 quibusdam
1534 3638 1810 3707 pactioni-

174 3731 303 3792 bus,
339 3725 569 3781 tradidit
598 3724 833 3779 Henrico
894 3725 1010 3799 regi
1044 3726 1342 3795 Anglorum
1372 3725 1610 3780 Montem
1641 3726 1807 3781 Mira—

179 3821 358 3874 bilem
394 3824 451 3873 et
470 3816 619 3872 aliud
634 3824 894 3878 castrum,
928 3818 1140 3873 scilicet
1171 3817 1430 3872 Sanctum
1460 3818 1729 3873 Anianum
1751 3819 1807 3874 in

185 3911 461 3967 Biturica.
500 3908 653 3963 Unde
683 3908 961 3964 discordia
1016 3909 1386 3983 redintegrata
1439 3918 1521 3965 est
1551 3910 1694 3965 inter
1718 3926 1809 3966 re-

180 4019 306 4078 gem
334 4008 391 4056 et
413 4001 696 4057 comitem.
932 4034 937 4039 ι

260 4092 428 4147 1170.
457 4092 769 4146 Fredericus
801 4090 885 4146 19'
914 4091 1217 4148 Ludovicus
1241 4090 1330 4146 33.
1359 4093 1624 4147 Henricus
1653 4091 1738 4148 16.

259 4184 343 4238 Ad
375 4182 557 4237 natale
605 4180 711 4237 fuit
768 4199 865 4237 rex
924 4183 1189 4238 Henricus
1238 4182 1293 4240 in
1335 4184 1637 4239 Brittannia
1666 4184 1813 4255 apud

187 4279 497 4333 Nannetes.
570 4275 843 4331 Bobertus
913 4275 1374 4332 archidiachonus
1444 4277 1813 4332 Nannetensis

185 4384 470 4426 consensu
505 4367 654 4442 regis
715 4365 891 4422 factus
944 4374 1028 4424 est
1093 4366 1393 4441 episcopus
1419 4368 1809 4434 Nannetensis,

189 4468 320 4530 post
356 4456 697 4512 Bernardum
727 4455 1060 4511 avunculum
1082 4471 1262 4512 suum.
1306 4457 1368 4513 In
1394 4457 1811 4531 quadragesima

1902 3542 2056 3611 scOpi
2089 3542 2480 3596 discesserant.
2534 3542 2818 3596 Johannes
2857 3558 3043 3597 comes
3072 3541 3336 3597 Aucensis
3354 3540 3527 3596 mori-

1912 3636 2000 3683 tur
2023 3637 2078 3684 et
2102 3630 2367 3683 successit
2406 3630 2456 3684 ei
2506 3629 2649 3683 ﬁlius
2706 3630 2825 3699 ejus
2881 3629 3168 3685 Henricus.
3229 3645 3392 3700 quem
3426 3645 3529 3702 ge-

1910 3728 2106 3775 nuerat
2127 3736 2192 3773 ex
2225 3720 2335 3774 filia
2357 3720 2630 3773 Willermi
2654 3721 2722 3773 de
2749 3720 3003 3775 Albineio
3035 3721 3207 3789 (657),
3237 3736 3403 3791 quem
3429 3736 3528 3776 vo-

1910 3818 2036 3867 cant
2059 3811 2318 3867 comitem
2363 3812 2433 3865 de
2475 3811 2736 3865 Arnndel.
2791 3811 2886 3865 Hic
2915 3811 3069 3866 duxit
3122 3811 3322 3865 Elizam
3381 3812 3527 3883 regi-

1912 3920 2060 3967 nam,
2097 3902 2344 3958 relictam
2375 3902 2591 3957 Henrici
2637 3901 2874 3957 senioris
2925 3901 3072 3976 regis
3111 3902 3428 3970 Anglorum,
3460 3917 3525 3957 ex

1914 4009 2023 4066 qua
2075 3992 2267 4066 genuit
2319 3991 2675 4050 Guillermua
2764 3989 3193 4065 primogenitum
3244 4004 3427 4055 suum,
3473 3996 3528 4045 et

1916 4082 2295 4150 Godefridum,
2328 4089 2383 4137 et
2420 4082 2575 4136 istam
2630 4079 2963 4135 comitissam
3005 4093 3231 4133 uxorem
3260 4077 3528 4133 Johannis

1914 4177 2202 4243 Aucensis,
2233 4179 2303 4232 de
2333 4192 2444 4251 quo
2463 4189 2643 4231 sermo
2670 4181 2771 4229 est.
2797 4174 2855 4227 in
2876 4173 2967 4227 die
2991 4172 3362 4243 apostolorum
3383 4170 3527 4226 Petri

1916 4274 1970 4322 et
1996 4267 2149 4323 Pauli
2178 4274 2512 4321 terremotus
2565 4261 2850 4319 horribilis
2902 4260 3079 4316 factus
3121 4270 3204 4315 est
3258 4259 3313 4314 in
3340 4267 3525 4314 trans-

1915 4357 2142 4416 marinis
2162 4356 2433 4431 partibus,
2466 4370 2572 4428 quo
2621 4353 2829 4410 corruit
2859 4352 3055 4408 civitas
3105 4349 3359 4421 Tripolis,
3403 4365 3528 4420 pars

1836 4427 2182 4514 DDamasci,
2222 4427 2513 4504 Antiochie
2560 4447 2876 4523 plurimum,
2932 4443 3165 4519 Agareni
3219 4442 3380 4497 etiam
3414 4457 3527 4498 non

188 4550 431 4606 excessit
460 4563 610 4603 mare
650 4548 857 4602 limites
904 4563 1054 4613 suos,
1088 4548 1237 4611 unde
1268 4564 1478 4603 messes
1501 4564 1609 4623 que
1638 4566 1808 4622 prope
1910 4540 2133 4597 fuerunt
2159 4546 2418 4614 eXpertes
2450 4539 2616 4610 hujus
2672 4535 3045 4592 tribulationis
3077 4553 3092 4600 ;
3122 4549 3246 4588 nam
3280 4533 3528 4603 llalapre,

188 4641 326 4695 illud
352 4639 626 4694 seminate
679 4644 856 4703 erant,
911 4638 967 4691 in
1015 4638 1201 4692 multis
1267 4638 1403 4693 locis
1453 4639 1739 4710 perierunt
1779 4657 1810 4695 a
1910 4652 2017 4708 que
2041 4642 2207 4707 caput
2268 4642 2354 4689 cst
2408 4633 2561 4709 regni
2615 4632 2873 4696 Loradin,
2907 4638 2962 4686 et
2999 4628 3234 4701 quedam
3259 4628 3369 4683 alie
3392 4626 3529 4684 civi-

187 4731 454 4788 ﬂuctibus
474 4729 713 4785 absorte.
741 4729 872 4784 Ossa
926 4727 1211 4799 cujusdam
1265 4729 1511 4807 gigantis
1534 4730 1590 4784 in
1619 4731 1811 4808 Anglia
1910 4735 2051 4784 tates
2083 4728 2532 4791 Sarracenorum,
2595 4740 2705 4781 non
2747 4733 3043 4782 evaserunt
3098 4726 3238 4780 hanc
3296 4729 3525 4795 pestem.

186 4840 286 4894 per
322 4823 661 4877 alluvionem
702 4822 921 4876 detecta
976 4828 1126 4887 sunt,
1158 4821 1316 4889 cujus
1344 4822 1593 4892 corporis
1623 4822 1807 4899 longi-
1908 4820 2118 4876 Mortuo
2172 4818 2450 4873 Willermo
2525 4818 2728 4874 comite
2782 4818 3105 4874 livernensi
3150 4818 3292 4873 ultra
3357 4829 3526 4880 mare,

188 4912 339 4976 tudo,
374 4919 436 4965 ut
475 4910 680 4976 ferunt,
706 4909 777 4966 30
798 4910 999 4981 pedum
1022 4916 1158 4964 erat.
1190 4911 1247 4964 ln
1281 4910 1472 4965 eadem
1498 4910 1807 4982 quadrage-
1907 4911 2155 4967 Matheus
2200 4908 2369 4964 frater
2409 4909 2648 4981 Philippi
2699 4911 2917 4965 comitis
2964 4908 3403 4974 Flandrensium,
3436 4921 3532 4962 co-

187 5004 323 5058 sima
378 5001 758 5057 transfretavit
801 5018 895 5057 rex
936 5001 1209 5057 Henricus
1259 5002 1316 5057 in
1381 5002 1657 5074 Angliam,
1690 5017 1801 5057 non
1905 5017 2024 5057 mes
2056 5001 2304 5069 Bolonie,
2354 5000 2508 5058 duxit
2534 5016 2760 5057 uxorem
2791 5001 2913 5072 ejus
2944 5000 3113 5071 (658),
3143 5013 3387 5055 sororem
3420 4996 3531 5052 sci-

1551 5130 1772 5188 VARLE
1834 5130 2207 5187 LECTIONES.

174 5238 327 5311 ’-ἦθ’
399 5236 670 5311 Similiter
716 5268 779 5311 τ
839 5237 1043 5311 pertin,
1100 5239 1162 5291 in
1213 5252 1419 5311 rasura
1474 5238 1558 5292 ita
1620 5239 1906 5311 ampliavit
1987 5238 2387 5311 Robertusgﬂn.
2450 5239 2675 5311 Desunt,
2708 5238 2797 5293 8b.
2866 5236 2959 5290 8h.
2989 5250 3135 5311 cum
3180 5231 3533 5311 sequentibus

189 5308 332 5365 Obiit
358 5341 424 5350 -—
458 5308 694 5363 abbates
716 5305 909 5364 “3Hic
930 5309 1183 5362 desinunt
1211 5308 1300 5375 8a,
1358 5308 1454 5363 8b.
1514 5312 1563 5363 et
1590 5305 1781 5364 manus
1826 5310 2062 5364 secunda
2122 5313 2181 5364 in
2209 5309 2301 5363 8d.
2345 5314 2393 5363 et
2428 5316 2610 5365 seratas
2640 5305 2947 5363 decuriam
2973 5309 3035 5361 in
3060 5307 3147 5360 8e.
3176 5305 3268 5359 8b.
3300 5306 3533 5373 fortasse

189 5384 431 5436 etiamin
462 5381 532 5436 8c
558 5381 673 5451 78g.
714 5382 777 5451 In
805 5379 897 5451 8b.
933 5381 1176 5451 sequitur
1206 5380 1743 5448 breuisfcominualio
1771 5381 2021 5435 monachi
2066 5381 2146 5435 Va
2158 5383 2534 5436 IIomontensz’s.
2585 5379 2874 5436 Combusta
2903 5385 2988 5433 est
3025 5376 3412 5433 Fiscannensis
3437 5389 3532 5429 ec—

189 5396 347 5436 etram
367 5397 431 5435 ιη
462 5396 532 5436 δε
580 5396 614 5434 δ
662 5418 673 5430 .
714 5396 777 5434 ιη
805 5396 897 5433 δι).
933 5396 1176 5451 sequitur
1206 5396 1743 5448 oremsgcommuauo
1771 5396 2019 5435 monacm
2074 5396 2338 5435 vauomoa

188 5453 354 5508 clesia
388 5453 455 5508 14
477 5450 592 5505 Kal.
616 5396 781 5516 ﬁulii,
813 5450 845 5504 4
870 5449 1013 5504 teria
1035 5457 1161 5520 post
1185 5456 1436 5506 octavam
1476 5458 1829 5521 pentecostes
1870 5452 2082 5506 addunt
2127 5452 2217 5504 8d.
2245 5451 2338 5505 8h.

1764 5561 1972 5617 NOTAE.

1990 5656 2133 5727 (657)
2170 5654 2484 5711 Helisende.
2515 5655 2707 5727 BOUQ.

257 5656 399 5725 (655)
434 5654 693 5725 Corrige:
727 5654 1109 5711 Raimundum.
1146 5655 1344 5720 BOUQ.

381 5686 383 5700 ›
434 5657 693 5725 Corrige:
727 5657 1109 5711 Raimundum.
1146 5657 1344 5720 BOUQ.
1990 5657 2133 5727 (657)
2170 5657 2484 5711 Helisende.
2515 5657 2707 5720 BOUQ.

381 5657 401 5799 ἐ
430 5725 747 5783 Investitus.
1983 5729 2126 5801 (657)
2159 5728 2509 5784 Eleonoram.
2549 5725 2743 5790 BOUQ.

258 5725 401 5795 (655)
430 5725 747 5783 Investitus.
