3858 6206
331 288 430 342 511

478 427 835 468 ROMANORUM.
985 426 1326 467 FRANCORUI.
1495 423 1803 463 ANGLORUM.

338 502 464 556 licet
495 502 773 557 comitisse
839 501 1209 555 Flandrensis.
1246 501 1329 555 Illi
1379 500 1563 568 itaque
1594 499 1704 552 duo
1755 497 1948 552 fratres

339 591 477 644 duas
507 591 779 644 duxerunt
807 606 1045 655 sorores,
1084 590 1246 644 ﬁlias
1291 587 1505 645 Hodulﬁ
1548 586 1765 643 comitis
1793 586 1947 640 Viros

338 686 690 749 mandorum,
720 695 917 757 neptes
948 686 1168 740 Alienor
1218 686 1408 759 regine
1438 685 1730 757 Anglorum
1772 699 1837 736 ex
1858 697 1948 737 so-

342 777 707 843 rore,callide
739 785 964 848 agentes
1020 777 1072 829 in
1133 775 1427 830 retinendo
1486 784 1685 828 terram
1736 770 1948 827 Radulﬁ

342 870 412 922 de
444 869 683 924 Parrona
738 886 836 940 per
888 868 1197 941 quemlibet
1252 869 1499 923 fratrum.
1563 866 1657 921 Hic
1706 865 1953 920 Matheus

345 959 493 1029 prius
532 959 798 1013 habuerat
836 957 1003 1013 ﬁliam
1053 958 1198 1030 regis
1236 956 1524 1027 Stephani,
1580 962 1635 1010 et
1680 953 1953 1025 susceptis

344 1048 412 1101 ab
442 1063 507 1103 eo
548 1046 763 1102 duabus
810 1046 1048 1113 ﬁliabus,
1101 1045 1265 1100 rediit
1300 1045 1367 1099 ad
1418 1044 1767 1118 religionem,
1800 1041 1953 1096 unde

346 1141 513 1196 invita
545 1148 844 1195 recesserat
873 1140 1019 1211 (659)
1088 1139 1240 1194 Circa
1291 1139 1589 1209 Augustum
1622 1152 1714 1190 rex
1747 1134 1949 1190 Henri-

341 1248 438 1285 cus
468 1230 627 1284 rediit
657 1231 712 1285 in
760 1230 1171 1296 Normanniam,
1223 1230 1413 1285 relicto
1465 1228 1684 1297 juniore
1716 1226 1947 1281 Henrico

342 1326 394 1378 in
441 1326 652 1399 Anglia.
689 1326 798 1381 Rex
840 1327 1102 1381 Henricus
1130 1325 1258 1380 fecit
1287 1340 1485 1395 pacem
1516 1324 1661 1377 inter
1689 1322 1944 1377 comitem

336 1414 674 1470 Tedbaldum
708 1423 762 1470 et
804 1415 1070 1470 llerveum
1132 1415 1199 1469 de
1233 1416 1382 1469 lven.
1417 1413 1601 1468 Mense
1633 1410 1946 1482 Septembri

335 1524 427 1561 rex
460 1507 725 1563 Henricus
752 1508 1061 1563 inﬁrmatus
1105 1516 1191 1563 est
1220 1523 1364 1578 pene
1407 1522 1584 1577 usque
1608 1505 1675 1559 ad
1712 1511 1944 1558 mortem

329 1597 475 1666 apud
510 1597 705 1652 Metam
748 1598 817 1653 de
846 1598 951 1653 Ger
993 1598 1161 1667 (660),
1200 1597 1298 1651 sed
1353 1595 1707 1649 miseratione
1763 1593 1949 1647 divina

330 1698 385 1741 et
411 1686 824 1758 supplicatione
846 1702 1128 1743 servorum
1159 1685 1277 1751 Dei,
1330 1684 1538 1754 quibus
1585 1700 1644 1738 se
1668 1681 1951 1736 humiliter

327 1778 773 1845 commendabat,
809 1778 987 1849 scpita
1027 1779 1256 1832 adversa
1300 1774 1622 1831 vuletudine
1659 1772 1948 1828 sanitatem

327 1866 555 1922 refovet.
597 1868 817 1938 Egidius
848 1867 1306 1941 Rothomagcnsis
1350 1863 1773 1919 archidiaconus
1827 1861 1946 1916 ele-

327 1970 449 2018 ctus
505 1963 690 2018 estad
724 1963 1098 2033 episcopatum
1168 1960 1581 2024 Ebroicensem,
1647 1957 1949 2011 Richardus

333 2051 756 2107 archidiaconus
821 2050 1253 2107 Constantiensis
1325 2050 1392 2104 ad
1479 2048 1949 2102 Abrincatensem.

329 2144 555 2198 Alienor
610 2142 723 2196 ﬁlia
767 2143 912 2216 regis
967 2142 1183 2196 Henrici
1210 2141 1505 2215 Anglorum
1537 2138 1605 2192 ad
1636 2135 1950 2206 Hispaniam

334 2242 495 2294 ducta
520 2246 622 2304 est,
657 2249 710 2293 et
748 2239 817 2292 ab
848 2237 1098 2292 Amfurso
1133 2245 1466 2307 imperatore
1506 2232 1826 2289 solemniter
1856 2232 1953 2285 de-

337 2337 619 2401 sponsata.
652 2329 820 2399 Hujus
881 2328 1229 2399 imperatoris
1269 2326 1358 2381 illa
1390 2341 1517 2397 pars
1539 2321 1817 2394 Hispanie,
1844 2336 1951 2391 que

337 2421 569 2476 Castella
596 2429 843 2487 vocatur,
899 2434 1127 2492 regnum
1178 2424 1280 2472 est.
1311 2415 1482 2482 Hujus
1530 2411 1746 2482 imperii
1788 2419 1952 2479 caput

336 2517 529 2571 civitas
556 2515 801 2570 Toletum
818 2522 919 2569 est.
957 2513 1208 2568 Predicto
1263 2510 1377 2585 regi
1410 2515 1636 2581 propter
1678 2506 1949 2561 infirmam

334 2609 853 2663 etatem-nondum
877 2606 1024 2660 enim
1054 2603 1452 2675 adimpleverat
1501 2597 1823 2671 quindecim
1853 2612 1953 2651 an-

337 2703 870 2757 nos—adversantur
915 2699 1025 2754 duo
1089 2712 1268 2771 reges,
1341 2692 1663 2749 Fernandus
1727 2689 1951 2745 Gallicie

339 2799 565 2863 patruus
590 2791 729 2857 ejus,
763 2798 818 2844 et
862 2787 1157 2843 Amfonsus
1206 2784 1431 2839 Navarie
1460 2780 1762 2835 avunculus
1809 2780 1947 2846 ejus.

336 2879 547 2934 Mortuo
600 2878 838 2932 Roberto
880 2876 993 2930 tilio
1042 2874 1265 2929 Roberti
1331 2871 1549 2927 comitis
1597 2868 1949 2933 Glocccstrie,

341 2969 663 3027 Amauricus
717 2968 1115 3041 primogenitus
1194 2964 1339 3018 ﬁlius
1414 2961 1671 3034 Symonis
1735 2960 1953 3015 comitis

344 3059 707 3124 Ebroicensis,
732 3058 885 3126 jussu
907 3066 962 3111 et
986 3055 1265 3111 voluntate
1307 3052 1524 3106 Henrici
1556 3051 1703 3122 regis
1732 3049 1947 3122 Anglie,

342 3151 497 3207 duxit
528 3149 950 3223 primogenitam
1021 3146 1186 3201 ﬁliam
1222 3144 1443 3200 Roberti
1473 3143 1694 3199 comitis
1722 3142 1949 3196 Gloece-

341 3240 495 3294 stric.
529 3240 760 3293 Dederat
786 3237 950 3292 etiam
1018 3242 1146 3289 ante
1201 3234 1347 3288 idem
1378 3249 1470 3287 rex
1514 3231 1727 3305 Hugoni
1759 3229 1946 3285 comiti

344 3332 547 3387 Cestric
579 3337 813 3404 cegnato
842 3343 943 3383 suo
974 3326 1140 3381 ﬁliam
1167 3325 1387 3381 comitis
1444 3322 1816 3389 Ebroicensis,
1850 3337 1947 3378 co-

342 3429 561 3494 gnatam
593 3435 746 3473 suam
777 3434 843 3472 ex
896 3423 1049 3487 parte
1106 3415 1277 3486 patris
1308 3413 1413 3469 sui.
1480 3412 1617 3466 Urbs
1650 3411 1960 3467 Cenoman-

344 3531 538 3571 norum
578 3512 830 3588 ﬂagravit
883 3509 1166 3566 incendio.
1220 3508 1368 3564 Cella
1431 3509 1592 3563 etiam
1646 3507 1819 3562 sancti
1861 3507 1957 3561 Vi-

344 3606 504 3662 cturii
544 3605 829 3661 combusta
858 3610 959 3671 est,
1008 3602 1107 3658 sed
1166 3603 1276 3657 Deo
1334 3601 1629 3669 adjuvantc
1682 3600 1737 3654 in
1763 3599 1961 3655 melius

344 3707 427 3755 est
455 3705 780 3754 restaurata.

414 3793 680 3849 Henricus
708 3808 801 3846 rex
862 3790 1157 3864 Anglorum
1218 3786 1460 3858 perrexit
1497 3800 1662 3841 causa
1692 3783 1959 3839 orationis

341 3883 407 3938 ad
450 3886 647 3940 Rocam
695 3881 963 3937 Amatoris
1022 3880 1189 3950 (661),
1233 3879 1325 3950 qui
1364 3878 1519 3933 locus
1543 3876 1596 3930 in
1630 3874 1954 3929 Cadulcensi

339 3997 479 4057 pago
510 3979 824 4037 montaneis
862 3984 917 4033 et
948 3974 1201 4032 horribili
1241 3973 1541 4029 solitudine
1573 3971 1951 4026 circundatur.

340 4073 533 4127 Dicunt
564 4071 810 4142 quidam,
839 4068 988 4140 quod
1045 4066 1242 4121 beatus
1267 4065 1485 4119 Amator
1526 4061 1766 4117 famulus
1795 4061 1955 4116 beate

339 4163 502 4218 Marie
529 4172 583 4218 et
622 4162 920 4233 aliquando
974 4158 1191 4227 bajulus
1217 4164 1270 4213 et
1308 4156 1572 4211 nutricius
1599 4154 1814 4209 Domini
1843 4153 1947 4208 fuit

340 4261 394 4309 et
447 4259 730 4323 assumpta
788 4249 1039 4321 piissima
1097 4248 1263 4301 Mater
1317 4247 1531 4302 Domini
1590 4246 1659 4300 ad
1709 4245 1958 4299 ethercas

342 4346 685 4409 mansiones,
740 4342 859 4413 ipse
916 4343 1135 4394 Amator
1172 4338 1513 4410 premonitus
1549 4337 1618 4391 ab
1646 4352 1710 4390 ea
1738 4336 1805 4389 ad
1836 4334 1959 4389 Gal-

1559 278 1896 334 SIGEBERTI
1938 277 2449 334 GEMBLACENSIS.

1974 412 2018 479 Α
2052 405 2200 461 illius
2217 407 2463 481 regionis
2487 408 2556 462 ad
2586 415 2833 465 extrema
2891 412 3142 475 veniens.
3174 413 3427 484 precepit
3466 411 3673 468 familie

3567 282 3670 343 51!

2049 513 2167 564 sue,
2203 498 2388 553 divina
2421 498 2646 555 forsitan
2678 501 3063 572 inspiratione,
3096 509 3156 557 ut
3202 505 3255 557 in
3290 503 3521 558 introitu
3548 518 3675 559 ora-

2050 587 2172 642 torii
2196 590 2445 659 corporis
2492 592 2579 645 sui
2638 592 2855 664 glebam
2900 593 3221 664 sepelirent.
3254 593 3461 649 Eﬁ'ossa
3491 594 3679 665 itaque

2053 691 2217 750 terra,
2260 699 2461 756 corpus
2494 685 2641 741 beati
2673 688 2944 743 Amatoris
2972 688 3242 763 integrum
3278 688 3584 760 reperitur,
3618 694 3673 744 et

2052 772 2109 825 in
2140 773 2377 828 ecclesia
2403 774 2558 842 juxta
2606 775 2777 831 altare
2804 776 3064 846 positum,
3119 778 3396 851 integrum
3425 776 3678 851 peregri-

2053 864 2139 918 nis
2169 864 2304 920 illud
2341 867 2674 934 ostendunt;
2709 874 2763 922 et
2826 868 2904 922 ibi
2934 867 3073 924 ﬁunt
3101 869 3369 925 miracula
3408 870 3585 924 multa
3623 876 3677 924 et

2052 967 2216 1015 antea
2246 960 2510 1027 inaudita,
2544 978 2644 1033 per
2684 962 2904 1017 beatam
2958 962 3199 1018 Mariam.
3235 964 3312 1019 Ad
3349 964 3501 1019 hunc
3538 978 3675 1038 ergo

2053 1048 2257 1117 locum,
2288 1057 2350 1106 ut
2392 1051 2655 1119 diximus,
2720 1069 2813 1108 rex
2871 1053 3137 1109 Henricus
3198 1071 3366 1110 causa
3403 1054 3678 1110 orationis

2052 1142 2301 1208 veniens,
2335 1143 2464 1214 quia
2485 1145 2969 1217 apprOpinquabat
2994 1152 3140 1201 terre
3165 1147 3521 1203 inimicorum
3537 1162 3675 1203 suo-

2049 1248 2191 1297 rum,
2233 1240 2562 1307 congregata
2594 1234 2950 1290 multitudine
2980 1245 3316 1291 armatorum
3358 1244 3470 1292 tam
3502 1236 3675 1308 equi-

2048 1333 2160 1381 tum
2193 1343 2355 1398 quam
2400 1329 2670 1399 peditum,
2703 1331 2769 1385 ad
2801 1330 3108 1386 orationem
3150 1332 3392 1402 perrexit
3430 1332 3681 1387 munitus
3762 1314 3765 1317 γ

2048 1418 2190 1473 sicut
2216 1418 2283 1472 ad
2321 1420 2576 1489 prelium,
2606 1420 2740 1475 nulli
2773 1421 2976 1476 malum
3020 1422 3285 1489 inferens,
3325 1423 3595 1478 omnibus
3624 1430 3683 1478 et

2051 1505 2286 1561 maxime
2313 1508 2649 1578 pauperibus
2681 1508 2735 1562 in
2753 1509 3072 1565 elemosinis
3102 1509 3328 1583 largiter
3352 1510 3678 1580 providens.

2049 1595 2286 1650 Thomas
2327 1595 2735 1652 Cantuariensis
2785 1598 3235 1669 archiepiscopus
3298 1598 3681 1655 transfretavit

2054 1688 2109 1741 in
2152 1689 2421 1759 Angliam.
2465 1690 2776 1760 Stephanus
2805 1706 2992 1745 comes
3054 1691 3123 1745 de
3180 1690 3479 1757 Sanceore,
3515 1691 3684 1747 frater

2053 1780 2271 1835 comitis
2299 1780 2550 1848 Tebaldi,
2594 1783 2836 1853 perrexit
2890 1783 3214 1850 Jerusalem,
3269 1783 3456 1838 ferens
3486 1801 3675 1840 secum

2054 1874 2367 1942 pecuniam,
2400 1889 2563 1945 quam
2588 1890 2681 1929 rex
2747 1875 3075 1929 Francorum
3112 1874 3424 1931 Ludovicus
3465 1874 3677 1931 fecerat

2051 1961 2314 2035 colligere
2364 1962 2418 2017 in
2480 1962 2812 2031 adjutorium
2851 1963 3312 2019 Jerosolimitaute
3369 1965 3661 2020 zecclesiae.

2052 2049 2165 2105 Odo
2220 2051 2362 2121 (662)
2430 2052 2539 2106 dux
2606 2051 2921 2125 Burgundie
2983 2068 3155 2123 nepos
3236 2052 3358 2119 ejus
3426 2055 3677 2124 perrexit

2052 2159 2175 2197 cum
2205 2159 2294 2199 ΘΟ.

2125 2232 2255 2286 1171
2287 2234 2596 2289 Fredericus
2623 2234 2713 2288 ΞΟ.
2748 2235 3046 2293 Ludovicus
3074 2237 3162 2291 34.
3193 2239 3484 2293 Henricus.
3520 2237 3608 2292 17.

2122 2321 2201 2375 Ad
2236 2322 2416 2376 natale
2442 2322 2647 2378 fuitrex
2676 2324 2940 2379 Henricus
2969 2326 3038 2380 ad
3070 2326 3177 2381 Bur
3185 2326 3340 2396 juxta
3372 2325 3661 2396 Bajocum.

2121 2410 2315 2465 Annus
2343 2412 2593 2466 millenus
2613 2422 2862 2469 centenus
2887 2420 3244 2486 septuagenus

2194 2507 2410 2560 Primus
2450 2509 2798 2577 erat,primas
2826 2523 2931 2578 quo
2963 2510 3077 2563 ruit
3096 2523 3214 2564 eme
3245 2509 3501 2564 Thomas.

2123 2596 2326 2663 Quinta
2356 2598 2470 2654 dies
2498 2600 2699 2655 natalis
2724 2604 2860 2668 erat,
2882 2602 2979 2668 ﬂos
3009 2601 3157 2656 orbis
3182 2602 3248 2654 ab
3272 2602 3399 2656 orbe

2130 2693 2377 2761 Venitur,
2408 2698 2455 2748 et
2482 2696 2691 2762 fructus
2716 2698 2919 2767 incipit
2945 2712 3054 2752 esse
3081 2698 3202 2767 poli
3228 2697 3319 2752 ⁸⁸⁸.

2051 2782 2282 2856 Agareni
2332 2798 2453 2837 cum
2505 2784 2691 2838 multis
2752 2784 3002 2839 millibus
3035 2793 3372 2840 armatorum
3404 2792 3681 2841 venerunt

2050 2872 2119 2926 ab
2143 2871 2338 2927 Aﬁ‘rica
2365 2873 2421 2927 in
2464 2873 2800 2943 Hispaniam,
2855 2874 3023 2929 llamo
3071 2874 3371 2946 episcopus
3427 2875 3682 2930 Leonen-

2050 2965 2126 3019 sis
2156 2966 2296 3036 (663)
2342 2966 2640 3021 crudeliter
2670 2982 2771 3037 per
2828 2967 3144 3036 consilium,
3197 2974 3257 3022 ut
3295 2967 3510 3035 dicunt,
3544 2968 3684 3024 Gui-

2053 3056 2261 3110 homari
2291 3054 2472 3110 fratris
2514 3055 2600 3109 sui
2627 3055 2977 3112 vicecomitis
3031 3056 3336 3112 Leonensis
3362 3063 3419 3111 et
3451 3057 3691 3125 junioris

2050 3144 2367 3199 Guihomari
2425 3144 2645 3217 nepotis
2702 3145 2788 3200 sui
2840 3144 3059 3201 occisus
3119 3152 3222 3199 est.
3280 3143 3539 3200 Conanus
3570 3146 3676 3201 dux

2049 3239 2348 3294 Brittannie
2390 3240 2640 3306 moritur,
2694 3249 2747 3295 ct
2796 3244 2910 3295 tota
2958 3238 3262 3293 Brittannia
3314 3245 3371 3293 et
3390 3238 3682 3295 comitatus

2049 3329 2117 3383 de
2134 3330 2408 3401 Gippewis
2447 3336 2501 3385 et
2525 3330 2706 3385 honor
2744 3329 2889 3401 (664)
2928 3327 3372 3395 Βίοὴθηιιιηᾱὶο,
3397 3327 3679 3400 perﬁiiam

2062 3422 2281 3477 comitis
2308 3421 2537 3490 Conani,
2591 3438 2701 3493 que
2756 3421 3092 3493 desponsata
3125 3427 3245 3476 erat
3280 3419 3547 3476 Gaufrido
3576 3418 3686 3475 ﬁlio

2063 3516 2211 3591 regis
2234 3516 2451 3572 Henrici
2480 3517 2837 3573 transierunt.
2898 3516 3239 3572 Haimericus
3294 3516 3469 3571 abbas
3509 3516 3684 3571 Sancti

2063 3606 2312 3662 Audoeni
2344 3606 2576 3662 moritur
2630 3606 2899 3662 Henricus
2933 3621 3029 3661 rex
3086 3606 3240 3662 venit
3278 3606 3337 3661 in
3371 3609 3683 3681 quadrage-

2061 3695 2201 3749 sima
2222 3696 2291 3750 ad
2323 3694 2551 3751 Pontem
2583 3694 2835 3761 Ursonis,
2875 3702 2930 3750 et
2958 3694 3036 3749 ibi
3063 3710 3161 3765 per
3188 3695 3514 3767 quindecim
3576 3696 3683 3751 fere

2060 3787 2180 3842 dies
2206 3788 2524 3843 demoratus
2553 3795 2654 3843 est.
2694 3788 2804 3842 Hoc
2844 3787 3012 3842 etiam
3054 3786 3185 3842 fecit
3214 3787 3271 3842 in
3304 3788 3685 3859 rogationibus

2061 3885 2117 3931 et
2142 3876 2197 3930 in
2232 3883 2572 3947 pentecoste,
2603 3892 2728 3932 cum
2795 3876 3163 3931 Guihomarus
3184 3877 3338 3931 venit
3368 3878 3441 3931 ad
3475 3894 3599 3933 eum
3631 3885 3682 3933 et

2058 3967 2299 4024 reddidit
2324 3984 2384 4023 se
2415 3969 2465 4023 ei
2497 3976 2552 4025 et
2608 3985 2711 4024 sua
2755 3969 3001 4035 castella,
3044 3968 3375 4039 perterritus
3432 3970 3684 4025 multitu-

2057 4061 2187 4115 dine
2215 4060 2449 4115 militum
2491 4070 2545 4116 et
2596 4061 2826 4116 aliorum
2861 4066 3216 4128 armatorum,
3258 4076 3405 4132 quos
3450 4077 3547 4118 rex
3594 4061 3682 4117 illo

2058 4156 2333 4211 direxerat
2360 4156 2428 4210 ad
2456 4172 2582 4210 cum
2620 4154 3123 4225 comprimendum,
3158 4155 3265 4209 nisi
3296 4156 3449 4231 regis
3482 4156 3680 4213 volun-

2058 4247 2154 4301 tati
2186 4246 2456 4301 obediret.
2491 4244 2755 4317 Sequenti
2784 4259 2934 4300 anno
2956 4242 3319 4299 canonizatus
3349 4251 3435 4300 est
3464 4252 3684 4302 sanctus

2058 4339 2290 4393 Thomas
2322 4352 2353 4391 a
2393 4352 2535 4408 papa
2585 4336 2892 4391 Alexandro
2934 4336 3002 4371 ‘6‘
3074 4335 3320 4389 Castrum
3356 4335 3551 4393 Pontis
3584 4337 3678 4392 Ur-

341 4436 443 4490 lias
470 4432 865 4498 transfretavit,
897 4438 951 4484 et
1006 4429 1064 4483 in
1108 4428 1355 4500 predicto
1400 4427 1520 4482 loco
1579 4395 2212 4488 heremiticamDsonis
2251 4431 2600 4486 combustum
2655 4439 2757 4486 est,
2816 4431 2955 4485 Urbs
3012 4430 3387 4485 Norwicensis
3426 4431 3691 4486 similiter

344 4531 505 4586 vitam
556 4530 650 4584 diu
707 4525 994 4600 transegit.
1053 4526 1166 4591 Quo
1196 4530 1516 4578 transeunte
1556 4529 1611 4576 et
1642 4521 1697 4576 in
1727 4522 1956 4576 introitu

344 4624 571 4680 oratorii
596 4624 759 4679 beate
792 4621 957 4676 Marie
988 4620 1229 4690 sepulto,
1269 4619 1423 4674 locus
1458 4618 1549 4672 ille
1567 4616 1662 4671 diu
1692 4614 1956 4688 ignobilis

347 4713 469 4777 fuit,
497 4721 726 4782 excepto
757 4710 907 4784 quod
952 4711 1118 4783 vulgo
1170 4707 1459 4763 dicebatur
1497 4707 1571 4762 ibi
1618 4706 1765 4762 beati
1796 4707 1957 4759 Ama-

349 4802 486 4858 toris
514 4818 713 4872 corpus
742 4803 1116 4874 requiescere,
1146 4801 1275 4855 licet
1298 4800 1645 4874 ignoraretur
1672 4798 1765 4853 ubi
1785 4803 1952 4852 esset.

350 4893 506 4946 Anno
533 4891 601 4945 ab
624 4891 1001 4948 incarnatione
1026 4892 1239 4948 Domini
1261 4891 1420 4958 1166,
1448 4891 1673 4963 quidam
1697 4889 1959 4964 indigena

2059 4522 2346 4577 combusta
2375 4527 2479 4586 est,
2520 4535 2645 4575 cum
2693 4518 2998 4591 episcOpali
3043 4518 3285 4573 ecclesia
3338 4526 3397 4574 et
3452 4519 3685 4576 ofﬁcinis

2056 4610 2465 4666 monachorum.
2518 4607 2854 4663 Humbertus
2875 4623 3063 4663 comes
3093 4606 3387 4663 Morienne
3412 4608 3565 4664 misit
3588 4607 3683 4663 ab—

2056 4706 2240 4761 batem
2267 4702 2449 4758 Sancti
2483 4701 2766 4758 Michaelis
2787 4702 2856 4756 de
2889 4700 3047 4756 Clusa
3077 4702 3145 4756 ad
3177 4701 3479 4757 chricum
3501 4716 3677 4776 regem

2056 4797 2272 4873 Anglie,
2326 4811 2425 4867 pro
2468 4794 2855 4867 componendo
2893 4794 3248 4850 matrimonio
3300 4795 3453 4850 inter
3481 4794 3677 4850 Johan-

2058 4904 2181 4943 nem
2212 4886 2382 4942 ﬁlium
2441 4884 2589 4959 regis
2638 4891 2694 4940 et
2731 4881 2902 4938 ﬁliam
2935 4898 3116 4951 suam,
3155 4880 3402 4939 oﬁ'erens
3430 4882 3483 4938 ei
3514 4889 3671 4938 totam

1703 4999 1924 5054 VARIXE
1948 4997 2327 5055 LECTIONES.

426 5097 496 5132 ⁸⁸⁸
523 5097 712 5172 desunt
744 5099 803 5152 hi
824 5114 1003 5155 versus
1035 5101 1125 5156 7b.
1150 5102 1220 5136 ⁶⁶⁸
1238 5100 1501 5172 Sequenti
1532 5128 1602 5140 —-
1632 5099 1939 5172 Alexandro
1965 5101 2024 5153 in
2042 5113 2257 5159 rasura,
2301 5096 2509 5172 a_b_alia
2537 5108 2722 5172 many.
2767 5095 2830 5172 lii
2883 5093 3127 5172 margine
3141 5090 3378 5172 additur
3411 5086 3677 5172 τριηοηί-

353 5175 529 5234 zatus,
556 5168 608 5221 id
635 5175 716 5222 est
753 5178 1065 5225 sanctorum
1094 5172 1310 5227 cathalo
1329 5168 1383 5226 ὀ
1400 5177 1818 5226 annumeratus.
1846 5170 1907 5223 Et

356 5238 688 5298 lebraretur.
710 5239 944 5295 maxime
964 5241 1033 5295 ab
1062 5243 1267 5298 Anglis.
1302 5189 1449 5298 Isdem
1465 5258 1688 5298 prorsus
1708 5242 1903 5297 habent
1930 5187 1979 5298 ii

356 5238 688 5317 lebraretur,
710 5239 944 5317 maxime
964 5241 1033 5295 ab
1062 5243 1267 5317 Anglis.

1330 5242 1449 5297 item
1465 5258 1688 5314 prorsus
1708 5242 1903 5297 habent

355 5311 680 5365 ratusetiam
706 5309 801 5363 8h.

2012 5185 2108 5225 ece
2155 5177 2267 5224 tum
2317 5166 2421 5221 fuit
2449 5174 2509 5221 ut
2534 5164 2732 5219 natalis
2778 5164 2900 5218 dies
2939 5161 3170 5218 festivus
3201 5160 3271 5216 ab
3302 5162 3572 5217 omnibus
3593 5173 3679 5215 ce-

2012 5284 2021 5295 .
2055 5186 2148 5295 8d?
2178 5244 2227 5295 et
2253 5242 2449 5295 prater
2482 5237 2648 5291 verba
2700 5234 3059 5290 canonizatus
3104 5233 3142 5287 i.
3173 5247 3226 5289 e.
3258 5248 3306 5287 θ.
3339 5249 3392 5290 c.
3418 5244 3679 5288 annume-

2178 5244 2227 5295 et
2250 5242 2449 5310 prater
2482 5237 2648 5291 verba
2700 5234 3059 5290 canonizatus
3104 5233 3142 5287 i.
3173 5247 3226 5289 e.
3258 5248 3306 5287 θ.
3339 5249 3392 5290 c.
3418 5244 3681 5288 annume-

1902 5381 2109 5438 ΝΟΤᾹΞ.

428 5475 574 5547 (649)
613 5476 903 5553 Abbatissa
944 5478 1112 5553 enim;
1157 5480 1484 5553 Rummesiae
1546 5482 1723 5539 fuerat
1780 5481 1966 5553 Maria,

359 5556 656 5609 antequam
690 5547 966 5601 Mathaaus
1003 5563 1052 5603 a.
1092 5550 1232 5606 1160
1262 5568 1383 5607 eam
1414 5553 1588 5609 duxit.

433 5616 581 5689 (6ἷο)
601 5618 778 5689 PrOpe
796 5616 1098 5689 Domfront.

436 5687 575 5755 (661)
595 5687 1035 5744 Rochamadour.

2150 5479 2292 5553 (662)
2321 5476 2475 5553 ςοῐτο
2498 5477 2652 5553 ῌυθο
2668 5473 2880 5553 ,Βουρι
2951 5542 3004 5553 ...
3053 5541 3066 5553 .

2143 5542 2286 5620 (663)
2316 5542 2839 5620 St-Paul-de-Léon,
2869 5544 2924 5620 in
2951 5542 3253 5620 Finisterre

2145 5611 2291 5688 F664.)
2322 5618 2571 5674 Feudum
2600 5617 2685 5672 vel
2708 5615 3021 5673 manerium
3050 5611 3323 5669 nobilius.
