3858 6206
934 312 1259 371 (IIIHONICA
1323 336 1388 353 ---
1428 308 1806 367 AUCTAHILM
1849 306 2128 363 ROBEH'I‘I
2176 307 2255 361 DE
2299 300 2531 363 ΜΟΝΊῈ.
3303 312 3402 368 5H

240 462 573 508 nonanonuu.
725 454 1058 497 nanconuu.
1233 453 1544 494 ANGLORUII.
1714 437 1765 506 Α
1795 433 1890 487 sia;
1919 431 2314 497 Wintonensis,
2376 433 2429 486 in
2480 436 2821 489 ornamentis
2850 435 2966 489 auri
3024 445 3078 490 et
3108 438 3321 511 argenti
3352 445 3407 491 et

119 560 290 608 terram
319 560 486 601 suam.
522 539 640 595 Fuit
696 536 843 592 enim
893 536 1042 591 idem
1081 550 1268 591 comes
1317 534 1461 589 ﬁlius
1519 533 1692 588 Amati
1794 524 2092 579 sericarum
2125 523 2358 578 vestium
2416 523 2648 578 Divicias
2696 524 2861 579 etiam
2910 542 3038 580 suas
3068 529 3317 583 ecclesiis
3351 537 3405 583 ct

120 638 328 702 comitis,
346 644 397 691 et
415 630 717 688 ditissimus
766 627 823 681 in
876 625 1230 697 possessione
1284 616 1694 679 urbium'etca-
1797 612 2134 702 Ρᾷυρθτίδυδ
2164 614 2313 685 larga
2360 628 2525 667 manu
2570 613 2869 667 ἀίδίνίδυίι-
2928 615 3005 667 Ad
3052 624 3406 688 augmentum

119 734 404 795 stellarum;
427 739 531 781 nec
558 721 762 795 aliquis
799 728 984 792 potest
1012 719 1165 774 adire
1196 718 1424 784 Italiam,
1458 716 1564 771 nisi
1596 730 1696 787 per
1795 701 2056 757 virtutum
2086 703 2251 759 etiam
2278 718 2521 771 suarum,
2565 719 2663 774 per
2719 704 3119 775 aliquantulum
3147 708 3411 777 temporis

121 832 296 881 tenam
326 818 513 891 ipsius.
1796 801 1923 849 ante
1954 802 2188 850 mortem
2217 812 2373 850 suam
2405 795 2615 851 lumine
2634 796 2904 867 corporali
2938 797 3184 868 privatus
3213 797 3406 854 fuerat.

178 885 465 970 Teobaldus
504 925 690 967 comes
748 904 1097 964 (Iarnotensis
1150 904 1335 976 plures
1372 900 1693 957 Judeorum.
1799 885 1995 976 Μθηεθ
2022 886 2263 960 August“)
2292 900 2385 942 τοι
2452 886 2704 942 τῖἰηείνίί
2734 886 2789 941 in
2837 888 3103 961 Angliam,
3135 896 3190 944 οι
3218 906 3414 965 δέἔζνε·

125 1004 201 1077 qui
238 1002 399 1058 Blesis
446 999 787 1064 habitabant,
834 996 947 1072 igni
978 993 1220 1050 tradidit.
1256 990 1544 1064 Siquidem
1573 1004 1697 1043 cum
1799 975 2385 1077 satistam‘yiilitibus
2428 993 2588 1077 quam
2621 978 3109 1077 δυωριξῠυεξηιιυίιξ)
3165 981 3233 1077 ηεξ
3270 988 3413 1077 _tan-

125 1063 355 1148 infantem
391 1090 663 1163 quendam
696 1063 780 1142 in
810 1063 1202 1157 sovlempnitate
1240 1063 1482 1155 paschali
1523 1078 1701 1135 cruci-
1801 1072 1908 1117 iam
1935 1063 2341 1163 θκιξξξάἰιίοηοπξ
2372 1073 2529 1163 Fui”
2554 1066 2863 1163 “ffessaf'ia
2881 1066 3069 1139 νίβξίιίδ
3090 1068 3234 1123 beati
3270 1070 3414 1125 Luce

129 1181 347 1237 ﬁxisse“;
375 1155 441 1236 δξι
499 1178 859 1251 opprobrium
910 1155 1359 1238 οιιίοίειίεηοι-υιη,
1425 1179 1614 1241 postea
1648 1169 1703 1222 in
1806 1155 2145 1227 evangeliste
2178 1156 2426 1212 transivit
2467 1158 2534 1251 in
2578 1158 2891 1251 Hiberniam
2927 1161 3057 1228 (Oct.
3102 1161 3211 1231 17).
3243 1161 3412 1226 Quam

125 1286 260 1326 sacco
286 1269 516 1341 positum
538 1248 616 1323 ᾗ,
661 1267 887 1322 ﬂuvium
937 1264 1145 1340 Ligeris
1183 1262 1555 1333 proiecerunL
1588 1259 1704 1323 Quo
1806 1254 1988 1343 autem
2022 1263 2283 1343 prospere
2306 1248 2695 1343 transfretavit,
2720 1250 3010 1343 applicuit,
3044 1260 3297 1324 receptus
3320 1254 3412 1321 sit,

125 1333 341 1425 invento,
376 1375 472 1415 eos
501 1356 786 1414 convictos
812 1356 881 1410 de
919 1333 1232 1419 sceiere,ut
1253 1366 1421 1421 supra
1442 1349 1701 1414 diximus,
1805 1333 1999 1390 “item
2026 1352 2163 1407 quas
2183 1338 2251 1392 ad
2299 1354 2482 1411 τεεεηι
2525 1339 2815 1394 Ηθητίουῐη
2851 1339 3023 1395 ﬁlium
3055 1357 3213 1397 suum
3247 1343 3414 1407 ῐηίείίι

125 1451 218 1521 igni
247 1449 477 1515 tradidit,
525 1446 769 1516 exceptis
828 1443 956 1506 illis,
1014 1441 1110 1513 qui
1152 1440 1318 1494 tidem
1351 1438 1701 1493 christianam
1805 1428 2072 1521 indicant.

126 1520 435 1611 receperunt.
467 1539 579 1593 Hoc
602 1537 769 1593 etiam
800 1534 1052 1590 fecerunt
1076 1533 1147 1587 de
1201 1540 1391 1586 sancto
1422 1531 1704 1585 Willermo
1880 1520 1939 1611 iiii
1952 1520 2037 1574 72-
2066 1522 2376 1578 Fredericus
2400 1524 2491 1579 21.
2522 1526 2820 1581 Ludovicus
2851 1524 2938 1581 35.
2972 1527 3229 1582 Henricus
3261 1530 3345 1584 10,

126 1634 174 1688 in
198 1634 374 1709 Anglia
431 1633 577 1704 apud
632 1630 827 1689 Norviz
879 1638 1130 1701 tempore
1173 1626 1439 1698 Stephani
1508 1625 1650 1699 regis
1688 1642 1705 1691 ;
1810 1705 1840 1709 _
1880 1610 2145 1709 Henricus
2174 1630 2266 1668 rex
2296 1614 2485 1685 junior
2527 1616 2595 1670 ad
2640 1616 2819 1671 natale
2881 1616 2982 1671 fuit
3031 1617 3097 1672 ad
3140 1619 3246 1673 Bur
3270 1620 3422 1689 juxta

128 1741 220 1797 quo
243 1705 447 1796 sepulto
487 1725 547 1779 in
596 1723 831 1779 ecclesia
878 1719 1204 1794 episcOpali,
1244 1718 1417 1773 multa
1446 1715 1710 1770 miracula
1735 1771 1783 1797 η
1809 1705 2106 1797 ξαὶοοιιῐης
2139 1717 2200 1763 et
2248 1709 2379 1797 quia
2417 1716 2545 1764 tunc
2600 1710 2837 1781 primum
2878 1712 3102 1766 tenebat
3131 1712 3339 1767 curiam
3367 1714 3424 1767 in

128 1788 245 1869 ίξυηι
265 1788 329 1868 aa
355 1813 711 1885 sepulchrum
771 1788 930 1881 eius:
965 1788 1229 1866 Sim—ium-
1275 1808 1478 1863 factum
1528 1813 1612 1861 εει
1641 1804 1711 1859 de
1735 1788 1786 1839 ὕ
1807 1788 2123 1863 Normania,
2155 1796 2329 1852 voluit
2357 1804 2417 1852 ut
2467 1796 2759 1870 magnifice
2816 1797 3081 1853 festivitas
3110 1802 3421 1856 celebrare-

126 1906 217 1961 alio
242 1907 378 1977 apud
408 1905 860 1962 οιονθεοθειι-ίεπι
914 1910 1164 1974 tempore
1214 1901 1430 1957 Henrici
1478 1899 1709 1954 secundi
1811 1895 1920 1944 tur.
1947 1888 2871 1960 Interfueruntepiscopi,abbates,
2904 1891 3156 1956 comites,
3185 1891 3425 1948 barones

127 1995 267 2069 regis,
291 1997 391 2052 sed
423 2005 478 2053 ει
515 1995 576 2050 in
608 1994 857 2062 Francia,
912 1992 1135 2049 castello
1194 1990 1535 2063 qui‘dicitur
1564 1990 1709 2046 Pons
1808 1984 1862 2033 et
1893 1980 2064 2035 multa
2089 1981 2279 2036 multis
2329 1981 2564 2056 largitus
2593 1990 2694 2038 est.
2730 1984 2791 2038 Et
2819 1992 2879 2037 ut
2932 1991 3194 2055 appareat
3239 1986 3424 2040 multi-

128 2084 266 2158 lsare,
293 2087 357 2143 de
381 2094 573 2143 sancto
603 2086 837 2143 Hicardo
882 2085 1038 2156 impii
1069 2084 1229 2140 Judei
1260 2082 1518 2139 similiter
1555 2081 1706 2138 fece-
1803 2071 1939 2140 tudo
1967 2087 2158 2127 eorum
2192 2073 2287 2145 (ιιιί
2343 2072 2717 2129 ίηιθνῖυθτυηῑ
2750 2093 2762 2129 ε
2819 2091 2943 2130 cum
2998 2076 3312 2132 Willcrmus
3357 2077 3427 2132 de

126 2180 390 2251 Numqui
445 2179 668 2235 delatus
727 2177 987 2243 parmas,
1040 2178 1096 2231 in
1146 2175 1382 2232 ecclesia
1427 2176 1697 2246 sepultus,
1806 2162 2004 2219 Sancto
2029 2163 2280 2219 Johanne
2337 2165 2671 2221 Normannie
2711 2175 3049 2238 procurator,
3116 2174 3171 2223 et
3209 2168 3429 2225 Willer-

129 2268 285 2323 multis
320 2268 601 2324 miraculis
626 2270 935 2324 θιιοηιεοει,
988 2267 1050 2321 Et
1102 2265 1444 2338 frequenter,
1473 2277 1534 2321 ιιι
1570 2267 1707 2322 dici-
1810 2270 1932 2309 mus
1954 2253 2098 2309 filius
2120 2256 2380 2312 Hamonis
2409 2258 2748 2312 senescallus
2784 2259 3102 2323 Brittannie,
3137 2260 3232 2331 qui
3262 2276 3432 2315 vene-

130 2369 220 2427 tur,
248 2360 440 2417 faciunt
480 2361 666 2417 hocin
710 2370 959 2432 tempore
986 2358 1330 2432 paschali,si
1360 2359 1711 2431 oportunita-
1813 2352 1894 2399 τεῐ
1920 2361 2045 2399 cum
2073 2346 2333 2401 Gallfrido
2380 2347 2518 2401 duce
2577 2347 2878 2402 Briuannie
2932 2348 3157 2403 domino
3209 2365 3308 2404 ⁸υο
3341 2351 3429 2417 ⁸⁸⁸,

134 2451 561 2508 ιεηιίηνθηθιυίηι,
1814 2437 2171 2492 comederent
2225 2439 2280 2492 in
2335 2438 2573 2509 quadam
2631 2455 2867 2503 camera,
2900 2439 3328 2510 prohibuerunt,
3364 2458 3431 2495 ne

191 2539 319 2595 Obiit
370 2540 705 2596 Guillermus
754 2538 1072 2595 Talavacius
1120 2553 1309 2594 comes
1374 2537 1611 2603 Pontivi,
1662 2546 1717 2594 et
1818 2528 1941 2599 (Illis
1972 2528 2131 2582 miles
2168 2527 2486 2583 (ῑοῐηεάθτθῑ
2543 2528 2597 2582 in
2656 2530 2852 2584 eadem
2909 2545 3145 2596 camera.
3195 2530 3287 2603 qui
3321 2542 3431 2585 [1οη

119 331 207 388 513

133 2633 363 2689 successit
386 2634 436 2689 ei
472 2634 761 2689 Johannes
810 2647 983 2702 nepos
1011 2647 1145 2686 suus
1195 2630 1251 2685 in
1285 2630 1547 2685 comitatu
1578 2632 1720 2686 Pon-

134 2721 234 2790 tiri,
254 2740 315 2777 ex
354 2723 605 2779 Guidone
664 2721 1036 2796 primogenito
1081 2736 1202 2776 suo.
1265 2721 1325 2775 In
1376 2728 1521 2775 terra
1564 2736 1717 2789 vero,

137 2834 274 2888 quam
292 2819 508 2875 tenebat
535 2819 609 2873 de
638 2833 766 2893 rege
795 2817 1092 2890 Anglorum
1138 2817 1194 2871 in
1224 2816 1557 2871 Normannia
1583 2823 1636 2871 et
1663 2817 1719 2871 in

137 2906 425 2964 Cenomansi
458 2922 606 2982 pago
636 2906 902 2963 successit
957 2906 1007 2961 ei
1049 2904 1333 2961 Johannes
1365 2920 1553 2960 comes
1578 2904 1721 2960 filius

1820 2625 2107 2673 vocaretur
2136 2617 2452 2672 Willermus
2476 2635 2490 2684 ;
2516 2624 2569 2672 et
2591 2619 2783 2688 ejectis
2839 2620 2961 2673 aliis
2992 2620 3060 2675 de
3091 2637 3309 2676 camera
3337 2637 3431 2676 re-

1821 2712 2145 2761 manserunt
2172 2707 2274 2761 M7
2306 2707 2529 2772 milites,
2572 2708 2666 2779 qui
2694 2723 2889 2763 omnes
2924 2710 3262 2766 vocabantur
3291 2711 3433 2765 Wil-

1822 2798 2002 2864 lermi,
2027 2800 2271 2870 exceptis
2298 2790 2564 2870 plurimis
2602 2800 2726 2855 aliis
2756 2802 3006 2870 ejusdem
3044 2802 3306 2867 nominis,
3339 2804 3434 2874 qui

1821 2893 2182 2947 comederunt
2213 2892 2267 2946 in
2299 2892 2423 2947 aula
2460 2908 2582 2948 cum
2642 2909 2771 2966 rege
2818 2894 2922 2929 ‘5"
2996 2894 3262 2949 Henricus
3326 2896 3435 2949 dux

136 2995 251 3063 ejus.
290 2998 388 3053 Iste
418 2998 578 3053 duxit
607 2995 773 3050 ﬁliam
830 2994 1048 3051 comitis
1106 2993 1291 3060 Heliae,
1332 2993 1519 3048 fratris
1546 2994 1720 3048 comi-
1820 2982 2093 3037 Saxonum
2128 2991 2181 3037 el
2212 2983 2557 3055 Bajacorum,
2614 3000 2787 3059 gener
2816 2984 3032 3040 Henrici
3063 2986 3210 3057 regis
3238 2986 3442 3059 Anglo-

140 3088 197 3144 tis
227 3088 455 3145 Gauri-icti
506 3088 926 3163 Andegavensis
956 3093 1011 3141 et
1043 3086 1201 3141 ducis
1253 3086 1714 3141 Normannomm.
1747 3130 1792 3163 ρ
1820 3093 1965 3143 rum,
1998 3078 2238 3148 perrexit
2264 3079 2571 3133 Jerusalem
2603 3096 2725 3135 cum
2758 3096 2957 3152 magno
2998 3080 3259 3135 comitatu
3294 3080 3438 3133 mili-

144 3130 197 3144 ....
228 3130 455 3145 ws".-.
506 3130 926 3163 ...κυεην-...υ
958 3130 1011 3141 ν.
1045 3130 1201 3141 ...ων
1254 3130 1714 3141 ..ν..........ν......-
1860 3130 1869 3131 κ
1912 3130 1915 3131 ν
1951 3130 1965 3143 ,
2366 3130 2570 3133 τμη-η
2609 3130 2725 3135 -_-_-
2760 3130 2952 3152 ηαδ---
3003 3130 3259 3135 ----____-_

144 3180 233 3237 Rex
263 3184 522 3240 Henricus
552 3184 738 3240 senior
787 3182 915 3237 fecit
966 3181 1285 3256 investigari
1318 3197 1415 3251 per
1453 3181 1721 3236 Norman-
1747 3130 1796 3199 Ο
1823 3174 1960 3233 tum,
1993 3177 2049 3224 Θῐ
2079 3185 2276 3243 magna
2308 3168 2779 3240 ίδίίηθορίδεθίιοῐ
2807 3170 3049 3225 formam
3071 3170 3290 3241 incepta
3315 3186 3442 3241 Ρθτ-

144 3275 266 3330 “iam
315 3282 499 3340 terras,
554 3276 623 3330 dp,
670 3276 873 3346 quibus
931 3290 1022 3329 rex
1100 3274 1366 3328 Henricus
1414 3289 1548 3327 avus
1605 3272 1726 3341 ejus
1827 3258 2070 3326 fecisset,
2104 3260 2209 3314 nisi
2240 3275 2330 3315 rex
2384 3267 2439 3314 et
2477 3260 2752 3330 templarii
2793 3260 3163 3314 obstitissent.
3199 3259 3444 3313 Thesau-

144 3364 527 3425 fueratsaisitus
560 3368 651 3423 die
700 3384 809 3439 qua
860 3367 1015 3423 obiit.
1073 3365 1221 3420 Fecit
1276 3365 1439 3421 etiam
1498 3365 1667 3436 inquit

1918 3382 1921 3399 .
1954 3359 2157 3417 tamen,
2186 3363 2330 3420 quos
2360 3363 2546 3403 secum
2579 3357 2911 3419 portaverat,
2938 3348 3088 3422 larga
3130 3363 3297 3429 manu
3329 3347 3441 3401 dis-

142 3474 256 3529 quas
275 3466 438 3516 terms
466 3469 523 3517 ει
550 3475 690 3531 quas
710 3459 882 3515 silvas
936 3467 992 3514 ει
1020 3474 1130 3530 que
1184 3457 1291 3512 alia
1319 3457 1597 3512 dominica
1625 3456 1732 3510 ba-
1836 3444 2026 3499 tribuit
2058 3442 2397 3514 pauperibus
2452 3450 2507 3498 et
2546 3442 2796 3498 ecclesiis
2845 3442 3043 3497 Sancte
3100 3441 3286 3496 Terre.
3323 3441 3450 3496 Post

144 3561 283 3603 renes
296 3556 347 3604 et
365 3549 459 3605 alii
492 3548 750 3605 homines
795 3553 1211 3618 occupaverant
1240 3554 1367 3617 post
1394 3554 1624 3600 mortem
1654 3562 1667 3598 ι

1930 3537 2042 3591 icha
2075 3553 2165 3591 rex
2194 3537 2447 3601 audiens,
2471 3537 2611 3591 duos
2632 3537 2861 3607 legatos,
2898 3536 3176 3589 Albertum
3207 3532 3453 3590 etTheo-

140 3639 212 3711 gis
240 3639 443 3698 Henrici
496 3640 585 3696 avi
616 3641 701 3695 sui
741 3657 757 3702 ς
809 3647 866 3695 ει
889 3640 997 3695 hoc
1054 3638 1219 3694 modo
1268 3637 1382 3692 fere
1439 3636 1741 3708 duplicavit
1841 3624 2055 3689 diuum,
2087 3639 2151 3678 ex
2189 3631 2344 3695 parte
2374 3624 2544 3679 donni
2578 3641 2718 3696 pape
2744 3624 3033 3679 Alexandri
3063 3622 3131 3677 ad
3166 3639 3225 3677 se
3260 3623 3454 3701 missos

148 3728 369 3785 redditus
416 3731 658 3786 ducatus
707 3729 1065 3785 Normannie.
1122 3728 1218 3782 Bis
1272 3742 1368 3782 rex
1405 3726 1740 3781 Walensium
1843 3735 1943 3791 pro
1974 3734 2137 3773 causa
2167 3718 2256 3789 pie
2288 3719 2554 3773 memorie
2609 3718 2815 3773 Thome
2874 3717 3153 3789 quondam
3214 3715 3451 3771 Cantua-

147 3817 433 3886 pacificatus
479 3827 565 3877 est
614 3835 740 3875 cum
793 3834 924 3891 rege
978 3817 1277 3890 Anglorum
1339 3816 1596 3872 Henrico.
1632 3815 1743 3870 Rex
1846 3808 2043 3864 riensis
2062 3807 2485 3891 archiepiscOpi,
2536 3821 2659 3861 cum
2687 3813 2831 3860 esset
2881 3806 2937 3860 in
2992 3804 3256 3859 llibernia
3284 3805 3437 3859 citis-

147 3908 304 3967 Oenus
334 3912 662 3978 favunculus
709 3912 829 3982 ejus
873 3910 1151 3983 praeterito
1216 3925 1363 3965 anno
1404 3909 1643 3975 obierat,
1691 3916 1747 3964 et
1847 3902 1983 3955 sime
2020 3898 2171 3953 venit
2198 3898 2268 3953 de
2309 3897 2569 3952 Hibernia
2625 3899 2680 3951 in
2726 3897 2996 3973 Angliam,
3047 3898 3117 3951 de
3152 3897 3342 3971 Anglia
3402 3897 3458 3951 in

150 4001 229 4061 filii
255 4007 368 4077 ejus
397 4007 515 4082 regi
586 4006 819 4062 Henrico
861 4004 1069 4060 subditi
1103 4011 1251 4060 sunt.
1296 4002 1583 4078 Margarita
1612 4016 1749 4057 uxor
1848 3989 2237 4082 Normanniam
2274 4007 2288 4052 ς
2319 3996 2373 4043 el
2438 3987 2721 4059 promissis
2773 3987 2840 4041 ad
2895 4003 3010 4082 cos
3048 3986 3467 4082 lionorabilibus

152 4095 364 4164 iunioris
393 4080 543 4176 regis
571 4098 791 4155 Henrici
835 4095 1207 4153 transfretavit
1250 4097 1303 4151 in
1332 4093 1743 4151 Normanniam.
1850 4082 2139 4176 PBPSODiSr
2190 4081 2405 4176 iOCFtUS
2461 4090 2543 4176 es}
2601 4096 2723 4176 (ξιιπι
2778 4082 2880 4176 {Bisi
2933 4080 3111 4176 Primo
3160 4080 3468 4176 SAat'igpeii,

216 4185 390 4245 Mense
415 4171 568 4245 Iulio
597 4204 693 4244 rex
724 4185 1085 4262 congregavit
1151 4185 1387 4241 barones
1438 4199 1571 4240 suos
1599 4181 1745 4254 apud
1849 4181 2044 4247 postea
2082 4173 2356 4240 Abrincis,
2391 4173 2561 4229 tercio
2601 4172 2829 4240 Cadoni,
2860 4173 2951 4228 ubi
2994 4188 3159 4227 causa
3191 4171 3286 4226 illa
3316 4171 3472 4227 ﬁnita

157 4275 551 4349 Argentonium,
578 4286 634 4333 et
671 4292 795 4332 cum
834 4276 911 4331 ibi
965 4280 1286 4331 tractaretur
1309 4273 1379 4329 de
1409 4272 1750 4344 profectione
1851 4275 1955 4332 est,
1981 4266 2122 4321 sicut
2150 4266 2343 4321 litterae
2366 4307 2380 4333 ,
2413 4265 2668 4338 publicae,
2700 4272 2990 4331 testantur,
3013 4280 3136 4337 quae
3166 4264 3294 4319 inde
3321 4264 3474 4319 factae

157 4369 317 4432 suain
344 4369 684 4436 Hiberniam,
712 4369 878 4440 legati
937 4367 1154 4424 comitis
1205 4366 1428 4421 Ricardi
1482 4370 1752 4421 venerunt
1851 4364 1998 4425 sunt,
2030 4364 2084 4412 et
2113 4373 2145 4412 a
2192 4357 2381 4413 multis
2429 4357 2685 4429 personis
2749 4373 2870 4429 quae
2913 4356 3043 4413 illuc
3071 4365 3472 4423 convenerant,

157 4455 213 4508 ad
237 4472 378 4525 eum,
419 4458 681 4513 dicentes
722 4472 789 4513 ex
828 4465 982 4528 parte
1036 4456 1276 4522 comitis,
1337 4455 1483 4528 quod
1513 4455 1754 4510 traderet
1785 4449 2168 4528 nretinentur
2228 4449 2397 4520 (665).
2455 4450 2565 4505 Rex
2614 4449 2880 4504 Henricus
2943 4449 3159 4505 locutus
3209 4455 3295 4503 est
3350 4463 3475 4503 cum

159 4541 202 4596 ei
224 4544 489 4601 civitatem
522 4545 808 4613 Duveline,
849 4552 905 4600 et
959 4542 1294 4610 Waterford,
1318 4551 1374 4598 et
1413 4543 1551 4597 alias
1580 4541 1757 4597 ﬁrmi-
1783 4539 1837 4577 υ
1858 4557 1987 4615 rege
2020 4542 2373 4608 Francorum,
2407 4548 2460 4597 et
2487 4542 2637 4597 misit
2668 4559 2828 4597 suum
2877 4557 3063 4615 regem
3089 4539 3369 4609 juniorem
3426 4539 3480 4593 in

159 4640 282 4690 tates
318 4653 465 4701 suas,
525 4653 662 4710 quas
720 4636 957 4693 habebat
1011 4651 1178 4691 causa
1246 4634 1433 4690 uxoris
1469 4651 1592 4700 sue,
1632 4649 1754 4706 quae
1857 4636 2126 4709 Angliam.
2156 4644 2216 4691 ut
2256 4636 2544 4711 Margarita
2581 4636 2693 4691 filia
2747 4636 2894 4708 regis
2933 4635 3160 4691 Francie
3190 4650 3328 4690 uxor
3362 4636 3485 4706 ejus

160 4722 319 4783 fuerat
344 4727 455 4784 ﬁlia
476 4729 620 4803 regis
650 4727 1052 4793 Duvelinensis,
1105 4728 1199 4798 qui
1224 4727 1337 4795 jam
1380 4727 1611 4783 obierat.
1643 4726 1754 4781 Rex
1857 4735 2275 4784 consecraretur
2323 4728 2381 4781 in
2441 4728 2704 4803 reginam.
2800 4728 2949 4783 Hanc
3025 4729 3361 4782 inunxerunt
3417 4742 3482 4782 ex

162 4817 325 4893 itaque
350 4823 541 4880 audito
571 4824 678 4879 hoc
738 4822 967 4886 nuncio,
1012 4822 1308 4878 mandavit
1360 4822 1570 4886 comiti,
1609 4822 1757 4893 quod

163 4908 400 4966 redderet
424 4911 475 4966 ei
510 4919 709 4966 terram
741 4927 894 4967 suam
954 4912 1010 4967 in
1064 4912 1259 4986 Anglia
1290 4919 1345 4967 et
1403 4912 1459 4966 in
1491 4912 1763 4967 Norman-
1862 4909 2240 4981 thomagensis
2297 4919 2350 4962 et
2405 4908 2631 4984 Egidius
2686 4910 2983 4981 episcOpus
3025 4910 3402 4977 Ebroicensis,
3434 4917 3491 4965 et

164 4994 261 5063 nia,
292 5005 343 5053 et
365 5000 585 5071 planam
612 5007 810 5056 terram
860 5000 916 5055 in
951 5000 1237 5067 Hibernia,
1279 5017 1444 5072 quam
1472 5008 1764 5070 acceperat
1864 5002 2269 5053 coronaverunt
2294 5014 2478 5073 regem
2538 5006 2592 5053 et
2655 5014 2879 5053 uxorem
2922 5000 3064 5069 ejus.
3112 5000 3265 5055 Circa
3291 4999 3491 5055 festum

164 5100 269 5143 cum
296 5107 467 5147 uxore
496 5108 595 5147 sua
626 5110 642 5160 ;
670 5100 725 5148 et
774 5093 1052 5149 concessit
1107 5092 1181 5157 ei,
1213 5100 1273 5149 ut
1330 5101 1477 5148 esset
1504 5100 1777 5147 comesta-
1878 5089 2052 5145 sancti
2084 5088 2365 5144 Michaelis
2395 5091 2750 5165 congregavit
2788 5108 2879 5147 rex
2911 5093 3207 5164 episcopos
3227 5091 3496 5147 Norman-

165 5175 262 5245 buli
290 5180 373 5236 vel
434 5183 785 5239 senescallus
839 5183 1018 5239 tocius
1074 5182 1374 5239 Hiberniae.
1435 5182 1779 5238 Venerabilis
1880 5181 1971 5235 nie
2011 5188 2066 5235 et
2098 5181 2400 5244 Britannie,
2431 5191 2485 5236 et
2517 5182 2668 5238 venit
2732 5184 2851 5255 ipse
2908 5190 2963 5238 et
3007 5183 3173 5257 legati
3223 5183 3495 5249 Abrincis,

165 5262 413 5325 Henricus
452 5271 753 5343 episcopus
814 5272 1218 5328 Wintoniensis
1264 5280 1323 5327 et
1349 5271 1522 5328 abbas
1554 5272 1775 5326 Glasto-
1881 5271 2162 5326 tractaturi
2197 5271 2265 5326 de
2293 5273 2701 5329 aeeclesiasticis
2734 5274 2983 5347 negociis
3014 5294 3029 5339 ;
3063 5274 3161 5329 sed
3192 5273 3497 5329 obsistente

164 5358 336 5414 nensis
361 5360 610 5417 decessit
646 5362 701 5417 in
734 5362 866 5419 fata.
897 5364 1008 5419 iste
1039 5364 1209 5419 multa
1250 5364 1396 5419 bona
1439 5362 1570 5419 fecit
1599 5362 1781 5418 eccle-
1881 5362 2029 5434 regis
2049 5359 2363 5416 inﬁrmitate
2405 5377 2598 5431 parum
2640 5362 3012 5434 profecerunt.
3048 5364 3218 5432 Cujus
3248 5376 3499 5417 conven-

1500 5459 1734 5514 VARl/E
1766 5457 2147 5515 LECTIONES.

226 5545 291 5582 ⁶⁶⁶
317 5551 424 5605 tres
461 5564 609 5606 uoces
629 5555 752 5624 post
782 5552 920 5609 hunc
939 5569 1123 5611 erasin.
1157 5555 1225 5591 ⁸⁸⁷
1256 5557 1342 5612 hic
1360 5569 1554 5611 manus
1590 5542 1859 5611 mittatur.

227 5725 366 5798 (665)
399 5727 634 5787 Exhibet
653 5747 747 5787 eas
770 5733 972 5805 Boucq.
1010 5732 1154 5801 xm,
1192 5732 1313 5789 135.
1716 5661 1924 5717 ΝΟΜ

1861 4820 2094 4876 consilio
2123 4820 2269 4895 regis
2307 4820 2532 4876 Francie
2583 4820 2857 4876 Rotrodus
2895 4822 3356 4892 archiepiscopus
3375 4820 3487 4876 Ro-
3572 4808 3583 4817 ’
