  <div class='ocr_page' id='page_1' title='image "/cluster/home/n/w/nwhite01/storage/ocr_20150623/160/uva.x000829802/263.png"; bbox 0 0 3858 6206; ppageno 0'>
   <div class='ocr_carea' id='block_1_1' title="bbox 319 300 425 353">
    <p class='ocr_par' dir='ltr' id='par_1_1' title="bbox 319 300 425 353">
     <span class='ocr_line' id='line_1_1' title="bbox 319 300 425 353; baseline 0 0"><span class='ocrx_word' id='word_1_1' title='bbox 319 300 425 353; x_wconf 74' lang='grc'>515</span> 
     </span>
    </p>
   </div>
   <div class='ocr_carea' id='block_1_2' title="bbox 464 432 1793 481">
    <p class='ocr_par' dir='ltr' id='par_1_2' title="bbox 464 432 1793 481">
     <span class='ocr_line' id='line_1_2' title="bbox 464 432 1793 481; baseline -0.008 0"><span class='ocrx_word' id='word_1_2' title='bbox 464 439 818 481; x_wconf 66' lang='lat' dir='ltr'>ROMANORUM.</span> <span class='ocrx_word' id='word_1_3' title='bbox 970 434 1305 474; x_wconf 74' lang='lat' dir='ltr'>FRANCORUM.</span> <span class='ocrx_word' id='word_1_4' title='bbox 1476 432 1793 472; x_wconf 71' lang='lat' dir='ltr'>ANGLORUM.</span> 
     </span>
    </p>
   </div>
   <div class='ocr_carea' id='block_1_3' title="bbox 322 507 1935 580">
    <p class='ocr_par' dir='ltr' id='par_1_3' title="bbox 322 507 1935 580">
     <span class='ocr_line' id='line_1_3' title="bbox 322 507 1935 580; baseline -0.006 -11"><span class='ocrx_word' id='word_1_5' title='bbox 322 524 409 570; x_wconf 90' lang='lat' dir='ltr'>tus</span> <span class='ocrx_word' id='word_1_6' title='bbox 440 528 604 569; x_wconf 91' lang='lat' dir='ltr'>causa</span> <span class='ocrx_word' id='word_1_7' title='bbox 632 516 904 566; x_wconf 88' lang='lat' dir='ltr'>venerunt</span> <span class='ocrx_word' id='word_1_8' title='bbox 934 524 1107 580; x_wconf 86' lang='lat' dir='ltr'>usque</span> <span class='ocrx_word' id='word_1_9' title='bbox 1137 509 1205 561; x_wconf 87' lang='lat' dir='ltr'>ad</span> <span class='ocrx_word' id='word_1_10' title='bbox 1255 507 1492 562; x_wconf 89' lang='lat' dir='ltr'>Montem</span> <span class='ocrx_word' id='word_1_11' title='bbox 1524 507 1593 560; x_wconf 89' lang='lat' dir='ltr'>ad</span> <span class='ocrx_word' id='word_1_12' title='bbox 1618 522 1719 561; x_wconf 91' lang='lat' dir='ltr'>nos</span> <span class='ocrx_word' id='word_1_13' title='bbox 1753 507 1935 560; x_wconf 85' lang='lat' dir='ltr'>hono-</span> 
     </span>
    </p>
   </div>
   <div class='ocr_carea' id='block_1_4' title="bbox 322 600 1942 678">
    <p class='ocr_par' dir='ltr' id='par_1_4' title="bbox 322 600 1942 678">
     <span class='ocr_line' id='line_1_4' title="bbox 322 600 1942 678; baseline -0.006 -15"><span class='ocrx_word' id='word_1_14' title='bbox 322 608 527 663; x_wconf 89' lang='lat' dir='ltr'>rabiles</span> <span class='ocrx_word' id='word_1_15' title='bbox 553 622 791 678; x_wconf 89' lang='lat' dir='ltr'>persone</span> <span class='ocrx_word' id='word_1_16' title='bbox 815 605 983 659; x_wconf 68' lang='lat' dir='ltr'>multa</span> <span class='ocrx_word' id='word_1_17' title='bbox 1016 604 1160 657; x_wconf 89' lang='lat' dir='ltr'>inter</span> <span class='ocrx_word' id='word_1_18' title='bbox 1208 618 1345 673; x_wconf 90' lang='lat' dir='ltr'>quas</span> <span class='ocrx_word' id='word_1_19' title='bbox 1398 602 1618 655; x_wconf 90' lang='lat' dir='ltr'>fuerunt</span> <span class='ocrx_word' id='word_1_20' title='bbox 1642 600 1942 672; x_wconf 84' lang='lat' dir='ltr'>religiosis-</span> 
     </span>
    </p>
   </div>
   <div class='ocr_carea' id='block_1_5' title="bbox 321 688 1942 763">
    <p class='ocr_par' dir='ltr' id='par_1_5' title="bbox 321 688 1942 763">
     <span class='ocr_line' id='line_1_5' title="bbox 321 688 1942 763; baseline -0.006 -11"><span class='ocrx_word' id='word_1_21' title='bbox 321 697 446 752; x_wconf 82' lang='lat' dir='ltr'>simi</span> <span class='ocrx_word' id='word_1_22' title='bbox 478 696 602 762; x_wconf 91' lang='lat' dir='ltr'>viri,</span> <span class='ocrx_word' id='word_1_23' title='bbox 627 694 885 750; x_wconf 90' lang='lat' dir='ltr'>dominus</span> <span class='ocrx_word' id='word_1_24' title='bbox 916 693 1227 763; x_wconf 77' lang='lat' dir='ltr'>Stephanus</span> <span class='ocrx_word' id='word_1_25' title='bbox 1269 690 1649 746; x_wconf 90' lang='lat' dir='ltr'>Cluniacensis</span> <span class='ocrx_word' id='word_1_26' title='bbox 1680 698 1733 743; x_wconf 89' lang='lat' dir='ltr'>et</span> <span class='ocrx_word' id='word_1_27' title='bbox 1760 688 1942 743; x_wconf 88' lang='lat' dir='ltr'>domi—</span> 
     </span>
    </p>
   </div>
   <div class='ocr_carea' id='block_1_6' title="bbox 323 780 1941 844">
    <p class='ocr_par' dir='ltr' id='par_1_6' title="bbox 323 780 1941 844">
     <span class='ocr_line' id='line_1_6' title="bbox 323 780 1941 844; baseline -0.007 0"><span class='ocrx_word' id='word_1_28' title='bbox 323 806 428 844; x_wconf 89' lang='lat' dir='ltr'>nus</span> <span class='ocrx_word' id='word_1_29' title='bbox 458 787 785 843; x_wconf 77' lang='lat' dir='ltr'>Benedictus</span> <span class='ocrx_word' id='word_1_30' title='bbox 814 786 1067 840; x_wconf 87' lang='lat' dir='ltr'>Clusinus</span> <span class='ocrx_word' id='word_1_31' title='bbox 1099 782 1361 838; x_wconf 86' lang='lat' dir='ltr'>abbates:</span> <span class='ocrx_word' id='word_1_32' title='bbox 1396 789 1450 837; x_wconf 89' lang='lat' dir='ltr'>et</span> <span class='ocrx_word' id='word_1_33' title='bbox 1482 790 1673 837; x_wconf 90' lang='lat' dir='ltr'>mutua</span> <span class='ocrx_word' id='word_1_34' title='bbox 1702 780 1820 835; x_wconf 84' lang='lat' dir='ltr'>vice</span> <span class='ocrx_word' id='word_1_35' title='bbox 1851 795 1941 834; x_wconf 92' lang='lat' dir='ltr'>so-</span> 
     </span>
    </p>
   </div>
   <div class='ocr_carea' id='block_1_7' title="bbox 322 871 1936 942">
    <p class='ocr_par' dir='ltr' id='par_1_7' title="bbox 322 871 1936 942">
     <span class='ocr_line' id='line_1_7' title="bbox 322 871 1936 942; baseline -0.006 -9"><span class='ocrx_word' id='word_1_36' title='bbox 322 878 579 934; x_wconf 90' lang='lat' dir='ltr'>cietatem</span> <span class='ocrx_word' id='word_1_37' title='bbox 608 894 762 931; x_wconf 88' lang='lat' dir='ltr'>suam</span> <span class='ocrx_word' id='word_1_38' title='bbox 796 876 952 930; x_wconf 85' lang='lat' dir='ltr'>nobis</span> <span class='ocrx_word' id='word_1_39' title='bbox 982 883 1036 929; x_wconf 91' lang='lat' dir='ltr'>et</span> <span class='ocrx_word' id='word_1_40' title='bbox 1086 874 1192 928; x_wconf 86' lang='lat' dir='ltr'>sibi</span> <span class='ocrx_word' id='word_1_41' title='bbox 1240 880 1480 927; x_wconf 86' lang='lat' dir='ltr'>nostram</span> <span class='ocrx_word' id='word_1_42' title='bbox 1534 871 1936 942; x_wconf 90' lang='lat' dir='ltr'>impendimus,</span> 
     </span>
    </p>
   </div>
   <div class='ocr_carea' id='block_1_8' title="bbox 326 962 1941 1035">
    <p class='ocr_par' dir='ltr' id='par_1_8' title="bbox 326 962 1941 1035">
     <span class='ocr_line' id='line_1_8' title="bbox 326 962 1941 1035; baseline -0.011 -7"><span class='ocrx_word' id='word_1_43' title='bbox 326 970 471 1028; x_wconf 90' lang='lat' dir='ltr'>sicut</span> <span class='ocrx_word' id='word_1_44' title='bbox 497 967 674 1022; x_wconf 90' lang='lat' dir='ltr'>littere</span> <span class='ocrx_word' id='word_1_45' title='bbox 703 982 913 1020; x_wconf 90' lang='lat' dir='ltr'>eorum.</span> <span class='ocrx_word' id='word_1_46' title='bbox 940 980 1061 1035; x_wconf 72' lang='lat' dir='ltr'>qua:</span> <span class='ocrx_word' id='word_1_47' title='bbox 1091 980 1122 1017; x_wconf 91' lang='lat' dir='ltr'>a</span> <span class='ocrx_word' id='word_1_48' title='bbox 1143 962 1304 1018; x_wconf 92' lang='lat' dir='ltr'>nobis</span> <span class='ocrx_word' id='word_1_49' title='bbox 1336 962 1633 1027; x_wconf 79' lang='lat' dir='ltr'>habentur,</span> <span class='ocrx_word' id='word_1_50' title='bbox 1666 968 1719 1013; x_wconf 90' lang='lat' dir='ltr'>et</span> <span class='ocrx_word' id='word_1_51' title='bbox 1742 967 1941 1014; x_wconf 66' lang='lat' dir='ltr'>nostra:</span> 
     </span>
    </p>
   </div>
   <div class='ocr_carea' id='block_1_9' title="bbox 330 1047 1941 1133">
    <p class='ocr_par' dir='ltr' id='par_1_9' title="bbox 330 1047 1941 1133">
     <span class='ocr_line' id='line_1_9' title="bbox 330 1047 1941 1133; baseline -0.009 -19"><span class='ocrx_word' id='word_1_52' title='bbox 330 1075 453 1133; x_wconf 67' lang='lat' dir='ltr'>qua:</span> <span class='ocrx_word' id='word_1_53' title='bbox 480 1058 548 1112; x_wconf 89' lang='lat' dir='ltr'>ab</span> <span class='ocrx_word' id='word_1_54' title='bbox 578 1056 712 1127; x_wconf 89' lang='lat' dir='ltr'>ipsis</span> <span class='ocrx_word' id='word_1_55' title='bbox 737 1061 1024 1124; x_wconf 66' lang='lat' dir='ltr'>asportatze</span> <span class='ocrx_word' id='word_1_56' title='bbox 1054 1060 1204 1119; x_wconf 90' lang='lat' dir='ltr'>sunt,</span> <span class='ocrx_word' id='word_1_57' title='bbox 1225 1051 1605 1106; x_wconf 83' lang='lat' dir='ltr'>testiﬁcantur.</span> <span class='ocrx_word' id='word_1_58' title='bbox 1646 1049 1756 1104; x_wconf 87' lang='lat' dir='ltr'>Hoc</span> <span class='ocrx_word' id='word_1_59' title='bbox 1776 1047 1941 1103; x_wconf 91' lang='lat' dir='ltr'>etiam</span> 
     </span>
    </p>
   </div>
   <div class='ocr_carea' id='block_1_10' title="bbox 330 1135 1944 1215">
    <p class='ocr_par' dir='ltr' id='par_1_10' title="bbox 330 1135 1944 1215">
     <span class='ocr_line' id='line_1_10' title="bbox 330 1135 1944 1215; baseline -0.01 -11"><span class='ocrx_word' id='word_1_60' title='bbox 330 1149 535 1204; x_wconf 81' lang='lat' dir='ltr'>fecerat</span> <span class='ocrx_word' id='word_1_61' title='bbox 573 1144 736 1200; x_wconf 91' lang='lat' dir='ltr'>nobis</span> <span class='ocrx_word' id='word_1_62' title='bbox 765 1143 870 1215; x_wconf 71' lang='lat' dir='ltr'>piae</span> <span class='ocrx_word' id='word_1_63' title='bbox 899 1141 1179 1196; x_wconf 72' lang='lat' dir='ltr'>memoria:</span> <span class='ocrx_word' id='word_1_64' title='bbox 1206 1140 1523 1195; x_wconf 87' lang='lat' dir='ltr'>Willermus</span> <span class='ocrx_word' id='word_1_65' title='bbox 1552 1135 1944 1193; x_wconf 87' lang='lat' dir='ltr'>Vizeliacensis</span> 
     </span>
    </p>
   </div>
   <div class='ocr_carea' id='block_1_11' title="bbox 330 1229 1942 1307">
    <p class='ocr_par' dir='ltr' id='par_1_11' title="bbox 330 1229 1942 1307">
     <span class='ocr_line' id='line_1_11' title="bbox 330 1229 1942 1307; baseline -0.009 -11"><span class='ocrx_word' id='word_1_66' title='bbox 330 1240 503 1296; x_wconf 85' lang='lat' dir='ltr'>abbas</span> <span class='ocrx_word' id='word_1_67' title='bbox 532 1239 586 1293; x_wconf 90' lang='lat' dir='ltr'>in</span> <span class='ocrx_word' id='word_1_68' title='bbox 617 1237 858 1307; x_wconf 91' lang='lat' dir='ltr'>capitulo</span> <span class='ocrx_word' id='word_1_69' title='bbox 906 1233 1314 1297; x_wconf 89' lang='lat' dir='ltr'>Vezeliacensi;</span> <span class='ocrx_word' id='word_1_70' title='bbox 1366 1240 1421 1286; x_wconf 94' lang='lat' dir='ltr'>et</span> <span class='ocrx_word' id='word_1_71' title='bbox 1475 1247 1596 1286; x_wconf 91' lang='lat' dir='ltr'>cum</span> <span class='ocrx_word' id='word_1_72' title='bbox 1639 1230 1726 1284; x_wconf 91' lang='lat' dir='ltr'>his</span> <span class='ocrx_word' id='word_1_73' title='bbox 1762 1229 1942 1284; x_wconf 89' lang='lat' dir='ltr'>tribus</span> 
     </span>
    </p>
   </div>
   <div class='ocr_carea' id='block_1_12' title="bbox 329 1324 1942 1396">
    <p class='ocr_par' dir='ltr' id='par_1_12' title="bbox 329 1324 1942 1396">
     <span class='ocr_line' id='line_1_12' title="bbox 329 1324 1942 1396; baseline -0.008 -6"><span class='ocrx_word' id='word_1_74' title='bbox 329 1333 602 1396; x_wconf 91' lang='lat' dir='ltr'>ecclesiis,</span> <span class='ocrx_word' id='word_1_75' title='bbox 633 1331 847 1387; x_wconf 86' lang='lat' dir='ltr'>scilicet</span> <span class='ocrx_word' id='word_1_76' title='bbox 877 1328 1241 1392; x_wconf 83' lang='lat' dir='ltr'>Cluniacensi,</span> <span class='ocrx_word' id='word_1_77' title='bbox 1270 1327 1542 1392; x_wconf 87' lang='lat' dir='ltr'>Clusensi,</span> <span class='ocrx_word' id='word_1_78' title='bbox 1564 1324 1942 1392; x_wconf 87' lang='lat' dir='ltr'>Vizeliacensi,</span> 
     </span>
    </p>
   </div>
   <div class='ocr_carea' id='block_1_13' title="bbox 329 1416 1946 1496">
    <p class='ocr_par' dir='ltr' id='par_1_13' title="bbox 329 1416 1946 1496">
     <span class='ocr_line' id='line_1_13' title="bbox 329 1416 1946 1496; baseline -0.007 -14"><span class='ocrx_word' id='word_1_79' title='bbox 329 1427 596 1482; x_wconf 83' lang='lat' dir='ltr'>habemus</span> <span class='ocrx_word' id='word_1_80' title='bbox 615 1424 911 1496; x_wconf 91' lang='lat' dir='ltr'>specialem</span> <span class='ocrx_word' id='word_1_81' title='bbox 967 1421 1310 1487; x_wconf 88' lang='lat' dir='ltr'>societatem,</span> <span class='ocrx_word' id='word_1_82' title='bbox 1338 1427 1391 1474; x_wconf 91' lang='lat' dir='ltr'>et</span> <span class='ocrx_word' id='word_1_83' title='bbox 1438 1419 1666 1474; x_wconf 92' lang='lat' dir='ltr'>multum</span> <span class='ocrx_word' id='word_1_84' title='bbox 1700 1416 1862 1473; x_wconf 88' lang='lat' dir='ltr'>nobis</span> <span class='ocrx_word' id='word_1_85' title='bbox 1890 1422 1946 1471; x_wconf 93' lang='lat' dir='ltr'>et</span> 
     </span>
    </p>
   </div>
   <div class='ocr_carea' id='block_1_14' title="bbox 330 1506 1942 1585">
    <p class='ocr_par' dir='ltr' id='par_1_14' title="bbox 330 1506 1942 1585">
     <span class='ocr_line' id='line_1_14' title="bbox 330 1506 1942 1585; baseline -0.006 -16"><span class='ocrx_word' id='word_1_86' title='bbox 330 1515 438 1570; x_wconf 87' lang='lat' dir='ltr'>illis</span> <span class='ocrx_word' id='word_1_87' title='bbox 464 1514 795 1585; x_wconf 88' lang='lat' dir='ltr'>placentem.</span> <span class='ocrx_word' id='word_1_88' title='bbox 840 1511 992 1565; x_wconf 89' lang='lat' dir='ltr'>Circa</span> <span class='ocrx_word' id='word_1_89' title='bbox 1022 1510 1219 1564; x_wconf 83' lang='lat' dir='ltr'>festum</span> <span class='ocrx_word' id='word_1_90' title='bbox 1240 1509 1414 1563; x_wconf 89' lang='lat' dir='ltr'>sancti</span> <span class='ocrx_word' id='word_1_91' title='bbox 1444 1507 1660 1562; x_wconf 82' lang='lat' dir='ltr'>Martini</span> <span class='ocrx_word' id='word_1_92' title='bbox 1681 1507 1833 1560; x_wconf 91' lang='lat' dir='ltr'>venit</span> <span class='ocrx_word' id='word_1_93' title='bbox 1852 1506 1942 1575; x_wconf 86' lang='lat' dir='ltr'>ju-</span> 
     </span>
    </p>
   </div>
   <div class='ocr_carea' id='block_1_15' title="bbox 333 1599 1944 1674">
    <p class='ocr_par' dir='ltr' id='par_1_15' title="bbox 333 1599 1944 1674">
     <span class='ocr_line' id='line_1_15' title="bbox 333 1599 1944 1674; baseline -0.007 -12"><span class='ocrx_word' id='word_1_94' title='bbox 333 1607 456 1663; x_wconf 88' lang='lat' dir='ltr'>nior</span> <span class='ocrx_word' id='word_1_95' title='bbox 476 1622 571 1660; x_wconf 87' lang='lat' dir='ltr'>rex</span> <span class='ocrx_word' id='word_1_96' title='bbox 609 1620 734 1660; x_wconf 90' lang='lat' dir='ltr'>cum</span> <span class='ocrx_word' id='word_1_97' title='bbox 781 1618 952 1658; x_wconf 88' lang='lat' dir='ltr'>uxore</span> <span class='ocrx_word' id='word_1_98' title='bbox 991 1618 1090 1657; x_wconf 88' lang='lat' dir='ltr'>sua</span> <span class='ocrx_word' id='word_1_99' title='bbox 1139 1602 1207 1656; x_wconf 91' lang='lat' dir='ltr'>de</span> <span class='ocrx_word' id='word_1_100' title='bbox 1255 1600 1467 1674; x_wconf 83' lang='lat' dir='ltr'>Anglia,</span> <span class='ocrx_word' id='word_1_101' title='bbox 1509 1607 1563 1654; x_wconf 90' lang='lat' dir='ltr'>et</span> <span class='ocrx_word' id='word_1_102' title='bbox 1614 1599 1782 1655; x_wconf 91' lang='lat' dir='ltr'>locuti</span> <span class='ocrx_word' id='word_1_103' title='bbox 1814 1605 1944 1652; x_wconf 91' lang='lat' dir='ltr'>sunt</span> 
     </span>
    </p>
   </div>
   <div class='ocr_carea' id='block_1_16' title="bbox 335 1693 1949 1773">
    <p class='ocr_par' dir='ltr' id='par_1_16' title="bbox 335 1693 1949 1773">
     <span class='ocr_line' id='line_1_16' title="bbox 335 1693 1949 1773; baseline -0.005 -18"><span class='ocrx_word' id='word_1_104' title='bbox 335 1715 461 1755; x_wconf 91' lang='lat' dir='ltr'>cum</span> <span class='ocrx_word' id='word_1_105' title='bbox 495 1713 623 1773; x_wconf 91' lang='lat' dir='ltr'>rege</span> <span class='ocrx_word' id='word_1_106' title='bbox 655 1697 1008 1761; x_wconf 84' lang='lat' dir='ltr'>Francorum,</span> <span class='ocrx_word' id='word_1_107' title='bbox 1068 1695 1184 1765; x_wconf 88' lang='lat' dir='ltr'>ipse</span> <span class='ocrx_word' id='word_1_108' title='bbox 1237 1694 1383 1765; x_wconf 87' lang='lat' dir='ltr'>apud</span> <span class='ocrx_word' id='word_1_109' title='bbox 1432 1693 1639 1760; x_wconf 58' lang='lat' dir='ltr'>(visorz,</span> <span class='ocrx_word' id='word_1_110' title='bbox 1672 1693 1792 1763; x_wconf 90' lang='lat' dir='ltr'>ipsa</span> <span class='ocrx_word' id='word_1_111' title='bbox 1820 1707 1949 1747; x_wconf 90' lang='lat' dir='ltr'>vero</span> 
     </span>
    </p>
   </div>
   <div class='ocr_carea' id='block_1_17' title="bbox 337 1781 1956 1858">
    <p class='ocr_par' dir='ltr' id='par_1_17' title="bbox 337 1781 1956 1858">
     <span class='ocr_line' id='line_1_17' title="bbox 337 1781 1956 1858; baseline -0.004 -16"><span class='ocrx_word' id='word_1_112' title='bbox 337 1788 484 1858; x_wconf 89' lang='lat' dir='ltr'>apud</span> <span class='ocrx_word' id='word_1_113' title='bbox 524 1787 748 1842; x_wconf 83' lang='lat' dir='ltr'>Calvum</span> <span class='ocrx_word' id='word_1_114' title='bbox 779 1786 1014 1840; x_wconf 85' lang='lat' dir='ltr'>Montem</span> <span class='ocrx_word' id='word_1_115' title='bbox 1052 1802 1067 1851; x_wconf 87' lang='lat'><strong>;</strong></span> <span class='ocrx_word' id='word_1_116' title='bbox 1097 1800 1238 1855; x_wconf 89' lang='lat' dir='ltr'>quos</span> <span class='ocrx_word' id='word_1_117' title='bbox 1297 1799 1390 1838; x_wconf 87' lang='lat' dir='ltr'>rex</span> <span class='ocrx_word' id='word_1_118' title='bbox 1419 1783 1686 1838; x_wconf 89' lang='lat' dir='ltr'>letissime</span> <span class='ocrx_word' id='word_1_119' title='bbox 1716 1781 1956 1853; x_wconf 85' lang='lat' dir='ltr'>suscepit</span> 
     </span>
    </p>
   </div>
   <div class='ocr_carea' id='block_1_18' title="bbox 337 1878 851 1935">
    <p class='ocr_par' dir='ltr' id='par_1_18' title="bbox 337 1878 851 1935">
     <span class='ocr_line' id='line_1_18' title="bbox 337 1878 851 1935; baseline -0.008 0"><span class='ocrx_word' id='word_1_120' title='bbox 337 1881 481 1935; x_wconf 90' lang='lat' dir='ltr'>sicut</span> <span class='ocrx_word' id='word_1_121' title='bbox 511 1878 660 1933; x_wconf 81' lang='lat' dir='ltr'>ﬁlios</span> <span class='ocrx_word' id='word_1_122' title='bbox 699 1893 851 1932; x_wconf 91' lang='lat' dir='ltr'>suos.</span> 
     </span>
    </p>
   </div>
   <div class='ocr_carea' id='block_1_19' title="bbox 414 1962 1884 2022">
    <p class='ocr_par' dir='ltr' id='par_1_19' title="bbox 414 1962 1884 2022">
     <span class='ocr_line' id='line_1_19' title="bbox 414 1962 1884 2022; baseline -0.002 0"><span class='ocrx_word' id='word_1_123' title='bbox 414 1968 572 2022; x_wconf 84' lang='grc'>11⁸73.</span> <span class='ocrx_word' id='word_1_124' title='bbox 596 1967 913 2022; x_wconf 70' lang='grc' dir='ltr'>Ενείιινίσυε</span> <span class='ocrx_word' id='word_1_125' title='bbox 938 1964 1030 2019; x_wconf 71' lang='lat'>22.</span> <span class='ocrx_word' id='word_1_126' title='bbox 1059 1965 1362 2020; x_wconf 73' lang='lat' dir='ltr'>Ludovicus</span> <span class='ocrx_word' id='word_1_127' title='bbox 1389 1964 1458 2019; x_wconf 89' lang='lat'>36</span> <span class='ocrx_word' id='word_1_128' title='bbox 1496 1966 1765 2020; x_wconf 79' lang='lat' dir='ltr'>Henricus</span> <span class='ocrx_word' id='word_1_129' title='bbox 1802 1962 1884 2019; x_wconf 86' lang='grc'>19.</span> 
     </span>
    </p>
   </div>
   <div class='ocr_carea' id='block_1_20' title="bbox 413 2054 1959 2131">
    <p class='ocr_par' dir='ltr' id='par_1_20' title="bbox 413 2054 1959 2131">
     <span class='ocr_line' id='line_1_20' title="bbox 413 2054 1959 2131; baseline -0.005 -15"><span class='ocrx_word' id='word_1_130' title='bbox 413 2061 525 2116; x_wconf 79' lang='lat' dir='ltr'>Rex</span> <span class='ocrx_word' id='word_1_131' title='bbox 590 2058 855 2114; x_wconf 81' lang='lat' dir='ltr'>Henricus</span> <span class='ocrx_word' id='word_1_132' title='bbox 898 2073 1021 2112; x_wconf 91' lang='lat' dir='ltr'>cum</span> <span class='ocrx_word' id='word_1_133' title='bbox 1063 2057 1254 2130; x_wconf 80' lang='lat' dir='ltr'>regina</span> <span class='ocrx_word' id='word_1_134' title='bbox 1297 2057 1518 2112; x_wconf 86' lang='lat' dir='ltr'>Alienor</span> <span class='ocrx_word' id='word_1_135' title='bbox 1569 2055 1682 2131; x_wconf 91' lang='lat' dir='ltr'>egit</span> <span class='ocrx_word' id='word_1_136' title='bbox 1723 2054 1959 2111; x_wconf 88' lang='lat' dir='ltr'>natalem</span> 
     </span>
    </p>
   </div>
   <div class='ocr_carea' id='block_1_21' title="bbox 343 2151 1963 2226">
    <p class='ocr_par' dir='ltr' id='par_1_21' title="bbox 343 2151 1963 2226">
     <span class='ocr_line' id='line_1_21' title="bbox 343 2151 1963 2226; baseline -0.006 -14"><span class='ocrx_word' id='word_1_137' title='bbox 343 2155 561 2212; x_wconf 90' lang='lat' dir='ltr'>Domini</span> <span class='ocrx_word' id='word_1_138' title='bbox 615 2154 762 2225; x_wconf 89' lang='lat' dir='ltr'>apud</span> <span class='ocrx_word' id='word_1_139' title='bbox 816 2152 1050 2208; x_wconf 85' lang='lat' dir='ltr'>Chinum</span> <span class='ocrx_word' id='word_1_140' title='bbox 1116 2151 1392 2226; x_wconf 85' lang='lat' dir='ltr'>regaliter.</span> <span class='ocrx_word' id='word_1_141' title='bbox 1449 2152 1644 2206; x_wconf 88' lang='lat' dir='ltr'>Junior</span> <span class='ocrx_word' id='word_1_142' title='bbox 1683 2166 1813 2205; x_wconf 90' lang='lat' dir='ltr'>vero</span> <span class='ocrx_word' id='word_1_143' title='bbox 1871 2165 1963 2203; x_wconf 87' lang='lat' dir='ltr'>rex</span> 
     </span>
    </p>
   </div>
   <div class='ocr_carea' id='block_1_22' title="bbox 342 2241 1965 2320">
    <p class='ocr_par' dir='ltr' id='par_1_22' title="bbox 342 2241 1965 2320">
     <span class='ocr_line' id='line_1_22' title="bbox 342 2241 1965 2320; baseline -0.006 -17"><span class='ocrx_word' id='word_1_144' title='bbox 342 2264 467 2303; x_wconf 90' lang='lat' dir='ltr'>cum</span> <span class='ocrx_word' id='word_1_145' title='bbox 521 2262 693 2302; x_wconf 88' lang='lat' dir='ltr'>uxore</span> <span class='ocrx_word' id='word_1_146' title='bbox 753 2262 851 2300; x_wconf 90' lang='lat' dir='ltr'>sua</span> <span class='ocrx_word' id='word_1_147' title='bbox 940 2245 1223 2320; x_wconf 78' lang='lat' dir='ltr'>Margarita</span> <span class='ocrx_word' id='word_1_148' title='bbox 1292 2244 1527 2298; x_wconf 88' lang='lat' dir='ltr'>eandem</span> <span class='ocrx_word' id='word_1_149' title='bbox 1610 2241 1965 2297; x_wconf 89' lang='lat' dir='ltr'>festivitatem</span> 
     </span>
    </p>
   </div>
   <div class='ocr_carea' id='block_1_23' title="bbox 343 2333 1973 2408">
    <p class='ocr_par' dir='ltr' id='par_1_23' title="bbox 343 2333 1973 2408">
     <span class='ocr_line' id='line_1_23' title="bbox 343 2333 1973 2408; baseline -0.006 -17"><span class='ocrx_word' id='word_1_150' title='bbox 343 2336 489 2408; x_wconf 86' lang='lat' dir='ltr'>apud</span> <span class='ocrx_word' id='word_1_151' title='bbox 515 2336 720 2390; x_wconf 86' lang='lat' dir='ltr'>Bonam</span> <span class='ocrx_word' id='word_1_152' title='bbox 764 2334 957 2388; x_wconf 86' lang='lat' dir='ltr'>Villam</span> <span class='ocrx_word' id='word_1_153' title='bbox 1012 2334 1314 2389; x_wconf 88' lang='lat' dir='ltr'>celebravit</span> <span class='ocrx_word' id='word_1_154' title='bbox 1392 2333 1599 2387; x_wconf 86' lang='lat' dir='ltr'>Exinde</span> <span class='ocrx_word' id='word_1_155' title='bbox 1631 2337 1856 2387; x_wconf 91' lang='lat' dir='ltr'>secutus</span> <span class='ocrx_word' id='word_1_156' title='bbox 1889 2346 1973 2399; x_wconf 54' lang='lat' dir='ltr'>est</span> 
     </span>
    </p>
   </div>
   <div class='ocr_carea' id='block_1_24' title="bbox 342 2423 1966 2496">
    <p class='ocr_par' dir='ltr' id='par_1_24' title="bbox 342 2423 1966 2496">
     <span class='ocr_line' id='line_1_24' title="bbox 342 2423 1966 2496; baseline -0.005 -17"><span class='ocrx_word' id='word_1_157' title='bbox 342 2433 554 2496; x_wconf 88' lang='lat' dir='ltr'>patrem</span> <span class='ocrx_word' id='word_1_158' title='bbox 583 2439 743 2478; x_wconf 89' lang='lat' dir='ltr'>suum</span> <span class='ocrx_word' id='word_1_159' title='bbox 781 2423 836 2476; x_wconf 92' lang='lat' dir='ltr'>in</span> <span class='ocrx_word' id='word_1_160' title='bbox 866 2423 1324 2496; x_wconf 77' lang='lat' dir='ltr'>Andegavcnsem</span> <span class='ocrx_word' id='word_1_161' title='bbox 1360 2439 1582 2495; x_wconf 82' lang='lat' dir='ltr'>pagum,</span> <span class='ocrx_word' id='word_1_162' title='bbox 1625 2426 1966 2475; x_wconf 86' lang='lat' dir='ltr'>moraturum</span> 
     </span>
    </p>
   </div>
   <div class='ocr_carea' id='block_1_25' title="bbox 342 2510 1970 2585">
    <p class='ocr_par' dir='ltr' id='par_1_25' title="bbox 342 2510 1970 2585">
     <span class='ocr_line' id='line_1_25' title="bbox 342 2510 1970 2585; baseline -0.003 -15"><span class='ocrx_word' id='word_1_163' title='bbox 342 2515 399 2570; x_wconf 91' lang='lat' dir='ltr'>in</span> <span class='ocrx_word' id='word_1_164' title='bbox 439 2516 549 2570; x_wconf 91' lang='lat' dir='ltr'>illis</span> <span class='ocrx_word' id='word_1_165' title='bbox 579 2514 830 2585; x_wconf 89' lang='lat' dir='ltr'>partibus</span> <span class='ocrx_word' id='word_1_166' title='bbox 860 2530 1035 2585; x_wconf 88' lang='lat' dir='ltr'>usque</span> <span class='ocrx_word' id='word_1_167' title='bbox 1066 2515 1134 2569; x_wconf 91' lang='lat' dir='ltr'>ad</span> <span class='ocrx_word' id='word_1_168' title='bbox 1169 2513 1610 2584; x_wconf 87' lang='lat' dir='ltr'>purificationem</span> <span class='ocrx_word' id='word_1_169' title='bbox 1661 2513 1825 2567; x_wconf 86' lang='lat' dir='ltr'>beate</span> <span class='ocrx_word' id='word_1_170' title='bbox 1856 2510 1970 2565; x_wconf 88' lang='lat' dir='ltr'>Ma-</span> 
     </span>
    </p>
   </div>
   <div class='ocr_carea' id='block_1_26' title="bbox 342 2600 1967 2676">
    <p class='ocr_par' dir='ltr' id='par_1_26' title="bbox 342 2600 1967 2676">
     <span class='ocr_line' id='line_1_26' title="bbox 342 2600 1967 2676; baseline -0.005 -15"><span class='ocrx_word' id='word_1_171' title='bbox 342 2604 444 2673; x_wconf 86' lang='lat' dir='ltr'>rie,</span> <span class='ocrx_word' id='word_1_172' title='bbox 478 2605 701 2675; x_wconf 82' lang='lat' dir='ltr'>quando</span> <span class='ocrx_word' id='word_1_173' title='bbox 740 2620 834 2657; x_wconf 85' lang='lat' dir='ltr'>rex</span> <span class='ocrx_word' id='word_1_174' title='bbox 861 2602 1101 2657; x_wconf 82' lang='lat' dir='ltr'>debebat</span> <span class='ocrx_word' id='word_1_175' title='bbox 1163 2603 1312 2673; x_wconf 90' lang='lat' dir='ltr'>loqui</span> <span class='ocrx_word' id='word_1_176' title='bbox 1342 2619 1463 2658; x_wconf 89' lang='lat' dir='ltr'>cum</span> <span class='ocrx_word' id='word_1_177' title='bbox 1494 2619 1623 2676; x_wconf 82' lang='lat' dir='ltr'>rege</span> <span class='ocrx_word' id='word_1_178' title='bbox 1668 2600 1967 2676; x_wconf 84' lang='lat' dir='ltr'>Arragouie</span> 
     </span>
    </p>
   </div>
   <div class='ocr_carea' id='block_1_27' title="bbox 343 2690 1975 2749">
    <p class='ocr_par' dir='ltr' id='par_1_27' title="bbox 343 2690 1975 2749">
     <span class='ocr_line' id='line_1_27' title="bbox 343 2690 1975 2749; baseline -0.005 0"><span class='ocrx_word' id='word_1_179' title='bbox 343 2701 540 2749; x_wconf 89' lang='lat' dir='ltr'>etcum</span> <span class='ocrx_word' id='word_1_180' title='bbox 566 2693 767 2749; x_wconf 89' lang='lat' dir='ltr'>comite</span> <span class='ocrx_word' id='word_1_181' title='bbox 800 2693 869 2747; x_wconf 89' lang='lat' dir='ltr'>de</span> <span class='ocrx_word' id='word_1_182' title='bbox 919 2692 1209 2746; x_wconf 87' lang='lat' dir='ltr'>Morienna</span> <span class='ocrx_word' id='word_1_183' title='bbox 1238 2699 1291 2745; x_wconf 92' lang='lat' dir='ltr'>et</span> <span class='ocrx_word' id='word_1_184' title='bbox 1347 2708 1471 2746; x_wconf 92' lang='lat' dir='ltr'>cum</span> <span class='ocrx_word' id='word_1_185' title='bbox 1515 2690 1716 2746; x_wconf 88' lang='lat' dir='ltr'>comite</span> <span class='ocrx_word' id='word_1_186' title='bbox 1749 2690 1817 2745; x_wconf 90' lang='lat' dir='ltr'>de</span> <span class='ocrx_word' id='word_1_187' title='bbox 1838 2690 1975 2742; x_wconf 89' lang='lat' dir='ltr'>San-</span> 
     </span>
    </p>
   </div>
   <div class='ocr_carea' id='block_1_28' title="bbox 345 2784 1377 2855">
    <p class='ocr_par' dir='ltr' id='par_1_28' title="bbox 345 2784 1377 2855">
     <span class='ocr_line' id='line_1_28' title="bbox 345 2784 1377 2855; baseline -0.004 -14"><span class='ocrx_word' id='word_1_188' title='bbox 345 2795 434 2841; x_wconf 94' lang='lat' dir='ltr'>cto</span> <span class='ocrx_word' id='word_1_189' title='bbox 467 2785 682 2855; x_wconf 80' lang='lat' dir='ltr'>Egidio,</span> <span class='ocrx_word' id='word_1_190' title='bbox 715 2799 813 2855; x_wconf 86' lang='lat' dir='ltr'>pro</span> <span class='ocrx_word' id='word_1_191' title='bbox 847 2800 1011 2838; x_wconf 90' lang='lat' dir='ltr'>causa</span> <span class='ocrx_word' id='word_1_192' title='bbox 1045 2784 1256 2838; x_wconf 88' lang='lat' dir='ltr'>Tolosae</span> <span class='ocrx_word' id='word_1_193' title='bbox 1286 2784 1377 2847; x_wconf 66' lang='grc' dir='ltr'>δεῖ,</span> 
     </span>
    </p>
   </div>
   <div class='ocr_carea' id='block_1_29' title="bbox 1544 281 2439 359">
    <p class='ocr_par' dir='ltr' id='par_1_29' title="bbox 1544 281 2439 359">
     <span class='ocr_line' id='line_1_29' title="bbox 1544 281 2439 359; baseline -0.009 -18"><span class='ocrx_word' id='word_1_194' title='bbox 1544 285 1885 342; x_wconf 81' lang='lat' dir='ltr'>SlGEBERTl</span> <span class='ocrx_word' id='word_1_195' title='bbox 1926 281 2439 359; x_wconf 78' lang='lat' dir='ltr'>GEMBLACENSIS.</span> 
     </span>
    </p>
   </div>
   <div class='ocr_carea' id='block_1_30' title="bbox 3557 283 3655 337">
    <p class='ocr_par' dir='ltr' id='par_1_30' title="bbox 3557 283 3655 337">
     <span class='ocr_line' id='line_1_30' title="bbox 3557 283 3655 337; baseline 0.02 -2"><span class='ocrx_word' id='word_1_196' title='bbox 3557 283 3655 337; x_wconf 79' lang='grc'>516</span> 
     </span>
    </p>
   </div>
   <div class='ocr_carea' id='block_1_31' title="bbox 1964 407 3661 486">
    <p class='ocr_par' dir='ltr' id='par_1_31' title="bbox 1964 407 3661 486">
     <span class='ocr_line' id='line_1_31' title="bbox 1964 407 3661 486; baseline 0.002 -23"><span class='ocrx_word' id='word_1_197' title='bbox 1964 422 2012 486; x_wconf 75' lang='grc' dir='ltr'>Α</span> <span class='ocrx_word' id='word_1_198' title='bbox 2041 409 2327 481; x_wconf 81' lang='lat' dir='ltr'>elegerant</span> <span class='ocrx_word' id='word_1_199' title='bbox 2346 408 2636 482; x_wconf 86' lang='lat' dir='ltr'>Rogerium</span> <span class='ocrx_word' id='word_1_200' title='bbox 2680 407 2935 462; x_wconf 88' lang='lat' dir='ltr'>abbatem</span> <span class='ocrx_word' id='word_1_201' title='bbox 2991 408 3150 464; x_wconf 90' lang='lat' dir='ltr'>Becci</span> <span class='ocrx_word' id='word_1_202' title='bbox 3181 410 3251 463; x_wconf 92' lang='lat' dir='ltr'>ad</span> <span class='ocrx_word' id='word_1_203' title='bbox 3282 408 3661 481; x_wconf 87' lang='lat' dir='ltr'>archiepisco-</span> 
     </span>
    </p>
   </div>
   <div class='ocr_carea' id='block_1_32' title="bbox 2043 495 3663 568">
    <p class='ocr_par' dir='ltr' id='par_1_32' title="bbox 2043 495 3663 568">
     <span class='ocr_line' id='line_1_32' title="bbox 2043 495 3663 568; baseline 0.001 -17"><span class='ocrx_word' id='word_1_204' title='bbox 2043 505 2228 568; x_wconf 91' lang='lat' dir='ltr'>patum</span> <span class='ocrx_word' id='word_1_205' title='bbox 2261 495 2727 552; x_wconf 89' lang='lat' dir='ltr'>Cantuariensem.</span> <span class='ocrx_word' id='word_1_206' title='bbox 2774 497 2870 552; x_wconf 88' lang='lat' dir='ltr'>Ille</span> <span class='ocrx_word' id='word_1_207' title='bbox 2897 513 3026 552; x_wconf 89' lang='lat' dir='ltr'>vero</span> <span class='ocrx_word' id='word_1_208' title='bbox 3058 498 3400 568; x_wconf 89' lang='lat' dir='ltr'>pretendens</span> <span class='ocrx_word' id='word_1_209' title='bbox 3430 497 3663 552; x_wconf 81' lang='lat' dir='ltr'>inﬁmi-</span> 
     </span>
    </p>
   </div>
   <div class='ocr_carea' id='block_1_33' title="bbox 2041 587 3663 659">
    <p class='ocr_par' dir='ltr' id='par_1_33' title="bbox 2041 587 3663 659">
     <span class='ocr_line' id='line_1_33' title="bbox 2041 587 3663 659; baseline 0.001 -16"><span class='ocrx_word' id='word_1_210' title='bbox 2041 596 2205 643; x_wconf 88' lang='lat' dir='ltr'>tatem</span> <span class='ocrx_word' id='word_1_211' title='bbox 2273 603 2450 653; x_wconf 90' lang='lat' dir='ltr'>suam,</span> <span class='ocrx_word' id='word_1_212' title='bbox 2495 588 2672 643; x_wconf 91' lang='lat' dir='ltr'>noluit</span> <span class='ocrx_word' id='word_1_213' title='bbox 2734 587 3098 659; x_wconf 87' lang='lat' dir='ltr'>adquiescere</span> <span class='ocrx_word' id='word_1_214' title='bbox 3157 589 3663 646; x_wconf 88' lang='lat' dir='ltr'>electionieorum.</span> 
     </span>
    </p>
   </div>
   <div class='ocr_carea' id='block_1_34' title="bbox 2042 680 3664 752">
    <p class='ocr_par' dir='ltr' id='par_1_34' title="bbox 2042 680 3664 752">
     <span class='ocr_line' id='line_1_34' title="bbox 2042 680 3664 752; baseline 0.001 -18"><span class='ocrx_word' id='word_1_215' title='bbox 2042 680 2142 745; x_wconf 87' lang='lat' dir='ltr'>Qui</span> <span class='ocrx_word' id='word_1_216' title='bbox 2176 680 2305 734; x_wconf 91' lang='lat' dir='ltr'>inde</span> <span class='ocrx_word' id='word_1_217' title='bbox 2345 680 2646 734; x_wconf 87' lang='lat' dir='ltr'>redeuntes</span> <span class='ocrx_word' id='word_1_218' title='bbox 2669 680 2727 734; x_wconf 94' lang='lat' dir='ltr'>in</span> <span class='ocrx_word' id='word_1_219' title='bbox 2786 680 3061 751; x_wconf 81' lang='lat' dir='ltr'>Angliam,</span> <span class='ocrx_word' id='word_1_220' title='bbox 3093 680 3413 736; x_wconf 90' lang='lat' dir='ltr'>convocatis</span> <span class='ocrx_word' id='word_1_221' title='bbox 3438 680 3664 752; x_wconf 82' lang='lat' dir='ltr'>episco-</span> 
     </span>
    </p>
   </div>
   <div class='ocr_carea' id='block_1_35' title="bbox 2041 769 3673 844">
    <p class='ocr_par' dir='ltr' id='par_1_35' title="bbox 2041 769 3673 844">
     <span class='ocr_line' id='line_1_35' title="bbox 2041 769 3673 844; baseline 0 -20"><span class='ocrx_word' id='word_1_222' title='bbox 2041 770 2129 841; x_wconf 90' lang='lat' dir='ltr'>pis</span> <span class='ocrx_word' id='word_1_223' title='bbox 2155 770 2353 824; x_wconf 89' lang='lat' dir='ltr'>etaliis</span> <span class='ocrx_word' id='word_1_224' title='bbox 2383 769 2656 842; x_wconf 82' lang='lat' dir='ltr'>religiosis</span> <span class='ocrx_word' id='word_1_225' title='bbox 2715 770 2994 840; x_wconf 89' lang='lat' dir='ltr'>personis,</span> <span class='ocrx_word' id='word_1_226' title='bbox 3054 771 3344 844; x_wconf 87' lang='lat' dir='ltr'>elegerunt</span> <span class='ocrx_word' id='word_1_227' title='bbox 3374 771 3432 825; x_wconf 91' lang='lat' dir='ltr'>in</span> <span class='ocrx_word' id='word_1_228' title='bbox 3488 771 3673 825; x_wconf 84' lang='lat' dir='ltr'>archi-</span> 
     </span>
    </p>
   </div>
   <div class='ocr_carea' id='block_1_36' title="bbox 2042 864 3671 936">
    <p class='ocr_par' dir='ltr' id='par_1_36' title="bbox 2042 864 3671 936">
     <span class='ocr_line' id='line_1_36' title="bbox 2042 864 3671 936; baseline 0 -17"><span class='ocrx_word' id='word_1_229' title='bbox 2042 865 2366 936; x_wconf 89' lang='lat' dir='ltr'>episcopum</span> <span class='ocrx_word' id='word_1_230' title='bbox 2409 864 2705 919; x_wconf 65' lang='lat' dir='ltr'>fiicardum</span> <span class='ocrx_word' id='word_1_231' title='bbox 2736 864 2972 934; x_wconf 91' lang='lat' dir='ltr'>priorem</span> <span class='ocrx_word' id='word_1_232' title='bbox 3001 866 3068 919; x_wconf 92' lang='lat' dir='ltr'>dc</span> <span class='ocrx_word' id='word_1_233' title='bbox 3095 865 3295 920; x_wconf 91' lang='lat' dir='ltr'>Duvira</span> <span class='ocrx_word' id='word_1_234' title='bbox 3325 867 3671 921; x_wconf 88' lang='lat' dir='ltr'>monachum</span> 
     </span>
    </p>
   </div>
   <div class='ocr_carea' id='block_1_37' title="bbox 2041 956 3676 1013">
    <p class='ocr_par' dir='ltr' id='par_1_37' title="bbox 2041 956 3676 1013">
     <span class='ocr_line' id='line_1_37' title="bbox 2041 956 3676 1013; baseline 0 -2"><span class='ocrx_word' id='word_1_235' title='bbox 2041 973 2223 1011; x_wconf 92' lang='lat' dir='ltr'>suum.</span> <span class='ocrx_word' id='word_1_236' title='bbox 2296 956 2567 1011; x_wconf 81' lang='lat' dir='ltr'>Ricardus</span> <span class='ocrx_word' id='word_1_237' title='bbox 2617 956 2783 1011; x_wconf 92' lang='lat' dir='ltr'>etiam</span> <span class='ocrx_word' id='word_1_238' title='bbox 2850 957 3275 1012; x_wconf 85' lang='lat' dir='ltr'>archidiaconus</span> <span class='ocrx_word' id='word_1_239' title='bbox 3331 958 3676 1013; x_wconf 81' lang='lat' dir='ltr'>Pictavensis</span> 
     </span>
    </p>
   </div>
   <div class='ocr_carea' id='block_1_38' title="bbox 2042 1047 3677 1118">
    <p class='ocr_par' dir='ltr' id='par_1_38' title="bbox 2042 1047 3677 1118">
     <span class='ocr_line' id='line_1_38' title="bbox 2042 1047 3677 1118; baseline 0.001 -16"><span class='ocrx_word' id='word_1_240' title='bbox 2042 1049 2249 1103; x_wconf 81' lang='lat' dir='ltr'>electus</span> <span class='ocrx_word' id='word_1_241' title='bbox 2281 1056 2364 1102; x_wconf 86' lang='lat' dir='ltr'>est</span> <span class='ocrx_word' id='word_1_242' title='bbox 2394 1047 2460 1102; x_wconf 91' lang='lat' dir='ltr'>ad</span> <span class='ocrx_word' id='word_1_243' title='bbox 2509 1048 2890 1118; x_wconf 88' lang='lat' dir='ltr'>episcopatum</span> <span class='ocrx_word' id='word_1_244' title='bbox 2935 1048 3376 1104; x_wconf 87' lang='lat' dir='ltr'>Wintoniensem</span> <span class='ocrx_word' id='word_1_245' title='bbox 3413 1068 3428 1115; x_wconf 93' lang='lat'><strong>;</strong></span> <span class='ocrx_word' id='word_1_246' title='bbox 3459 1049 3677 1104; x_wconf 82' lang='lat' dir='ltr'>Gaufri—</span> 
     </span>
    </p>
   </div>
   <div class='ocr_carea' id='block_1_39' title="bbox 2041 1141 3677 1216">
    <p class='ocr_par' dir='ltr' id='par_1_39' title="bbox 2041 1141 3677 1216">
     <span class='ocr_line' id='line_1_39' title="bbox 2041 1141 3677 1216; baseline 0.001 -21"><span class='ocrx_word' id='word_1_247' title='bbox 2041 1143 2144 1196; x_wconf 92' lang='lat' dir='ltr'>dus</span> <span class='ocrx_word' id='word_1_248' title='bbox 2193 1141 2339 1197; x_wconf 86' lang='lat' dir='ltr'>ﬁlius</span> <span class='ocrx_word' id='word_1_249' title='bbox 2396 1141 2543 1216; x_wconf 84' lang='lat' dir='ltr'>regis</span> <span class='ocrx_word' id='word_1_250' title='bbox 2608 1142 2827 1197; x_wconf 81' lang='lat' dir='ltr'>Henrici</span> <span class='ocrx_word' id='word_1_251' title='bbox 2889 1143 3175 1210; x_wconf 90' lang='lat' dir='ltr'>naturalis,</span> <span class='ocrx_word' id='word_1_252' title='bbox 3241 1143 3677 1199; x_wconf 85' lang='lat' dir='ltr'>archidiaconus</span> 
     </span>
    </p>
   </div>
   <div class='ocr_carea' id='block_1_40' title="bbox 2044 1233 3676 1299">
    <p class='ocr_par' dir='ltr' id='par_1_40' title="bbox 2044 1233 3676 1299">
     <span class='ocr_line' id='line_1_40' title="bbox 2044 1233 3676 1299; baseline 0.002 -13"><span class='ocrx_word' id='word_1_253' title='bbox 2044 1233 2425 1299; x_wconf 89' lang='lat' dir='ltr'>Lincoliensis,</span> <span class='ocrx_word' id='word_1_254' title='bbox 2486 1234 2551 1286; x_wconf 90' lang='lat' dir='ltr'>ad</span> <span class='ocrx_word' id='word_1_255' title='bbox 2585 1233 2991 1288; x_wconf 88' lang='lat' dir='ltr'>Lincoliensem</span> <span class='ocrx_word' id='word_1_256' title='bbox 3020 1233 3359 1299; x_wconf 80' lang='lat' dir='ltr'>;Gaufridus</span> <span class='ocrx_word' id='word_1_257' title='bbox 3392 1234 3557 1289; x_wconf 79' lang='lat' dir='ltr'>Ridel</span> <span class='ocrx_word' id='word_1_258' title='bbox 3586 1251 3676 1289; x_wconf 86' lang='lat' dir='ltr'>ar-</span> 
     </span>
    </p>
   </div>
   <div class='ocr_carea' id='block_1_41' title="bbox 2041 1324 3680 1394">
    <p class='ocr_par' dir='ltr' id='par_1_41' title="bbox 2041 1324 3680 1394">
     <span class='ocr_line' id='line_1_41' title="bbox 2041 1324 3680 1394; baseline 0.001 -15"><span class='ocrx_word' id='word_1_259' title='bbox 2041 1324 2405 1380; x_wconf 89' lang='lat' dir='ltr'>chidiaconus</span> <span class='ocrx_word' id='word_1_260' title='bbox 2466 1324 2873 1380; x_wconf 89' lang='lat' dir='ltr'>Cantuariensis</span> <span class='ocrx_word' id='word_1_261' title='bbox 2934 1326 3004 1380; x_wconf 91' lang='lat' dir='ltr'>ad</span> <span class='ocrx_word' id='word_1_262' title='bbox 3058 1326 3680 1394; x_wconf 83' lang='lat' dir='ltr'>Eliensem;Robertus</span> 
     </span>
    </p>
   </div>
   <div class='ocr_carea' id='block_1_42' title="bbox 2043 1411 3682 1470">
    <p class='ocr_par' dir='ltr' id='par_1_42' title="bbox 2043 1411 3682 1470">
     <span class='ocr_line' id='line_1_42' title="bbox 2043 1411 3682 1470; baseline 0.004 -6"><span class='ocrx_word' id='word_1_263' title='bbox 2043 1411 2219 1468; x_wconf 87' lang='lat' dir='ltr'>Foliot</span> <span class='ocrx_word' id='word_1_264' title='bbox 2265 1413 2689 1469; x_wconf 87' lang='lat' dir='ltr'>archidiaconus</span> <span class='ocrx_word' id='word_1_265' title='bbox 2750 1414 3115 1469; x_wconf 88' lang='lat' dir='ltr'>Lincoliensis</span> <span class='ocrx_word' id='word_1_266' title='bbox 3170 1414 3239 1469; x_wconf 86' lang='lat' dir='ltr'>ad</span> <span class='ocrx_word' id='word_1_267' title='bbox 3313 1414 3682 1470; x_wconf 80' lang='lat' dir='ltr'>Hereforden-</span> 
     </span>
    </p>
   </div>
   <div class='ocr_carea' id='block_1_43' title="bbox 2040 1507 3683 1579">
    <p class='ocr_par' dir='ltr' id='par_1_43' title="bbox 2040 1507 3683 1579">
     <span class='ocr_line' id='line_1_43' title="bbox 2040 1507 3683 1579; baseline 0.002 -18"><span class='ocrx_word' id='word_1_268' title='bbox 2040 1507 2159 1561; x_wconf 89' lang='lat' dir='ltr'>Sem</span> <span class='ocrx_word' id='word_1_269' title='bbox 2197 1525 2210 1571; x_wconf 90' lang='lat'><strong>;</strong></span> <span class='ocrx_word' id='word_1_270' title='bbox 2246 1508 2554 1579; x_wconf 80' lang='lat' dir='ltr'>Ragnerius</span> <span class='ocrx_word' id='word_1_271' title='bbox 2592 1509 2660 1543; x_wconf 68' lang='grc'>⁸6⁸</span> <span class='ocrx_word' id='word_1_272' title='bbox 2707 1508 3054 1563; x_wconf 87' lang='lat' dir='ltr'>Lumbardus</span> <span class='ocrx_word' id='word_1_273' title='bbox 3113 1509 3544 1565; x_wconf 88' lang='lat' dir='ltr'>archidiaconus</span> <span class='ocrx_word' id='word_1_274' title='bbox 3576 1510 3683 1564; x_wconf 89' lang='lat' dir='ltr'>Sa-</span> 
     </span>
    </p>
   </div>
   <div class='ocr_carea' id='block_1_44' title="bbox 2044 1598 3684 1665">
    <p class='ocr_par' dir='ltr' id='par_1_44' title="bbox 2044 1598 3684 1665">
     <span class='ocr_line' id='line_1_44' title="bbox 2044 1598 3684 1665; baseline -0.001 -11"><span class='ocrx_word' id='word_1_275' title='bbox 2044 1599 2407 1665; x_wconf 75' lang='lat' dir='ltr'>lesberiensis</span> <span class='ocrx_word' id='word_1_276' title='bbox 2452 1598 2519 1653; x_wconf 93' lang='lat' dir='ltr'>ad</span> <span class='ocrx_word' id='word_1_277' title='bbox 2556 1599 2842 1654; x_wconf 80' lang='lat' dir='ltr'>Batensem</span> <span class='ocrx_word' id='word_1_278' title='bbox 2880 1617 2893 1653; x_wconf 92' lang='lat'><strong>:</strong></span> <span class='ocrx_word' id='word_1_279' title='bbox 2948 1599 3271 1655; x_wconf 87' lang='lat' dir='ltr'>Goscelinus</span> <span class='ocrx_word' id='word_1_280' title='bbox 3313 1599 3562 1655; x_wconf 88' lang='lat' dir='ltr'>decanus</span> <span class='ocrx_word' id='word_1_281' title='bbox 3593 1598 3684 1653; x_wconf 84' lang='lat' dir='ltr'>Ci-</span> 
     </span>
    </p>
   </div>
   <div class='ocr_carea' id='block_1_45' title="bbox 2051 1690 3683 1761">
    <p class='ocr_par' dir='ltr' id='par_1_45' title="bbox 2051 1690 3683 1761">
     <span class='ocr_line' id='line_1_45' title="bbox 2051 1690 3683 1761; baseline 0.001 -17"><span class='ocrx_word' id='word_1_282' title='bbox 2051 1690 2278 1745; x_wconf 85' lang='lat' dir='ltr'>strensis</span> <span class='ocrx_word' id='word_1_283' title='bbox 2308 1691 2377 1745; x_wconf 91' lang='lat' dir='ltr'>ad</span> <span class='ocrx_word' id='word_1_284' title='bbox 2436 1690 2885 1746; x_wconf 85' lang='lat' dir='ltr'>Ciscestrensem.</span> <span class='ocrx_word' id='word_1_285' title='bbox 2943 1691 3129 1747; x_wconf 90' lang='lat' dir='ltr'>Posita</span> <span class='ocrx_word' id='word_1_286' title='bbox 3183 1698 3369 1746; x_wconf 87' lang='lat' dir='ltr'>autem</span> <span class='ocrx_word' id='word_1_287' title='bbox 3425 1690 3540 1756; x_wconf 88' lang='lat' dir='ltr'>die,</span> <span class='ocrx_word' id='word_1_288' title='bbox 3569 1706 3683 1761; x_wconf 89' lang='lat' dir='ltr'>qua</span> 
     </span>
    </p>
   </div>
   <div class='ocr_carea' id='block_1_46' title="bbox 2054 1780 3686 1836">
    <p class='ocr_par' dir='ltr' id='par_1_46' title="bbox 2054 1780 3686 1836">
     <span class='ocr_line' id='line_1_46' title="bbox 2054 1780 3686 1836; baseline 0 0"><span class='ocrx_word' id='word_1_289' title='bbox 2054 1788 2473 1836; x_wconf 88' lang='lat' dir='ltr'>consecraretur</span> <span class='ocrx_word' id='word_1_290' title='bbox 2528 1780 2739 1835; x_wconf 89' lang='lat' dir='ltr'>electus</span> <span class='ocrx_word' id='word_1_291' title='bbox 2799 1780 3206 1834; x_wconf 77' lang='lat' dir='ltr'>Cantuariensis</span> <span class='ocrx_word' id='word_1_292' title='bbox 3245 1787 3299 1834; x_wconf 89' lang='lat' dir='ltr'>et</span> <span class='ocrx_word' id='word_1_293' title='bbox 3328 1787 3686 1836; x_wconf 86' lang='lat' dir='ltr'>consecraret</span> 
     </span>
    </p>
   </div>
   <div class='ocr_carea' id='block_1_47' title="bbox 2059 1873 3686 1948">
    <p class='ocr_par' dir='ltr' id='par_1_47' title="bbox 2059 1873 3686 1948">
     <span class='ocr_line' id='line_1_47' title="bbox 2059 1873 3686 1948; baseline 0.001 -18"><span class='ocrx_word' id='word_1_294' title='bbox 2059 1891 2202 1946; x_wconf 90' lang='lat' dir='ltr'>eque</span> <span class='ocrx_word' id='word_1_295' title='bbox 2247 1874 2385 1930; x_wconf 81' lang='lat' dir='ltr'>alios</span> <span class='ocrx_word' id='word_1_296' title='bbox 2411 1875 2643 1939; x_wconf 89' lang='lat' dir='ltr'>electos,</span> <span class='ocrx_word' id='word_1_297' title='bbox 2677 1875 2734 1928; x_wconf 93' lang='lat' dir='ltr'>in</span> <span class='ocrx_word' id='word_1_298' title='bbox 2778 1873 3027 1948; x_wconf 83' lang='lat' dir='ltr'>generali</span> <span class='ocrx_word' id='word_1_299' title='bbox 3069 1881 3344 1930; x_wconf 88' lang='lat' dir='ltr'>conventu</span> <span class='ocrx_word' id='word_1_300' title='bbox 3385 1875 3686 1946; x_wconf 84' lang='lat' dir='ltr'>episcopo-</span> 
     </span>
    </p>
   </div>
   <div class='ocr_carea' id='block_1_48' title="bbox 2060 1962 3689 2034">
    <p class='ocr_par' dir='ltr' id='par_1_48' title="bbox 2060 1962 3689 2034">
     <span class='ocr_line' id='line_1_48' title="bbox 2060 1962 3689 2034; baseline 0.001 -17"><span class='ocrx_word' id='word_1_301' title='bbox 2060 1980 2181 2018; x_wconf 90' lang='lat' dir='ltr'>rum</span> <span class='ocrx_word' id='word_1_302' title='bbox 2214 1969 2269 2018; x_wconf 90' lang='lat' dir='ltr'>et</span> <span class='ocrx_word' id='word_1_303' title='bbox 2290 1964 2523 2018; x_wconf 89' lang='lat' dir='ltr'>aliorum</span> <span class='ocrx_word' id='word_1_304' title='bbox 2553 1963 2649 2034; x_wconf 92' lang='lat' dir='ltr'>qui</span> <span class='ocrx_word' id='word_1_305' title='bbox 2694 1970 3088 2030; x_wconf 86' lang='lat' dir='ltr'>convenerant,</span> <span class='ocrx_word' id='word_1_306' title='bbox 3132 1964 3283 2034; x_wconf 89' lang='lat' dir='ltr'>prior</span> <span class='ocrx_word' id='word_1_307' title='bbox 3322 1962 3689 2019; x_wconf 80' lang='lat' dir='ltr'>Cautuarien-</span> 
     </span>
    </p>
   </div>
   <div class='ocr_carea' id='block_1_49' title="bbox 2062 2057 3686 2132">
    <p class='ocr_par' dir='ltr' id='par_1_49' title="bbox 2062 2057 3686 2132">
     <span class='ocr_line' id='line_1_49' title="bbox 2062 2057 3686 2132; baseline 0 -19"><span class='ocrx_word' id='word_1_308' title='bbox 2062 2059 2140 2113; x_wconf 90' lang='lat' dir='ltr'>sis</span> <span class='ocrx_word' id='word_1_309' title='bbox 2166 2059 2397 2130; x_wconf 86' lang='lat' dir='ltr'>protulit</span> <span class='ocrx_word' id='word_1_310' title='bbox 2419 2059 2629 2113; x_wconf 87' lang='lat' dir='ltr'>litteras</span> <span class='ocrx_word' id='word_1_311' title='bbox 2672 2059 2886 2114; x_wconf 87' lang='lat' dir='ltr'>Henrici</span> <span class='ocrx_word' id='word_1_312' title='bbox 2918 2059 3066 2132; x_wconf 85' lang='lat' dir='ltr'>regis</span> <span class='ocrx_word' id='word_1_313' title='bbox 3104 2057 3361 2129; x_wconf 76' lang='lat' dir='ltr'>iunioris,</span> <span class='ocrx_word' id='word_1_314' title='bbox 3395 2059 3451 2113; x_wconf 91' lang='lat' dir='ltr'>in</span> <span class='ocrx_word' id='word_1_315' title='bbox 3477 2059 3686 2131; x_wconf 87' lang='lat' dir='ltr'>quibus</span> 
     </span>
    </p>
   </div>
   <div class='ocr_carea' id='block_1_50' title="bbox 2067 2148 3687 2219">
    <p class='ocr_par' dir='ltr' id='par_1_50' title="bbox 2067 2148 3687 2219">
     <span class='ocr_line' id='line_1_50' title="bbox 2067 2148 3687 2219; baseline 0 -16"><span class='ocrx_word' id='word_1_316' title='bbox 2067 2148 2285 2203; x_wconf 90' lang='lat' dir='ltr'>dicebat</span> <span class='ocrx_word' id='word_1_317' title='bbox 2315 2164 2413 2204; x_wconf 91' lang='lat' dir='ltr'>eos</span> <span class='ocrx_word' id='word_1_318' title='bbox 2438 2163 2550 2203; x_wconf 91' lang='lat' dir='ltr'>non</span> <span class='ocrx_word' id='word_1_319' title='bbox 2581 2164 2706 2203; x_wconf 88' lang='lat' dir='ltr'>esse</span> <span class='ocrx_word' id='word_1_320' title='bbox 2758 2148 3058 2202; x_wconf 87' lang='lat' dir='ltr'>sacrandos</span> <span class='ocrx_word' id='word_1_321' title='bbox 3087 2166 3101 2213; x_wconf 90' lang='lat'><strong>;</strong></span> <span class='ocrx_word' id='word_1_322' title='bbox 3127 2156 3182 2202; x_wconf 90' lang='lat' dir='ltr'>et</span> <span class='ocrx_word' id='word_1_323' title='bbox 3201 2148 3245 2201; x_wconf 93' lang='lat' dir='ltr'>si</span> <span class='ocrx_word' id='word_1_324' title='bbox 3277 2148 3404 2219; x_wconf 87' lang='lat' dir='ltr'>quis</span> <span class='ocrx_word' id='word_1_325' title='bbox 3429 2148 3687 2219; x_wconf 87' lang='lat' dir='ltr'>impone-</span> 
     </span>
    </p>
   </div>
   <div class='ocr_carea' id='block_1_51' title="bbox 2068 2235 3686 2300">
    <p class='ocr_par' dir='ltr' id='par_1_51' title="bbox 2068 2235 3686 2300">
     <span class='ocr_line' id='line_1_51' title="bbox 2068 2235 3686 2300; baseline -0.001 -9"><span class='ocrx_word' id='word_1_326' title='bbox 2068 2244 2151 2292; x_wconf 91' lang='lat' dir='ltr'>ret</span> <span class='ocrx_word' id='word_1_327' title='bbox 2176 2236 2257 2291; x_wconf 90' lang='lat' dir='ltr'>eis</span> <span class='ocrx_word' id='word_1_328' title='bbox 2285 2253 2501 2300; x_wconf 89' lang='lat' dir='ltr'>manus,</span> <span class='ocrx_word' id='word_1_329' title='bbox 2554 2235 2823 2291; x_wconf 89' lang='lat' dir='ltr'>invitabat</span> <span class='ocrx_word' id='word_1_330' title='bbox 2861 2252 2986 2290; x_wconf 90' lang='lat' dir='ltr'>eum</span> <span class='ocrx_word' id='word_1_331' title='bbox 3012 2236 3082 2290; x_wconf 92' lang='lat' dir='ltr'>ad</span> <span class='ocrx_word' id='word_1_332' title='bbox 3126 2236 3467 2292; x_wconf 84' lang='lat' dir='ltr'>audientiam</span> <span class='ocrx_word' id='word_1_333' title='bbox 3496 2236 3686 2291; x_wconf 84' lang='lat' dir='ltr'>domui</span> 
     </span>
    </p>
   </div>
   <div class='ocr_carea' id='block_1_52' title="bbox 2071 2326 3689 2401">
    <p class='ocr_par' dir='ltr' id='par_1_52' title="bbox 2071 2326 3689 2401">
     <span class='ocr_line' id='line_1_52' title="bbox 2071 2326 3689 2401; baseline -0.001 -19"><span class='ocrx_word' id='word_1_334' title='bbox 2071 2343 2232 2399; x_wconf 89' lang='lat' dir='ltr'>pape.</span> <span class='ocrx_word' id='word_1_335' title='bbox 2269 2327 2331 2381; x_wconf 85' lang='lat' dir='ltr'>Et</span> <span class='ocrx_word' id='word_1_336' title='bbox 2360 2328 2434 2382; x_wconf 89' lang='lat' dir='ltr'>ita</span> <span class='ocrx_word' id='word_1_337' title='bbox 2461 2327 2666 2382; x_wconf 86' lang='lat' dir='ltr'>infecto</span> <span class='ocrx_word' id='word_1_338' title='bbox 2725 2326 2957 2401; x_wconf 88' lang='lat' dir='ltr'>negocio</span> <span class='ocrx_word' id='word_1_339' title='bbox 2997 2335 3351 2382; x_wconf 90' lang='lat' dir='ltr'>recesserunt</span> <span class='ocrx_word' id='word_1_340' title='bbox 3388 2328 3689 2398; x_wconf 86' lang='lat' dir='ltr'>unusquis-</span> 
     </span>
    </p>
   </div>
   <div class='ocr_carea' id='block_1_53' title="bbox 2073 2414 3687 2487">
    <p class='ocr_par' dir='ltr' id='par_1_53' title="bbox 2073 2414 3687 2487">
     <span class='ocr_line' id='line_1_53' title="bbox 2073 2414 3687 2487; baseline 0.001 -17"><span class='ocrx_word' id='word_1_341' title='bbox 2073 2432 2181 2487; x_wconf 92' lang='lat' dir='ltr'>que</span> <span class='ocrx_word' id='word_1_342' title='bbox 2209 2414 2278 2470; x_wconf 91' lang='lat' dir='ltr'>ad</span> <span class='ocrx_word' id='word_1_343' title='bbox 2310 2415 2550 2486; x_wconf 91' lang='lat' dir='ltr'>propria.</span> <span class='ocrx_word' id='word_1_344' title='bbox 2575 2415 2728 2470; x_wconf 90' lang='lat' dir='ltr'>Prior</span> <span class='ocrx_word' id='word_1_345' title='bbox 2774 2414 3173 2470; x_wconf 85' lang='lat' dir='ltr'>Wintoniensis</span> <span class='ocrx_word' id='word_1_346' title='bbox 3199 2415 3377 2471; x_wconf 87' lang='lat' dir='ltr'>factus</span> <span class='ocrx_word' id='word_1_347' title='bbox 3408 2424 3494 2470; x_wconf 88' lang='lat' dir='ltr'>est</span> <span class='ocrx_word' id='word_1_348' title='bbox 3517 2417 3687 2471; x_wconf 87' lang='lat' dir='ltr'>abbas</span> 
     </span>
    </p>
   </div>
   <div class='ocr_carea' id='block_1_54' title="bbox 2070 2505 2373 2561">
    <p class='ocr_par' dir='ltr' id='par_1_54' title="bbox 2070 2505 2373 2561">
     <span class='ocr_line' id='line_1_54' title="bbox 2070 2505 2373 2561; baseline -0.013 -1"><span class='ocrx_word' id='word_1_349' title='bbox 2070 2505 2347 2561; x_wconf 85' lang='lat' dir='ltr'>Glastonie</span> <span class='ocrx_word' id='word_1_350' title='bbox 2361 2544 2373 2556; x_wconf 94' lang='lat'>.</span> 
     </span>
    </p>
   </div>
   <div class='ocr_carea' id='block_1_55' title="bbox 2146 2590 3689 2667">
    <p class='ocr_par' dir='ltr' id='par_1_55' title="bbox 2146 2590 3689 2667">
     <span class='ocr_line' id='line_1_55' title="bbox 2146 2590 3689 2667; baseline 0.001 -18"><span class='ocrx_word' id='word_1_351' title='bbox 2146 2596 2271 2650; x_wconf 86' lang='lat' dir='ltr'>Post</span> <span class='ocrx_word' id='word_1_352' title='bbox 2309 2595 2510 2667; x_wconf 87' lang='lat' dir='ltr'>pascha</span> <span class='ocrx_word' id='word_1_353' title='bbox 2536 2590 2541 2599; x_wconf 76' lang='grc'><em>’</em></span> <span class='ocrx_word' id='word_1_354' title='bbox 2567 2595 2878 2651; x_wconf 91' lang='lat' dir='ltr'>Bernardus</span> <span class='ocrx_word' id='word_1_355' title='bbox 2926 2596 2997 2651; x_wconf 90' lang='lat' dir='ltr'>de</span> <span class='ocrx_word' id='word_1_356' title='bbox 3056 2596 3291 2651; x_wconf 86' lang='lat' dir='ltr'>Feritate</span> <span class='ocrx_word' id='word_1_357' title='bbox 3349 2596 3514 2651; x_wconf 89' lang='lat' dir='ltr'>vertit</span> <span class='ocrx_word' id='word_1_358' title='bbox 3542 2613 3603 2651; x_wconf 88' lang='lat' dir='ltr'>se</span> <span class='ocrx_word' id='word_1_359' title='bbox 3634 2605 3689 2651; x_wconf 92' lang='lat' dir='ltr'>et</span> 
     </span>
    </p>
   </div>
   <div class='ocr_carea' id='block_1_56' title="bbox 2077 2682 3692 2758">
    <p class='ocr_par' dir='ltr' id='par_1_56' title="bbox 2077 2682 3692 2758">
     <span class='ocr_line' id='line_1_56' title="bbox 2077 2682 3692 2758; baseline 0.001 -21"><span class='ocrx_word' id='word_1_360' title='bbox 2077 2682 2360 2737; x_wconf 87' lang='lat' dir='ltr'>castellum</span> <span class='ocrx_word' id='word_1_361' title='bbox 2415 2699 2572 2736; x_wconf 89' lang='lat' dir='ltr'>suum</span> <span class='ocrx_word' id='word_1_362' title='bbox 2615 2683 2728 2758; x_wconf 86' lang='lat' dir='ltr'>regi</span> <span class='ocrx_word' id='word_1_363' title='bbox 2766 2683 2992 2755; x_wconf 88' lang='lat' dir='ltr'>juniori.</span> <span class='ocrx_word' id='word_1_364' title='bbox 3028 2684 3294 2739; x_wconf 90' lang='lat' dir='ltr'>Similiter</span> <span class='ocrx_word' id='word_1_365' title='bbox 3350 2684 3692 2739; x_wconf 85' lang='lat' dir='ltr'>Galerandus</span> 
     </span>
    </p>
   </div>
   <div class='ocr_carea' id='block_1_57' title="bbox 1438 2777 3690 2849">
    <p class='ocr_par' dir='ltr' id='par_1_57' title="bbox 1438 2777 3690 2849">
     <span class='ocr_line' id='line_1_57' title="bbox 1438 2777 3690 2849; baseline -0 -14"><span class='ocrx_word' id='word_1_366' title='bbox 1438 2783 1768 2837; x_wconf 84' lang='lat' dir='ltr'>Guillermus</span> <span class='ocrx_word' id='word_1_367' title='bbox 1796 2780 1971 2834; x_wconf 61' lang='lat' dir='ltr'>abbas</span> <span class='ocrx_word' id='word_1_368' title='bbox 2079 2777 2148 2831; x_wconf 90' lang='lat' dir='ltr'>de</span> <span class='ocrx_word' id='word_1_369' title='bbox 2187 2777 2365 2835; x_wconf 85' lang='lat' dir='ltr'>lbera.</span> <span class='ocrx_word' id='word_1_370' title='bbox 2392 2777 2714 2833; x_wconf 88' lang='lat' dir='ltr'>Goscelinus</span> <span class='ocrx_word' id='word_1_371' title='bbox 2767 2777 3065 2849; x_wconf 87' lang='lat' dir='ltr'>Crispinus,</span> <span class='ocrx_word' id='word_1_372' title='bbox 3112 2779 3446 2835; x_wconf 87' lang='lat' dir='ltr'>Gillebertus</span> <span class='ocrx_word' id='word_1_373' title='bbox 3493 2781 3564 2834; x_wconf 88' lang='lat' dir='ltr'>de</span> <span class='ocrx_word' id='word_1_374' title='bbox 3591 2780 3690 2834; x_wconf 88' lang='lat' dir='ltr'>Te-</span> 
     </span>
    </p>
   </div>
   <div class='ocr_carea' id='block_1_58' title="bbox 349 2870 3688 2947">
    <p class='ocr_par' dir='ltr' id='par_1_58' title="bbox 349 2870 3688 2947">
     <span class='ocr_line' id='line_1_58' title="bbox 349 2870 3688 2947; baseline -0.001 -16"><span class='ocrx_word' id='word_1_375' title='bbox 349 2876 719 2947; x_wconf 79' lang='lat' dir='ltr'>Radingensts</span> <span class='ocrx_word' id='word_1_376' title='bbox 771 2875 943 2930; x_wconf 86' lang='lat' dir='ltr'>factus</span> <span class='ocrx_word' id='word_1_377' title='bbox 975 2884 1057 2929; x_wconf 89' lang='lat' dir='ltr'>est</span> <span class='ocrx_word' id='word_1_378' title='bbox 1086 2875 1543 2945; x_wconf 85' lang='lat' dir='ltr'>archiepiscOpns</span> <span class='ocrx_word' id='word_1_379' title='bbox 1586 2874 1964 2946; x_wconf 87' lang='lat' dir='ltr'>Burdegaren-</span> <span class='ocrx_word' id='word_1_380' title='bbox 2066 2871 2313 2941; x_wconf 81' lang='lat' dir='ltr'>gulariis,</span> <span class='ocrx_word' id='word_1_381' title='bbox 2348 2870 2617 2925; x_wconf 83' lang='lat' dir='ltr'>Robertus</span> <span class='ocrx_word' id='word_1_382' title='bbox 2647 2871 2717 2925; x_wconf 91' lang='lat' dir='ltr'>de</span> <span class='ocrx_word' id='word_1_383' title='bbox 2760 2870 3094 2938; x_wconf 76' lang='lat' dir='ltr'>Monteforti,</span> <span class='ocrx_word' id='word_1_384' title='bbox 3140 2872 3410 2927; x_wconf 83' lang='lat' dir='ltr'>Radulfus</span> <span class='ocrx_word' id='word_1_385' title='bbox 3436 2873 3506 2928; x_wconf 88' lang='lat' dir='ltr'>de</span> <span class='ocrx_word' id='word_1_386' title='bbox 3540 2873 3688 2940; x_wconf 89' lang='lat' dir='ltr'>Faie,</span> 
     </span>
    </p>
   </div>
   <div class='ocr_carea' id='block_1_59' title="bbox 347 2962 3690 3035">
    <p class='ocr_par' dir='ltr' id='par_1_59' title="bbox 347 2962 3690 3035">
     <span class='ocr_line' id='line_1_59' title="bbox 347 2962 3690 3035; baseline 0.001 -17"><span class='ocrx_word' id='word_1_387' title='bbox 347 2964 446 3019; x_wconf 90' lang='lat' dir='ltr'>sis.</span> <span class='ocrx_word' id='word_1_388' title='bbox 482 2962 674 3018; x_wconf 88' lang='lat' dir='ltr'>Comes</span> <span class='ocrx_word' id='word_1_389' title='bbox 705 2963 771 3017; x_wconf 89' lang='lat' dir='ltr'>de</span> <span class='ocrx_word' id='word_1_390' title='bbox 800 2964 999 3017; x_wconf 85' lang='lat' dir='ltr'>Sancto</span> <span class='ocrx_word' id='word_1_391' title='bbox 1047 2963 1238 3035; x_wconf 80' lang='lat' dir='ltr'>Egidio</span> <span class='ocrx_word' id='word_1_392' title='bbox 1280 2963 1427 3031; x_wconf 77' lang='grc'>(666)</span> <span class='ocrx_word' id='word_1_393' title='bbox 1476 2962 1795 3034; x_wconf 86' lang='lat' dir='ltr'>paciticatur</span> <span class='ocrx_word' id='word_1_394' title='bbox 1836 2978 1961 3016; x_wconf 90' lang='lat' dir='ltr'>cum</span> <span class='ocrx_word' id='word_1_395' title='bbox 2066 2962 2358 3017; x_wconf 85' lang='lat' dir='ltr'>Gaufridus</span> <span class='ocrx_word' id='word_1_396' title='bbox 2384 2964 2451 3017; x_wconf 89' lang='lat' dir='ltr'>de</span> <span class='ocrx_word' id='word_1_397' title='bbox 2499 2963 2793 3028; x_wconf 89' lang='lat' dir='ltr'>Lizenone,</span> <span class='ocrx_word' id='word_1_398' title='bbox 2843 2963 2996 3035; x_wconf 86' lang='lat' dir='ltr'>Hugo</span> <span class='ocrx_word' id='word_1_399' title='bbox 3044 2963 3115 3018; x_wconf 91' lang='lat' dir='ltr'>de</span> <span class='ocrx_word' id='word_1_400' title='bbox 3162 2964 3364 3019; x_wconf 89' lang='lat' dir='ltr'>Sancta</span> <span class='ocrx_word' id='word_1_401' title='bbox 3425 2965 3614 3020; x_wconf 83' lang='lat' dir='ltr'>Maura</span> <span class='ocrx_word' id='word_1_402' title='bbox 3636 2973 3690 3021; x_wconf 89' lang='lat' dir='ltr'>et</span> 
     </span>
    </p>
   </div>
   <div class='ocr_carea' id='block_1_60' title="bbox 349 3050 3687 3128">
    <p class='ocr_par' dir='ltr' id='par_1_60' title="bbox 349 3050 3687 3128">
     <span class='ocr_line' id='line_1_60' title="bbox 349 3050 3687 3128; baseline 0.001 -20"><span class='ocrx_word' id='word_1_403' title='bbox 349 3068 481 3128; x_wconf 89' lang='lat' dir='ltr'>rege</span> <span class='ocrx_word' id='word_1_404' title='bbox 515 3052 703 3124; x_wconf 82' lang='lat' dir='ltr'>Anglic</span> <span class='ocrx_word' id='word_1_405' title='bbox 748 3051 817 3106; x_wconf 91' lang='lat' dir='ltr'>de</span> <span class='ocrx_word' id='word_1_406' title='bbox 848 3051 1064 3117; x_wconf 88' lang='lat' dir='ltr'>Tolosa,</span> <span class='ocrx_word' id='word_1_407' title='bbox 1125 3051 1271 3105; x_wconf 84' lang='lat' dir='ltr'>facto</span> <span class='ocrx_word' id='word_1_408' title='bbox 1331 3052 1435 3105; x_wconf 89' lang='lat' dir='ltr'>sibi</span> <span class='ocrx_word' id='word_1_409' title='bbox 1498 3051 1755 3124; x_wconf 80' lang='lat' dir='ltr'>humagio</span> <span class='ocrx_word' id='word_1_410' title='bbox 1786 3059 1841 3105; x_wconf 92' lang='lat' dir='ltr'>et</span> <span class='ocrx_word' id='word_1_411' title='bbox 1870 3050 1963 3104; x_wconf 82' lang='lat' dir='ltr'>Ri-</span> <span class='ocrx_word' id='word_1_412' title='bbox 1994 3106 2036 3128; x_wconf 55' lang='grc' dir='ltr'><strong>η</strong></span> <span class='ocrx_word' id='word_1_413' title='bbox 2064 3055 2234 3125; x_wconf 89' lang='lat' dir='ltr'>ipsius</span> <span class='ocrx_word' id='word_1_414' title='bbox 2274 3053 2443 3121; x_wconf 81' lang='lat' dir='ltr'>ﬁlius,</span> <span class='ocrx_word' id='word_1_415' title='bbox 2489 3063 2543 3109; x_wconf 87' lang='lat' dir='ltr'>et</span> <span class='ocrx_word' id='word_1_416' title='bbox 2570 3054 2884 3109; x_wconf 87' lang='lat' dir='ltr'>Willermus</span> <span class='ocrx_word' id='word_1_417' title='bbox 2934 3056 3269 3110; x_wconf 89' lang='lat' dir='ltr'>camerarius</span> <span class='ocrx_word' id='word_1_418' title='bbox 3296 3057 3367 3112; x_wconf 92' lang='lat' dir='ltr'>de</span> <span class='ocrx_word' id='word_1_419' title='bbox 3408 3058 3687 3113; x_wconf 88' lang='lat' dir='ltr'>Tanchar-</span> 
     </span>
    </p>
   </div>
   <div class='ocr_carea' id='block_1_61' title="bbox 349 3142 3692 3216">
    <p class='ocr_par' dir='ltr' id='par_1_61' title="bbox 349 3142 3692 3216">
     <span class='ocr_line' id='line_1_61' title="bbox 349 3142 3692 3216; baseline -0.001 -13"><span class='ocrx_word' id='word_1_420' title='bbox 349 3147 517 3203; x_wconf 91' lang='lat' dir='ltr'>cardo</span> <span class='ocrx_word' id='word_1_421' title='bbox 535 3145 649 3201; x_wconf 86' lang='lat' dir='ltr'>tilio</span> <span class='ocrx_word' id='word_1_422' title='bbox 705 3161 803 3201; x_wconf 91' lang='lat' dir='ltr'>suo</span> <span class='ocrx_word' id='word_1_423' title='bbox 858 3146 984 3200; x_wconf 90' lang='lat' dir='ltr'>duci</span> <span class='ocrx_word' id='word_1_424' title='bbox 1044 3146 1459 3216; x_wconf 83' lang='lat' dir='ltr'>Aquitanorum.</span> <span class='ocrx_word' id='word_1_425' title='bbox 1510 3146 1768 3201; x_wconf 90' lang='lat' dir='ltr'>Promisit</span> <span class='ocrx_word' id='word_1_426' title='bbox 1819 3144 1868 3197; x_wconf 90' lang='lat' dir='ltr'>ei</span> <span class='ocrx_word' id='word_1_427' title='bbox 1901 3160 1961 3198; x_wconf 92' lang='lat' dir='ltr'>se</span> <span class='ocrx_word' id='word_1_428' title='bbox 1991 3142 2191 3197; x_wconf 66' lang='lat' dir='ltr'>Uvilla</span> <span class='ocrx_word' id='word_1_429' title='bbox 2227 3142 2459 3197; x_wconf 85' lang='lat' dir='ltr'>veniens</span> <span class='ocrx_word' id='word_1_430' title='bbox 2502 3143 2569 3197; x_wconf 91' lang='lat' dir='ltr'>de</span> <span class='ocrx_word' id='word_1_431' title='bbox 2613 3144 2824 3216; x_wconf 81' lang='lat' dir='ltr'>Anglia.</span> <span class='ocrx_word' id='word_1_432' title='bbox 2858 3143 3147 3214; x_wconf 88' lang='lat' dir='ltr'>Philippus</span> <span class='ocrx_word' id='word_1_433' title='bbox 3171 3160 3363 3200; x_wconf 90' lang='lat' dir='ltr'>comes</span> <span class='ocrx_word' id='word_1_434' title='bbox 3384 3146 3692 3201; x_wconf 89' lang='lat' dir='ltr'>Flandren-</span> 
     </span>
    </p>
   </div>
   <div class='ocr_carea' id='block_1_62' title="bbox 350 3236 3689 3313">
    <p class='ocr_par' dir='ltr' id='par_1_62' title="bbox 350 3236 3689 3313">
     <span class='ocr_line' id='line_1_62' title="bbox 350 3236 3689 3313; baseline -0 -19"><span class='ocrx_word' id='word_1_435' title='bbox 350 3240 602 3294; x_wconf 88' lang='lat' dir='ltr'>daturum</span> <span class='ocrx_word' id='word_1_436' title='bbox 654 3254 827 3309; x_wconf 89' lang='lat' dir='ltr'>equos</span> <span class='ocrx_word' id='word_1_437' title='bbox 877 3238 1061 3311; x_wconf 89' lang='lat' dir='ltr'>magni</span> <span class='ocrx_word' id='word_1_438' title='bbox 1118 3237 1310 3307; x_wconf 86' lang='lat' dir='ltr'>precii,</span> <span class='ocrx_word' id='word_1_439' title='bbox 1345 3237 1643 3308; x_wconf 76' lang='lat' dir='ltr'>quotannis</span> <span class='ocrx_word' id='word_1_440' title='bbox 1694 3237 1890 3302; x_wconf 72' lang='lat' dir='ltr'>40;et</span> <span class='ocrx_word' id='word_1_441' title='bbox 1916 3236 1960 3290; x_wconf 91' lang='lat' dir='ltr'>si</span> <span class='ocrx_word' id='word_1_442' title='bbox 2062 3238 2139 3292; x_wconf 87' lang='lat' dir='ltr'>sis</span> <span class='ocrx_word' id='word_1_443' title='bbox 2178 3237 2326 3313; x_wconf 76' lang='lat' dir='ltr'>cepit</span> <span class='ocrx_word' id='word_1_444' title='bbox 2354 3246 2590 3292; x_wconf 89' lang='lat' dir='ltr'>castrum</span> <span class='ocrx_word' id='word_1_445' title='bbox 2621 3238 2691 3291; x_wconf 92' lang='lat' dir='ltr'>de</span> <span class='ocrx_word' id='word_1_446' title='bbox 2737 3237 3029 3292; x_wconf 89' lang='lat' dir='ltr'>Aubimarc</span> <span class='ocrx_word' id='word_1_447' title='bbox 3084 3239 3253 3309; x_wconf 85' lang='lat'><strong>(667),</strong></span> <span class='ocrx_word' id='word_1_448' title='bbox 3288 3240 3435 3294; x_wconf 90' lang='lat' dir='ltr'>etin</span> <span class='ocrx_word' id='word_1_449' title='bbox 3495 3241 3689 3295; x_wconf 89' lang='lat' dir='ltr'>eodem</span> 
     </span>
    </p>
   </div>
   <div class='ocr_carea' id='block_1_63' title="bbox 352 3325 3689 3400">
    <p class='ocr_par' dir='ltr' id='par_1_63' title="bbox 352 3325 3689 3400">
     <span class='ocr_line' id='line_1_63' title="bbox 352 3325 3689 3400; baseline 0.001 -18"><span class='ocrx_word' id='word_1_450' title='bbox 352 3342 579 3382; x_wconf 88' lang='lat' dir='ltr'>necesse</span> <span class='ocrx_word' id='word_1_451' title='bbox 606 3326 860 3379; x_wconf 83' lang='lat' dir='ltr'>habuerit</span> <span class='ocrx_word' id='word_1_452' title='bbox 937 3325 1183 3380; x_wconf 89' lang='lat' dir='ltr'>inveniet</span> <span class='ocrx_word' id='word_1_453' title='bbox 1235 3326 1285 3380; x_wconf 88' lang='lat' dir='ltr'>ei</span> <span class='ocrx_word' id='word_1_454' title='bbox 1337 3342 1673 3397; x_wconf 91' lang='lat' dir='ltr'>unoquoque</span> <span class='ocrx_word' id='word_1_455' title='bbox 1713 3341 1859 3380; x_wconf 87' lang='lat' dir='ltr'>anno</span> <span class='ocrx_word' id='word_1_456' title='bbox 1895 3326 1962 3380; x_wconf 91' lang='lat' dir='ltr'>ad</span> <span class='ocrx_word' id='word_1_457' title='bbox 2063 3330 2319 3385; x_wconf 89' lang='lat' dir='ltr'>comitem</span> <span class='ocrx_word' id='word_1_458' title='bbox 2385 3330 2726 3384; x_wconf 91' lang='lat' dir='ltr'>Willermum</span> <span class='ocrx_word' id='word_1_459' title='bbox 2794 3329 3079 3385; x_wconf 89' lang='lat' dir='ltr'>dominum</span> <span class='ocrx_word' id='word_1_460' title='bbox 3136 3331 3312 3400; x_wconf 89' lang='lat' dir='ltr'>ipsius</span> <span class='ocrx_word' id='word_1_461' title='bbox 3383 3333 3573 3398; x_wconf 89' lang='lat' dir='ltr'>castri,</span> <span class='ocrx_word' id='word_1_462' title='bbox 3638 3340 3689 3387; x_wconf 91' lang='lat' dir='ltr'>et</span> 
     </span>
    </p>
   </div>
   <div class='ocr_carea' id='block_1_64' title="bbox 351 3418 3693 3491">
    <p class='ocr_par' dir='ltr' id='par_1_64' title="bbox 351 3418 3693 3491">
     <span class='ocr_line' id='line_1_64' title="bbox 351 3418 3693 3491; baseline 0 -16"><span class='ocrx_word' id='word_1_463' title='bbox 351 3418 637 3475; x_wconf 88' lang='lat' dir='ltr'>servitium</span> <span class='ocrx_word' id='word_1_464' title='bbox 661 3433 818 3472; x_wconf 91' lang='lat' dir='ltr'>suum</span> <span class='ocrx_word' id='word_1_465' title='bbox 854 3434 953 3488; x_wconf 86' lang='lat' dir='ltr'>per</span> <span class='ocrx_word' id='word_1_466' title='bbox 980 3419 1049 3473; x_wconf 69' lang='grc'>40</span> <span class='ocrx_word' id='word_1_467' title='bbox 1076 3418 1196 3473; x_wconf 89' lang='lat' dir='ltr'>dies</span> <span class='ocrx_word' id='word_1_468' title='bbox 1230 3418 1324 3473; x_wconf 82' lang='lat' dir='ltr'>lOl</span> <span class='ocrx_word' id='word_1_469' title='bbox 1365 3419 1590 3472; x_wconf 90' lang='lat' dir='ltr'>milites.</span> <span class='ocrx_word' id='word_1_470' title='bbox 1624 3420 1687 3473; x_wconf 85' lang='lat' dir='ltr'>tn</span> <span class='ocrx_word' id='word_1_471' title='bbox 1725 3419 1965 3490; x_wconf 89' lang='lat' dir='ltr'>quadra-</span> <span class='ocrx_word' id='word_1_472' title='bbox 2064 3420 2321 3475; x_wconf 90' lang='lat' dir='ltr'>comitem</span> <span class='ocrx_word' id='word_1_473' title='bbox 2340 3421 2621 3475; x_wconf 88' lang='lat' dir='ltr'>Simonem</span> <span class='ocrx_word' id='word_1_474' title='bbox 2663 3420 2829 3491; x_wconf 87' lang='lat'><strong>(668).</strong></span> <span class='ocrx_word' id='word_1_475' title='bbox 2868 3421 3004 3475; x_wconf 90' lang='lat' dir='ltr'>Inde</span> <span class='ocrx_word' id='word_1_476' title='bbox 3046 3435 3235 3475; x_wconf 90' lang='lat' dir='ltr'>comes</span> <span class='ocrx_word' id='word_1_477' title='bbox 3265 3421 3537 3475; x_wconf 82' lang='lat' dir='ltr'>Aucensis</span> <span class='ocrx_word' id='word_1_478' title='bbox 3557 3421 3693 3476; x_wconf 81' lang='lat' dir='ltr'>Hen-</span> 
     </span>
    </p>
   </div>
   <div class='ocr_carea' id='block_1_65' title="bbox 353 3506 3692 3591">
    <p class='ocr_par' dir='ltr' id='par_1_65' title="bbox 353 3506 3692 3591">
     <span class='ocr_line' id='line_1_65' title="bbox 353 3506 3692 3591; baseline 0.001 -21"><span class='ocrx_word' id='word_1_479' title='bbox 353 3508 588 3586; x_wconf 82' lang='lat' dir='ltr'>gesima,</span> <span class='ocrx_word' id='word_1_480' title='bbox 621 3506 748 3578; x_wconf 82' lang='lat' dir='ltr'>quia</span> <span class='ocrx_word' id='word_1_481' title='bbox 781 3523 872 3561; x_wconf 79' lang='lat' dir='ltr'>rex</span> <span class='ocrx_word' id='word_1_482' title='bbox 905 3506 1171 3561; x_wconf 82' lang='lat' dir='ltr'>Henricus</span> <span class='ocrx_word' id='word_1_483' title='bbox 1225 3507 1414 3562; x_wconf 84' lang='lat' dir='ltr'>senior</span> <span class='ocrx_word' id='word_1_484' title='bbox 1444 3515 1747 3563; x_wconf 73' lang='lat' dir='ltr'>removerat</span> <span class='ocrx_word' id='word_1_485' title='bbox 1775 3523 1967 3563; x_wconf 87' lang='lat' dir='ltr'>aeon-</span> <span class='ocrx_word' id='word_1_486' title='bbox 2073 3517 2220 3571; x_wconf 90' lang='lat' dir='ltr'>ricus</span> <span class='ocrx_word' id='word_1_487' title='bbox 2239 3516 2488 3571; x_wconf 82' lang='lat' dir='ltr'>subdidit</span> <span class='ocrx_word' id='word_1_488' title='bbox 2540 3533 2603 3571; x_wconf 92' lang='lat' dir='ltr'>se</span> <span class='ocrx_word' id='word_1_489' title='bbox 2649 3523 2704 3571; x_wconf 90' lang='lat' dir='ltr'>et</span> <span class='ocrx_word' id='word_1_490' title='bbox 2728 3518 2958 3572; x_wconf 88' lang='lat' dir='ltr'>castella</span> <span class='ocrx_word' id='word_1_491' title='bbox 2986 3533 3085 3572; x_wconf 90' lang='lat' dir='ltr'>sua</span> <span class='ocrx_word' id='word_1_492' title='bbox 3113 3518 3229 3591; x_wconf 86' lang='lat' dir='ltr'>regi</span> <span class='ocrx_word' id='word_1_493' title='bbox 3266 3519 3482 3586; x_wconf 86' lang='lat' dir='ltr'>juniori</span> <span class='ocrx_word' id='word_1_494' title='bbox 3510 3525 3567 3574; x_wconf 91' lang='lat' dir='ltr'>et</span> <span class='ocrx_word' id='word_1_495' title='bbox 3601 3535 3692 3574; x_wconf 89' lang='lat' dir='ltr'>co-</span> 
     </span>
    </p>
   </div>
   <div class='ocr_carea' id='block_1_66' title="bbox 353 3597 3690 3671">
    <p class='ocr_par' dir='ltr' id='par_1_66' title="bbox 353 3597 3690 3671">
     <span class='ocr_line' id='line_1_66' title="bbox 353 3597 3690 3671; baseline 0.002 -17"><span class='ocrx_word' id='word_1_496' title='bbox 353 3599 478 3655; x_wconf 90' lang='lat' dir='ltr'>silio</span> <span class='ocrx_word' id='word_1_497' title='bbox 504 3606 559 3653; x_wconf 88' lang='lat' dir='ltr'>et</span> <span class='ocrx_word' id='word_1_498' title='bbox 584 3597 849 3653; x_wconf 85' lang='lat' dir='ltr'>famulatu</span> <span class='ocrx_word' id='word_1_499' title='bbox 881 3597 982 3652; x_wconf 86' lang='lat' dir='ltr'>filii</span> <span class='ocrx_word' id='word_1_500' title='bbox 1026 3599 1109 3653; x_wconf 90' lang='lat' dir='ltr'>sui</span> <span class='ocrx_word' id='word_1_501' title='bbox 1151 3598 1424 3654; x_wconf 86' lang='lat' dir='ltr'>Asculfnm</span> <span class='ocrx_word' id='word_1_502' title='bbox 1458 3600 1528 3653; x_wconf 91' lang='lat' dir='ltr'>de</span> <span class='ocrx_word' id='word_1_503' title='bbox 1582 3601 1781 3655; x_wconf 89' lang='lat' dir='ltr'>Sancto</span> <span class='ocrx_word' id='word_1_504' title='bbox 1812 3601 1972 3671; x_wconf 86' lang='lat' dir='ltr'>Hyla-</span> <span class='ocrx_word' id='word_1_505' title='bbox 2071 3605 2188 3660; x_wconf 89' lang='lat' dir='ltr'>miti</span> <span class='ocrx_word' id='word_1_506' title='bbox 2222 3605 2563 3661; x_wconf 87' lang='lat' dir='ltr'>Flandrensi.</span> <span class='ocrx_word' id='word_1_507' title='bbox 2612 3604 2739 3660; x_wconf 84' lang='lat' dir='ltr'>Post</span> <span class='ocrx_word' id='word_1_508' title='bbox 2785 3605 2986 3660; x_wconf 80' lang='lat' dir='ltr'>festum</span> <span class='ocrx_word' id='word_1_509' title='bbox 3054 3605 3228 3661; x_wconf 90' lang='lat' dir='ltr'>sancti</span> <span class='ocrx_word' id='word_1_510' title='bbox 3284 3607 3563 3662; x_wconf 85' lang='lat' dir='ltr'>Johannis</span> <span class='ocrx_word' id='word_1_511' title='bbox 3604 3624 3690 3662; x_wconf 89' lang='lat' dir='ltr'>rex</span> 
     </span>
    </p>
   </div>
   <div class='ocr_carea' id='block_1_67' title="bbox 356 3690 3691 3762">
    <p class='ocr_par' dir='ltr' id='par_1_67' title="bbox 356 3690 3691 3762">
     <span class='ocr_line' id='line_1_67' title="bbox 356 3690 3691 3762; baseline 0.002 -14"><span class='ocrx_word' id='word_1_512' title='bbox 356 3691 438 3748; x_wconf 91' lang='lat' dir='ltr'>rio</span> <span class='ocrx_word' id='word_1_513' title='bbox 471 3697 525 3745; x_wconf 91' lang='lat' dir='ltr'>et</span> <span class='ocrx_word' id='word_1_514' title='bbox 551 3690 688 3745; x_wconf 90' lang='lat' dir='ltr'>alios</span> <span class='ocrx_word' id='word_1_515' title='bbox 722 3691 934 3762; x_wconf 86' lang='lat' dir='ltr'>equites</span> <span class='ocrx_word' id='word_1_516' title='bbox 954 3690 1222 3759; x_wconf 81' lang='lat' dir='ltr'>juniores,</span> <span class='ocrx_word' id='word_1_517' title='bbox 1269 3692 1392 3747; x_wconf 87' lang='lat' dir='ltr'>ideo</span> <span class='ocrx_word' id='word_1_518' title='bbox 1416 3692 1507 3747; x_wconf 89' lang='lat' dir='ltr'>ille</span> <span class='ocrx_word' id='word_1_519' title='bbox 1547 3692 1717 3747; x_wconf 90' lang='lat' dir='ltr'>iratus</span> <span class='ocrx_word' id='word_1_520' title='bbox 1743 3692 1970 3747; x_wconf 90' lang='lat' dir='ltr'>recessit</span> <span class='ocrx_word' id='word_1_521' title='bbox 2069 3697 2400 3752; x_wconf 87' lang='lat' dir='ltr'>Francorum</span> <span class='ocrx_word' id='word_1_522' title='bbox 2454 3697 2787 3757; x_wconf 86' lang='lat' dir='ltr'>Ludovicus,</span> <span class='ocrx_word' id='word_1_523' title='bbox 2846 3698 3175 3754; x_wconf 90' lang='lat' dir='ltr'>coadunatis</span> <span class='ocrx_word' id='word_1_524' title='bbox 3228 3699 3540 3756; x_wconf 89' lang='lat' dir='ltr'>baronibus</span> <span class='ocrx_word' id='word_1_525' title='bbox 3586 3701 3691 3755; x_wconf 86' lang='lat' dir='ltr'>suis</span> 
     </span>
    </p>
   </div>
   <div class='ocr_carea' id='block_1_68' title="bbox 2069 3792 3693 3866">
    <p class='ocr_par' dir='ltr' id='par_1_68' title="bbox 2069 3792 3693 3866">
     <span class='ocr_line' id='line_1_68' title="bbox 2069 3792 3693 3866; baseline 0.001 -19"><span class='ocrx_word' id='word_1_526' title='bbox 2069 3809 2135 3847; x_wconf 89' lang='lat' dir='ltr'>cx</span> <span class='ocrx_word' id='word_1_527' title='bbox 2161 3793 2312 3847; x_wconf 92' lang='lat' dir='ltr'>omni</span> <span class='ocrx_word' id='word_1_528' title='bbox 2352 3808 2523 3866; x_wconf 86' lang='lat' dir='ltr'>regno</span> <span class='ocrx_word' id='word_1_529' title='bbox 2546 3808 2669 3859; x_wconf 92' lang='lat' dir='ltr'>suo,</span> <span class='ocrx_word' id='word_1_530' title='bbox 2703 3792 2925 3848; x_wconf 87' lang='lat' dir='ltr'>obsedit</span> <span class='ocrx_word' id='word_1_531' title='bbox 2968 3803 3209 3848; x_wconf 89' lang='lat' dir='ltr'>castrum</span> <span class='ocrx_word' id='word_1_532' title='bbox 3259 3794 3561 3850; x_wconf 87' lang='lat' dir='ltr'>Vernolnm</span> <span class='ocrx_word' id='word_1_533' title='bbox 3586 3795 3693 3849; x_wconf 81' lang='lat' dir='ltr'>fere</span> 
     </span>
    </p>
   </div>
   <div class='ocr_carea' id='block_1_69' title="bbox 2070 3885 3693 3955">
    <p class='ocr_par' dir='ltr' id='par_1_69' title="bbox 2070 3885 3693 3955">
     <span class='ocr_line' id='line_1_69' title="bbox 2070 3885 3693 3955; baseline -0.001 -16"><span class='ocrx_word' id='word_1_534' title='bbox 2070 3900 2169 3954; x_wconf 90' lang='lat' dir='ltr'>per</span> <span class='ocrx_word' id='word_1_535' title='bbox 2202 3900 2374 3938; x_wconf 91' lang='lat' dir='ltr'>unum</span> <span class='ocrx_word' id='word_1_536' title='bbox 2420 3899 2689 3939; x_wconf 91' lang='lat' dir='ltr'>mensem.</span> <span class='ocrx_word' id='word_1_537' title='bbox 2734 3885 2793 3938; x_wconf 87' lang='lat' dir='ltr'>In</span> <span class='ocrx_word' id='word_1_538' title='bbox 2853 3900 2963 3955; x_wconf 91' lang='lat' dir='ltr'>quo</span> <span class='ocrx_word' id='word_1_539' title='bbox 2988 3885 3256 3951; x_wconf 89' lang='lat' dir='ltr'>exercitu,</span> <span class='ocrx_word' id='word_1_540' title='bbox 3301 3892 3363 3940; x_wconf 89' lang='lat' dir='ltr'>ut</span> <span class='ocrx_word' id='word_1_541' title='bbox 3381 3886 3593 3942; x_wconf 88' lang='lat' dir='ltr'>dictum</span> <span class='ocrx_word' id='word_1_542' title='bbox 3620 3894 3693 3941; x_wconf 88' lang='lat' dir='ltr'>est</span> 
     </span>
    </p>
   </div>
   <div class='ocr_carea' id='block_1_70' title="bbox 2071 3976 3686 4052">
    <p class='ocr_par' dir='ltr' id='par_1_70' title="bbox 2071 3976 3686 4052">
     <span class='ocr_line' id='line_1_70' title="bbox 2071 3976 3686 4052; baseline 0.001 -21"><span class='ocrx_word' id='word_1_543' title='bbox 2071 3993 2102 4031; x_wconf 92' lang='lat' dir='ltr'>a</span> <span class='ocrx_word' id='word_1_544' title='bbox 2126 3976 2431 4043; x_wconf 90' lang='lat' dir='ltr'>nonnullis,</span> <span class='ocrx_word' id='word_1_545' title='bbox 2463 3976 2691 4032; x_wconf 85' lang='lat' dir='ltr'>fuerunt</span> <span class='ocrx_word' id='word_1_546' title='bbox 2726 3982 2938 4047; x_wconf 89' lang='lat' dir='ltr'>septem</span> <span class='ocrx_word' id='word_1_547' title='bbox 2979 3977 3128 4031; x_wconf 87' lang='lat' dir='ltr'>milia</span> <span class='ocrx_word' id='word_1_548' title='bbox 3169 3977 3435 4044; x_wconf 90' lang='lat' dir='ltr'>militum,</span> <span class='ocrx_word' id='word_1_549' title='bbox 3465 3986 3686 4052; x_wconf 84' lang='lat' dir='ltr'>excepta</span> 
     </span>
    </p>
   </div>
   <div class='ocr_carea' id='block_1_71' title="bbox 359 4060 3697 4136">
    <p class='ocr_par' dir='ltr' id='par_1_71' title="bbox 359 4060 3697 4136">
     <span class='ocr_line' id='line_1_71' title="bbox 359 4060 3697 4136; baseline -0 -13"><span class='ocrx_word' id='word_1_550' title='bbox 359 4067 529 4117; x_wconf 80' lang='lat' dir='ltr'>verat.</span> <span class='ocrx_word' id='word_1_551' title='bbox 571 4061 741 4124; x_wconf 79' lang='lat' dir='ltr'>Quem</span> <span class='ocrx_word' id='word_1_552' title='bbox 768 4067 991 4115; x_wconf 77' lang='lat' dir='ltr'>secutus</span> <span class='ocrx_word' id='word_1_553' title='bbox 1023 4067 1108 4116; x_wconf 81' lang='lat' dir='ltr'>est</span> <span class='ocrx_word' id='word_1_554' title='bbox 1166 4074 1352 4117; x_wconf 84' lang='lat' dir='ltr'>comes</span> <span class='ocrx_word' id='word_1_555' title='bbox 1384 4061 1655 4117; x_wconf 79' lang='lat' dir='ltr'>Robertus</span> <span class='ocrx_word' id='word_1_556' title='bbox 1716 4060 1971 4126; x_wconf 82' lang='lat' dir='ltr'>Bellenti.</span> <span class='ocrx_word' id='word_1_557' title='bbox 2074 4066 2286 4136; x_wconf 88' lang='lat' dir='ltr'>reliqua</span> <span class='ocrx_word' id='word_1_558' title='bbox 2357 4065 2733 4120; x_wconf 78' lang='lat' dir='ltr'>multitudine.</span> <span class='ocrx_word' id='word_1_559' title='bbox 2812 4064 3022 4130; x_wconf 82' lang='lat' dir='ltr'>Quibus</span> <span class='ocrx_word' id='word_1_560' title='bbox 3097 4066 3423 4122; x_wconf 86' lang='lat' dir='ltr'>restiterunt</span> <span class='ocrx_word' id='word_1_561' title='bbox 3474 4068 3697 4124; x_wconf 84' lang='lat' dir='ltr'>viriliter</span> 
     </span>
    </p>
   </div>
   <div class='ocr_carea' id='block_1_72' title="bbox 359 4153 3695 4228">
    <p class='ocr_par' dir='ltr' id='par_1_72' title="bbox 359 4153 3695 4228">
     <span class='ocr_line' id='line_1_72' title="bbox 359 4153 3695 4228; baseline 0 -17"><span class='ocrx_word' id='word_1_562' title='bbox 359 4154 683 4227; x_wconf 75' lang='lat' dir='ltr'>relinquens</span> <span class='ocrx_word' id='word_1_563' title='bbox 732 4154 954 4211; x_wconf 90' lang='lat' dir='ltr'>castella</span> <span class='ocrx_word' id='word_1_564' title='bbox 1004 4171 1103 4210; x_wconf 90' lang='lat' dir='ltr'>sua</span> <span class='ocrx_word' id='word_1_565' title='bbox 1150 4156 1274 4210; x_wconf 90' lang='lat' dir='ltr'>sine</span> <span class='ocrx_word' id='word_1_566' title='bbox 1322 4154 1645 4211; x_wconf 88' lang='lat' dir='ltr'>custodibus</span> <span class='ocrx_word' id='word_1_567' title='bbox 1676 4171 1825 4227; x_wconf 88' lang='lat' dir='ltr'>;que</span> <span class='ocrx_word' id='word_1_568' title='bbox 1879 4170 1978 4209; x_wconf 89' lang='lat' dir='ltr'>rex</span> <span class='ocrx_word' id='word_1_569' title='bbox 2081 4155 2234 4228; x_wconf 73' lang='lat' dir='ltr'>[lngo</span> <span class='ocrx_word' id='word_1_570' title='bbox 2265 4153 2335 4208; x_wconf 92' lang='lat' dir='ltr'>de</span> <span class='ocrx_word' id='word_1_571' title='bbox 2365 4154 2489 4209; x_wconf 88' lang='lat' dir='ltr'>Laci</span> <span class='ocrx_word' id='word_1_572' title='bbox 2520 4163 2575 4210; x_wconf 90' lang='lat' dir='ltr'>et</span> <span class='ocrx_word' id='word_1_573' title='bbox 2617 4155 2767 4225; x_wconf 82' lang='lat' dir='ltr'>Hugo</span> <span class='ocrx_word' id='word_1_574' title='bbox 2818 4155 2887 4210; x_wconf 91' lang='lat' dir='ltr'>de</span> <span class='ocrx_word' id='word_1_575' title='bbox 2938 4155 3084 4210; x_wconf 91' lang='lat' dir='ltr'>Bello</span> <span class='ocrx_word' id='word_1_576' title='bbox 3134 4154 3337 4227; x_wconf 88' lang='lat' dir='ltr'>Campo</span> <span class='ocrx_word' id='word_1_577' title='bbox 3393 4155 3695 4213; x_wconf 77' lang='lat' dir='ltr'>constabuh</span> 
     </span>
    </p>
   </div>
   <div class='ocr_carea' id='block_1_73' title="bbox 362 4242 3693 4321">
    <p class='ocr_par' dir='ltr' id='par_1_73' title="bbox 362 4242 3693 4321">
     <span class='ocr_line' id='line_1_73' title="bbox 362 4242 3693 4321; baseline -0.001 -18"><span class='ocrx_word' id='word_1_578' title='bbox 362 4245 627 4303; x_wconf 77' lang='lat' dir='ltr'>Henricus</span> <span class='ocrx_word' id='word_1_579' title='bbox 678 4246 986 4318; x_wconf 88' lang='lat' dir='ltr'>occupavit.</span> <span class='ocrx_word' id='word_1_580' title='bbox 1026 4246 1221 4303; x_wconf 88' lang='lat' dir='ltr'>Comes</span> <span class='ocrx_word' id='word_1_581' title='bbox 1278 4247 1442 4303; x_wconf 90' lang='lat' dir='ltr'>etiam</span> <span class='ocrx_word' id='word_1_582' title='bbox 1495 4247 1701 4303; x_wconf 91' lang='lat' dir='ltr'>Cestrie</span> <span class='ocrx_word' id='word_1_583' title='bbox 1751 4248 1903 4320; x_wconf 86' lang='lat' dir='ltr'>Hugo</span> <span class='ocrx_word' id='word_1_584' title='bbox 1949 4263 1982 4301; x_wconf 91' lang='lat' dir='ltr'>a</span> <span class='ocrx_word' id='word_1_585' title='bbox 2082 4242 2437 4314; x_wconf 88' lang='lat' dir='ltr'>ipsiuscastri</span> <span class='ocrx_word' id='word_1_586' title='bbox 2466 4252 2522 4298; x_wconf 92' lang='lat' dir='ltr'>et</span> <span class='ocrx_word' id='word_1_587' title='bbox 2544 4244 2749 4299; x_wconf 90' lang='lat' dir='ltr'>milites</span> <span class='ocrx_word' id='word_1_588' title='bbox 2801 4245 2883 4299; x_wconf 90' lang='lat' dir='ltr'>eis</span> <span class='ocrx_word' id='word_1_589' title='bbox 2926 4243 3131 4299; x_wconf 88' lang='lat' dir='ltr'>subditi</span> <span class='ocrx_word' id='word_1_590' title='bbox 3156 4261 3281 4299; x_wconf 90' lang='lat' dir='ltr'>cum</span> <span class='ocrx_word' id='word_1_591' title='bbox 3305 4245 3693 4321; x_wconf 89' lang='lat' dir='ltr'>burgensibus.</span> 
     </span>
    </p>
   </div>
   <div class='ocr_carea' id='block_1_74' title="bbox 364 4331 3697 4404">
    <p class='ocr_par' dir='ltr' id='par_1_74' title="bbox 364 4331 3697 4404">
     <span class='ocr_line' id='line_1_74' title="bbox 364 4331 3697 4404; baseline -0.001 -13"><span class='ocrx_word' id='word_1_592' title='bbox 364 4334 565 4393; x_wconf 90' lang='lat' dir='ltr'>Sancto</span> <span class='ocrx_word' id='word_1_593' title='bbox 582 4335 788 4392; x_wconf 86' lang='lat' dir='ltr'>Jacobo</span> <span class='ocrx_word' id='word_1_594' title='bbox 815 4335 1130 4392; x_wconf 89' lang='lat' dir='ltr'>Galliciensi</span> <span class='ocrx_word' id='word_1_595' title='bbox 1159 4335 1400 4403; x_wconf 89' lang='lat' dir='ltr'>rediens,</span> <span class='ocrx_word' id='word_1_596' title='bbox 1445 4344 1668 4391; x_wconf 90' lang='lat' dir='ltr'>secutus</span> <span class='ocrx_word' id='word_1_597' title='bbox 1711 4342 1929 4390; x_wconf 89' lang='lat' dir='ltr'>esteum</span> <span class='ocrx_word' id='word_1_598' title='bbox 1964 4353 1978 4401; x_wconf 85' lang='lat'><strong>;</strong></span> <span class='ocrx_word' id='word_1_599' title='bbox 2004 4399 2045 4404; x_wconf 90' lang='lat'><em>_</em></span> <span class='ocrx_word' id='word_1_600' title='bbox 2082 4331 2277 4387; x_wconf 85' lang='lat' dir='ltr'>Junior</span> <span class='ocrx_word' id='word_1_601' title='bbox 2304 4347 2399 4387; x_wconf 90' lang='lat' dir='ltr'>rex</span> <span class='ocrx_word' id='word_1_602' title='bbox 2420 4332 2685 4387; x_wconf 84' lang='lat' dir='ltr'>Henricus</span> <span class='ocrx_word' id='word_1_603' title='bbox 2710 4341 2765 4386; x_wconf 91' lang='lat' dir='ltr'>et</span> <span class='ocrx_word' id='word_1_604' title='bbox 2802 4333 3090 4404; x_wconf 89' lang='lat' dir='ltr'>Philippus</span> <span class='ocrx_word' id='word_1_605' title='bbox 3119 4349 3310 4388; x_wconf 88' lang='lat' dir='ltr'>comes</span> <span class='ocrx_word' id='word_1_606' title='bbox 3354 4334 3697 4390; x_wconf 87' lang='lat' dir='ltr'>Flandrensis</span> 
     </span>
    </p>
   </div>
   <div class='ocr_carea' id='block_1_75' title="bbox 363 4399 3697 4496">
    <p class='ocr_par' dir='ltr' id='par_1_75' title="bbox 363 4399 3697 4496">
     <span class='ocr_line' id='line_1_75' title="bbox 363 4399 3697 4496; baseline -0 -15"><span class='ocrx_word' id='word_1_607' title='bbox 363 4431 419 4481; x_wconf 90' lang='lat' dir='ltr'>et</span> <span class='ocrx_word' id='word_1_608' title='bbox 455 4425 772 4481; x_wconf 83' lang='lat' dir='ltr'>Willermus</span> <span class='ocrx_word' id='word_1_609' title='bbox 814 4425 991 4480; x_wconf 84' lang='lat' dir='ltr'>Patrio</span> <span class='ocrx_word' id='word_1_610' title='bbox 1048 4424 1255 4492; x_wconf 89' lang='lat' dir='ltr'>senior,</span> <span class='ocrx_word' id='word_1_611' title='bbox 1301 4431 1357 4479; x_wconf 89' lang='lat' dir='ltr'>et</span> <span class='ocrx_word' id='word_1_612' title='bbox 1387 4399 1510 4479; x_wconf 75' lang='lat' dir='ltr'>tres</span> <span class='ocrx_word' id='word_1_613' title='bbox 1575 4423 1675 4478; x_wconf 83' lang='lat' dir='ltr'>ﬁlii</span> <span class='ocrx_word' id='word_1_614' title='bbox 1730 4424 1870 4491; x_wconf 90' lang='lat' dir='ltr'>ejus,</span> <span class='ocrx_word' id='word_1_615' title='bbox 1929 4399 2058 4478; x_wconf 85' lang='lat' dir='ltr'>etD</span> <span class='ocrx_word' id='word_1_616' title='bbox 2085 4430 2141 4478; x_wconf 89' lang='lat' dir='ltr'>et</span> <span class='ocrx_word' id='word_1_617' title='bbox 2175 4424 2424 4479; x_wconf 85' lang='lat' dir='ltr'>Matheus</span> <span class='ocrx_word' id='word_1_618' title='bbox 2471 4423 2636 4479; x_wconf 82' lang='lat' dir='ltr'>frater</span> <span class='ocrx_word' id='word_1_619' title='bbox 2690 4424 2810 4496; x_wconf 87' lang='lat' dir='ltr'>ejus</span> <span class='ocrx_word' id='word_1_620' title='bbox 2849 4399 3037 4480; x_wconf 82' lang='lat' dir='ltr'>comes</span> <span class='ocrx_word' id='word_1_621' title='bbox 3089 4425 3317 4480; x_wconf 90' lang='lat' dir='ltr'>Bolonie</span> <span class='ocrx_word' id='word_1_622' title='bbox 3366 4427 3697 4483; x_wconf 89' lang='lat' dir='ltr'>obsederunt</span> 
     </span>
    </p>
   </div>
   <div class='ocr_carea' id='block_1_76' title="bbox 362 4511 3696 4588">
    <p class='ocr_par' dir='ltr' id='par_1_76' title="bbox 362 4511 3696 4588">
     <span class='ocr_line' id='line_1_76' title="bbox 362 4511 3696 4588; baseline -0.001 -15"><span class='ocrx_word' id='word_1_623' title='bbox 362 4517 518 4573; x_wconf 89' lang='lat' dir='ltr'>multi</span> <span class='ocrx_word' id='word_1_624' title='bbox 548 4516 641 4572; x_wconf 89' lang='lat' dir='ltr'>alii</span> <span class='ocrx_word' id='word_1_625' title='bbox 667 4516 900 4572; x_wconf 90' lang='lat' dir='ltr'>minoris</span> <span class='ocrx_word' id='word_1_626' title='bbox 942 4517 1183 4572; x_wconf 83' lang='lat' dir='ltr'>nominis</span> <span class='ocrx_word' id='word_1_627' title='bbox 1218 4534 1233 4581; x_wconf 92' lang='lat'><strong>;</strong></span> <span class='ocrx_word' id='word_1_628' title='bbox 1288 4531 1518 4588; x_wconf 90' lang='lat' dir='ltr'>quorum</span> <span class='ocrx_word' id='word_1_629' title='bbox 1555 4517 1809 4572; x_wconf 89' lang='lat' dir='ltr'>omnium</span> <span class='ocrx_word' id='word_1_630' title='bbox 1875 4515 1981 4571; x_wconf 89' lang='lat' dir='ltr'>do-</span> <span class='ocrx_word' id='word_1_631' title='bbox 2081 4526 2282 4566; x_wconf 90' lang='lat' dir='ltr'>novum</span> <span class='ocrx_word' id='word_1_632' title='bbox 2315 4520 2575 4578; x_wconf 85' lang='lat' dir='ltr'>castrum,</span> <span class='ocrx_word' id='word_1_633' title='bbox 2640 4511 2789 4583; x_wconf 80' lang='lat' dir='ltr'>quOd</span> <span class='ocrx_word' id='word_1_634' title='bbox 2843 4512 3044 4568; x_wconf 90' lang='lat' dir='ltr'>dicitur</span> <span class='ocrx_word' id='word_1_635' title='bbox 3071 4514 3387 4587; x_wconf 84' lang='lat' dir='ltr'>Dringcurt,</span> <span class='ocrx_word' id='word_1_636' title='bbox 3438 4532 3564 4570; x_wconf 93' lang='lat' dir='ltr'>cum</span> <span class='ocrx_word' id='word_1_637' title='bbox 3599 4532 3696 4570; x_wconf 88' lang='lat' dir='ltr'>ma-</span> 
     </span>
    </p>
   </div>
   <div class='ocr_carea' id='block_1_77' title="bbox 364 4605 3694 4687">
    <p class='ocr_par' dir='ltr' id='par_1_77' title="bbox 364 4605 3694 4687">
     <span class='ocr_line' id='line_1_77' title="bbox 364 4605 3694 4687; baseline 0.001 -25"><span class='ocrx_word' id='word_1_638' title='bbox 364 4622 484 4664; x_wconf 88' lang='lat' dir='ltr'>mos</span> <span class='ocrx_word' id='word_1_639' title='bbox 502 4614 559 4662; x_wconf 90' lang='lat' dir='ltr'>et</span> <span class='ocrx_word' id='word_1_640' title='bbox 585 4605 823 4681; x_wconf 88' lang='lat' dir='ltr'>virgulta</span> <span class='ocrx_word' id='word_1_641' title='bbox 867 4613 922 4661; x_wconf 89' lang='lat' dir='ltr'>et</span> <span class='ocrx_word' id='word_1_642' title='bbox 972 4605 1138 4687; x_wconf 82' lang='lat' dir='ltr'>silvas</span> <span class='ocrx_word' id='word_1_643' title='bbox 1188 4621 1281 4659; x_wconf 89' lang='lat' dir='ltr'>rex</span> <span class='ocrx_word' id='word_1_644' title='bbox 1332 4605 1547 4660; x_wconf 88' lang='lat' dir='ltr'>evertit.</span> <span class='ocrx_word' id='word_1_645' title='bbox 1600 4605 1864 4659; x_wconf 89' lang='lat' dir='ltr'>Similiter</span> <span class='ocrx_word' id='word_1_646' title='bbox 1889 4619 1980 4659; x_wconf 92' lang='lat' dir='ltr'>re—</span> <span class='ocrx_word' id='word_1_647' title='bbox 2079 4623 2189 4680; x_wconf 82' lang='lat' dir='ltr'>gno</span> <span class='ocrx_word' id='word_1_648' title='bbox 2220 4607 2486 4662; x_wconf 87' lang='lat' dir='ltr'>exercitu.</span> <span class='ocrx_word' id='word_1_649' title='bbox 2539 4606 2632 4662; x_wconf 89' lang='lat' dir='ltr'>Cui</span> <span class='ocrx_word' id='word_1_650' title='bbox 2678 4614 2857 4663; x_wconf 88' lang='lat' dir='ltr'>castro</span> <span class='ocrx_word' id='word_1_651' title='bbox 2903 4616 3161 4678; x_wconf 89' lang='lat' dir='ltr'>preerant</span> <span class='ocrx_word' id='word_1_652' title='bbox 3198 4611 3359 4666; x_wconf 90' lang='lat' dir='ltr'>Doun</span> <span class='ocrx_word' id='word_1_653' title='bbox 3417 4610 3694 4666; x_wconf 83' lang='lat' dir='ltr'>Bardulqu</span> 
     </span>
    </p>
   </div>
   <div class='ocr_carea' id='block_1_78' title="bbox 364 4694 3691 4771">
    <p class='ocr_par' dir='ltr' id='par_1_78' title="bbox 364 4694 3691 4771">
     <span class='ocr_line' id='line_1_78' title="bbox 364 4694 3691 4771; baseline 0.002 -20"><span class='ocrx_word' id='word_1_654' title='bbox 364 4696 494 4771; x_wconf 80' lang='lat' dir='ltr'>gina</span> <span class='ocrx_word' id='word_1_655' title='bbox 521 4696 744 4753; x_wconf 87' lang='lat' dir='ltr'>Alienor</span> <span class='ocrx_word' id='word_1_656' title='bbox 767 4705 822 4752; x_wconf 93' lang='lat' dir='ltr'>et</span> <span class='ocrx_word' id='word_1_657' title='bbox 872 4694 973 4750; x_wconf 82' lang='lat' dir='ltr'>ﬁlii</span> <span class='ocrx_word' id='word_1_658' title='bbox 1005 4695 1112 4761; x_wconf 91' lang='lat' dir='ltr'>sui,</span> <span class='ocrx_word' id='word_1_659' title='bbox 1161 4694 1424 4750; x_wconf 81' lang='lat' dir='ltr'>Ricardus</span> <span class='ocrx_word' id='word_1_660' title='bbox 1475 4709 1661 4750; x_wconf 90' lang='lat' dir='ltr'>comes</span> <span class='ocrx_word' id='word_1_661' title='bbox 1690 4694 1979 4750; x_wconf 81' lang='lat' dir='ltr'>Pictaven-</span> <span class='ocrx_word' id='word_1_662' title='bbox 2081 4708 2134 4754; x_wconf 83' lang='lat' dir='ltr'>et</span> <span class='ocrx_word' id='word_1_663' title='bbox 2162 4699 2398 4754; x_wconf 85' lang='lat' dir='ltr'>Thomas</span> <span class='ocrx_word' id='word_1_664' title='bbox 2425 4700 2547 4766; x_wconf 88' lang='lat' dir='ltr'>ejus</span> <span class='ocrx_word' id='word_1_665' title='bbox 2590 4699 2776 4755; x_wconf 84' lang='lat' dir='ltr'>frater.</span> <span class='ocrx_word' id='word_1_666' title='bbox 2829 4700 2929 4765; x_wconf 89' lang='lat' dir='ltr'>Qui</span> <span class='ocrx_word' id='word_1_667' title='bbox 2979 4716 3102 4756; x_wconf 90' lang='lat' dir='ltr'>eum</span> <span class='ocrx_word' id='word_1_668' title='bbox 3162 4701 3460 4770; x_wconf 89' lang='lat' dir='ltr'>vidissent,</span> <span class='ocrx_word' id='word_1_669' title='bbox 3503 4719 3563 4758; x_wconf 91' lang='lat' dir='ltr'>se</span> <span class='ocrx_word' id='word_1_670' title='bbox 3592 4717 3691 4756; x_wconf 89' lang='lat' dir='ltr'>non</span> 
     </span>
    </p>
   </div>
   <div class='ocr_carea' id='block_1_79' title="bbox 365 4786 1921 4867">
    <p class='ocr_par' dir='ltr' id='par_1_79' title="bbox 365 4786 1917 4853">
     <span class='ocr_line' id='line_1_79' title="bbox 365 4786 1917 4853; baseline -0.001 -12"><span class='ocrx_word' id='word_1_671' title='bbox 365 4786 442 4841; x_wconf 83' lang='lat' dir='ltr'>sis</span> <span class='ocrx_word' id='word_1_672' title='bbox 504 4796 560 4841; x_wconf 90' lang='lat' dir='ltr'>et</span> <span class='ocrx_word' id='word_1_673' title='bbox 619 4787 914 4842; x_wconf 84' lang='lat' dir='ltr'>Gaut&#39;ridus</span> <span class='ocrx_word' id='word_1_674' title='bbox 977 4802 1165 4843; x_wconf 92' lang='lat' dir='ltr'>comes</span> <span class='ocrx_word' id='word_1_675' title='bbox 1231 4786 1537 4853; x_wconf 80' lang='lat' dir='ltr'>Britannic,</span> <span class='ocrx_word' id='word_1_676' title='bbox 1593 4786 1814 4841; x_wconf 89' lang='lat' dir='ltr'>alienati</span> <span class='ocrx_word' id='word_1_677' title='bbox 1854 4802 1917 4840; x_wconf 91' lang='lat' dir='ltr'>su</span> 
     </span>
    </p>
   </div>
   <div class='ocr_carea' id='block_1_80' title="bbox 2146 4786 3693 4867">
    <p class='ocr_par' dir='ltr' id='par_1_80' title="bbox 2146 4794 3693 4854">
     <span class='ocr_line' id='line_1_80' title="bbox 2146 4794 3693 4854; baseline 0.005 -10"><span class='ocrx_word' id='word_1_678' title='bbox 2146 4811 2245 4850; x_wconf 59' lang='lat' dir='ltr'>isse</span> <span class='ocrx_word' id='word_1_679' title='bbox 2272 4794 2527 4850; x_wconf 86' lang='lat' dir='ltr'>resistere</span> <span class='ocrx_word' id='word_1_680' title='bbox 2571 4794 2780 4851; x_wconf 85' lang='lat' dir='ltr'>crebris</span> <span class='ocrx_word' id='word_1_681' title='bbox 2828 4796 3129 4852; x_wconf 89' lang='lat' dir='ltr'>assultibus</span> <span class='ocrx_word' id='word_1_682' title='bbox 3163 4812 3359 4853; x_wconf 90' lang='lat' dir='ltr'>eorum</span> <span class='ocrx_word' id='word_1_683' title='bbox 3412 4806 3470 4854; x_wconf 88' lang='lat' dir='ltr'>et</span> <span class='ocrx_word' id='word_1_684' title='bbox 3514 4796 3693 4854; x_wconf 72' lang='lat' dir='ltr'>suffos-</span> 
     </span>
    </p>
   </div>
   <div class='ocr_carea' id='block_1_81' title="bbox 368 4876 3691 4956">
    <p class='ocr_par' dir='ltr' id='par_1_81' title="bbox 368 4876 3691 4956">
     <span class='ocr_line' id='line_1_81' title="bbox 368 4876 3691 4956; baseline 0.002 -25"><span class='ocrx_word' id='word_1_685' title='bbox 368 4876 437 4931; x_wconf 91' lang='lat' dir='ltr'>ab</span> <span class='ocrx_word' id='word_1_686' title='bbox 467 4891 555 4932; x_wconf 90' lang='lat' dir='ltr'>eo.</span> <span class='ocrx_word' id='word_1_687' title='bbox 2079 4882 2223 4939; x_wconf 91' lang='lat' dir='ltr'>sioni</span> <span class='ocrx_word' id='word_1_688' title='bbox 2265 4899 2570 4949; x_wconf 90' lang='lat' dir='ltr'>murorum,</span> <span class='ocrx_word' id='word_1_689' title='bbox 2620 4884 2863 4955; x_wconf 88' lang='lat' dir='ltr'>acceptis</span> <span class='ocrx_word' id='word_1_690' title='bbox 2924 4885 3162 4940; x_wconf 89' lang='lat' dir='ltr'>induciis</span> <span class='ocrx_word' id='word_1_691' title='bbox 3218 4893 3578 4956; x_wconf 86' lang='lat' dir='ltr'>perrexerunt</span> <span class='ocrx_word' id='word_1_692' title='bbox 3625 4885 3691 4939; x_wconf 92' lang='lat' dir='ltr'>ad</span> 
     </span>
    </p>
   </div>
   <div class='ocr_carea' id='block_1_82' title="bbox 439 4966 3686 5047">
    <p class='ocr_par' dir='ltr' id='par_1_82' title="bbox 439 4966 3686 5047">
     <span class='ocr_line' id='line_1_82' title="bbox 439 4966 3686 5047; baseline 0.002 -28"><span class='ocrx_word' id='word_1_693' title='bbox 439 4966 598 5020; x_wconf 83' lang='lat' dir='ltr'>Feria</span> <span class='ocrx_word' id='word_1_694' title='bbox 625 4967 659 5019; x_wconf 72' lang='grc'>4</span> <span class='ocrx_word' id='word_1_695' title='bbox 687 4974 811 5021; x_wconf 89' lang='lat' dir='ltr'>ante</span> <span class='ocrx_word' id='word_1_696' title='bbox 842 4983 1033 5022; x_wconf 90' lang='lat' dir='ltr'>cenam</span> <span class='ocrx_word' id='word_1_697' title='bbox 1068 4967 1283 5024; x_wconf 91' lang='lat' dir='ltr'>Domini</span> <span class='ocrx_word' id='word_1_698' title='bbox 1318 4967 1469 5038; x_wconf 89' lang='lat' dir='ltr'>prior</span> <span class='ocrx_word' id='word_1_699' title='bbox 1498 4968 1908 5024; x_wconf 88' lang='lat' dir='ltr'>Cantuariensis</span> <span class='ocrx_word' id='word_1_700' title='bbox 1926 4975 1980 5023; x_wconf 90' lang='lat' dir='ltr'>et</span> <span class='ocrx_word' id='word_1_701' title='bbox 2081 4987 2263 5045; x_wconf 81' lang='lat' dir='ltr'>regem</span> <span class='ocrx_word' id='word_1_702' title='bbox 2296 4971 2491 5044; x_wconf 87' lang='lat' dir='ltr'>Anglie</span> <span class='ocrx_word' id='word_1_703' title='bbox 2540 4972 2827 5027; x_wconf 88' lang='lat' dir='ltr'>dominum</span> <span class='ocrx_word' id='word_1_704' title='bbox 2872 4989 3055 5039; x_wconf 90' lang='lat' dir='ltr'>suum,</span> <span class='ocrx_word' id='word_1_705' title='bbox 3090 4974 3426 5030; x_wconf 89' lang='lat' dir='ltr'>nunciantes</span> <span class='ocrx_word' id='word_1_706' title='bbox 3457 4976 3529 5041; x_wconf 91' lang='lat' dir='ltr'>ei,</span> <span class='ocrx_word' id='word_1_707' title='bbox 3552 4972 3686 5047; x_wconf 89' lang='lat' dir='ltr'>quod</span> 
     </span>
    </p>
   </div>
   <div class='ocr_carea' id='block_1_83' title="bbox 369 5053 3690 5131">
    <p class='ocr_par' dir='ltr' id='par_1_83' title="bbox 369 5053 3690 5131">
     <span class='ocr_line' id='line_1_83' title="bbox 369 5053 3690 5131; baseline 0.002 -22"><span class='ocrx_word' id='word_1_708' title='bbox 369 5053 477 5109; x_wconf 88' lang='lat' dir='ltr'>alie</span> <span class='ocrx_word' id='word_1_709' title='bbox 503 5069 741 5125; x_wconf 86' lang='lat' dir='ltr'>persone</span> <span class='ocrx_word' id='word_1_710' title='bbox 796 5055 1023 5110; x_wconf 89' lang='lat' dir='ltr'>honeste</span> <span class='ocrx_word' id='word_1_711' title='bbox 1070 5064 1341 5112; x_wconf 91' lang='lat' dir='ltr'>venerunt</span> <span class='ocrx_word' id='word_1_712' title='bbox 1378 5058 1448 5112; x_wconf 88' lang='lat' dir='ltr'>ad</span> <span class='ocrx_word' id='word_1_713' title='bbox 1495 5057 1748 5113; x_wconf 90' lang='lat' dir='ltr'>Sanctam</span> <span class='ocrx_word' id='word_1_714' title='bbox 1779 5058 1980 5112; x_wconf 85' lang='lat' dir='ltr'>Barba-</span> <span class='ocrx_word' id='word_1_715' title='bbox 2083 5076 2192 5115; x_wconf 92' lang='lat' dir='ltr'>non</span> <span class='ocrx_word' id='word_1_716' title='bbox 2236 5067 2493 5131; x_wconf 86' lang='lat' dir='ltr'>poterant</span> <span class='ocrx_word' id='word_1_717' title='bbox 2542 5060 2797 5117; x_wconf 87' lang='lat' dir='ltr'>resistere</span> <span class='ocrx_word' id='word_1_718' title='bbox 2827 5061 3041 5116; x_wconf 89' lang='lat' dir='ltr'>viribus</span> <span class='ocrx_word' id='word_1_719' title='bbox 3100 5063 3473 5120; x_wconf 89' lang='lat' dir='ltr'>inimicorum.</span> <span class='ocrx_word' id='word_1_720' title='bbox 3528 5066 3690 5130; x_wconf 82' lang='lat' dir='ltr'>Quare</span> 
     </span>
    </p>
   </div>
   <div class='ocr_carea' id='block_1_84' title="bbox 370 5143 3690 5225">
    <p class='ocr_par' dir='ltr' id='par_1_84' title="bbox 370 5143 3690 5225">
     <span class='ocr_line' id='line_1_84' title="bbox 370 5143 3690 5225; baseline 0.003 -26"><span class='ocrx_word' id='word_1_721' title='bbox 370 5160 485 5200; x_wconf 89' lang='lat' dir='ltr'>ram</span> <span class='ocrx_word' id='word_1_722' title='bbox 504 5143 564 5198; x_wconf 89' lang='lat' dir='ltr'>in</span> <span class='ocrx_word' id='word_1_723' title='bbox 593 5144 913 5216; x_wconf 90' lang='lat' dir='ltr'>episcopatu</span> <span class='ocrx_word' id='word_1_724' title='bbox 958 5147 1302 5216; x_wconf 87' lang='lat' dir='ltr'>Luxoviensi,</span> <span class='ocrx_word' id='word_1_725' title='bbox 1354 5149 1422 5204; x_wconf 92' lang='lat' dir='ltr'>ad</span> <span class='ocrx_word' id='word_1_726' title='bbox 1468 5166 1652 5225; x_wconf 85' lang='lat' dir='ltr'>regem</span> <span class='ocrx_word' id='word_1_727' title='bbox 1687 5150 1978 5205; x_wconf 82' lang='lat' dir='ltr'>Henricnm</span> <span class='ocrx_word' id='word_1_728' title='bbox 2081 5152 2353 5207; x_wconf 88' lang='lat' dir='ltr'>concessit</span> <span class='ocrx_word' id='word_1_729' title='bbox 2410 5152 2494 5208; x_wconf 84' lang='lat' dir='ltr'>eis</span> <span class='ocrx_word' id='word_1_730' title='bbox 2556 5170 2672 5220; x_wconf 88' lang='lat' dir='ltr'>rex,</span> <span class='ocrx_word' id='word_1_731' title='bbox 2731 5158 2789 5209; x_wconf 92' lang='lat' dir='ltr'>ut</span> <span class='ocrx_word' id='word_1_732' title='bbox 2871 5163 3111 5209; x_wconf 91' lang='lat' dir='ltr'>castrum</span> <span class='ocrx_word' id='word_1_733' title='bbox 3166 5156 3473 5212; x_wconf 85' lang='lat' dir='ltr'>redderent</span> <span class='ocrx_word' id='word_1_734' title='bbox 3517 5153 3690 5213; x_wconf 89' lang='lat' dir='ltr'>comiti</span> 
     </span>
    </p>
   </div>
   <div class='ocr_carea' id='block_1_85' title="bbox 371 5233 3690 5317">
    <p class='ocr_par' dir='ltr' id='par_1_85' title="bbox 371 5233 3690 5317">
     <span class='ocr_line' id='line_1_85' title="bbox 371 5233 3690 5317; baseline 0.003 -28"><span class='ocrx_word' id='word_1_735' title='bbox 371 5241 427 5289; x_wconf 88' lang='lat' dir='ltr'>et</span> <span class='ocrx_word' id='word_1_736' title='bbox 454 5234 524 5289; x_wconf 90' lang='lat' dir='ltr'>ad</span> <span class='ocrx_word' id='word_1_737' title='bbox 553 5233 768 5305; x_wconf 79' lang='lat' dir='ltr'>legatos</span> <span class='ocrx_word' id='word_1_738' title='bbox 801 5236 1075 5294; x_wconf 77' lang='lat' dir='ltr'>Romanos</span> <span class='ocrx_word' id='word_1_739' title='bbox 1099 5239 1379 5295; x_wconf 80' lang='lat' dir='ltr'>Albertum</span> <span class='ocrx_word' id='word_1_740' title='bbox 1427 5250 1483 5296; x_wconf 88' lang='lat' dir='ltr'>et</span> <span class='ocrx_word' id='word_1_741' title='bbox 1517 5241 1983 5308; x_wconf 86' lang='lat' dir='ltr'>Theodinum;et</span> <span class='ocrx_word' id='word_1_742' title='bbox 2082 5243 2427 5312; x_wconf 79' lang='lat' dir='ltr'>Flandrensi,</span> <span class='ocrx_word' id='word_1_743' title='bbox 2490 5244 2742 5300; x_wconf 84' lang='lat' dir='ltr'>Matheus</span> <span class='ocrx_word' id='word_1_744' title='bbox 2793 5260 2982 5301; x_wconf 89' lang='lat' dir='ltr'>comes</span> <span class='ocrx_word' id='word_1_745' title='bbox 3042 5247 3301 5317; x_wconf 87' lang='lat' dir='ltr'>Bolonie,</span> <span class='ocrx_word' id='word_1_746' title='bbox 3356 5247 3527 5305; x_wconf 87' lang='lat' dir='ltr'>frater</span> <span class='ocrx_word' id='word_1_747' title='bbox 3571 5245 3690 5301; x_wconf 88' lang='lat' dir='ltr'>Phi-</span> 
     </span>
    </p>
   </div>
   <div class='ocr_carea' id='block_1_86' title="bbox 1718 5370 2353 5426">
    <p class='ocr_par' dir='ltr' id='par_1_86' title="bbox 1718 5370 2353 5426">
     <span class='ocr_line' id='line_1_86' title="bbox 1718 5370 2353 5426; baseline 0.002 -1"><span class='ocrx_word' id='word_1_748' title='bbox 1718 5370 1936 5425; x_wconf 69' lang='lat' dir='ltr'>VARl/E</span> <span class='ocrx_word' id='word_1_749' title='bbox 1970 5370 2244 5426; x_wconf 88' lang='lat' dir='ltr'>LECTION</span> <span class='ocrx_word' id='word_1_750' title='bbox 2254 5371 2353 5426; x_wconf 87' lang='lat' dir='ltr'>ES.</span> 
     </span>
    </p>
   </div>
   <div class='ocr_carea' id='block_1_87' title="bbox 445 5458 2240 5546">
    <p class='ocr_par' dir='ltr' id='par_1_87' title="bbox 445 5458 2240 5546">
     <span class='ocr_line' id='line_1_87' title="bbox 445 5458 2240 5546; baseline 0.007 -33"><span class='ocrx_word' id='word_1_751' title='bbox 445 5459 513 5496; x_wconf 75' lang='lat'>“7</span> <span class='ocrx_word' id='word_1_752' title='bbox 537 5459 739 5514; x_wconf 69' lang='lat' dir='ltr'>desinit</span> <span class='ocrx_word' id='word_1_753' title='bbox 766 5458 875 5514; x_wconf 73' lang='lat' dir='ltr'>lucc</span> <span class='ocrx_word' id='word_1_754' title='bbox 898 5475 1092 5517; x_wconf 86' lang='lat' dir='ltr'>manus</span> <span class='ocrx_word' id='word_1_755' title='bbox 1124 5466 1301 5530; x_wconf 67' lang='lat' dir='ltr'>;redz‘t</span> <span class='ocrx_word' id='word_1_756' title='bbox 1316 5482 1436 5537; x_wconf 69' lang='lat' dir='ltr'>quae</span> <span class='ocrx_word' id='word_1_757' title='bbox 1460 5483 1575 5525; x_wconf 84' lang='lat' dir='ltr'>eam</span> <span class='ocrx_word' id='word_1_758' title='bbox 1585 5470 1844 5540; x_wconf 77' lang='lat' dir='ltr'>procedit.</span> <span class='ocrx_word' id='word_1_759' title='bbox 1871 5471 1939 5505; x_wconf 72' lang='grc'>⁸⁸⁸</span> <span class='ocrx_word' id='word_1_760' title='bbox 1969 5471 2101 5546; x_wconf 82' lang='lat' dir='ltr'>Bag.</span> <span class='ocrx_word' id='word_1_761' title='bbox 2122 5471 2240 5526; x_wconf 85' lang='lat' dir='ltr'>cod.</span> 
     </span>
    </p>
   </div>
   <div class='ocr_carea' id='block_1_88' title="bbox 1930 5569 2141 5627">
    <p class='ocr_par' dir='ltr' id='par_1_88' title="bbox 1930 5569 2141 5627">
     <span class='ocr_line' id='line_1_88' title="bbox 1930 5569 2141 5627; baseline 0.005 -2"><span class='ocrx_word' id='word_1_762' title='bbox 1930 5569 2141 5627; x_wconf 64' lang='lat' dir='ltr'>NOTAE.</span> 
     </span>
    </p>
   </div>
   <div class='ocr_carea' id='block_1_89' title="bbox 1493 5667 2195 5735">
    <p class='ocr_par' dir='ltr' id='par_1_89' title="bbox 1493 5667 2195 5735">
     <span class='ocr_line' id='line_1_89' title="bbox 1493 5667 2195 5735; baseline 0.006 -14"><span class='ocrx_word' id='word_1_763' title='bbox 1493 5667 1634 5735; x_wconf 71' lang='lat'><strong>(667)</strong></span> <span class='ocrx_word' id='word_1_764' title='bbox 1662 5668 1970 5727; x_wconf 86' lang='lat' dir='ltr'>Alhemarle</span> <span class='ocrx_word' id='word_1_765' title='bbox 1996 5669 2195 5735; x_wconf 90' lang='lat' dir='ltr'>BOUQ.</span> 
     </span>
    </p>
   </div>
   <div class='ocr_carea' id='block_1_90' title="bbox 355 3786 1967 3861">
    <p class='ocr_par' dir='ltr' id='par_1_90' title="bbox 355 3786 1967 3861">
     <span class='ocr_line' id='line_1_90' title="bbox 355 3786 1967 3861; baseline -0.001 -20"><span class='ocrx_word' id='word_1_766' title='bbox 355 3795 574 3859; x_wconf 89' lang='lat' dir='ltr'>apatre,</span> <span class='ocrx_word' id='word_1_767' title='bbox 604 3786 835 3842; x_wconf 91' lang='lat' dir='ltr'>etvenit</span> <span class='ocrx_word' id='word_1_768' title='bbox 889 3787 1415 3861; x_wconf 81' lang='lat' dir='ltr'>Argenthomagum.</span> <span class='ocrx_word' id='word_1_769' title='bbox 1467 3796 1521 3843; x_wconf 91' lang='lat' dir='ltr'>et</span> <span class='ocrx_word' id='word_1_770' title='bbox 1567 3787 1796 3843; x_wconf 90' lang='lat' dir='ltr'>recessit</span> <span class='ocrx_word' id='word_1_771' title='bbox 1839 3787 1967 3841; x_wconf 89' lang='lat' dir='ltr'>inde</span> 
     </span>
    </p>
   </div>
   <div class='ocr_carea' id='block_1_91' title="bbox 356 3875 1968 3949">
    <p class='ocr_par' dir='ltr' id='par_1_91' title="bbox 356 3875 1968 3949">
     <span class='ocr_line' id='line_1_91' title="bbox 356 3875 1968 3949; baseline -0.001 -18"><span class='ocrx_word' id='word_1_772' title='bbox 356 3882 543 3943; x_wconf 92' lang='lat' dir='ltr'>noctu,</span> <span class='ocrx_word' id='word_1_773' title='bbox 587 3891 823 3948; x_wconf 83' lang='lat' dir='ltr'>pergens</span> <span class='ocrx_word' id='word_1_774' title='bbox 853 3875 921 3929; x_wconf 89' lang='lat' dir='ltr'>ad</span> <span class='ocrx_word' id='word_1_775' title='bbox 965 3892 1153 3949; x_wconf 81' lang='lat' dir='ltr'>regem</span> <span class='ocrx_word' id='word_1_776' title='bbox 1211 3877 1564 3943; x_wconf 88' lang='lat' dir='ltr'>Francorum,</span> <span class='ocrx_word' id='word_1_777' title='bbox 1590 3876 1968 3931; x_wconf 90' lang='lat' dir='ltr'>nescientibus</span> 
     </span>
    </p>
   </div>
   <div class='ocr_carea' id='block_1_92' title="bbox 357 3968 1970 4039">
    <p class='ocr_par' dir='ltr' id='par_1_92' title="bbox 357 3968 1970 4039">
     <span class='ocr_line' id='line_1_92' title="bbox 357 3968 1970 4039; baseline -0.001 -15"><span class='ocrx_word' id='word_1_778' title='bbox 357 3968 626 4024; x_wconf 91' lang='lat' dir='ltr'>ministris</span> <span class='ocrx_word' id='word_1_779' title='bbox 652 3968 789 4034; x_wconf 89' lang='lat' dir='ltr'>suis,</span> <span class='ocrx_word' id='word_1_780' title='bbox 818 3983 960 4039; x_wconf 90' lang='lat' dir='ltr'>quos</span> <span class='ocrx_word' id='word_1_781' title='bbox 995 3975 1148 4039; x_wconf 90' lang='lat' dir='ltr'>pater</span> <span class='ocrx_word' id='word_1_782' title='bbox 1178 3985 1309 4024; x_wconf 91' lang='lat' dir='ltr'>suos</span> <span class='ocrx_word' id='word_1_783' title='bbox 1361 3969 1584 4024; x_wconf 90' lang='lat' dir='ltr'>servitio</span> <span class='ocrx_word' id='word_1_784' title='bbox 1613 3984 1714 4025; x_wconf 90' lang='lat' dir='ltr'>suo</span> <span class='ocrx_word' id='word_1_785' title='bbox 1740 3969 1970 4039; x_wconf 89' lang='lat' dir='ltr'>deputa-</span> 
     </span>
    </p>
   </div>
   <div class='ocr_carea' id='block_1_93' title="bbox 452 5655 3423 5743">
    <p class='ocr_par' dir='ltr' id='par_1_93' title="bbox 452 5655 3423 5743">
     <span class='ocr_line' id='line_1_93' title="bbox 452 5655 3423 5743; baseline 0.006 -28"><span class='ocrx_word' id='word_1_786' title='bbox 452 5657 593 5730; x_wconf 87' lang='lat'><strong>(666(</strong></span> <span class='ocrx_word' id='word_1_787' title='bbox 618 5655 981 5714; x_wconf 76' lang='lat' dir='ltr'>Raimundus.</span> <span class='ocrx_word' id='word_1_788' title='bbox 1018 5657 1206 5724; x_wconf 91' lang='lat' dir='ltr'>BOUQ.</span> <span class='ocrx_word' id='word_1_789' title='bbox 1493 5667 1634 5735; x_wconf 69' lang='lat'><strong>(667)</strong></span> <span class='ocrx_word' id='word_1_790' title='bbox 1662 5668 1970 5727; x_wconf 86' lang='lat' dir='ltr'>Alhemarle</span> <span class='ocrx_word' id='word_1_791' title='bbox 1996 5669 2195 5735; x_wconf 90' lang='lat' dir='ltr'>BOUQ.</span> <span class='ocrx_word' id='word_1_792' title='bbox 2619 5671 2768 5743; x_wconf 86' lang='grc'>(668)</span> <span class='ocrx_word' id='word_1_793' title='bbox 2797 5670 3211 5737; x_wconf 82' lang='lat' dir='ltr'>Ebroicensem.</span> <span class='ocrx_word' id='word_1_794' title='bbox 3249 5673 3423 5740; x_wconf 86' lang='lat' dir='ltr'>BOUQ</span> 
     </span>
    </p>
   </div>
  </div>
