3858 6206
138 290 222 347 517

258 422 593 467 ΒΟΙΑΝΟΚῸΜ.
743 418 1066 477 ΡΒΑΝΩΟΚΌΜ
1078 445 1089 457 .
1240 416 1527 457 Ακαιοιωκ
1536 441 1548 455 .

137 502 252 576 lippi
280 498 484 555 comitis
514 494 888 561 Flandrensis,
921 511 986 548 ex
1028 491 1256 548 vulnere
1296 492 1446 564 quod
1494 489 1710 561 accepit

944 274 1290 332 GHRONICA.
1331 301 1398 314 —
1437 269 1820 330 AUCTARIUM
1861 268 2142 326 ROBERTI
2183 266 2266 323 DE
2306 266 2546 325 MONTE.

1733 404 1783 471 Α
1812 396 2020 461 Quibus
2041 395 2401 450 obviaverunt
2413 410 2599 449 comes
2612 396 2840 463 Cestrie,
2873 398 3134 454 Radulfus
3146 400 3215 454 de
3232 399 3424 474 Fulge-

3315 273 3422 328 518

1812 489 1927 554 riis,
1960 486 2248 542 Hasculfus
2276 486 2345 540 de
2393 486 2590 541 Sancto
2650 488 2885 559 Hylario,
2943 491 3257 547 Willermus
3313 493 3421 547 Pa-

138 597 184 650 in
230 590 499 648 obsidione.
531 586 693 642 castri
753 587 1047 659 Dringourt
1095 592 1341 639 mortuus
1397 591 1497 639 est.
1558 581 1711 636 Unde
1812 579 1936 646 tric,
1972 587 2026 633 et
2071 577 2312 632 universi
2354 578 2560 633 milites
2588 579 2657 632 de
2697 587 2842 635 terra
2890 581 3103 635 Radulfi
3131 584 3199 637 de
3232 583 3427 655 Fulge-

137 699 295 739 comes
324 676 665 733 Flandrensis
710 674 875 730 frater
901 676 1022 744 ejus
1061 674 1277 741 dolens,
1317 672 1554 728 accinxit
1598 671 1709 725 mi-

136 773 351 831 litaribus
376 770 538 824 armis
596 768 816 823 Petrum
874 766 1097 821 fratrem
1138 783 1322 831 suum,
1361 764 1455 837 qui
1508 766 1717 819 electus

138 869 233 918 erat
280 863 343 914 ad
397 858 771 929 episcOpatum
812 855 1285 909 Kamaracensem.
1346 854 1379 908 3
1440 853 1567 907 ldus
1616 853 1717 906 Au-

138 953 255 1028 gusti
295 952 371 1006 vir
424 947 873 1023 religiosissimus
922 946 1143 1001 donnus
1187 946 1499 1014 Stephanus
1546 942 1717 999 abbas

141 1042 479 1101 Cluniacensis
575 1040 720 1095 viam
815 1039 1076 1095 universe
1158 1038 1338 1092 carnis
1430 1037 1715 1111 ingressus

138 1141 205 1189 est
228 1132 395 1205 (669);
453 1135 507 1184 et
573 1127 843 1183 successit
870 1127 920 1181 ei
962 1126 1223 1181 ltadulfus
1262 1125 1412 1197 prior
1461 1126 1530 1179 de
1560 1124 1713 1179 Cari-

139 1229 229 1276 tate
281 1220 439 1291 (670),
498 1216 866 1274 consobrinus
916 1215 1134 1271 comitis
1195 1214 1517 1269 Thcobaldi.
1573 1213 1717 1268 Obiit

139 1314 276 1368 etiam
303 1310 567 1385 Rogerius
596 1325 783 1364 comes
809 1309 876 1363 de
927 1307 1107 1375 Clara;
1139 1307 1226 1362 cui
1256 1306 1519 1362 successit
1548 1305 1713 1360 Gille-

139 1404 300 1460 bertus
333 1404 475 1458 ﬁlius
505 1402 645 1471 ejus,
684 1400 779 1472 qui
811 1400 964 1455 duxit
996 1398 1163 1455 filiam
1204 1398 1487 1455 Guillermi
1532 1398 1600 1433 ⁸⁸9
1630 1412 1718 1452 co-

139 1496 264 1552 mitis
291 1493 632 1550 Glmcestrie.

198 1589 299 1643 Rex
359 1585 646 1651 Henricus,
703 1590 982 1640 contracto
1037 1599 1239 1658 magno
1305 1583 1549 1638 exercitu
1608 1590 1716 1636 tam

1815 669 1932 735 riis,
1988 685 2113 723 cum
2157 683 2353 740 magna
2391 667 2750 723 multitudine
2813 669 3080 741 peditum.
3124 671 3220 736 Qui
3268 673 3425 742 quasi

1818 761 1875 815 in
1913 768 2197 816 momento
2222 759 2477 830 dispersi,
2511 760 2712 814 milites
2738 776 2797 815 se
2822 761 2949 835 fuge
2982 762 3346 829 tradiderunt,
3375 770 3430 818 et

1817 853 1975 908 multi
2009 854 2080 908 de
2113 852 2277 924 plebe
2307 852 2473 907 occisi
2506 861 2651 909 sunt.
2710 853 2903 909 Comes
2949 871 3078 911 vero
3124 854 3351 923 Cestrie,
3378 864 3431 911 et

1817 944 2081 999 Radulfus
2134 944 2203 998 de
2235 943 2525 1018 Fulgeriis,
2559 952 2613 999 et
2668 946 2738 1001 60
2776 946 2978 1001 milites
3008 963 3131 1002 cum
3161 948 3263 1009 eis,
3303 964 3430 1002 cum

1817 1055 1925 1094 non
1971 1045 2198 1110 possent
2229 1038 2494 1112 effugere,
2540 1038 2668 1109 quia
2700 1039 2910 1094 inimici
2930 1056 3122 1096 eorum
3149 1041 3437 1097 obstruxe-

1815 1138 1937 1185 rant
1962 1132 2102 1185 viam
2139 1129 2408 1205 fugiendi,
2455 1129 2797 1185 incluserunt
2824 1148 2882 1186 se
2925 1132 2981 1186 in
3012 1134 3169 1199 turri,
3204 1140 3434 1205 excepto

1818 1225 2071 1280 Hasculfo
2102 1224 2172 1278 de
2222 1224 2419 1279 Sancto
2453 1224 2669 1294 Hylario
2721 1232 2777 1279 et
2824 1226 3108 1282 Willermo
3177 1228 3351 1283 Patris
3382 1234 3439 1281 et

1817 1312 2150 1383 quibusdam
2208 1313 2354 1379 aliis,
2388 1314 2480 1385 qui
2535 1314 2678 1385 capti
2730 1316 2879 1370 ducti
2910 1323 3037 1371 sunt
3087 1317 3154 1372 ad
3207 1318 3435 1374 Pontem

1819 1404 2065 1459 Ursonis.
2101 1406 2287 1476 Itaque
2320 1406 2544 1460 obsessa
2575 1414 2657 1461 est
2686 1407 2846 1462 turris
2877 1409 2993 1463 Doli
3037 1425 3068 1463 a
3129 1409 3435 1466 Brebenzo-

1819 1495 1984 1550 nibus
2022 1502 2076 1550 et
2110 1495 2381 1550 militibus
2414 1497 2557 1567 regis
2591 1503 2645 1551 et
2678 1498 2839 1567 plebe
2888 1498 3299 1553 Abrincantina.
3332 1499 3437 1555 Co-

1820 1603 1939 1642 mes
1964 1603 2095 1642 vero
2137 1588 2285 1642 Eudo
2312 1604 2434 1642 cum
2458 1588 2700 1643 venisset
2730 1589 2799 1644 de
2832 1590 3084 1658 Francia,
3120 1590 3295 1646 noluit
3328 1607 3443 1648 mo-

139 1681 355 1754 equitum
406 1695 569 1751 quam
629 1677 901 1749 peditum,
953 1677 1106 1731 venit
1154 1676 1458 1743 Britolium,
1527 1676 1719 1731 volens
1749 1704 1797 1772 B
1820 1676 1927 1731 rari
1957 1693 2080 1731 cum
2114 1676 2345 1732 Radulfo
2377 1678 2444 1731 de
2478 1678 2772 1749 Fulgeriis,
2806 1679 2900 1733 sed
2934 1680 3071 1734 abiit
3101 1679 3156 1733 in
3199 1680 3444 1748 Porroet,

139 1774 429 1831 hominibus
458 1772 578 1827 suis
631 1773 685 1825 in
725 1771 981 1826 Vernolio
1011 1788 1041 1825 a
1072 1787 1201 1844 rege
1236 1770 1560 1826 Francorum
1615 1769 1719 1823 Lu-

141 1864 311 1920 dovico
338 1862 583 1917 obsessis
615 1859 756 1916 ferre
783 1860 1070 1917 auxilium.
1106 1859 1260 1924 Quod
1283 1876 1403 1915 cum
1438 1875 1528 1913 rex
1558 1858 1724 1913 Fran-

138 1970 301 2009 corum
331 1952 591 2020 audisset,
631 1968 764 2027 u‘sus
793 1951 1026 2007 consilio
1089 1950 1447 2023 sapientium,
1479 1967 1509 2005 a
1548 1959 1726 2006 castro

138 2049 362 2114 recessit,
418 2047 615 2102 relicta
662 2045 830 2101 multa
886 2052 1040 2117 parte
1098 2045 1621 2116 impedimentorum
1676 2052 1731 2100 et

139 2138 443 2193 victualium.
506 2137 619 2191 Rex
684 2135 967 2203 Henricus,
1059 2136 1373 2191 convocatis
1429 2133 1734 2190 baronibus

144 2227 408 2290 Britannic,
441 2227 631 2303 exegit
660 2228 728 2281 ab
778 2227 858 2282 eis
890 2235 1293 2281 sacramentum
1343 2242 1441 2280 sue
1496 2224 1733 2280 fidelita-

142 2317 216 2372 tis.
247 2318 389 2383 Quod
410 2336 539 2374 cum
587 2315 680 2371 alii
710 2323 995 2387 utcunque
1051 2316 1430 2382 observarent,
1466 2313 1733 2370 Radulfus

140 2412 198 2467 de
224 2413 475 2487 Fulgeriis
506 2411 655 2482 (671)
707 2409 1007 2465 infideliter
1045 2426 1235 2483 agens,
1270 2417 1498 2465 vocatus
1540 2424 1572 2463 a
1601 2424 1730 2483 rege

141 2521 308 2576 parere
364 2505 581 2570 noluit;
632 2503 728 2558 sed
799 2502 1083 2557 castellum
1125 2502 1192 2556 de
1246 2500 1532 2576 Fulgeriis,
1581 2500 1730 2571 quod

141 2594 237 2664 ipse
272 2610 359 2651 rex
397 2594 558 2665 prius
598 2593 987 2655 destruxerat;
1030 2591 1178 2661 cepit
1204 2590 1549 2645 reedil'icare.
1576 2590 1732 2653 Quod

141 2687 345 2743 audiens
384 2685 675 2743 Hasculfus
704 2684 771 2739 de
801 2684 998 2739 Sancto
1045 2682 1257 2753 Hylario
1318 2690 1372 2737 et
1425 2681 1740 2737 Willermus

143 2776 297 2836 Patric
340 2787 393 2833 et
442 2785 557 2834 tres
598 2775 694 2831 filii
724 2775 830 2843 sui,
887 2774 976 2830 leti
1018 2773 1198 2831 effecti
1262 2790 1361 2847 per
1413 2773 1741 2829 diverticula

142 2877 382 2924 venerunt
425 2868 493 2922 ad
531 2883 679 2922 eum.
716 2865 912 2922 Comes
943 2864 1107 2919 etiam
1146 2864 1353 2919 Cestrie
1383 2862 1529 2936 (672)
1559 2872 1614 2917 et
1643 2878 1740 2918 co-

147 2975 248 3014 mes
304 2959 449 3015 Eudo
481 2958 628 3027 (673)
660 2956 833 3012 secuti
871 2964 997 3011 sunt
1050 2972 1167 3010 eos.
1227 2955 1354 3009 Cum
1414 2971 1506 3011 rex
1538 2955 1744 3027 Anglo-

1825 1773 1879 1820 et
1909 1764 2147 1820 ﬁrmavit
2178 1765 2465 1820 castellum
2500 1766 2799 1832 Goscelini,
2857 1776 2913 1822 et
2964 1769 3116 1839 cepit
3161 1769 3445 1824 castellum

1827 1857 2096 1913 Ploasmel
2161 1856 2217 1912 ln
2259 1858 2514 1930 sequenti
2545 1874 2713 1930 Opere
2760 1868 2943 1931 potest
2979 1862 3155 1917 videri
3184 1864 3449 1933 probitas,

1832 1944 2105 2000 industria
2153 1953 2206 2001 et
2245 1947 2464 2019 agilitas
2498 1948 2644 2022 regis
2696 1950 2890 2024 Anglic
2938 1951 3177 2007 Henrici.
3233 1951 3453 2007 Audivit

1835 2038 2088 2093 nuntium
2119 2040 2186 2093 de
2232 2038 2557 2095 obsessione
2604 2042 2769 2095 turris
2821 2041 2963 2107 D'oli,
2998 2060 3121 2099 cum
3171 2051 3317 2099 esset
3345 2044 3452 2099 Ho-

1835 2126 2103 2201 t'n'omagi,
2137 2134 2299 2183 nocte
2330 2129 2666 2199 precedente
2691 2130 2834 2185 diem
2854 2130 3130 2187 Mercurii.
3166 2134 3293 2204 Ipso
3323 2148 3453 2189 vero

1836 2214 1925 2270 die
1965 2214 2237 2281 Mercurii,
2274 2233 2395 2271 cum
2424 2217 2537 2286 jam
2571 2218 2664 2272 lux
2703 2227 2870 2286 esset,
2919 2222 3148 2276 recessit
3185 2238 3215 2275 a
3246 2221 3455 2277 Rotho—

1836 2320 2018 2378 mago,
2051 2311 2105 2361 et
2134 2306 2286 2359 venit
2317 2306 2508 2361 Dolum
2537 2308 2793 2379 sequenti
2826 2308 2916 2364 die
2947 2309 3092 2364 circa
3118 2310 3368 2377 terciam,
3400 2316 3456 2365 et

1831 2392 2052 2448 obsedit
2082 2394 2296 2448 turrim.
2355 2394 2573 2449 Etcum
2637 2405 2986 2466 preparasset
3048 2397 3335 2453 machinas
3385 2398 3454 2453 ad

1835 2489 2038 2535 turrem
2075 2482 2425 2554 capiendam,
2456 2482 2656 2537 inclusi
2677 2483 2782 2538 sibi
2805 2486 3161 2555 providentes
3193 2486 3459 2541 reddide-

1833 2576 1962 2624 runt
1991 2571 2183 2625 turrim
2219 2578 2274 2625 et
2297 2586 2356 2625 se
2388 2571 2456 2625 ad
2491 2572 2833 2627 voluntatem
2864 2573 3027 2647 regis.
3066 2573 3197 2628 lnde
3232 2589 3326 2629 rex
3358 2574 3460 2628 mi-

1840 2661 1912 2716 sit
1939 2662 2163 2717 eosdem
2222 2678 2321 2732 per
2350 2661 2635 2717 ﬁrmitates
2673 2680 2824 2731 suas,
2883 2672 2943 2719 ut
2981 2664 3054 2718 ibi
3108 2665 3460 2721 custodiren—

1841 2758 1947 2807 tur.
1983 2752 2260 2817 Quosdam
2291 2768 2443 2819 vero,
2476 2755 2719 2825 acceptis
2749 2755 3058 2820 obsidibus,
3111 2772 3299 2811 secum
3331 2755 3462 2812 reti-

1844 2845 1961 2900 nuit
1991 2846 2095 2900 sub
2128 2846 2615 2909 libera.custodia.

1917 2939 2111 2995 Comes
2143 2941 2416 2996 Robertus
2439 2941 2509 2995 de
2541 2940 2852 2996 Leccestria
2874 2942 3065 2998 volens
3096 2940 3320 2997 turbare
3366 2959 3461 2998 re-

145 3062 244 3101 rum
272 3047 534 3103 Henricus
586 3045 829 3100 misisset
862 3042 1248 3100 Brebenzones
1300 3060 1428 3100 suos
1476 3045 1544 3098 ad
1575 3044 1745 3099 deva-
1771 3059 1820 3128 ρ
1844 3049 2015 3107 gnum
2063 3032 2279 3107 Anglic,
2330 3031 2448 3103 ipse
2486 3042 2540 3087 θῐ
2569 3048 2705 3088 uxor
2752 3034 2872 3103 eius
2907 3043 2961 3089 οι
3019 3034 3170 3110 “"30
3206 3035 3276 3090 de
3317 3035 3465 3091 Νονο

147 3139 371 3193 standam
401 3146 608 3195 terram
642 3136 855 3192 Hadulfi
888 3137 956 3191 de
986 3136 1281 3207 Fulgeriis,
1317 3144 1371 3192 et
1400 3138 1505 3192 hoc
1539 3153 1607 3193 ex
1635 3153 1752 3191 ma-

148 3242 239 3300 gna
276 3236 424 3299 parte
453 3227 738 3293 fecissent,
771 3242 968 3298 magna
1016 3242 1142 3299 pars
1172 3241 1385 3291 eorum,
1416 3226 1510 3297 qui
1538 3228 1749 3282 victua-

148 3316 210 3373 lia
234 3320 296 3374 ad
329 3321 637 3377 exercitum
669 3319 1014 3384 deferebant,
1049 3336 1173 3375 cum
1207 3335 1316 3375 non
1348 3318 1752 3387 haberentidu-

149 3422 249 3462 cem
281 3426 454 3482 neque
504 3415 899 3482 protectorem,
952 3409 1133 3464 occisa
1181 3418 1264 3464 est
1311 3408 1457 3465 inter
1491 3408 1749 3465 Sanctum

155 3498 397 3555 Iacobum
453 3509 508 3556 et
528 3500 846 3574 Fulgerium
876 3515 908 3555 a
938 3500 1204 3557 militibus
1246 3499 1458 3555 Radulfi
1512 3502 1581 3555 de
1616 3500 1746 3555 Ful-

150 3591 317 3663 geriis.
351 3591 623 3647 Radulfus
666 3591 735 3647 de
767 3591 1031 3667 Fulgeriis
1059 3602 1297 3647 castrum
1350 3591 1523 3647 sancti
1560 3592 1746 3647 Jacobi

152 3684 355 3739 tradidit
405 3685 705 3751 incendio;
754 3683 1011 3740 similiter
1054 3692 1291 3740 castrum
1345 3685 1521 3740 Tilioli
1582 3686 1745 3752 (674).

154 3771 249 3828 Rex
279 3775 542 3831 Henricus
583 3775 817 3832 latenter
852 3776 1083 3831 veniens
1113 3775 1449 3848 Fulgerium,
1484 3785 1543 3831 ut
1583 3776 1755 3830 inter-

156 3860 351 3931 ciperet
382 3863 711 3929 Radulfum,
753 3862 942 3918 audito
982 3863 1104 3934 ejus
1150 3863 1386 3919 adventu
1443 3862 1569 3935 fuge
1597 3863 1757 3935 petiit

153 3955 457 4011 remedium.
509 3956 744 4010 Predam
774 3961 957 4010 tamen
989 3962 1217 4023 tantam,
1266 3964 1527 4027 quantam
1553 3955 1754 4028 aliquis

150 4041 200 4095 in
229 4052 408 4099 nostro
450 4045 543 4099 vix
604 4044 834 4110 viderat,
876 4044 1020 4117 regis
1053 4044 1309 4100 homines
1353 4052 1639 4115 ceperunt.
1670 4044 1759 4099 Si-

157 4131 357 4201 quidem
392 4132 667 4189 Radulfus
707 4134 777 4189 de
834 4134 1102 4208 Fulgeriis
1152 4142 1478 4206 preceperat
1516 4134 1761 4191 homini-

156 4218 248 4277 bus
274 4224 342 4280 de
371 4225 528 4280 omni
564 4234 707 4280 terra
763 4240 882 4291 sua,
931 4224 1081 4296 quod
1121 4240 1294 4297 equos
1323 4233 1378 4282 et
1417 4232 1662 4281 armenta
1706 4231 1764 4279 et

159 4316 382 4382 pecudes
420 4323 477 4371 et
530 4332 751 4372 omnem
784 4315 1151 4371 substantiam
1182 4332 1335 4371 suam
1385 4316 1654 4371 ducerent
1707 4316 1762 4370 in

1855 3124 2089 3180 Castello
2148 3125 2517 3182 consobrinus
2556 3125 2712 3194 ejus,
2776 3143 2897 3182 eum
2956 3128 3144 3181 multis
3200 3127 3468 3184 militibus

1854 3216 2221 3273 transfretavit
2280 3217 2335 3271 in
2391 3218 2660 3293 Angliam.
2720 3218 2827 3273 Sed
2869 3219 3207 3291 interceptus
3245 3219 3367 3291 ipse
3415 3227 3471 3276 et

1851 3323 1989 3364 uxor
2017 3310 2138 3378 ejus
2167 3319 2221 3363 et
2276 3309 2430 3384 llugo
2462 3310 2532 3364 de
2572 3310 2720 3366 Novo
2778 3310 3033 3378 Castello,
3066 3311 3211 3383 capti
3265 3319 3394 3367 sunt
3439 3329 3472 3367 a

1853 3403 2113 3459 fidelibus
2155 3404 2300 3475 regis
2337 3405 2492 3473 juxta
2522 3405 2779 3459 Sanctum
2813 3405 3183 3472 Edmundum,
3211 3416 3266 3462 et
3290 3413 3473 3463 custo-

1853 3495 1943 3551 die
1970 3495 2186 3559 traditi;
2249 3502 2302 3550 et
2334 3496 2488 3551 multi
2538 3496 2954 3553 Flandrensium
2999 3498 3073 3552 ibi
3126 3499 3295 3554 occisi
3323 3508 3470 3562 sunt,

1852 3596 1907 3641 et
1944 3585 2100 3639 multi
2136 3584 2231 3639 alii
2265 3586 2415 3656 capti
2448 3592 2503 3640 et
2533 3587 2731 3652 occisi;
2783 3597 2839 3641 et
2877 3587 3104 3643 forsitan
3164 3588 3293 3645 ideo
3351 3589 3479 3661 quia

1856 3678 2100 3750 rapinam
2137 3686 2499 3734 exercuerant
2549 3679 2605 3733 in
2655 3687 2801 3734 terra
2851 3682 3027 3737 sancti
3072 3682 3340 3738 Edmundi
3392 3701 3482 3741 re—

1855 3770 1940 3845 gis
1957 3777 2011 3825 et
2041 3770 2312 3840 martyris,
2349 3770 2498 3841 quod
2530 3785 2641 3825 non
2672 3770 2827 3824 licuit
2857 3771 3023 3826 alicui
3073 3772 3321 3843 impune.
3372 3774 3482 3829 Ra-

1858 3863 2043 3919 dulfus
2080 3863 2149 3918 de
2183 3863 2453 3935 Fulgeriis
2482 3863 2635 3917 dedit
2665 3863 2888 3918 obsides
2919 3865 3034 3938 regi
3069 3866 3262 3936 Anglic
3290 3883 3388 3937 pro
3420 3883 3483 3923 se

1855 3954 1999 4010 ﬁlios
2025 3970 2177 4022 suos,
2213 3954 2439 4009 lvellum
2471 3960 2526 4009 et
2555 3954 2921 4021 Willermum,
2963 3957 3084 4027 Ipse
3118 3973 3250 4013 vero
3300 3960 3487 4016 nulla-

1858 4055 2019 4103 tenus
2049 4045 2347 4118 adquievit,
2384 4051 2442 4100 ut
2487 4061 2546 4100 se
2585 4052 2842 4117 potestati
2889 4063 3035 4120 regis
3086 4049 3351 4119 traderet,
3386 4051 3486 4107 sed

1860 4137 2124 4215 fugiendo
2156 4155 2255 4210 per
2286 4154 2513 4193 nemora
2539 4138 2835 4194 delitescit.
2881 4138 3175 4196 Gaufridus
3197 4142 3267 4197 de
3310 4143 3488 4199 Poen-

1864 4226 1961 4293 tio,
1990 4233 2046 4281 et
2083 4227 2265 4282 Bonus
2307 4225 2482 4281 abbas
2513 4225 2582 4281 de
2616 4225 2851 4297 Rugeio,
2904 4233 2959 4282 et
2996 4226 3090 4281 alii
3123 4229 3485 4287 exhereditati

1865 4312 1935 4369 de
1965 4314 2141 4369 Media
2172 4321 2225 4368 et
2252 4314 2319 4369 de
2369 4314 2750 4389 Andegavensi
2776 4346 2781 4349 ς
2806 4330 2970 4390 pago,
3015 4321 3069 4370 et
3123 4316 3389 4375 Radulfus
3417 4320 3489 4375 de

153 4420 292 4462 suam
342 4408 641 4472 forestam;
702 4407 802 4463 sed
849 4414 1146 4480 antequam
1200 4408 1469 4464 intrarent
1521 4408 1765 4464 nemoris
1786 4417 1841 4485 D
1868 4402 1998 4457 Haia
2037 4402 2366 4470 Normanus,
2392 4403 2461 4457 de
2494 4401 2819 4458 nemoribus
2844 4402 3105 4458 infestant
3143 4412 3341 4461 terram
3390 4423 3486 4464 re-

154 4492 389 4566 latibula,
422 4497 493 4552 ab
528 4495 771 4552 inimicis
818 4496 1126 4567 intercepta
1162 4502 1309 4559 sunt,
1356 4502 1410 4551 et
1437 4496 1623 4552 omnia
1665 4513 1766 4552 sua

157 4588 466 4646 amiserunt.
530 4588 796 4645 Radulfus
828 4588 898 4644 de
942 4586 1233 4659 Fulgeriis,
1293 4588 1543 4644 delinitis
1593 4600 1775 4645 custo‘

158 4673 305 4729 dibus
343 4677 541 4749 precio
582 4686 636 4732 et
667 4676 952 4750 precibus,
1009 4676 1102 4748 qui
1158 4676 1437 4734 custodire
1489 4677 1770 4733 debebant

160 4774 377 4824 castrum
408 4769 482 4824 de
514 4766 791 4825 Cumbure
818 4775 873 4823 et
911 4767 1186 4823 civitatem
1220 4766 1510 4824 Dolensem
1546 4768 1611 4823 ad
1628 4783 1768 4839 Opus

161 4858 293 4930 regis
321 4860 547 4935 Anglic,
596 4860 744 4930 cepit
798 4859 918 4915 illas
956 4859 1314 4914 munitiones.
1350 4858 1504 4923 Quod
1549 4876 1641 4915 rex
1677 4876 1770 4915 au-

158 4946 324 5018 diens,
352 4951 510 5006 misit
554 4950 942 5006 Brebenzones
972 4966 1102 5006 suos
1134 4956 1188 5006 et
1214 4951 1480 5024 quosdam
1521 4950 1590 5006 de
1629 4951 1771 5005 mili-

156 5035 292 5118 tibus
320 5040 440 5095 suis
470 5039 545 5095 ad
586 5055 774 5095 eorum
804 5039 1091 5104 auxilium,
1134 5039 1181 5095 si
1216 5055 1447 5096 necesse
1474 5038 1767 5095 haberent-

1875 4493 1980 4568 gis,
2022 4500 2277 4548 carentes
2330 4491 2736 4548 munitionibus
2783 4492 3156 4548 castellorum.
3198 4495 3483 4568 Siquidem

1874 4580 2260 4637 Brebenzones
2325 4580 2472 4654 regis
2536 4580 2921 4636 destruxerant
2997 4589 3235 4638 castrum
3313 4585 3479 4652 Quir-

1870 4691 1934 4731 ce
1991 4673 2154 4745 (675),
2206 4673 2347 4730 sicut
2403 4680 2529 4730 ante
2586 4673 3083 4744 pessumdederant
3140 4674 3477 4752 Fulgerium,

1868 4769 1922 4820 et
1977 4769 2188 4819 ceteras
2238 4762 2577 4819 munitiones
2629 4760 2864 4817 Radulfi.
2933 4761 3206 4821 Robertus
3263 4768 3334 4823 de
3387 4770 3480 4825 Vi-

1868 4859 2006 4915 treio
2030 4856 2186 4923 obiit,
2229 4868 2283 4915 et
2312 4858 2579 4915 successit
2603 4858 2654 4914 ei
2683 4857 2830 4913 ﬁlius
2858 4874 2993 4914 suus
3022 4860 3289 4931 Andreas,
3321 4870 3485 4920 natus

1870 4966 1934 5005 ex
1979 4964 2171 5005 sorore
2215 4950 2468 5007 Rollandi
2508 4949 2577 5005 de
2622 4948 2841 5004 Dinam.
2893 4949 3043 5004 Idem
3087 4967 3218 5009 vero
3260 4954 3488 5010 Bollan-

1870 5039 1995 5108 dus,
2028 5041 2158 5113 quia
2187 5041 2408 5098 carebat
2455 5041 2564 5098 alio
2613 5038 2819 5097 herede
2846 5038 2977 5095 fecit
3016 5039 3281 5098 heredem
3320 5044 3487 5100 alium

1498 5142 1718 5200 VARUE
1772 5143 2043 5201 LECTION
2052 5145 2145 5202 ES.

1711 5285 1922 5342 NOTAE.

222 5210 286 5247 ⁸⁸⁸
311 5212 373 5268 G.
408 5213 577 5269 habet
616 5212 674 5268 E.
705 5211 1014 5270 Willelmus
1042 5211 1077 5269 8
1110 5231 1124 5246 ·

224 5386 363 5457 (669)
411 5386 553 5442 Cum
613 5390 799 5442 nostro
852 5386 981 5443 facit
1025 5388 1226 5444 Chron.
1278 5387 1333 5443 S.
1376 5387 1637 5457 Stephani
1697 5389 1785 5443 Ni-

161 5460 443 5513 vernensis
470 5458 622 5529 apud
645 5458 878 5513 Martene
920 5460 1060 5514 thes.
1088 5460 1181 5528 Ill,
1209 5460 1369 5514 1377.
1397 5458 1613 5587 Reliqui
1637 5475 1785 5515 mor-

161 5529 301 5604 tuum
332 5530 534 5586 dicunt
564 5529 882 5596 annon“,
926 5537 1215 5604 postquam
1244 5547 1389 5587 anno
1422 5531 1523 5588 118
1587 5538 1787 5603 sponte

163 5596 489 5657 abdicasset.

224 5671 369 5744 (670)
399 5671 477 5727 La
518 5668 1089 5742 Charité—sur-Loire,
1122 5673 1179 5730 d.
1212 5672 1513 5731 Autissiod.

2140 5391 2432 5467 ξουὲὲτεὲδε

1987 5462 2112 5533 672)
2148 5462 2316 5533 fingo.
2365 5463 2556 5529 BOUQ.

1988 5533 2119 5604 673)
2142 5535 2215 5588 De
2231 5533 2500 5590 ‘Porhoét.
2534 5536 2593 5589 Β.

1980 5604 2123 5672 (674)
2150 5604 2304 5672 Tilly.
2334 5605 2394 5659 Β.

1965 5674 2108 5744 (675)
2134 5675 2207 5730 La
2237 5674 2506 5733 Guerche.
2543 5675 2600 5729 Β.
