3858 6206
138 286 239 347 521

299 427 663 469 ΠΟΙΑΝΟΒῸΜ.
810 427 1153 468 FRANCORUH.

1302 430 1610 471 ANGLOBUM.

139 500 540 576 thomagenses
563 502 734 558 letum
774 501 920 557 diem
953 512 1189 577 egerunt
1219 503 1272 558 in
1306 504 1542 560 ecclesia
1578 505 1768 576 ipsius,

139 588 614 662 sicutdebehant,
655 590 724 646 ab
754 590 1044 646 obsidione
1078 591 1313 648 liberati.

214 681 345 738 Post
402 683 608 763 festum
638 684 816 739 sancti
864 683 1133 739 Johannis
1171 685 1402 741 moritur
1429 686 1769 741 Ammaricus

140 794 238 833 rex
295 776 801 846 Jerosolimitanus,
876 787 929 834 et
991 780 1254 834 successit
1313 780 1364 835 ei
1421 780 1770 835 Baldewinus

139 877 379 941 quartus
406 869 553 925 ﬁlius
579 871 719 939 ejus.
756 870 902 926 Obiit
931 871 1093 925 etiam
1127 871 1360 927 Loradiu
1395 888 1490 927 rex
1528 872 1767 942 Alaprie,

142 969 199 1015 et
224 962 498 1017 successit
526 962 578 1018 ei
610 961 758 1018 ﬁlius
790 969 951 1018 natus
998 977 1062 1017 ex
1093 978 1279 1018 sorore
1319 964 1539 1019 comitis
1584 965 1765 1020 Sancti

140 1048 349 1123 Egidii,
382 1064 546 1121 quam
588 1057 877 1121 acceperat
907 1050 1175 1121 captivam
1218 1050 1271 1105 in
1318 1051 1512 1106 itinere
1542 1051 1761 1107 Jeroso-

141 1140 420 1198 limitano.
476 1141 603 1213 Ipsa
651 1156 785 1197 vero
839 1150 893 1198 et
952 1141 1119 1209 ﬁlius,
1176 1144 1474 1214 assumptis
1527 1143 1764 1199 induciis

140 1249 323 1306 usque
372 1233 442 1289 ad
507 1243 722 1306 septem
771 1251 970 1301 annos,
1019 1235 1393 1306 promiserunt
1427 1253 1487 1290 se
1536 1236 1761 1291 daturos

141 1328 443 1399 plurimam
482 1345 750 1385 summam
780 1330 900 1386 auri
943 1330 1058 1400 regi
1087 1330 1563 1386 Jerosolimitano.
1596 1330 1754 1386 Sara-

134 1425 337 1492 guntat
379 1434 556 1490 nepos
614 1419 788 1490 ipsius
857 1420 1087 1476 Loradm
1153 1420 1357 1476 occidit
1410 1421 1756 1476 Amulanium

136 1512 488 1585 Babylonio,
541 1521 596 1569 et
650 1513 826 1569 factus
893 1522 979 1569 est
1033 1514 1293 1585 princeps
1346 1514 1644 1586 Babylonie
1707 1522 1762 1570 et

131 1603 488 1661 Alexandrie.
532 1605 748 1661 Mortuo
797 1607 1048 1680 Drogone
1107 1607 1305 1661 abbate
1345 1606 1545 1661 Sancte
1584 1604 1762 1660 Trini-

131 1697 284 1761 tatis.
320 1697 592 1753 successit
642 1698 692 1752 ei
739 1697 1072 1753 Guillermus
1120 1698 1186 1753 de
1220 1697 1521 1769 Espervila,
1575 1713 1762 1753 mona-

130 1788 271 1844 chus
332 1789 511 1850 Becci,
546 1789 696 1859 prior
754 1789 823 1845 de
854 1790 1103 1845 Evermo.
1166 1790 1374 1845 Mortuo
1428 1788 1593 1844 etiam
1651 1789 1759 1845 Ito-

131 1882 293 1937 berto
324 1874 542 1936 'ahbate
572 1880 957 1946 tlormeliensi,
998 1882 1263 1945 successit
1309 1882 1358 1936 ei
1404 1881 1761 1936 Harrlewinus

130 1970 444 2026 monachus
472 1968 649 2036 Becci,
680 1969 829 2040 prior
858 1970 1033 2025 sancti
1073 1969 1424 2025 Theodemiri
1455 1970 1544 2025 ⁸⁷³.

202 2061 374 2116 1175.
415 2062 728 2117 Frederirus
757 2061 846 2117 24.
898 2063 1203 2118 Ludovicus
1232 2062 1320 2119 38.
1376 2064 1636 2118 Henricus
1665 2062 1755 2117 2|.

201 2150 320 2205 Rex
357 2149 625 2206 Henricus
650 2151 763 2224 egit
789 2151 969 2207 natale
1014 2151 1228 2206 Domini
1261 2151 1406 2222 apud
1448 2151 1752 2224 Argentho-

126 2255 378 2311 magum.
413 2238 737 2295 Fredericus
784 2238 1085 2311 imperator
1137 2240 1587 2304 Alemannorum,
1630 2255 1752 2294 cum

126 2348 300 2388 uxore
335 2338 391 2388 et
418 2332 612 2388 liberis
639 2339 694 2389 et
724 2348 846 2388 cum
878 2333 1118 2388 maximo
1152 2333 1393 2388 exercitu
1424 2332 1655 2388 veniens
1694 2332 1753 2387 in

126 2417 343 2474 Italiam
401 2418 592 2490 (679),
681 2419 901 2475 obsedit
979 2420 1358 2474 Alexandriam
1425 2436 1601 2491 usque
1682 2421 1750 2475 ad

128 2510 336 2580 pascha
395 2508 565 2580 (680),
618 2509 784 2565 nichil
842 2509 1163 2581 proﬁciens,
1218 2510 1315 2565 sed
1367 2510 1537 2565 multa
1578 2510 1749 2566 detri-

125 2604 317 2654 menta
372 2598 678 2664 sustinens,
737 2598 1009 2654 Guarinus
1076 2599 1146 2654 de
1202 2599 1522 2663 Gclardun,
1580 2598 1751 2654 abbas

134 2689 606 2757 Pontiniaccnsis,
633 2689 808 2746 factus
845 2700 927 2745 est
963 2690 1412 2762 archiepisc0pus
1446 2690 1753 2746 Biturieen-

132 2779 234 2846 sis,
265 2779 411 2835 sicut
442 2778 637 2846 abbas,
677 2779 771 2851 qui
813 2779 956 2834 idem
1003 2781 1395 2835 monasterium
1438 2786 1564 2835 ante
1604 2780 1754 2833 illum

123 2876 344 2926 rexerat
394 2870 565 2939 (681),
601 2870 773 2926 factus
819 2870 995 2926 fuerat
1026 2871 1481 2943 archiepiscOpus
1536 2871 1756 2945 Lugdu-

124 2958 339 3014 nensis.
386 2959 541 3014 Circa
570 2960 772 3029 pascha
816 2960 1006 3030 junior
1030 2976 1119 3014 rex
1163 2960 1485 3030 paciﬁcatus
1517 2968 1601 3015 est
1630 2976 1753 3014 cum

127 3061 285 3122 patre
315 3066 442 3118 suo,
482 3058 711 3123 accepto
749 3050 819 3106 ab
889 3067 954 3107 eo
996 3059 1055 3106 et
1095 3051 1352 3106 fratribus
1411 3052 1527 3106 suis
1575 3068 1756 3107 sacra-

1024 285 1369 341 CHRONICA.
1412 318 1479 329 —-
1518 287 1897 344 AUCTARIUM
1941 288 2221 346 ROBERTI
2264 292 2346 347 DE
2385 294 2627 353 MONTE.

3379 307 3488 363 522

1797 419 1847 487 Α
1870 424 2081 472 cerent.
2117 418 2371 491 EpiscOpi
2404 438 2533 477 vero
2566 429 2620 478 et
2657 423 2889 482 abbates
2913 427 3229 505 homagium
3258 447 3368 490 non
3407 434 3489 491 fe-

1873 519 2105 576 cerunt;
2138 512 2235 565 sed
2274 520 2619 571 sacramento
2672 531 2731 571 se
2767 522 3233 592 constrinxerunt,
3292 543 3351 582 se
3383 529 3489 587 hoc

1873 603 2261 661 observaturos
2286 626 2300 671 ,
2325 616 2378 663 et
2410 610 2557 680 quod
2593 609 2770 668 forent
2795 614 3007 671 subditi
3031 618 3264 676 ecclesie
3289 622 3488 679 Ebora-

1871 692 2020 747 censi
2056 702 2109 748 et
2139 695 2579 768 archiepiscopo,
2620 708 2675 754 ct
2711 700 2806 757 illo
2838 701 2980 758 irent
3011 720 3175 761 causa
3206 712 3482 779 sacrandi,

1871 786 2138 856 quociens
2178 804 2405 843 necesse
2471 797 2637 846 esset.
2716 793 2946 863 Insuper
2991 812 3084 851 rex
3148 798 3484 859 Guillermus

1872 874 2098 930 tradidit
2130 876 2465 932 munitiones
2490 895 2639 947 suas,
2685 881 2899 937 scilicet
2929 883 3258 944 Roclteburc
3287 897 3343 944 et
3376 890 3482 946 Ca-

1870 968 2039 1016 strum
2074 963 2453 1020 Puellarumct
2489 969 2709 1022 tertium
2745 970 2833 1035 573,
2862 972 2976 1045 regi
3008 974 3228 1047 Anglic,
3257 978 3352 1048 qui
3385 995 3483 1049 po-

1864 1054 1973 1108 suit
2012 1055 2067 1109 in
2099 1056 2179 1110 eis
2210 1059 2468 1114 custodes
2498 1075 2661 1127 suos;
2706 1063 2906 1133 quibus
2939 1065 3103 1121 etiam
3157 1085 3248 1123 rex
3299 1070 3484 1128 Scotie

1867 1142 2112 1199 inveniet
2142 1148 2475 1203 necessaria.
2513 1148 2763 1206 Preterca
2788 1168 2878 1207 rex
2909 1154 3099 1229 Anglic
3130 1156 3284 1212 dabit
3306 1160 3485 1217 hono-

1864 1251 1970 1299 res,
2017 1238 2389 1308 episcopatus,
2418 1240 2686 1309 abbatias,
2737 1251 2794 1300 et
2820 1245 2959 1300 alios
2992 1246 3232 1305 honores
3264 1251 3319 1305 in
3349 1252 3479 1310 Sco-

1859 1328 1955 1392 tia,
2002 1328 2087 1382 vel
2146 1338 2204 1385 ut
2260 1332 2443 1387 minus
2484 1333 2686 1401 dicam,
2736 1337 2966 1393 consilio
3007 1340 3130 1408 ejus
3175 1341 3478 1400 dabuntur.

1862 1418 2017 1475 Prior
2041 1419 2446 1479 Cantuariensis
2492 1424 2666 1482 factus
2695 1437 2778 1483 est
2806 1428 2978 1485 abbas
3024 1430 3095 1487 de
3137 1432 3322 1502 Bello;
3376 1436 3479 1494 Pe-

1860 1518 1975 1566 trus
2003 1512 2156 1583 prior
2185 1513 2383 1570 Montis
2410 1517 2584 1581 Acuti,
2628 1519 2820 1590 llydaa;
2869 1516 3025 1590 'prior
3060 1523 3475 1595 Bermendesie,

1863 1603 2254 1673 Abbendonie;
2308 1607 2458 1677 prior
2500 1607 2799 1675 Wintonie,
2855 1611 3355 1672 Wcstmonasterii.
3402 1620 3476 1675 De

1863 1691 2191 1761 quibusdam
2227 1695 2596 1752 minutaribus
2625 1697 2923 1753 abbatibus
2965 1707 3226 1757 tacemus.
3264 1705 3475 1761 Johan-

1864 1798 1963 1837 nes
1996 1784 2386 1852 Oxenefordie,
2417 1787 2661 1843 decanus
2692 1788 3140 1861 Salesberiensis,
3160 1794 3368 1852 electus
3392 1806 3477 1855 est

1863 1873 1930 1929 ad
1961 1876 2336 1948 episc0patum
2370 1877 2797 1934 Norwicensem.
2824 1880 2970 1937 Obiit
3004 1882 3341 1955 Raginaldus
3377 1903 3475 1944 co-

1865 1980 1981 2019 mes
2011 1965 2308 2034 Cornubie,
2340 1966 2541 2036 prioris
2573 1967 2792 2024 Henrici
2822 1970 2967 2044 regis
3008 1970 3153 2027 ﬁlius
3184 1975 3472 2048 naturalis,

1861 2065 1916 2112 et
1944 2057 2192 2129 sepultus
2222 2066 2306 2114 est
2345 2058 2635 2135 Radingic.
2680 2059 3003 2118 Comitatum
3053 2065 3470 2124 Cornubensem

1857 2155 1911 2204 et
1940 2156 2107 2205 totam
2143 2156 2364 2217 terram,
2388 2168 2554 2224 quam
2586 2153 2828 2209 habebat
2858 2162 2966 2210 tam
2992 2155 3048 2211 in
3075 2158 3268 2233 Anglia
3305 2177 3471 2232 quam

1857 2241 1912 2296 in
1940 2241 2272 2296 Normannia
2295 2249 2352 2297 et
2392 2242 2446 2297 in
2473 2244 2666 2310 Walis,
2699 2245 2925 2301 retinuit
2953 2262 3049 2302 rex
3083 2249 3139 2304 in
3161 2266 3327 2306 manu
3349 2269 3466 2318 sua,

1855 2328 1923 2384 ad
1949 2344 2090 2401 Opus
2136 2329 2406 2385 Johannis
2458 2328 2554 2385 ﬁlii
2601 2332 2687 2387 sui
2721 2332 2984 2402 junioris,
3036 2346 3270 2409 excepta
3304 2356 3472 2410 parva

1854 2420 2125 2491 portione,
2168 2436 2333 2491 quam
2391 2421 2544 2476 dedit
2584 2420 2801 2478 ﬁliabus
2844 2424 3020 2496 ipsius
3062 2428 3298 2484 comitis.
3358 2431 3470 2488 Ro-

1852 2511 2041 2566 bertus
2085 2511 2256 2566 abbas
2304 2511 2528 2579 Montis,
2570 2514 2810 2585 scriptor
2874 2517 3071 2573 horum
3129 2527 3465 2591 temporum,

1853 2616 2091 2673 pergens
2121 2600 2174 2654 in
2220 2600 2467 2674 Angliam
2501 2603 2803 2672 promeruit
2834 2620 2865 2659 a
2895 2604 3082 2662 donno
3112 2624 3241 2682 rege
3263 2618 3466 2666 caltam

1860 2697 1913 2744 et
1942 2690 2181 2764 sigillum
2216 2690 2458 2744 omnium
2510 2691 2935 2749 elemosinarum
2967 2696 3219 2752 ecclesia
3245 2697 3467 2768 Montis,

1859 2798 1966 2853 que
1999 2782 2124 2836 date
2150 2781 2365 2836 fuerant
2396 2783 2638 2853 predicte
2670 2785 2903 2840 ecclesie
2933 2803 3106 2858 usque
3137 2788 3205 2843 ad
3238 2807 3471 2859 presens

1860 2880 2075 2945 tempus
2115 2881 2168 2927 et
2207 2873 2487 2928 dabuntur
2517 2875 2571 2929 in
2606 2876 2848 2932 futurum
2876 2878 2962 2934 ‘7‘.
2999 2879 3303 2937 Richardus
3323 2881 3469 2940 ﬁlius

1859 2961 2081 3017 cornitis
2135 2961 2435 3016 Gloccstrie
2493 2962 2650 3031 obiit,
2684 2972 2739 3018 et
2777 2966 3042 3022 successit
3089 2968 3139 3023 ei
3185 2968 3471 3043 Philippus

1860 3054 2003 3107 lilius
2035 3054 2174 3122 ejus,
2207 3061 2369 3108 natus
2399 3071 2464 3108 ex
2496 3070 2687 3111 sorore
2716 3056 2937 3112 Roberti
2983 3059 3052 3115 de
3082 3059 3267 3118 Monte
3298 3062 3465 3119 Forti.

126 3111 340 3209 mento,
364 3142 513 3214 quod
546 3111 739 3198 voluit.
763 3143 899 3199 Inde
927 3159 1021 3197 rex
1052 3143 1198 3198 misit
1233 3144 1429 3197 ducem
1455 3142 1746 3198 Ricardum
1779 3111 1826 3177 Ο
1855 3146 1998 3203 Obiit
2025 3111 2188 3202 eliam
2220 3147 2504 3214 Henricus,
2538 3147 2705 3204 frater
2746 3149 3004 3207 Lodovici
3056 3152 3210 3227 regis
3232 3154 3470 3213 Franco-

124 3232 302 3288 ﬁlium
344 3249 507 3287 suum
562 3232 617 3286 in
662 3232 1048 3304 Aquitaniam;
1098 3240 1153 3289 et
1203 3233 1520 3288 Gaufridum
1572 3234 1746 3289 ﬁlium

125 3338 288 3378 suum
330 3322 594 3377 comitem
639 3321 921 3377 Britannic
962 3323 1019 3376 in
1061 3322 1417 3388 Britanniam,
1463 3324 1748 3397 assignans

127 3411 177 3465 ei
208 3410 550 3466 Rollandum
583 3409 654 3465 de
703 3411 914 3477 Dinam,
957 3419 1017 3465 ut
1045 3418 1190 3466 esset
1225 3419 1547 3482 procurator
1604 3423 1747 3468 terre

122 3516 244 3557 sue.
271 3501 603 3556 Fredericus
630 3502 930 3572 imperator
962 3502 1391 3557 Alemannorum
1425 3503 1649 3557 recessit
1677 3503 1746 3557 ab

126 3595 480 3663 Alexandria,
544 3602 599 3652 et
630 3603 919 3652 tractatum
973 3596 1076 3651 fuit
1115 3598 1183 3652 de
1234 3598 1582 3653 reformanda
1616 3614 1747 3668 pace

124 3685 275 3740 inter
312 3684 581 3739 domuum
609 3700 806 3755 papam
834 3691 887 3739 et
918 3684 1129 3756 ipsum;
1177 3687 1273 3740 sed
1302 3687 1601 3757 imperator
1649 3702 1746 3742 no-

124 3773 227 3828 luit
258 3773 620 3844 adquiescerc
663 3775 785 3845 paci
811 3781 991 3828 stante
1022 3775 1374 3842 Alexandria,
1402 3792 1565 3847 quam
1605 3774 1746 3830 Lon-

121 3862 358 3936 gobardi
390 3862 691 3917 noluerunt
737 3862 1081 3930 subvertere,
1109 3869 1162 3917 et
1196 3863 1270 3917 ita
1310 3878 1411 3933 pax
1464 3863 1744 3917 remansit.

123 3951 254 4023 ipse
291 3967 423 4007 vero
452 3952 635 4007 adhuc
670 3961 917 4008 moratur
965 3953 1156 4023 Papie,
1215 3967 1326 4007 non
1367 3953 1557 4007 valens
1613 3968 1747 4023 pro-

124 4043 327 4099 cedere
354 4058 459 4099 nec
479 4043 697 4099 reverti.
734 4042 1033 4098 Gaufridus
1062 4043 1172 4097 dux
1215 4044 1497 4098 Britannic
1550 4060 1615 4097 ea
1644 4060 1750 4115 que

128 4148 323 4189 comes
354 4132 508 4188 Eudo
531 4131 773 4187 habebat
803 4133 870 4187 de
902 4132 1149 4187 dominio
1175 4148 1298 4201 suo,
1330 4132 1542 4187 scilicet
1573 4133 1750 4187 Vene-

129 4212 272 4292 tam,
324 4224 618 4293 Ploasmel,
654 4224 838 4290 Aurai,
881 4224 1233 4279 medietatem
1263 4224 1561 4289 Cornubie,
1594 4240 1753 4280 revo-

1850 3255 1991 3307 rum,
2022 3240 2475 3310 archiepiscopus
2507 3241 2818 3297 Rcmensis.
2853 3244 3117 3301 Similiter
3146 3261 3333 3302 comes
3363 3248 3464 3302 Ni-

1848 3329 2136 3383 vernensis
2168 3329 2334 3397 (682).
2372 3329 2431 3383 Et
2454 3330 2601 3400 quod
2631 3330 2929 3387 dolendum
2951 3341 3056 3403 est,
3089 3342 3144 3390 et
3175 3337 3466 3393 tacendum

1849 3417 1955 3472 nisi
2006 3418 2076 3473 ob
2119 3418 2440 3473 memoriam
2467 3419 2602 3487 justi
2646 3420 2769 3488 viri,
2821 3423 2993 3479 abbas
3050 3423 3469 3483 Clarcvallensis

1850 3506 2107 3561 Girardus
2142 3523 2172 3561 a
2215 3507 2454 3577 quodam
2489 3509 2978 3579 pseudomonacho
3021 3513 3271 3583 ejusdem
3314 3516 3467 3573 ordi-

1850 3598 1934 3653 nis
1968 3605 2128 3652 noctc
2171 3599 2347 3652 cultro
2386 3604 2466 3652 ter
2505 3601 2803 3671 appetitus,
2865 3602 3105 3660 letaliter
3148 3607 3470 3667 vulneratus

1850 3697 1951 3744 est.
1984 3688 2086 3743 Per
2119 3690 2357 3744 triduum
2407 3697 2587 3745 tamen
2618 3693 2761 3763 quod
2797 3695 3123 3766 supervixit,
3156 3700 3467 3760 confessio-

1850 3795 1998 3842 nem,
2058 3778 2430 3849 penitenciam
2482 3787 2537 3835 et
2576 3788 2920 3836 sacramenta
2981 3787 3231 3855 corporis
3273 3789 3469 3846 Christi

1850 3867 2129 3936 suscipere
2164 3868 2463 3938 promeruit
2515 3869 2600 3921 6⁷⁵,
2661 3869 2965 3926 Bicltardus
3016 3875 3469 3951 arcltiepiscOpus

1853 3958 2264 4013 Cantuariensis
2315 3960 2672 4034 congregavit
2740 3978 2998 4037 magnum
3058 3967 3353 4024 concilium
3413 3971 3470 4026 in

1853 4047 2067 4121 Anglia,
2108 4047 2325 4102 civitate
2363 4048 2733 4103 Lundonensi.
2779 4051 2837 4105 Et
2893 4053 3074 4110 adhuc
3110 4064 3273 4112 vetus
3334 4075 3475 4132 quc-

1853 4138 1966 4193 rela
1998 4137 2067 4192 de
2108 4139 2343 4208 primatu
2377 4140 2655 4195 Britannic
2689 4141 2831 4196 inter
2858 4142 3037 4214 ipsum
3072 4155 3127 4202 ct
3175 4147 3471 4224 Rogerium

1855 4227 2332 4298 archiepiscOpum
2368 4230 2767 4285 Eboracensem
2816 4242 3153 4303 perseverat.
3207 4236 3476 4295 Similiter

130 4315 277 4371 cavit
323 4315 380 4371 in
430 4316 708 4373 dicionem
735 4331 909 4371 suam.
952 4316 1081 4371 Post
1112 4316 1313 4386 pascha
1359 4331 1450 4371 rex
1494 4315 1755 4370 llenricus
1858 4317 2271 4373 Bartholomeus
2314 4318 2770 4391 aschicpiscopus
2809 4321 3150 4380 Turonensis
3176 4327 3473 4385 concilium

130 4415 185 4519 et
217 4405 375 4511 .ﬁlius
402 4424 539 4519 suus
579 4424 687 4510 .rex
709 4408 917 4519 jupior,
957 4408 1346 4519 Ltransfretavit
1479 4407 1748 4480 Angliam.
1782 4452 1834 4519 υ
1862 4409 2052 4519 habuit
2077 4426 2198 4511 cum
2228 4410 2504 4519 episcOpis
2546 4412 2849 4468 Brittannie
2876 4414 3136 4472 Redonis.
3184 4419 3336 4495 Hugo
3361 4421 3471 4477 Pc-

131 4499 270 4565 Quia
298 4515 429 4556 vero
458 4500 647 4556 clerici
678 4507 732 4555 et
778 4500 923 4564 laici,
957 4500 1201 4557 barones
1241 4506 1294 4554 et
1339 4499 1564 4570 milites,
1592 4516 1758 4570 cepe—
1782 4499 1831 4519 ν
1862 4501 1929 4555 tri
1986 4501 2184 4557 Leonis
2238 4501 2452 4574 legatus
2491 4503 2640 4558 sedis
2686 4504 2952 4575 Romane,
3004 4508 3199 4565 transit
3252 4510 3309 4565 in
3364 4513 3477 4568 An-

134 4598 261 4647 rant
289 4592 361 4648 de
388 4592 569 4649 cervis
603 4591 719 4648 suis
758 4592 878 4647 sine
910 4592 1085 4663 ipsius
1115 4592 1355 4661 licentia,
1389 4592 1635 4647 emunxit
1665 4609 1761 4649 eos
1860 4593 2025 4667 gliam
2060 4593 2146 4647 δῖε.

138 4684 315 4740 multo
344 4691 577 4758 argento
629 4683 739 4739 Rex
766 4683 947 4741 Scotie
986 4683 1308 4756 paciﬁcatus
1348 4692 1434 4739 est
1478 4701 1601 4740 cum
1632 4700 1760 4759 rege
1935 4682 2092 4738 1176.
2382 4684 2472 4737 25$.
2764 4684 2850 4740 39.
3142 4689 3231 4745 22.

139 4773 333 4845 Anglic
366 4773 472 4829 hoc
518 4772 704 4829 modo.
736 4772 887 4829 Fecit
914 4772 963 4829 ei
1025 4773 1340 4847 homagium
1374 4780 1430 4828 et
1477 4774 1759 4847 ligantiam
1933 4771 2031 4826 Nix
2062 4779 2117 4827 et
2146 4772 2272 4846 gelu
2306 4772 2646 4828 duraverunt
2678 4790 2707 4828 a
2738 4774 3019 4831 nativitatc
3048 4778 3261 4836 Domini
3299 4798 3476 4857 usque

142 4861 209 4917 de
238 4862 389 4918 omni
421 4868 567 4917 terra
591 4877 710 4928 sua,
743 4870 803 4917 ut
828 4862 1052 4934 proprio
1083 4861 1345 4930 domino;
1379 4869 1434 4917 et
1464 4862 1758 4932 concessit,

142 4960 199 5008 ut
237 4969 434 5010 omnes
463 4953 711 5026 episcopi
743 4960 887 5009 terre
916 4954 1083 5022 illius,
1121 4953 1216 5026 qui
1242 4961 1371 5009 sunt
1403 4970 1633 5010 numero
1666 4956 1762 5011 (lc-

139 5057 280 5112 cem,
311 5053 367 5099 et
398 5042 633 5098 abbates
673 5050 727 5099 et
750 5044 983 5100 comites
1010 5050 1063 5098 et
1098 5043 1336 5099 barones
1360 5046 1465 5099 hoc
1503 5044 1649 5098 idem
1687 5044 1764 5099 fa-

1862 4864 1930 4920 ad
1969 4862 2406 4936 puriﬁcationem
2448 4864 2611 4919 beate
2643 4865 2828 4920 Marie.
2879 4866 3024 4923 Obiit
3062 4870 3353 4930 Richcrius
3406 4876 3477 4933 de

1862 4957 2079 5028 Aquila,
2120 4965 2173 5011 et
2219 4956 2488 5011 successit
2520 4957 2570 5011 ei
2611 4957 2897 5013 Riclierius
2955 4959 3099 5017 ﬁlius
3128 4964 3268 5032 ejus.
3329 4967 3480 5023 Obiit

1867 5046 2169 5101 Richardus
2200 5060 2387 5100 comes
2417 5045 2483 5101 de
2513 5045 2786 5118 Strcguel,
2847 5044 2993 5102 filius
3036 5051 3255 5107 comitis
3288 5054 3476 5110 Gisle»

1504 5145 1723 5200 VARUE
1743 5147 2121 5203 LECTIONES.

220 5243 288 5320 ⁶τξ
311 5246 746 5320 εαρθνεσγὶριαῃι
769 5246 838 5302 ab
863 5246 1046 5320 eadem
1072 5244 1370 5320 manuﬁvel
1404 5244 1651 5320 llimerii.
1681 5249 1791 5303 Hoc
1820 5249 1974 5320 habet
1999 5249 2091 5303 8h.
2167 5249 2237 5285 ⁸⁷³
2260 5254 2381 5320 post
2410 5250 2549 5305 hanc
2577 5264 2751 5304 vocem
2779 5251 3017 5320 spatium
3046 5256 3255 5312 nomini
3278 5259 3485 5315 inscri-

146 5316 311 5371 benda
338 5318 587 5393 relictum
598 5319 664 5393 in
695 5316 750 5372 E.
783 5317 1089 5393 puellarum
1122 5318 1158 5372 i.
1193 5316 1630 5383 Edcmesbuach,
1665 5327 1717 5373 et
1757 5319 1987 5393 tereium
2021 5320 2054 5374 i.
2094 5316 2336 5375 Berevvic
2361 5322 2453 5375 7b.
2530 5322 2599 5356 ⁶⁷⁴
2626 5316 2842 5376 habitus
2871 5327 3151 5393 mutatur;
3181 5342 3273 5383 nec
3300 5334 3484 5386 tamen

145 5401 339 5444 manus
379 5391 527 5459 ipsa,
593 5387 662 5424 ⁸⁷⁵
690 5387 881 5445 manus
908 5390 1124 5445 habitus
1148 5393 1409 5449 mutatur,
1439 5402 1545 5441 non
1573 5393 1822 5459 scriptor.
1904 5391 1974 5424 ⁸⁷⁸
1997 5396 2121 5462 post
2161 5393 2267 5447 hcce
2298 5393 2525 5447 habitus
2551 5407 2746 5448 manus
2778 5397 3039 5451 mutatur.

1712 5490 1749 5543 Ν
1759 5490 1919 5545 ΟΤίΕ.

402 5584 522 5668 Oct.
563 5587 792 5668 IlI-5.“
827 5658 854 5668 Α
976 5662 988 5668 _
1012 5661 1099 5668 ___
1935 5590 2077 5668 (εξᾷῇ
2118 5591 2702 5668 Quiehardus_._BOUQ.
2738 5593 2812 5649 cf.
2844 5611 3012 5668 supra
3038 5612 3087 5653 a.
3113 5597 3277 5653 1165.

225 5656 369 5729 (680)
400 5657 539 5714 lnde
568 5674 600 5713 a
636 5656 693 5715 d.
724 5658 796 5715 29
821 5658 935 5716 Oct.
968 5661 1125 5717 im.
1938 5662 2082 5733 (682)
2114 5660 2310 5719 Guido.
2347 5662 2534 5727 nouo.

523 5783 820 5846 PATROL.
877 5784 1073 5848 CLX.
3060 5790 3133 5849 17
