3858 6206
325 298 431 353 523

465 445 832 487 ROIANORUI.
985 447 1325 490 FRANCORUI.
1485 453 1792 493 ANGLORUH.

329 519 495 588 berti,
527 521 854 592 relinquens
880 521 1163 592 parvulum
1197 522 1366 577 filium
1399 540 1463 578 ex
1508 525 1618 580 filia
1650 528 1793 597 regis
1821 527 1934 581 Du-

324 608 525 664 veline.
563 609 667 662 Iste
689 608 988 680 adquisivit
1017 610 1281 680 quasdam
1313 611 1559 667 civitates
1581 614 1633 667 in
1659 615 1935 681 Hibernia,

331 697 546 753 scilicet
575 698 894 753 Duvelinam
929 706 982 753 et
1009 699 1328 755 Watrefelth
1361 707 1414 756 et
1442 702 1597 767 alias,
1628 719 1763 774 quas
1791 704 1936 758 Hen-

332 789 482 844 ricus
513 805 605 844 rex
644 791 964 865 Anglorum,
1005 807 1127 846 cum
1168 793 1223 846 in
1264 794 1496 848 eandem
1551 795 1780 850 insulam
1816 813 1938 866 per-

323 890 500 958 geret,
528 884 743 955 accepit
761 885 817 939 in
842 903 1008 940 manu
1035 903 1151 942 sua.
1181 887 1546 942 Hibernenses
1567 890 1940 959 promiserunt

329 975 447 1050 regi
492 976 722 1032 Henrico
776 976 1040 1032 tributum
1073 979 1140 1033 de
1181 979 1329 1034 omni
1390 979 1586 1048 insula,
1632 980 1937 1035 scilicetdc

334 1080 668 1136 unaquaque
703 1065 868 1120 domo
902 1067 1108 1121 corium
1130 1067 1285 1122 bovis
1311 1068 1394 1121 vel
1415 1069 1706 1123 duodecim
1739 1086 1938 1143 argen-

326 1165 466 1212 teos.
492 1158 548 1210 In
563 1157 747 1231 vigilia
763 1159 960 1228 pasche
982 1159 1124 1213 circa
1137 1159 1422 1214 meridiem
1458 1161 1630 1215 factus
1646 1168 1726 1216 est
1743 1172 1938 1217 ventus

328 1249 647 1315 vehemens,
667 1251 941 1321 dissipans
973 1252 1167 1307 domos
1197 1263 1251 1307 et
1270 1254 1437 1309 silvas
1465 1255 1755 1310 eradicans
1776 1256 1860 1311 ⁸⁷⁷.

398 1339 558 1392 1177.
599 1339 909 1395 Fredericus
939 1342 1028 1397 26.
1077 1343 1384 1398 Ludovicus
1413 1344 1498 1400 40.
1546 1347 1806 1400 Henricus
1845 1346 1932 1399 23.

397 1431 458 1485 In
503 1430 811 1502 septimana
867 1442 1222 1503 pentecostes
1273 1435 1641 1510 Longobardi,
1700 1437 1939 1491 maxime

329 1523 788 1587 Mediolanenses,
810 1525 1538 1582 debellaveruntcxercitum
1553 1527 1824 1582 Frederici
1845 1529 1941 1582 im-

326 1616 601 1687 peratoris
640 1617 1090 1682 Alemannorum,
1121 1617 1214 1688 qui
1257 1625 1388 1672 tunc
1413 1619 1728 1673 morabatur
1756 1619 1811 1673 in
1840 1619 1940 1672 Pa-

325 1704 506 1775 piensi
521 1705 679 1760 urbe.
703 1707 822 1776 Ipse
834 1721 964 1760 vero
980 1706 1066 1761 vix
1088 1705 1355 1779 fugiendo
1372 1707 1563 1764 evasit.
1582 1707 1935 1776 Guillermus,

1534 303 1876 361 SIGEBERTI
1927 303 2438 362 GEMBLACENSIS.

1963 443 2011 510 Α
2041 437 2227 492 tissam
2277 453 2399 492 cum
2459 436 2654 493 eodem
2718 436 2982 493 comitatu
3033 437 3176 506 (687)
3216 440 3433 512 accepit
3471 455 3659 498 comes

3550 312 3653 368 524

2040 531 2332 601 Bobertus,
2387 531 2533 588 filius
2587 531 2803 588 comitis
2861 531 3114 600 Boberti,
3164 531 3344 588 fratris
3399 535 3658 592 Ludovici

2040 623 2186 694 regis
2217 622 2544 676 Francorum
2570 638 2584 685 ;
2620 629 2679 675 et
2704 621 2778 675 ita
2806 620 2946 675 facta
2973 626 3059 676 est
3089 621 3475 696 quadrigama.
3518 623 3662 678 Obiit

2040 709 2372 764 venerabilis
2403 709 2485 764 vir
2523 708 2797 764 Robertus
2840 708 3013 763 abbas
3066 708 3285 778 Majoris
3315 710 3658 777 Monasterii,

2040 808 2094 856 et
2123 801 2389 855 successit
2426 801 2475 855 ei
2511 801 2725 867 Petrus,
2771 801 3079 856 monachus
3108 803 3354 872 ejusdem
3391 804 3522 858 loci.
3559 805 3662 858 De-

2040 895 2218 964 posito
2243 895 2386 964 (688)
2420 895 2652 951 Badulfo
2683 895 2884 950 abbate
2915 895 3282 961 Cluniacensi,
3315 899 3659 954 consobrino

2040 990 2255 1044 comitis
2283 989 2585 1056 Tliebaudi,
2614 990 2900 1045 Gauterius
2938 991 3088 1062 prior
3125 992 3307 1047 Sancti
3340 993 3554 1048 Martini
3587 994 3661 1048 de

2042 1080 2254 1150 Campis
2292 1082 2561 1136 successit
2600 1082 2673 1147 ei,
2709 1089 2763 1137 et
2814 1082 2906 1136 ille
2948 1083 3190 1138 exabbas
3230 1085 3410 1139 factus
3440 1095 3525 1139 est
3553 1085 3662 1141 ite-

2040 1192 2156 1229 rum
2194 1175 2342 1245 prior
2383 1176 2651 1231 Caritatis.
2695 1175 2868 1232 Cessit
2909 1177 3074 1232 etiam
3121 1178 3177 1232 in
3228 1178 3342 1234 fata
3381 1179 3662 1236 Bobertus

2040 1269 2108 1324 de
2143 1270 2424 1342 Blangeio,
2456 1271 2541 1325 vir
2590 1271 2854 1327 honestus
2883 1279 2938 1327 et
2983 1273 3294 1347 religiosus,
3350 1275 3662 1330 monachus

2042 1361 2196 1416 Becci
2232 1372 2285 1416 et
2317 1363 2486 1417 abbas
2519 1363 2701 1418 Sancti
2758 1364 2978 1418 Ebrulfi.
3035 1365 3435 1420 Nichilominus
3485 1367 3658 1421 etiam

2041 1449 2307 1504 satisfecit
2337 1451 2576 1506 humane
2608 1451 2718 1505 vite
2738 1450 2999 1506 Osbertus
3027 1451 3198 1507 abbas
3231 1453 3371 1520 Lirc,
3405 1454 3494 1508 cui
3525 1470 3660 1510 suc-

2042 1545 2207 1599 cessit
2253 1544 2419 1600 frater
2467 1545 2587 1613 ejus
2645 1545 2934 1600 Gaulerius
2975 1545 3194 1617 junior;
3250 1547 3392 1602 sicut
3435 1554 3491 1602 et
3538 1549 3662 1619 ipse

2042 1646 2381 1692 successerat
2425 1637 2631 1692 seniori
2673 1636 2820 1692 fratri
2849 1653 2948 1693 suo
2979 1638 3308 1705 Guillermo;
3363 1641 3515 1712 quod
3569 1641 3661 1696 vix

2038 1737 2132 1784 aut
2170 1746 2450 1801 nunquam
2492 1730 2766 1798 invenies,
2810 1737 2868 1786 ut
2907 1737 3018 1786 tres
3048 1731 3243 1786 fratres
3282 1732 3387 1787 sibi
3421 1733 3661 1790 invicem

326 1799 494 1896 ῖτδξθτ
517 1800 734 1896 οοῐηίξίε
770 1799 1031 1896 Thebaldi
1073 1801 1472 1896 δτοῗιξορίδοορί
1503 1803 1844 1896 δξέηρηθηείε
1881 1810 1936 1858 εἴ
1960 1815 2010 1883 B
2036 1799 2332 1874 succedant
2361 1819 2416 1874 in
2449 1819 2722 1893 regimine
2762 1819 2994 1888 alicujus
3024 1821 3278 1878 ecclesie.
3310 1821 3458 1877 Obiit
3502 1823 3661 1896 Hugo

327 1887 624 1960 episcOpus
649 1887 1016 1948 Carnotensis.
1049 1889 1343 1945 translatus
1372 1899 1454 1946 est
1494 1891 1561 1945 ad
1606 1891 1931 1947 Remensem

2041 1908 2192 1981 Bigot
2231 1923 2440 1974 comes,
2474 1916 2528 1964 et
2576 1909 2843 1965 successit
2900 1909 2950 1964 ei
2981 1908 3253 1983 Rogerius
3310 1910 3457 1966 filius
3511 1913 3658 1982 ejus.

325 1980 898 2072 ετοιτίερξεοορειξυιης
932 1982 1935 2072 εεΑὲυοςθεείῑθίξθηοηθρῗθρφείνῑυε
2037 1980 2305 2072 Bogerius
2359 1997 2429 2052 de
2486 1997 2686 2068 Cripta,
2754 1980 3094 2054 monachus“
3117 1998 3314 2055 Sancte
3374 1980 3660 2057 Trinitatis

327 2068 795 2164 Αυίίξίοάοξθηξίδ
816 2069 1340 2164 θιειηῑιξθρίξιοοιξυξι
1367 2070 1725 2164 δοηοηςηξίδδ
1759 2071 1935 2164 διξίάο
2037 2068 2470 2158 Cantuariensis,
2520 2090 2694 2146 factus
2743 2097 2827 2146 est
2871 2091 3047 2146 abbas
3101 2092 3285 2147 Sancti
3336 2093 3653 2164 Augustini,

327 2157 573 2214 nomine.
619 2157 678 2211 In
720 2156 1040 2213 Carnotensi
1073 2159 1208 2214 urbe
1245 2158 1526 2214 Johannes
1555 2160 1932 2216 Salesberien-

327 2250 428 2318 sis,
451 2250 534 2305 vir
563 2251 829 2305 honestus
857 2256 912 2305 et
957 2251 1201 2322 sapiens,
1245 2251 1339 2324 qui
1383 2253 1532 2323 prius
1571 2252 1748 2309 fuerat
1777 2255 1939 2308 cleri-

328 2357 426 2397 cus
451 2342 716 2398 Thebaldi
747 2341 1156 2397 Cantuariensis
1192 2343 1621 2414 archiepiscopi,
1663 2353 1717 2400 et
1749 2352 1940 2416 postea

327 2434 502 2490 sancti
533 2435 740 2489 Thome
783 2434 1056 2505 martyris,
1108 2435 1443 2491 successoris
1475 2436 1722 2506 ejusdem
1751 2438 1936 2493 Theo-

328 2529 498 2586 baldi.
531 2529 742 2586 Mortuo
775 2530 1038 2602 episcopo
1086 2530 1406 2586 Belvacensi
1465 2531 1632 2602 (683),
1673 2533 1941 2588 successit

329 2619 381 2676 ei
441 2619 749 2692 Philippus,
806 2620 954 2675 filius
1009 2621 1228 2677 comitis
1280 2621 1522 2687 Boberti,
1556 2621 1736 2680 fratris
1795 2625 1942 2698 regis

329 2711 683 2768 Francorum.
735 2712 1069 2768 Guillermus
1096 2729 1189 2769 rex
1221 2714 1428 2782 Sicilie,
1467 2715 1700 2771 ducatus
1725 2717 1939 2787 Apulie,

328 2805 674 2876 principatus
705 2805 912 2878 Capue,
939 2823 1038 2878 per
1064 2806 1419 2862 honorabiles
1464 2807 1675 2878 legatos
1703 2811 1943 2882 requisi-

329 2894 407 2948 vit
443 2894 751 2949 Johannam
781 2893 946 2950 ﬁliam
974 2895 1191 2951 Henrici
1223 2896 1369 2970 regis
1394 2897 1690 2972 Anglorum
1724 2899 1779 2953 in
1806 2915 1941 2956 uxo-

327 3001 464 3054 rem,
488 2993 544 3041 et
571 2986 803 3056 accepit.
837 2987 981 3042 Obiit
1020 2987 1290 3062 Bogerius
1342 2987 1513 3043 abbas
1543 2989 1938 3046 Gemmeticen-

2041 2179 2220 2247 ejecto
2245 2179 2625 2235 Clarenbaudo
2657 2180 2834 2236 electo
2875 2181 3022 2237 illius
3053 2182 3393 2250 monasterii,
3426 2184 3519 2256 qui
3555 2199 3649 2239 no-

2041 2269 2140 2323 luit
2185 2269 2436 2340 accipere
2493 2269 2941 2326 benedictionem
3000 2288 3030 2325 a
3077 2271 3274 2328 Sancto
3322 2273 3553 2341 Thoma,
3600 2282 3660 2330 et

2042 2363 2166 2417 ideo
2194 2362 2450 2435 elongata
2481 2369 2563 2418 est
2592 2363 2660 2418 ab
2687 2379 2772 2418 eo.
2806 2363 3004 2428 Quinta
3027 2364 3166 2420 feria
3186 2365 3241 2420 in
3271 2382 3409 2422 cena
3439 2368 3656 2423 Domini

2040 2451 2257 2506 occisus
2306 2458 2390 2506 est
2436 2451 2670 2507 Sanctus
2714 2452 3043 2508 Guillermus
3092 2469 3123 2508 a
3170 2453 3363 2510 Judeis
3392 2455 3655 2525 Parisius,

2041 2540 2137 2613 qui
2162 2541 2492 2597 concremati
2523 2550 2654 2596 sunt
2692 2541 2840 2615 igne.
2874 2542 3207 2599 Benedictus
3239 2545 3389 2616 prior
3429 2547 3660 2602 Cantua-

2042 2632 2242 2687 riensis
2272 2631 2446 2687 factus
2479 2638 2561 2686 est
2609 2631 2784 2687 abbas
2829 2632 2900 2687 de
2947 2632 3103 2688 Bure.
3148 2633 3206 2688 In
3261 2641 3436 2690 estate
3466 2643 3520 2690 et
3564 2648 3659 2691 au-

2043 2727 2272 2791 tumpno
2324 2720 2422 2775 fuit
2458 2719 2694 2775 maxima
2732 2719 2970 2790 siccitas,
3015 2723 3164 2778 unde
3202 2730 3259 2779 et
3301 2725 3446 2779 satio
3487 2733 3656 2792 terre,

2043 2808 2240 2862 messis
2278 2817 2333 2862 et
2361 2807 2546 2862 fenum
2578 2825 2642 2864 ex
2673 2809 2866 2878 majori
2901 2817 3056 2880 parte
3089 2811 3270 2882 periit,
3305 2821 3361 2867 et
3398 2812 3655 2870 collectio

2043 2896 2304 2951 messium
2331 2906 2385 2951 et
2410 2895 2798 2953 vindimiarum
2841 2898 3001 2954 solito
3031 2898 3204 2954 cicius
3242 2900 3448 2956 evenit.
3474 2900 3508 2957 9
3551 2901 3654 2957 Ka-

2039 2985 2231 3042 lendas
2309 2984 2535 3058 Augusti
2627 2985 2942 3042 concbrdati
3033 2997 3164 3043 sunt
3230 2989 3451 3045 donnus
3517 3007 3657 3062 papa

329 3077 426 3139 sis,
482 3077 789 3132 monachus
832 3077 1009 3133 Becci.
1051 3078 1196 3133 Obiit
1230 3079 1393 3134 etiam
1455 3079 1720 3136 Hadulqu
1771 3082 1944 3138 abbas
1967 3113 2016 3182 Ο
2043 3073 2349 3182 Alexan‘t'ier
2395 3083 2451 3172 et
2481 3074 2804 3182 Fredcricus
2845 3075 3148 3182 imperator
3177 3077 3456 3178 Homanus
3487 3078 3542 3177 in
3574 3080 3656 3178 ci-

327 3171 742 3237 Salmuriensis,
775 3173 862 3227 cui
909 3172 1176 3228 successit
1214 3172 1494 3228 Manerius
1524 3175 1751 3230 sacrista
1782 3175 1850 3244 eji

2131 3170 2207 3218 ite
2234 3162 2488 3231 Venetie,
2529 3163 2585 3217 in
2643 3163 2809 3219 domo
2845 3165 3154 3234 patriarchc
3191 3166 3368 3237 ipsius
3397 3167 3654 3223 civitatis.

326 3262 454 3317 dem
485 3261 613 3317 loci.
657 3260 805 3316 Obiit
831 3262 995 3317 etiam
1043 3261 1375 3317 Guillermus
1399 3263 1468 3317 de
1492 3263 1738 3330 Curccio,
1773 3265 1941 3319 relin-

327 3368 508 3424 quens
545 3353 830 3423 parvulum
885 3351 1056 3408 filium
1107 3369 1171 3407 ex
1204 3352 1316 3407 filia
1365 3353 1601 3408 Richerii
1633 3355 1702 3409 de
1728 3356 1937 3428 Aquila.

329 3441 507 3498 Cessit
551 3442 716 3498 etiam
774 3443 829 3497 in
861 3442 968 3498 fata
1007 3443 1324 3498 Willermus
1353 3444 1421 3498 de
1453 3445 1724 3512 Albineio,
1778 3464 1944 3518 quem

329 3531 606 3587 vocabant
640 3531 894 3586 comitem
919 3531 1276 3598 d‘Araundel,
1301 3532 1622 3606 relinquens
1644 3534 1786 3590 filios
1823 3552 1952 3608 qua-

333 3630 482 3688 tuor,
515 3620 730 3676 scilicet
751 3619 1104 3676 Guillermum
1127 3621 1197 3676 de
1220 3621 1472 3678 Albineio
1499 3623 1948 3698 primogenitum,

335 3713 539 3769 etalios
550 3719 660 3766 tres
672 3719 829 3768 natos
849 3728 912 3766 ex
944 3713 1112 3768 zEliza
1137 3713 1347 3787 regina,
1367 3730 1536 3771 uxore
1554 3716 1714 3787 primi
1733 3717 1948 3773 Henrici

331 3802 478 3879 regis
496 3803 814 3877 Anglorum.
837 3802 934 3866 Qui
954 3802 1285 3858 Guillermus
1309 3804 1465 3859 duxit
1495 3805 1742 3860 relictam
1769 3806 1948 3878 Roge-

333 3891 624 3948 riicomitis
639 3891 708 3946 de
725 3890 900 3958 Clara,
923 3889 1092 3946 ﬁliam
1106 3891 1296 3948 Jacobi
1311 3893 1381 3947 de
1397 3893 1595 3949 Sancto
1610 3893 1810 3948 Hilario
1823 3910 1946 3950 cum

331 3987 481 4044 omni
508 3993 672 4052 terra,
703 4003 868 4057 quam
904 3986 1047 4040 idem
1076 3987 1316 4043 Jacobus
1346 3987 1617 4042 habuerat
1647 3989 1702 4043 in
1732 3989 1945 4062 Anglia.

405 4078 691 4149 Philippus
720 4093 907 4133 comes
968 4078 1316 4134 Flandrensis
1353 4087 1580 4152 accepta
1618 4095 1780 4135 cruce
1837 4081 1945 4136 Do-

327 4166 463 4222 mini
497 4183 619 4222 cum
643 4183 843 4242 magna
869 4183 1035 4222 manu
1077 4166 1310 4222 militum
1343 4168 1586 4239 perrexit
1614 4167 1940 4225 Jerusalem.

332 4253 620 4311 Hasculfus
649 4255 719 4310 de
749 4255 949 4310 Sancto
999 4254 1199 4310 Hilario
1230 4255 1468 4325 perrexit
1505 4255 1834 4323 Jerusalem,
1889 4266 1945 4313 et

324 4363 563 4422 peregre
592 4355 843 4402 mortuus
882 4353 982 4402 est.
1022 4347 1214 4402 Petrus
1254 4346 1420 4402 frater
1449 4347 1692 4419 Philippi
1725 4348 1942 4404 comitis

323 4439 762 4502 Flandrensium,
808 4447 1035 4510 accepta
1075 4439 1357 4494 comitissa
1397 4439 1728 4495 Nivcrnensi
1770 4440 1941 4512 (684),

322 4545 432 4601 que
478 4528 661 4585 fuerat
699 4543 836 4583 uxor
865 4527 1074 4584 domini
1115 4527 1532 4584 lssoldunensis
1569 4527 1732 4584 castri
1776 4529 1945 4596 )685),

323 4631 576 4680 mortuus
625 4630 712 4679 est
745 4622 908 4694 (686).
957 4630 1012 4678 et
1051 4621 1177 4678 ideo
1223 4621 1473 4684 forsitan.
1517 4623 1647 4695 quia
1686 4621 1947 4677 miliciam

326 4712 696 4783 spiritualem,
729 4711 784 4766 id
807 4719 893 4766 est
919 4711 1262 4778 clericatum,
1291 4711 1594 4779 dimiserat,
1626 4719 1819 4783 utpote
1851 4711 1946 4783 qui

327 4799 503 4856 fuerat
523 4804 736 4858 electus
761 4803 831 4858 ad
848 4803 1228 4874 episcOpatum
1257 4801 1732 4869 Cameracensem,
1755 4803 1946 4858 relicta

325 4889 599 4960 spirituali
657 4889 864 4946 milicia
906 4892 1068 4947 miles
1093 4889 1266 4946 seculi
1310 4889 1488 4946 factus
1518 4890 1713 4947 fuerat.
1747 4891 1841 4947 Hic
1879 4908 1947 4946 ex

324 4981 522 5037 eadem
561 4980 841 5039 comitissa
887 4984 1082 5058 genuit
1108 4999 1275 5039 unam
1315 4981 1510 5039 filiam.
1566 4983 1736 5048 Quam
1769 4983 1946 5040 comi-

1969 4485 2024 4553 D

2042 3254 2228 3310 Mense
2260 3255 2501 3330 Augusto
2557 3255 2822 3311 Henricus
2866 3273 2961 3312 rex
3011 3259 3305 3333 Anglorum
3359 3261 3550 3316 senior
3606 3269 3660 3316 et

2047 3347 2350 3402 Gaufredus
2381 3347 2489 3402 dux
2517 3348 2925 3417 Britannorum,
2957 3348 3104 3405 filius
3136 3351 3278 3422 eius,
3311 3367 3436 3407 cum
3480 3353 3656 3408 maxi-

2046 3454 2137 3494 mo
2169 3447 2432 3510 apparatu
2471 3439 2964 3496 transfretaverunt
2996 3441 3050 3496 in
3084 3443 3499 3510 Normanniam,
3532 3445 3659 3517 qui-

2052 3528 2157 3583 bus
2177 3528 2539 3584 obviaverunt
2556 3530 2749 3599 junior
2775 3549 2867 3588 rex
2895 3533 3161 3588 Henricus
3183 3541 3236 3589 et
3266 3535 3533 3592 Ricardus
3558 3537 3661 3592 dux

2051 3619 2471 3691 Aquitanorum,
2497 3620 2642 3675 filius
2662 3622 2801 3690 ejus,
2833 3639 2957 3678 cum
2985 3624 3170 3680 multis
3193 3625 3519 3693 baronibus,
3542 3643 3659 3682 cum

2050 3711 2253 3785 gaudio
2270 3728 2470 3783 magno
2492 3720 2546 3767 et
2565 3713 2774 3769 honore
2795 3714 2903 3770 Bex
2928 3716 3193 3772 Henricus
3219 3720 3524 3790 assumptis
3543 3721 3664 3775 filiis

2049 3805 2166 3860 suis
2215 3805 2448 3862 Henrico
2481 3807 2702 3876 juniorc
2745 3817 2800 3865 et
2850 3809 3120 3866 Bichardo
3177 3812 3319 3869 duce
3353 3815 3659 3887 Aquitano-

2051 3913 2189 3965 rum,
2247 3908 2302 3954 et
2353 3901 2703 3976 congregatis
2753 3902 3054 3959 baronibus
3103 3905 3215 3960 suis
3264 3907 3415 3979 apud
3458 3907 3660 3963 Vadum

2049 3989 2223 4044 sancti
2265 3990 2516 4064 Remigii,
2559 4008 2680 4047 cum
2708 4009 2834 4067 rege
2867 3994 3200 4051 Francorum
3229 3996 3462 4069 loqutus
3491 4006 3574 4055 est
3602 4015 3662 4054 ea

2051 4097 2158 4152 que
2189 4082 2257 4136 ad
2288 4098 2476 4153 pacem
2509 4091 2655 4150 sunt,
2689 4092 2745 4140 et
2773 4086 2844 4142 de
2867 4088 3220 4159 susceptione
3251 4091 3435 4146 crucis
3462 4093 3534 4147 ad
3552 4108 3664 4147 ser-

2046 4169 2251 4225 vicium
2283 4170 2400 4226 Dei.
2438 4171 2569 4227 Inde
2600 4172 2820 4229 donnus
2854 4191 2946 4230 rex
2975 4176 3129 4232 misit
3167 4176 3339 4233 filium
3384 4196 3546 4236 suum
3573 4195 3664 4236 co-

2044 4261 2234 4316 mitem
2291 4262 2570 4318 Britannic
2606 4280 2729 4319 cum
2788 4265 2991 4321 ceteris
3037 4266 3356 4323 Britonibus
3397 4269 3466 4324 ad
3497 4285 3664 4341 expu-

2043 4349 2318 4423 gnandam
2347 4350 2665 4422 superbiam
2695 4353 3015 4410 Guihomari
3046 4355 3116 4411 de
3147 4356 3343 4413 Leons.
3377 4358 3661 4415 Mauricius

2044 4437 2340 4509 episcopus
2361 4438 2692 4494 Parisiensis
2709 4441 2822 4509 jam
2844 4441 2938 4496 diu
2958 4449 3041 4497 est
3070 4444 3220 4514 quod
3243 4444 3479 4500 multum
3514 4446 3664 4501 labo-

2049 4536 2131 4581 rat
2161 4534 2216 4581 et
2255 4526 2470 4598 proficit
2519 4528 2572 4582 in
2611 4527 2965 4586 edificatione
3005 4531 3258 4587 ecclesiae
3293 4535 3562 4605 predictae
3589 4534 3664 4590 ci-

2048 4618 2254 4685 vitatis,
2282 4619 2440 4686 cujus
2471 4630 2636 4690 caput
2652 4621 2764 4690 jam
2799 4622 3106 4693 perfectum
3141 4632 3245 4691 est,
3277 4636 3512 4698 excepto
3552 4643 3665 4682 ma-

2043 4707 2150 4776 jori
2181 4708 2431 4763 tectorio.
2465 4709 2617 4774 Quod
2665 4725 2804 4781 opus
2851 4712 2895 4766 si
2947 4712 3252 4784 perfectum
3305 4715 3496 4783 fuerit,
3559 4731 3663 4771 non

2049 4799 2154 4854 erit
2196 4815 2336 4870 opus
2363 4799 2498 4854 citra
2530 4810 2768 4871 montes,
2801 4803 2888 4857 cui
2912 4813 3039 4875 apte
3080 4805 3280 4861 debeat
3335 4807 3660 4880 comparari.

2050 4891 2257 4946 Mortuo
2315 4891 2645 4948 Waleranno
2704 4893 2820 4950 filio
2869 4895 3154 4953 Guillermi
3204 4898 3444 4971 Lupelli,
3507 4900 3663 4956 turris

2049 4982 2212 5039 lbreii
2240 4983 2394 5038 venit
2425 4983 2480 5038 in
2515 5001 2737 5040 manum
2781 4987 2972 5044 domui
3024 4990 3191 5062 regis,
3241 5008 3410 5064 quam
3442 4994 3658 5049 multum

1685 5091 1908 5148 VARUE
1938 5092 2320 5150 LECTIONES.

399 5161 467 5199 αττ
497 5163 586 5220 hic
611 5162 812 5218 desinit
839 5165 1121 5235 quaternio
1146 5167 1198 5219 et
1221 5178 1438 5222 manus.

1891 5265 2101 5324 NOTIE.

582 5360 1114 5435 Bartholomaeo,qui
1141 5362 1387 5421 obiitxvx
1409 5365 1524 5422 Kal.
1557 5364 1690 5422 Jun.
1721 5365 1878 5422 1175.
1994 5437 2028 5454 γ’
2064 5367 2210 5454 ((ξδδ)
2262 5367 2323 5426 A.
2384 5368 2543 5438 H76,
2586 5369 2896 5429 secundum
2960 5370 3174 5432 Contin.
3237 5373 3434 5450 Sigeb.
3494 5379 3658 5454 Aqui-

323 5436 1868 5582 I“:ggf)ltlathilde,filiaitairnundicomitisBurgundiae,
1981 5445 2200 5582 έηξὲἓη
2268 5510 2520 5576 Falsum;
2580 5513 2897 5570 comitatum
2963 5515 3295 5572 hereditavit
3341 5519 3496 5577 ﬁlius
3555 5521 3655 5576 ua.

321 5574 509 5652 primo,
527 5574 882 5652 nuptaOdoni
903 5579 947 5652 l_l
970 5575 1364 5652 [ssoldunensi,
1389 5577 1593 5636 deinde
1621 5574 1856 5636 Cuidoni

324 5646 514 5710 comiti
546 5646 890 5704 Nivernensi.
920 5646 1111 5710 BOUQ.

398 5722 544 5798 (685)
567 5719 860 5791 lssoudun,
893 5718 952 5776 in
985 5717 1176 5785 Berry.

1969 5580 2159 5654 thildiﬁs
2185 5580 2351 5654 atque
2381 5583 2650 5640 Guidonis
2681 5585 3022 5642 Guillelmus.
3056 5587 3255 5651 BOUQ.

1991 5653 2202 5782 déttilSnBt)
2244 5653 2346 5709 Alii
2395 5671 2520 5710 cum
2568 5656 2684 5726 jam
2737 5672 2786 5712 a.
2849 5658 3008 5727 H76,
3057 5668 3256 5730 sponte
3299 5663 3645 5720 renuntiasse

2032 5740 2048 5779 ι
2197 5766 2210 5781 .
