3858 6206
120 315 212 372 525
951 305 1298 362 CHRONICA.
1337 335 1407 348 —-
1444 301 1823 362 AUCTARIUM
1865 302 2148 360 ROBERTI
2194 305 2275 361 DE
2315 306 2558 364 MONTE.
3332 316 3441 375 526

249 460 600 502 nouanonuu.
750 457 1092 510 raauconuu,
1270 458 1553 498 ancLoauu
1744 440 1800 511 Α
1825 437 1954 510 quia
1984 453 2171 492 comes
2215 438 2568 495 Flaudrensis
2629 441 2860 499 duxerat
2898 443 3012 501 fere
3065 461 3262 503 omnes
3291 450 3439 506 chri-

122 537 392 609 cnpierat;
427 550 600 607 quam
651 547 755 586 nec
809 538 968 602 pater
1005 533 1147 603 ejus,
1203 546 1306 587 nec
1359 548 1494 587 avus
1526 533 1732 587 habue-
1831 526 2040 581 stianos
2068 525 2752 584 militesadobsiodionem
2777 531 3004 590 Harenc.
3022 535 3128 590 Sed
3151 541 3333 594 tamen
3349 555 3444 596 rex

124 635 252 684 runt.
1284 678 1300 692 _
1831 616 2130 671 Jerusalem
2163 626 2220 672 et
2249 618 2562 688 patriarcha
2593 627 2647 675 et
2676 620 2768 675 alii
2797 623 3042 697 religiosi
3071 627 3196 695 viri,
3227 630 3442 687 haben-

185 718 285 771 ch
335 713 606 769 Henricus
650 709 896 782 perrexit
938 709 993 763 in
1050 709 1446 766 Bituricensem
1503 727 1727 786 pagum,
1832 720 1914 767 tes
1939 728 2144 784 paucos
2175 714 2382 769 milites
2409 722 2464 770 et
2490 715 2820 784 servientes,
2845 735 2946 790 per
2967 721 3221 778 virtutem
3253 734 3443 783 sancte

123 812 170 861 et
192 803 395 874 accepit
425 803 482 856 in
542 817 711 856 manu
750 815 850 854 sua
893 805 1131 854 castrum
1179 799 1392 855 Radulﬁ
1438 800 1508 855 de
1549 803 1720 870 Dolis,
1829 801 2010 856 crucis
2041 801 2293 858 vicerunt
2333 803 2798 861 innumerabilem
2857 797 3158 866 exercitum
3200 830 3445 888 pagano-

125 896 238 969 quia
257 900 369 950 erat
409 894 480 948 de
525 892 692 948 feudo
741 891 884 960 ejus,
937 897 991 944 et
1037 889 1206 945 filiam
1265 892 1481 947 unicam
1513 894 1722 950 domini
1825 908 1940 946 rum
1969 910 1986 958 ;
2018 892 2175 961 cujus
2203 891 2382 948 crucis
2408 893 2696 966 langitudo
2721 913 2753 950 a
2781 906 2923 953 terra
2949 915 3128 971 usque
3160 901 3225 955 ad
3258 903 3440 960 celum

127 987 355 1057 ejusdem
380 985 568 1052 castri,
601 1000 724 1039 cum
744 991 858 1038 tota
884 982 1190 1038 hereditate
1214 982 1407 1054 ipsius.
1440 1001 1604 1056 quam
1637 985 1722 1040 di-
1825 984 2052 1056 paganis
2079 985 2355 1055 apparuit,
2385 985 2528 1042 sicut
2558 987 2664 1058 ipsi
2694 988 2970 1047 dixerunt.
3001 992 3059 1047 In
3085 993 3186 1050 hac
3213 994 3443 1052 victoria

124 1083 237 1132 cunt
262 1074 485 1146 quidam
524 1080 732 1128 tantum
760 1072 964 1126 valere.
996 1078 1259 1144 quantum
1292 1073 1438 1128 valet
1473 1075 1724 1130 redditus
1826 1076 2109 1131 christiani
2127 1093 2260 1133 auro
2287 1086 2345 1133 et
2373 1086 2624 1154 argento,
2655 1081 2818 1154 equis
2845 1089 2900 1140 et
2931 1085 3097 1141 armis
3117 1093 3171 1142 et
3199 1087 3445 1145 victuali-

124 1167 286 1236 totius,
315 1165 676 1222 Normannie.
720 1163 1091 1219 Isoldunense
1111 1163 1277 1218 etiam
1317 1171 1556 1220 castrum
1603 1183 1727 1222 cum
1829 1167 1932 1222 bus
1951 1167 2269 1238 locupletati
2298 1177 2448 1226 sunt.

124 1255 358 1312 omnibus
387 1253 741 1325 pertinentiis
766 1252 904 1320 suis,
928 1251 1184 1323 quiaOdo
1204 1252 1462 1308 dominus
1479 1253 1727 1322 ejusdem
1903 1257 2038 1311 1178
2083 1258 2393 1314 Fredericus
2439 1260 2529 1316 27.
2561 1261 2868 1318 Ludovicus
2904 1263 2995 1319 41.
3036 1265 3309 1325 Henricus
3345 1271 3444 1330 25.

124 1344 265 1402 castri
291 1359 466 1416 nuper
486 1343 804 1398 decesserat
849 1347 905 1396 et
956 1339 1238 1412 parvulum
1271 1339 1446 1396 ﬁlium
1487 1343 1729 1414 relique-
1901 1344 2013 1400 Rex
2053 1345 2320 1402 Henricus
2347 1348 2535 1404 senior
2599 1350 2776 1406 tenuit
2804 1352 3013 1408 curiam
3053 1371 3206 1412 suam
3238 1359 3308 1412 ad
3340 1375 3442 1415 na-

125 1443 212 1504 rat,
233 1443 283 1492 et
300 1438 364 1490 ad
397 1434 720 1491 comitatum
779 1433 1230 1508 Andegavensem
1265 1432 1601 1504 pertinebat,
1629 1434 1729 1488 ba-
1828 1431 1936 1487 tale
1973 1434 2282 1510 Andegavis
2313 1453 2328 1503 ;
2359 1443 2414 1490 et
2466 1436 2541 1492 ibi
2575 1453 2700 1494 cum
2740 1439 2836 1496 illo
2867 1440 3089 1500 fuerunt
3136 1445 3322 1514 iunior
3345 1464 3441 1504 rex

125 1548 290 1596 rones,
322 1531 415 1604 qui
445 1529 586 1586 illud
641 1528 1048 1593 custodiebant,
1095 1527 1418 1584 obtulerunt
1469 1529 1728 1601 ei:quod
1833 1523 2098 1580 Henricus
2119 1535 2172 1581 et
2207 1526 2510 1583 Ricbardus
2561 1529 2669 1585 dux
2696 1531 2989 1603 Aquitania
3040 1541 3094 1590 et
3137 1536 3442 1596 Gaufredus

127 1619 282 1676 noluit
334 1619 610 1690 recipere,
633 1616 764 1690 quia
817 1631 928 1673 non
956 1616 1202 1673 habebat
1246 1617 1529 1686 heredem,
1561 1634 1726 1691 quem
1830 1613 1939 1669 dux
1977 1615 2281 1682 Britannia,
2323 1616 2422 1672 ﬁlii
2475 1618 2618 1687 ejus,
2641 1628 2698 1675 et
2727 1620 2817 1676 vix
2847 1621 2904 1677 in
2929 1623 3115 1696 aliqua
3144 1625 3439 1685 festivitate

123 1711 218 1768 dux
237 1711 569 1785 Burgundie,
597 1709 730 1782 quia
758 1716 1028 1784 cognatus
1053 1709 1176 1778 ejus
1207 1716 1346 1776 erat,
1374 1708 1561 1765 furtim
1593 1710 1724 1766 abs-
1750 1772 1798 1789 ἢ
1829 1712 1908 1762 tot
1946 1706 2149 1763 milites
2168 1724 2354 1764 secum
2414 1709 2628 1778 habuit,
2675 1711 2782 1767 nisi
2811 1713 2867 1768 in
2914 1717 3272 1774 coronatione
3311 1736 3437 1789 sua,

128 1802 319 1858 tulerat.
337 1772 633 1856 "Castrum.
687 1772 862 1856 etiarn
929 1772 1360 1854 munitissimum
1405 1807 1461 1856 et
1509 1807 1625 1856 arte
1671 1772 1939 1859 etBsive
1966 1798 2021 1852 in
2061 1798 2421 1855 coronatione
2447 1799 2544 1854 filii
2567 1772 2652 1856 sui
2676 1803 2822 1877 regis
2844 1805 3103 1874 junioris.
3136 1808 3284 1865 Obiit
3313 1772 3437 1868 Ste:

123 1900 293 1946 natura
319 1891 644 1958 Turonium,
676 1890 987 1946 vicecomes
1040 1889 1288 1958 ejusdem
1321 1890 1486 1945 castri
1533 1891 1722 1945 reddi-
1825 1890 2040 1960 phanus
2065 1891 2150 1946 vir
2172 1892 2438 1948 honestus
2477 1903 2531 1948 et
2577 1893 2874 1966 litteratus,
2931 1898 3230 1971 episcOpus
3255 1902 3440 1960 Redo-

125 1979 270 2035 ditei.
297 1981 483 2036 Totam
531 1979 700 2035 etiam
741 1988 944 2034 terram
1000 1977 1220 2034 comitis
1265 1978 1335 2033 de
1391 1978 1606 2034 Marcha
1627 1995 1722 2034 rex
1824 1977 2033 2032 nensis.
2060 1978 2194 2034 Huic
2223 1980 2424 2036 accidit
2455 1981 2690 2053 quedam
2752 1984 2892 2041 visio
2946 1987 3240 2059 mirabilis,
3271 2008 3439 2064 quam

126 2071 426 2128 Henricus6
476 2071 710 2126 milibus
749 2071 949 2126 marcis
1003 2069 1390 2144 argentiemit,
1421 2070 1718 2137 valentem,
1822 2067 1942 2139 ipse
1980 2071 2278 2144 episcOpus
2329 2073 2547 2130 cuidam
2613 2077 2883 2133 monacho
2938 2078 3193 2138 familiari
3248 2090 3438 2142 nostro

123 2168 172 2216 ut
197 2161 330 2216 idem
356 2176 450 2216 rex
473 2159 639 2228 dixit,
660 2158 730 2216 20
778 2159 933 2214 milia
975 2174 1188 2215 marcas
1224 2159 1458 2232 argenti.
1494 2159 1723 2230 Episco-
1822 2167 1948 2216 ante
1971 2169 2202 2218 mortem
2235 2180 2389 2220 suam
2422 2166 2810 2223 manifestavit.
2839 2169 3082 2235 Quadam
3129 2173 3276 2230 enim
3307 2191 3439 2248 per-

123 2267 209 2323 pus
236 2251 642 2308 Lemovicensis
693 2251 863 2322 (689),
915 2251 1011 2324 qui
1058 2257 1175 2306 erat
1225 2266 1413 2306 comes
1468 2251 1718 2320 ejusdem
1819 2267 1954 2308 sona
1982 2253 2032 2309 ei
2078 2271 2375 2327 apparens,
2408 2256 2515 2312 levi
2547 2258 2713 2316 sibilo
2771 2260 2871 2316 hos
2923 2277 3114 2319 versus
3165 2264 3216 2320 ei
3247 2265 3432 2324 dixit:

119 2345 346 2412 civitatis,
372 2359 496 2399 cum
553 2359 652 2414 per
698 2343 1031 2398 decennium
1088 2341 1313 2397 vixisset
1356 2341 1412 2396 in
1457 2342 1642 2398 cecital

1910 2344 2012 2396 sine
2044 2344 2227 2398 ludere
2252 2348 2458 2411 temere,
2511 2349 2677 2402 nitere
2703 2361 2922 2417 surgere
2942 2353 3270 2424 properaﬂe
3298 2353 3433 2424 pul-

122 2439 340 2488 mortuus
367 2443 470 2489 est.
497 2433 748 2490 Castrum
781 2433 946 2490 etiam
995 2433 1150 2502 juxta
1181 2434 1484 2506 predictam
1516 2433 1713 2489 civita-
1811 2449 1932 2488 vare
1982 2435 2105 2505 Ipse
2145 2435 2292 2490 enim
2323 2437 2496 2491 multa
2521 2438 2736 2495 ritmico
2788 2441 3032 2497 carmine
3083 2450 3138 2498 et
3164 2460 3327 2515 prosa
3340 2445 3419 2515 jo-

123 2524 408 2591 temsitum,
471 2525 529 2580 in
585 2541 694 2596 quo
755 2524 1055 2598 requiescit
1093 2532 1321 2580 sanctus
1368 2523 1630 2579 Martialis
1651 2524 1706 2579 in
1811 2527 1990 2582 cunde
2019 2529 2155 2583 etad
2186 2529 2411 2601 plausus
2439 2532 2727 2589 hominum
2781 2535 3080 2606 scripserat
3149 2545 3250 2606 get
3305 2539 3436 2611 quia

120 2613 419 2670 monasterio
447 2628 577 2681 suo,
606 2613 910 2669 Richardus
940 2614 1049 2668 dux
1069 2612 1708 2685 Aquitanorumabstulit
1808 2619 2100 2676 miserator
2151 2621 2438 2677 hominum
2485 2639 2608 2678 cum
2678 2623 2736 2680 in
2791 2627 3043 2697 proximo
3097 2629 3425 2686 moriturum

120 2703 394 2762 vicecomiti
421 2706 676 2780 ejusdem
700 2707 862 2762 castri
898 2707 1076 2778 (690);
1106 2713 1161 2762 et
1189 2706 1406 2771 merito,
1439 2705 1568 2776 quia
1605 2705 1707 2760 ad—
1807 2707 2038 2776 sciebat,
2070 2711 2284 2765 monuit
2311 2726 2436 2766 eum
2469 2719 2584 2766 uta
2616 2712 2822 2770 talibus
2850 2715 3153 2772 abstineret
3175 2723 3230 2772 et
3269 2718 3436 2789 peni-

115 2795 313 2864 juvabat
341 2810 522 2871 partes
546 2799 765 2856 comitis
823 2799 1323 2871 Engolismensium
1384 2799 1549 2869 (69f),
1610 2797 1703 2870 qui
1805 2802 2030 2856 tentiam
2071 2813 2281 2876 ageret.
2333 2804 2564 2876 Scripsit
2615 2807 2779 2862 etiam
2809 2807 2976 2863 vitam
3007 2808 3184 2864 sancti
3210 2808 3432 2866 Firmati

119 2883 382 2944 infestabat
420 2888 605 2960 ipsum
637 2889 855 2944 ducem.
913 2887 1059 2943 Obiit
1083 2888 1344 2943 Ruaudus
1383 2887 1706 2942 Venetensis
1807 2893 2078 2966 episcOpi,
2110 2903 2166 2951 et
2205 2895 2368 2951 vitam
2398 2898 2573 2952 sancti
2591 2898 2781 2954 Vitatis
2814 2899 2978 2971 primi
3009 2899 3229 2955 abbatis
3259 2901 3423 2956 Savi-

117 2979 398 3053 episcopus,
440 2983 528 3038 vir
585 2983 902 3056 religiosus,
954 2983 1260 3038 monachus
1311 2981 1684 3037 Cistertiensis
1809 2981 1974 3055 gneii.
2011 2983 2239 3053 Scripsit
2271 2983 2436 3039 etiam
2488 2985 2652 3040 michi
2691 2987 3095 3059 quinquaginta
3134 3004 3331 3044 versus
3353 2989 3425 3046 de

113 3068 442 3129 Guihomarus
503 3074 580 3129 de
639 3073 806 3129 Leion
855 3073 1007 3129 venit
1063 3075 1132 3129 ad
1192 3075 1460 3130 domuum
1495 3089 1706 3145 regem,
1755 3145 1775 3146 ί
1809 3076 2117 3138 senectute,
2151 3071 2206 3126 in
2237 3088 2468 3144 quorum
2529 3073 2724 3130 ultimo
2761 3075 3135 3146 predictorum
3165 3093 3424 3132 versuum

115 3163 404 3229 promittens
432 3181 492 3220 se
539 3163 610 3220 de
638 3165 791 3220 omni
830 3173 976 3221 terra
1025 3182 1124 3220 sua
1155 3165 1335 3221 facere
1365 3166 1702 3222 voluntatem
1735 3145 1784 3212 C
1807 3159 2287 3214 unamclausulam
2309 3161 2516 3231 posuit.
2536 3160 2632 3217 Cui
2657 3163 2826 3218 etiam
2841 3171 3014 3219 mater
3044 3164 3425 3222 misericordie

113 3253 226 3322 ejus,
283 3258 565 3332 [at-uage",
619 3258 687 3313 de
740 3259 888 3314 Roca
942 3259 1187 3315 reddidi;
1253 3260 1398 3315 idem
1461 3265 1700 3316 castrum
1805 3247 2060 3318 apparuit
2100 3248 2157 3302 in
2188 3248 2343 3304 obitu
2363 3264 2486 3316 suo,
2521 3250 2609 3306 cui
2639 3250 2838 3307 devote
2892 3269 3115 3325 semper
3139 3254 3424 3310 servierat.

112 3342 286 3402 domno
313 3349 427 3421 regi
451 3357 508 3404 et
541 3348 730 3403 comiti
765 3347 1024 3403 Gaufrido
1056 3347 1168 3404 tilio
1227 3349 1366 3418 ejus.
1401 3349 1555 3404 Sicut
1585 3347 1705 3404 fue-
1808 3339 1954 3395 Obiit
1982 3341 2290 3397 Gaufredus
2318 3343 2618 3416 episcOpus
2645 3345 3077 3420 Andegavensis.
3127 3348 3186 3402 In
3244 3347 3430 3404 media

117 3438 182 3487 rat
203 3433 253 3488 in
275 3444 443 3491 estate
473 3436 717 3491 maxima
737 3436 978 3502 siccitas,
1003 3436 1077 3491 ita
1106 3435 1210 3492 fuit
1249 3437 1432 3492 hieme
1464 3437 1704 3492 maxima
1807 3432 2254 3508 quadragesima,
2283 3435 2336 3489 4.
2371 3435 2487 3490 Kal.
2551 3437 2776 3508 Aprilis,
2807 3438 3060 3495 dedicata
3087 3448 3173 3495 est
3193 3440 3430 3497 ecclesia

115 3523 372 3584 inundatio
417 3544 712 3600 aquarum.
789 3528 898 3584 Hoc
954 3543 1100 3584 anno
1153 3528 1300 3584 circa
1355 3527 1704 3584 festivitatem
1811 3524 1967 3579 Becci
2035 3541 2067 3579 a
2124 3526 2366 3582 Rotrodo
2423 3528 2842 3600 archiepiscopo
2893 3531 3322 3606 Rothomagensi
3377 3541 3434 3590 et

115 3617 260 3672 sancti
281 3618 552 3675 Johannis
577 3619 732 3675 multi
777 3619 1068 3676 summersi
1103 3629 1233 3675 sunt
1274 3620 1330 3674 in
1361 3619 1706 3675 ﬂuminibus.
1813 3611 2045 3668 Henrico
2076 3613 2363 3684 Bajocensi
2394 3615 2744 3672 etRichardo
2800 3617 3124 3675 Abrincensi
3153 3628 3209 3676 et
3238 3621 3433 3694 Egidio

122 3703 170 3757 In
196 3706 318 3761 mari
369 3707 538 3763 etiam
599 3707 768 3762 multa
808 3723 978 3763 naves
1017 3708 1320 3779 perierunt,
1376 3708 1520 3763 inter
1575 3725 1712 3782 quas
1814 3708 2133 3763 Ebroicensi
2172 3708 2466 3780 episcopis.
2514 3710 2648 3765 Huic
2689 3712 3024 3770 dedicationi
3067 3715 3436 3773 interfuerunt

123 3809 234 3860 una,
279 3815 383 3870 que
423 3798 681 3870 portabat
721 3797 1042 3854 Gaufridum
1097 3799 1438 3871 prepositum
1501 3800 1569 3855 de
1602 3801 1710 3856 Be-
1816 3812 1976 3870 reges
2001 3797 2318 3869 Anglorum,
2353 3803 2511 3868 pater
2567 3806 2623 3852 et
2653 3798 2820 3864 ﬁlius,
2851 3807 2906 3855 et
2943 3801 3222 3858 Johannes
3252 3804 3436 3860 minor

125 3887 269 3954 veris,
291 3897 547 3961 nepotem
596 3889 817 3964 Rogerii
859 3890 1261 3962 archiepiscogi
1333 3889 1714 3958 Eboracensis,
1818 3883 1964 3938 ﬁlius
1991 3885 2154 3958 regis.
2182 3884 2542 3939 Deditautem
2576 3902 2670 3940 rex
2695 3887 2884 3944 senior
2908 3889 2964 3943 in
2979 3889 3164 3944 dotem
3195 3891 3435 3947 ecclesie

126 3978 489 4034 cancellarium
532 3979 677 4052 regis
697 3979 959 4048 junioris,
990 3987 1044 4034 et
1075 3979 1214 4035 alios
1246 3979 1451 4035 multos
1480 3979 1714 4046 nobiles,
1821 3972 2106 4029 iOOlibras
2131 3974 2878 4048 Andegavensesannualim.
2900 3978 2955 4032 in
2970 3979 3438 4037 m018ndinissuis

124 4072 249 4140 apud
276 4073 531 4130 Sanctum
581 4073 888 4129 Valericum
919 4075 1102 4145 periit.
1145 4075 1647 4146 Perieruntpreter

1928 4060 2153 4118 Roobec
2183 4062 2350 4135 (692),
2396 4063 2664 4120 Robertus
2678 4065 2746 4120 de
2786 4066 3082 4140 Argentiis,
3113 4067 3436 4125 cellerarius

129 4175 272 4218 naves
297 4166 488 4232 mune,
540 4179 649 4236 que
689 4163 992 4220 afferebat):
1055 4165 1244 4220 vinum
1283 4165 1354 4220 de
1409 4165 1718 4221 picmvensi
1821 4152 2295 4222 Gemmeticensis,
2344 4155 2520 4212 factus
2547 4165 2632 4213 est
2669 4157 2843 4213 abbas
2885 4159 3135 4228 ejusdem
3162 4159 3434 4217 ecclesiae.

127 4262 339 4326 pago,ut
360 4255 588 4328 quidam
615 4255 824 4324 dicunt,
845 4256 960 4312 fere
986 4256 1214 4332 triginta
1253 4257 1336 4313 νει
1369 4273 1434 4314 ρο
1459 4257 1714 4329 amplius,
1822 4241 2093 4332 Galterius
2121 4244 2544 4300 subcellerarius
2591 4246 2778 4302 Sancti
2806 4246 3244 4323 Wandregisilii,
3265 4249 3440 4305 factus

130 4344 180 4398 In
199 4345 478 4404 festivitate
508 4348 684 4404 sancti
741 4348 958 4404 Martini
999 4331 1252 4404 canonici
1313 4350 1578 4406 Dolenses
1607 4350 1653 4405 el

1927 4331 2098 4386 abbas
2127 4332 2377 4400 ejusdem
2431 4334 2778 4390 monasterii.
2827 4336 3090 4392 Radulfus
3117 4337 3213 4407 jde
3241 4337 3439 4395 Sancta

129 4447 302 4506 gerum
363 4438 421 4494 ίη
488 4439 962 4512 archiepiscopum
1045 4439 1370 4496 nouandum
1449 4441 1718 4497 decumum
1823 4425 2086 4482 Columba
2115 4426 2288 4482 factus
2325 4435 2408 4483 est
2436 4427 2607 4484 abbas
2660 4429 2842 4487 Sancti
2877 4431 3103 4501 Ebrulfi,
3136 4433 3442 4490 monachus

129 4527 516 4600 Abl-incensam,
566 4533 740 4590 virum
796 4534 1112 4608 religiosum
1155 4543 1210 4592 et
1251 4537 1588 4598 litteratum;
1632 4536 1719 4591 cui
1743 4524 1800 4592 D
1827 4518 2075 4587 ejusdem
2109 4518 2235 4574 loci.
2271 4518 2417 4574 Obiit
2443 4520 2719 4576 Jordanus
2744 4522 2976 4591 Tessun,
3009 4532 3065 4579 et
3093 4523 3361 4579 successit
3386 4524 3440 4581 ei

128 4616 359 4676 electioni
391 4621 763 4678 interfuerunt
794 4623 1062 4679 Henricus
1085 4624 1466 4693 Bajocensiset
1499 4625 1726 4682 Richar—
1828 4613 2094 4668 Radlllfus
2142 4612 2288 4669 ﬁlius
2348 4615 2489 4685 eius:
2546 4616 2642 4687 (ἰαί
2709 4616 2841 4674 fec"
2887 4618 3194 4673 hominium
3252 4618 3442 4675 abbati

131 4707 218 4764 dus
252 4711 600 4769 Abrincensis
685 4714 959 4786 episcOpi,
1005 4722 1061 4770 et
1113 4715 1384 4772 Robertus
1432 4717 1605 4772 abbas
1656 4718 1725 4773 de
1827 4704 2024 4760 Μοηιίδ
2052 4704 2200 4775 apud
2231 4704 2469 4760 Μοηιθῐη
2502 4705 2571 4761 de
2599 4707 2822 4774 castello
2842 4708 2913 4763 de
2945 4708 3130 4764 300118
3160 4715 3218 4764 ει
3242 4708 3311 4764 de
3338 4709 3442 4766 C0-

133 4795 313 4867 Monte,
335 4802 562 4858 etmulti
585 4802 686 4857 viri
719 4802 1009 4878 relligiosi.
1041 4805 1101 4858 In
1125 4811 1285 4860 nocte
1316 4805 1490 4862 sancti
1509 4805 1725 4870 Andree
1827 4795 2038 4852 lumha-
2095 4797 2424 4853 Gllillermus
2473 4815 2568 4854 rex
2643 4799 2830 4856 Sicilie
2875 4801 3006 4858 fecit
3056 4809 3258 4860 cartam
3319 4803 3442 4860 fieri

134 4886 382 4947 factusest
402 4901 598 4948 ventus
628 4895 965 4962 vehemens;
998 4903 1054 4950 et
1104 4895 1161 4950 in
1194 4895 1314 4967 ipsa
1345 4895 1644 4953 festivitate
1672 4902 1728 4953 et
1825 4890 2076 4946 Johanne
2103 4889 2291 4964 regine
2316 4906 2413 4945 sue
2467 4891 2648 4959 υκοτὶ,
2689 4891 2760 4946 de
2807 4893 3060 4950 ἀοιδιίιίο
3101 4911 3202 4951 8υο
3237 4913 3252 4961 3
3284 4895 3442 4965 cuius

136 4978 179 5035 in
200 4982 435 5052 predicta
469 4984 652 5057 vigilia
697 4986 953 5056 apparuit
989 4986 1082 5042 lux
1133 4986 1368 5041 maxima
1414 5003 1596 5054 mane,
1618 5005 1723 5044 ve-
1829 4985 2038 5050 partem
2072 4978 2161 5033 hic
2188 4977 2473 5048 posuimus
2522 4996 2536 5033 :
2594 4979 2917 5037 Guiltermus
2976 4983 3171 5038 divina
3222 4986 3443 5052 favente

136 5068 277 5126 aiens
301 5073 368 5126 ab
397 5072 609 5130 oriente
642 5088 819 5145 usque
847 5073 904 5129 in
951 5074 1470 5147 occidentem;qua
1500 5075 1592 5130 die
1625 5093 1728 5148 pu-
1827 5073 2105 5127 clementia
2154 5087 2253 5126 rea:
2299 5071 2501 5136 Sicilia,
2551 5072 2780 5128 ducatus
2831 5076 3046 5144 Apulia,
3093 5078 3444 5146 principatus

136 5173 420 5234 gnaverunt
470 5165 760 5222 Christiani
792 5182 916 5222 cum
967 5165 1199 5239 paganis
1265 5167 1412 5238 apud
1466 5167 1727 5222 Sanctum
1833 5164 2026 5244 Capua,
2056 5179 2156 5233 per
2184 5164 2280 5218 hoc
2326 5179 2546 5235 presens
2571 5166 2835 5234 scriptum
2860 5167 3055 5221 damus
3085 5172 3132 5221 at
3162 5169 3221 5221 in
3247 5167 3450 5221 dotali-

139 5253 411 5332 Georgium
445 5258 513 5312 de
533 5258 779 5314 Ramula.
843 5257 1072 5314 Putabat
1116 5257 1266 5312 enim
1323 5257 1600 5323 Saaladin,
1633 5259 1728 5331 qui
1829 5255 1964 5308 tium
2028 5253 2362 5307 concedimus
2403 5253 2647 5309 Iohanne
2702 5255 2984 5310 karissime
3033 5257 3198 5311 umori
3248 5259 3447 5320 nostra,

142 5342 350 5400 duxerat
370 5361 594 5402 uxorem
626 5347 867 5403 Noradin
889 5347 1005 5416 jam
1064 5344 1333 5413 defuncti,
1365 5346 1516 5418 quod
1542 5356 1732 5418 posset
1831 5347 2052 5400 Henrici
2109 5349 2388 5415 magniﬁci
2446 5350 2584 5415 regis
2629 5348 2932 5416 Anglorum
2979 5350 3106 5419 ﬁlia,
3174 5349 3450 5404 civitatem

143 5445 319 5504 capere
353 5435 547 5490 urbem
583 5435 882 5491 Jerusalem
938 5432 1325 5490 defensoribus
1367 5433 1686 5490 destitutam
1716 5453 1730 5490 :
1837 5437 2033 5491 Montis
2061 5439 2236 5490 sancti
2257 5437 2478 5508 Angeli,
2508 5440 2777 5495 civitatem
2820 5441 3055 5511 Siponti,
3087 5444 3135 5494 et
3178 5441 3449 5494 civitatem

207 5631 345 5706 (es)
375 5632 861 5706 GeraldusﬂQUQ-
1653 5563 1884 5636 Now
1913 5632 2060 5706 (691)
2083 5633 2357 5706 Quillelmi
2376 5633 2572 5706 BOUQ-

211 5702 336 5774 (690,
362 5704 632 5760 Ademaro
650 5704 843 5773 BOUQ,
1919 5702 2065 5777 (692)
2098 5704 2373 5761 Fluviolus
2403 5704 2755 5779 Rothomagi.
