3858 6206
315 292 415 348 527

481 432 833 472 ROMANORUM.
984 427 1303 467 FHANCORUM
1473 426 1782 463 ANGLOHUM.

323 508 513 569 Vestes,
538 522 654 558 cum
706 504 945 556 omnibus
990 504 1157 569 juslis
1190 504 1493 554 [ιῖιηίιηθηειδ
1542 502 1653 551 suis
1684 503 1731 551 et
1757 498 1926 564 perti-

316 596 518 649 nentiis
545 610 747 647 earum.
776 596 838 647 In
869 595 1091 646 servicio
1124 596 1297 645 autem
1322 590 1653 643 concedimus
1697 591 1743 640 ri
1770 589 1832 639 de
1862 591 1932 639 te-

316 686 574 738 nementis
593 685 803 737 comitis
825 682 1064 748 Gofredi,
1096 683 1337 743 Alesine,
1366 680 1691 741 Peseliizam,
1720 678 1929 739 Bizum,

315 777 550 847 Caprite,
582 778 881 839 Baranum,
918 779 966 828 et
993 773 1497 837 Silizum,etomnia
1524 770 1636 823 alia
1667 784 1766 837 que
1794 769 1932 822 idem

316 883 485 923 comes
540 867 605 921 de
646 868 840 920 honore
897 866 1133 934 ejusdem
1186 867 1467 917 comitatus
1522 865 1718 917 Montis
1757 862 1933 916 sancti

316 961 516 1028 Angeli
543 962 716 1013 tenere
772 959 1084 1011 dinoscitur.
1116 957 1456 1011 Concedimus
1486 957 1645 1008 etiam
1674 955 1931 1007 eisimili-

316 1056 400 1103 ter
428 1051 488 1102 in
513 1050 737 1102 servicio
775 1048 1172 1110 Catulelarium,
1241 1048 1494 1099 Sanctum
1544 1044 1935 1107 Clericum,ca-

319 1146 531 1198 stellam
562 1144 857 1207 Paganum,
894 1141 1241 1203 Biscntinum,
1274 1143 1321 1191 et
1351 1139 1683 1204 Cognanum,
1706 1138 1935 1205 Insuper

320 1235 674 1297 concedimus,
702 1237 760 1285 ut
790 1235 899 1285 sint
939 1233 1001 1284 de
1047 1234 1329 1285 tene/uento
1368 1232 1545 1298 ipsius
1585 1229 1790 1281 dotarii
1822 1243 1930 1280 mo-

321 1326 620 1378 nasterium
651 1324 824 1375 sancti
855 1322 1117 1373 Johannis
1162 1321 1226 1373 de
1256 1323 1442 1383 Latna,
1479 1320 1525 1372 el
1552 1320 1934 1371 monasterium

321 1422 504 1473 sancte
533 1419 705 1472 Marie
737 1416 801 1469 de
859 1416 1113 1475 Pulsano,
1168 1431 1283 1467 cum
1311 1414 1550 1466 omnibus
1602 1413 1926 1476 tenementis,

319 1523 419 1577 que
448 1509 571 1575 ipsa
598 1507 928 1559 monasteria
957 1506 1131 1556 tenent
1159 1503 1223 1554 de
1245 1501 1690 1568 honorepredicti
1717 1500 1934 1552 cernitu-

312 1604 400 1655 tus
430 1601 624 1654 Montis
653 1599 829 1651 sancti
855 1596 1073 1661 Angeli.
1107 1594 1194 1648 Ad
1225 1593 1384 1661 hujus
1414 1598 1591 1645 autem
1622 1592 1933 1658 donationis

1533 283 1872 337 SICEBERTI
1917 281 2429 337 GEMBLACENSIS.

1952 411 2001 475 Α
2032 406 2169 462 dies.
2216 409 2273 461 In
2308 408 2429 462 loco
2470 406 2590 476 ejus
2628 405 2837 460 electus
2868 413 2953 461 est
2984 406 3292 463 Gaufredus
3333 409 3475 476 Lois,
3506 410 3650 468 ﬁlius

3462 298 3465 301 '
3537 288 3644 343 528

2038 503 2322 570 cujusdam
2357 501 2649 573 burgensis
2669 501 2914 571 ejusdem
2947 502 3188 556 nominis
3213 503 3283 558 de
3321 504 3649 578 Guingamp.

2035 595 2294 647 Henricus
2349 609 2438 647 rex
2532 593 2826 666 Anglorum
2916 593 3104 647 senior
3164 595 3307 650 circa
3373 597 3652 652 nundinas

2033 680 2230 734 Montis
2269 680 2483 735 Martini
2517 680 2914 735 transfretravit
2960 680 3017 735 in
3057 683 3326 755 Angliam.
3386 685 3653 743 Hadulqu

2034 772 2197 826 frater
2214 772 2329 827 vice
2361 772 2578 827 comitis
2603 774 2672 827 de
2728 772 3092 841 Bellomonte,
3125 786 3395 847 cognatus
3424 794 3649 851 germa-

2034 882 2137 918 nus
2180 865 2393 919 Henrici
2417 865 2561 938 regis
2587 865 2906 936 Anglorum,
2972 866 3180 921 electus
3217 874 3301 923 est
3331 869 3400 923 ad
3442 871 3654 941 episco-

2037 968 2221 1028 patum
2266 958 2737 1032 Andegavensem.
2776 958 3019 1028 Eclypsis
3048 959 3181 1014 solis
3201 959 3345 1015 facta
3364 969 3448 1016 est
3468 963 3654 1019 Idibus

2035 1048 2396 1125 Septembris.
2443 1047 2891 1101 Abbastiresteni
2952 1055 3204 1103 mortuus
3226 1057 3311 1104 est
3330 1052 3441 1118 (an.
3476 1052 3652 1118 1178),

2036 1140 2123 1194 cui
2179 1139 2445 1193 successit
2504 1139 2837 1193 Guillermus
2920 1139 2990 1194 de
3060 1140 3284 1207 Exonia,
3346 1142 3655 1198 monachus

2036 1229 2213 1283 Becci.
2273 1228 2415 1282 Obiit
2476 1227 2779 1282 Richardus
2847 1227 3282 1283 Constantiensis
3352 1232 3655 1303 episcopus

2038 1318 2199 1386 (693).
2257 1317 2459 1371 Eodem
2507 1331 2653 1370 anno
2710 1315 2850 1370 obiit
2905 1317 3179 1371 Robertus
3208 1317 3381 1372 abbas
3439 1320 3657 1387 Majoris

2036 1407 2366 1473 Monasterii,
2391 1413 2446 1460 et
2483 1405 2749 1460 successit
2775 1405 2824 1459 ei
2844 1405 3374 1472 Petrus,monachus
3404 1410 3657 1478 ejusdem

2032 1501 2159 1565 loci,
2203 1500 2297 1572 qui
2327 1508 2575 1555 mortuus
2601 1509 2705 1565 est,
2762 1516 2886 1555 cum
2915 1501 3147 1556 vixisset
3174 1502 3229 1556 in
3245 1503 3527 1573 regimine
3568 1504 3663 1558 ab-

2034 1592 2174 1645 batic
2204 1590 2316 1645 fere
2345 1605 2444 1660 per
2461 1606 2631 1643 unum
2651 1605 2856 1644 annum
2888 1606 2901 1642 :
2936 1589 3020 1644 cui
3050 1592 3661 1649 successitHerveusde

315 1694 370 1744 et
395 1690 744 1743 concessionis
785 1690 967 1738 nostra
996 1685 1306 1735 memoriam
1332 1686 1380 1733 et
1409 1680 1716 1734 inviolabile
1744 1681 1931 1746 ﬁrma-
1960 1714 2007 1779 Β
2035 1682 2170 1736 Villa
2191 1681 2396 1746 Pirosa,
2421 1681 2722 1735 monachus
2736 1681 2985 1747 ejusdem
3007 1681 3133 1736 loci.
3165 1681 3391 1754 Hiemps
3413 1683 3563 1739 facta
3587 1692 3664 1740 est

316 1782 548 1831 mentum
576 1788 797 1843 presens
818 1773 1161 1840 privilegium
1190 1785 1286 1839 per
1304 1784 1496 1823 manus
1510 1768 1816 1823 Alexandri
1846 1782 1933 1821 no-

314 1871 449 1923 tarii
476 1869 651 1920 nostri
686 1864 927 1927 scribi,et
955 1864 1101 1917 bulla
1138 1878 1307 1916 aurea
1330 1864 1528 1931 tipurio
1558 1864 1821 1928 impressa
1850 1874 1938 1913 ro-

315 1958 560 2012 boratam.
588 1960 769 2008 nostro
798 1954 976 2019 sigillo
993 1952 1265 2019 jussimus
1306 1951 1571 2004 decorari.
1596 1949 1764 2016 Hujus
1792 1958 1940 2002 carte

319 2054 372 2099 et
404 2051 573 2099 testes
614 2050 667 2096 et
700 2042 843 2114 regis
865 2040 1103 2110 sigillum
1141 2039 1390 2093 invenies
1420 2038 1475 2091 in
1506 2036 1778 2109 principio
1806 2035 1933 2089 libri

320 2139 571 2211 Origenis
599 2154 765 2207 super
796 2137 1092 2190 Numerum
1124 2133 1290 2204 (693).

392 2233 697 2287 Ludovicus
720 2247 812 2285 rex
868 2230 1092 2284 Francie
1151 2235 1205 2283 et
1279 2227 1545 2282 Henricus
1586 2242 1679 2281 rex
1737 2224 1931 2298 Anglic

322 2328 655 2384 conveniunt
694 2327 761 2380 ad
823 2325 1159 2395 colloquium
1222 2324 1353 2377 haut
1384 2322 1576 2393 procul
1631 2338 1660 2375 a
1710 2321 1932 2376 Nonan-

318 2423 541 2477 tiscurte
568 2426 655 2485 ;et
680 2419 755 2472 ibi
781 2423 1148 2472 tractaverunt
1178 2417 1247 2470 de
1281 2432 1415 2486 pace
1436 2424 1488 2470 et
1518 2416 1673 2468 ﬁrma
1697 2429 1932 2469 concor-

316 2515 407 2570 dia
438 2514 583 2569 inter
609 2529 724 2579 eos,
757 2521 811 2567 et
842 2514 908 2566 de
940 2511 1290 2580 susceptione
1322 2511 1519 2576 crucis,
1561 2516 1616 2564 et
1646 2510 1713 2563 de
1734 2509 1930 2563 itinere

318 2621 508 2662 eorum
542 2605 597 2663 in
630 2604 933 2659 Jerusalem
984 2612 1083 2667 ;et
1138 2603 1182 2656 si
1242 2602 1442 2673 aliquis
1486 2617 1677 2675 regum
1713 2601 1929 2655 illorum

313 2704 473 2758 cedat
500 2702 556 2755 in
589 2701 695 2755 fata
718 2698 772 2752 in
842 2699 960 2767 ipso
994 2696 1212 2759 itinere,
1242 2695 1388 2768 quod
1418 2696 1562 2751 Deus
1592 2703 1817 2759 avertat,
1846 2711 1935 2750 su-

317 2801 527 2866 perstes
566 2809 787 2848 omnem
845 2793 1158 2845 thesaurum
1205 2796 1257 2843 et
1287 2805 1479 2844 omnes
1527 2790 1783 2844 homines
1803 2804 1935 2844 suos

313 2894 367 2940 et
396 2885 582 2940 omnia
622 2884 848 2937 mobilia
876 2899 975 2936 sua
1021 2881 1248 2935 habebit
1291 2881 1433 2936 sicut
1474 2882 1713 2951 propria,
1750 2889 1804 2935 et
1829 2880 1935 2935 iter

314 2973 565 3046 perﬁciet
589 2988 686 3043 pro
709 2989 765 3025 se
795 2978 848 3025 et
878 2988 976 3041 pro
1030 2970 1307 3024 defuncto.
1338 2970 1591 3035 Heretici,
1622 2986 1761 3041 quos
1789 2970 1929 3044 Age—

316 3082 519 3121 nenses
540 3073 755 3124 vocant,
782 3073 835 3118 et
865 3064 955 3117 alii
1000 3064 1155 3117 multi
1187 3072 1563 3119 convenerunt
1592 3065 1736 3121 circa
1780 3065 1930 3120 Tho-

314 3156 510 3217 losam,
540 3154 682 3208 male.
714 3153 1019 3205 sentientes
1052 3151 1121 3205 de
1149 3159 1494 3206 sacramento
1535 3153 1722 3206 altaris
1780 3159 1834 3206 et
1864 3152 1933 3207 de

315 3244 575 3316 conjugio
618 3251 671 3296 et
718 3241 838 3294 aliis
865 3241 1239 3301 sacramentis,
1304 3241 1371 3294 ad
1408 3257 1640 3312 quorum
1676 3242 1935 3297 confuta-

316 3335 523 3389 tionem
548 3333 743 3385 Petrus
790 3331 999 3402 legatus
1060 3331 1338 3385 Romanus
1388 3338 1441 3386 et
1473 3332 1642 3387 multe
1668 3333 1772 3388 alie
1801 3334 1936 3389 reli-

316 3424 473 3499 giose
497 3438 732 3493 persone
766 3438 888 3475 cum
912 3421 1172 3492 prediclis
1193 3422 1419 3492 regibus
1450 3432 1851 3490 convenerunt,
1887 3430 1942 3478 et

321 3531 513 3586 parum
561 3514 934 3583 proiecerunt.
992 3512 1135 3565 Obiit
1169 3512 1437 3566 Robertus
1471 3512 1538 3566 de
1569 3512 1749 3568 Monte
1778 3513 1940 3580 Forti,

323 3613 379 3659 et
408 3604 677 3659 successit
704 3604 751 3656 ei
778 3603 928 3675 Ηυςο
962 3600 1108 3655 ﬁlius
1138 3602 1277 3669 ejus,
1342 3608 1503 3657 natus
1527 3618 1592 3657 ex
1623 3619 1813 3659 sorore
1842 3604 1947 3659 Ra-

324 3697 457 3753 dulﬁ
492 3698 559 3751 de
594 3696 880 3767 Fulgeriis.
918 3694 1119 3748 Civitas
1174 3696 1466 3750 Carnotum
1524 3698 1808 3752 combusta
1836 3704 1940 3761 est,

324 3799 382 3846 et
409 3790 805 3844 monasterium
841 3788 983 3841 beati
1009 3787 1149 3841 Petri
1170 3788 1237 3841 de
1260 3788 1410 3842 Valle
1435 3806 1448 3842 :
1478 3790 1743 3845 remansit
1762 3796 1944 3844 tamen

322 3881 417 3936 Dei
442 3877 826 3935 misericordia
857 3877 1091 3932 ecclesia
1113 3885 1301 3932 sancte
1337 3877 1520 3943 Marie,
1567 3889 1621 3932 et
1650 3880 1944 3935 claustrum

321 3971 668 4027 clericorum.

397 4065 552 4122 1179.
600 4065 912 4118 Fredericus
967 4062 1057 4115 28.
1092 4063 1391 4118 Ludovicus
1440 4064 1525 4117 42.
1575 4067 1837 4119 Henricus
1854 4064 1943 4121 26.

393 4154 683 4224 Philippus
721 4168 908 4206 comes
952 4149 1300 4205 Flandrensis
1369 4152 1529 4205 rediit
1558 4168 1587 4206 a
1625 4152 1947 4208 Jerusalem.

323 4249 454 4314 (An.
493 4246 813 4311 H78.0ct.)
872 4244 1091 4298 Manuel
1140 4243 1441 4313 imperator
1488 4244 1952 4316 Constantinopo-

322 4338 526 4393 litanus
556 4336 707 4391 misit
738 4337 802 4389 ad
875 4352 1061 4409 regem
1119 4335 1450 4389 Francorum
1485 4335 1840 4389 honorabiles
1869 4335 1953 4390 le-

2042 1770 2273 1825 maxima
2336 1777 2391 1824 et
2420 1768 2635 1824 duravit
2658 1769 2748 1822 nix
2771 1769 2884 1822 fere
2913 1785 3083 1840 usque
3116 1771 3183 1824 ad
3212 1772 3656 1838 puriﬁcationem

2038 1871 2227 1919 sancte
2255 1862 2443 1925 Marie,
2494 1878 2599 1933 que
2646 1862 2853 1931 incepit
2894 1862 3039 1917 infra
3091 1864 3126 1917 8
3175 1864 3296 1918 dies
3324 1873 3455 1935 post
3486 1866 3662 1921 natale

2038 1952 2255 2007 Domini
2313 1950 2606 2005 lnundatio
2628 1966 2896 2020 aquarum
2926 1950 3160 2005 maxima
3193 1952 3315 2019 fuit,
3348 1961 3406 2008 et
3425 1956 3662 2010 maxime

2040 2041 2187 2111 apud
2226 2041 2415 2094 urbem
2463 2038 2999 2105 Cenomannensem,
3030 2046 3230 2110 pontes
3280 2047 3337 2095 et
3381 2042 3588 2098 domos
3611 2050 3663 2098 et

2036 2130 2355 2184 molendina
2385 2129 2730 2195 subvertens,
2761 2139 2816 2183 et
2843 2129 3095 2184 homines
3123 2130 3325 2185 multos
3354 2131 3657 2200 perimens.

2036 2221 2145 2277 Hoc
2175 2225 2339 2278 etiam
2395 2222 2597 2276 accidit
2645 2220 2975 2293 Andegavis,
3034 2228 3089 2276 et
3154 2221 3210 2275 in
3274 2222 3469 2277 multis
3536 2224 3656 2278 aliis

2034 2319 2193 2375 locis.

2104 2501 2407 2556 Gaufredus
2465 2500 2612 2555 ﬁlius
2667 2499 2812 2572 regis
2872 2498 3114 2567 Henrici,
3191 2499 3304 2554 dux
3353 2500 3662 2563 Britannic,

2032 2594 2261 2649 viriliter
2300 2594 2430 2667 egit.
2453 2593 2583 2646 Nam
2642 2592 3032 2647 Guihomarum
3084 2592 3202 2647 vice
3232 2593 3503 2649 comitem
3533 2595 3665 2650 Loe-

2035 2702 2286 2751 nensem,
2320 2685 2413 2756 qui
2443 2700 2545 2738 nec
2572 2684 2741 2738 Deum
2786 2682 3015 2737 timebat
3044 2698 3148 2738 nec
3173 2683 3459 2739 hominem
3508 2701 3663 2741 vere-

2038 2780 2217 2844 batur,
2246 2788 2299 2833 et
2330 2777 2472 2833 filios
2504 2777 2623 2846 ejus
2652 2778 2726 2831 ita
2756 2777 3000 2850 subegit,
3033 2777 3180 2848 quod
3211 2778 3404 2833 omnia
3433 2779 3662 2834 castella

2036 2887 2224 2927 eorum
2258 2877 2527 2925 etterram
2560 2869 2616 2923 in
2656 2885 2820 2923 manu
2853 2885 2953 2923 sua
2984 2868 3150 2940 cepit,
3195 2878 3249 2924 et
3271 2870 3413 2925 duas
3433 2880 3666 2926 tantum-

2034 2958 2201 3014 modo
2269 2957 2589 3027 parrochias
2649 2957 3042 3011 Guihummaro
3110 2957 3319 3013 seniori
3382 2959 3663 3030 permisit,

2036 3061 2213 3118 usque
2237 3046 2303 3100 ad
2335 3044 2639 3115 proximum
2673 3045 2854 3099 natale
2882 3044 3120 3110 Domini,
3154 3062 3265 3117 quo
3304 3056 3469 3103 erant
3505 3048 3665 3104 Jeru-

2038 3137 2209 3191 salem
2232 3134 2362 3189 ituri
2395 3132 2514 3204 ipse
2560 3140 2614 3189 et
2660 3148 2795 3188 uxor
2825 3149 2943 3200 sua,
3002 3141 3059 3188 et
3104 3133 3331 3191 forsitan
3365 3150 3484 3190 non
3516 3136 3662 3192 redi-

2037 3224 2165 3280 turi.
2198 3224 2591 3278 Guihummaro
2640 3221 2849 3289 juniori
2888 3222 3146 3279 undecim
3214 3225 3545 3294 parrochias
3600 3225 3664 3279 de

2041 3324 2188 3372 terra
2214 3315 2385 3387 patris
2426 3314 2510 3369 sui
2570 3314 2864 3379 concessit,
2904 3320 3117 3370 retento
3147 3330 3337 3371 secum
3367 3316 3442 3371 de
3463 3316 3667 3373 familia

2043 3422 2143 3463 sua
2176 3406 2387 3461 Hervco
2437 3405 2599 3459 fratre
2647 3403 2789 3471 ejus.
2859 3403 3123 3459 Similiter
3170 3403 3303 3460 fecit
3362 3404 3667 3462 Richardus

2047 3495 2160 3551 dux
2197 3492 2511 3565 Aquitanie,
2544 3492 2712 3547 frater
2741 3492 2916 3562 ipsius
2969 3490 3248 3559 Gaufredi,
3289 3493 3362 3550 de
3394 3493 3664 3550 Gaufredo

2048 3586 2118 3640 de
2142 3585 2367 3641 Rancun
2402 3600 2417 3649 ;
2460 3597 2585 3636 nam
2619 3580 2863 3636 Castrum
2907 3580 3214 3651 Tallebore,
3246 3582 3401 3653 quod
3434 3583 3662 3639 videba-

2047 3676 2601 3752 turinexpugnabile,
2630 3676 2904 3731 munitum
2935 3684 3048 3731 arte
3069 3682 3126 3732 et
3157 3682 3379 3743 natura,
3422 3677 3663 3743 obsedit,

2048 3774 2215 3845 cepit,
2241 3772 2412 3828 diruit
2444 3789 2457 3826 :
2490 3777 2545 3825 et
2564 3770 2819 3825 similiter
2845 3771 3205 3842 quatuoralia
3223 3772 3663 3844 castellaipsius.

2051 3863 2317 3919 Similiter
2364 3860 2492 3916 fecit
2544 3860 2731 3915 donno
2762 3859 2832 3914 de
2882 3859 3051 3927 Ponz,
3081 3858 3449 3930 destruendo,
3474 3861 3675 3917 scilicet

2049 3952 2333 4009 castellum
2358 3966 2517 4005 suum
2559 3949 2703 4004 Ponz
2743 3966 2758 4014 ;
2810 3948 2906 4020 qui
2966 3954 3083 4004 erat
3140 3947 3538 4005 confederatus
3568 3948 3669 4020 ipsi

2051 4043 2343 4100 Gaufredo.
2400 4042 2597 4097 Comes
2657 4040 2962 4096 Hichardus
3020 4039 3171 4096 ﬁlius
3228 4042 3377 4115 regis
3439 4041 3670 4110 Heurici,

2054 4149 2177 4211 post
2217 4136 2650 4193 destructionem
2707 4134 3020 4191 Taillebore
3072 4150 3195 4190 cum
3238 4137 3576 4206 perrexisset
3616 4134 3669 4189 in

2055 4232 2302 4307 Angliam
2331 4231 2401 4285 ad
2459 4239 2707 4285 sanctum
2735 4229 3000 4285 Thomam
3033 4236 3089 4284 et
3126 4229 3194 4284 ad
3240 4230 3546 4286 videndum
3575 4243 3667 4301 pa-

2054 4331 2193 4381 trem
2223 4338 2405 4387 suum,
2457 4320 2682 4392 quidam
2726 4319 2899 4375 Bascli
2947 4329 3003 4375 et
3054 4320 3403 4376 Navarenses
3455 4329 3513 4377 et
3540 4321 3668 4374 Bre-

321 4441 498 4506 gatos,
530 4438 589 4483 ut
618 4430 773 4483 daret
799 4428 966 4517 ﬁliam
1005 4443 1157 4480 suam
1192 4426 1304 4481 ﬁlio
1336 4428 1457 4497 ejus
1494 4445 1507 4491 ;
1542 4427 1690 4498 quod
1708 4443 1800 4481 rex
1825 4442 1952 4482 con.
1974 4453 2030 4520 Β
2060 4420 2339 4474 benzones
2374 4415 2739 4471 veneruntad
2761 4414 2953 4469 urbem
2987 4415 3492 4488 Burdegalensem,
3518 4424 3569 4472 et
3591 4414 3673 4487 ip-

324 4521 511 4575 cessit.
547 4518 857 4573 Alexander
890 4510 1032 4587 papa
1065 4517 1219 4570 misit
1255 4516 1608 4571 Octavianum
1639 4514 1947 4571 subdiaco-

326 4633 456 4671 num
485 4616 731 4671 Romane
775 4613 1043 4667 accclesize
1082 4612 1148 4665 ad
1185 4611 1681 4684 Rothomagensem
1722 4611 1951 4682 provin-

327 4704 492 4769 ciam,
526 4711 588 4757 ut
626 4709 959 4758 convocaret
988 4700 1462 4771 archiepisc0pum
1493 4709 1547 4754 et
1573 4699 1952 4775 suﬁ‘raganeos

328 4796 449 4864 ejus
477 4794 777 4847 etabbates
828 4793 977 4848 illius
1036 4792 1339 4863 provincie.
1400 4792 1459 4845 Et
1502 4791 1651 4846 misit
1695 4792 1951 4847 similiter

329 4888 467 4941 alios
495 4885 867 4941 subdiaconus
915 4888 983 4941 ad
1017 4886 1284 4941 orientem
1343 4892 1395 4940 et
1434 4884 1801 4952 occidentem,
1830 4903 1948 4941 me-

328 4974 525 5029 ridiem
556 4979 609 5027 et
640 4977 1096 5042 septentrionem,
1152 4985 1211 5030 ut
1260 4974 1621 5030 convenirent
1652 4974 1719 5026 ad
1751 4975 1944 5029 conci-

330 5068 462 5120 lium
494 5067 774 5137 generale,
809 5068 952 5137 quod
975 5078 1093 5121 erat
1145 5068 1388 5121 futurum
1424 5065 1675 5137 proxima
1709 5067 1944 5136 quadra-

326 5153 538 5227 gesima
568 5152 623 5204 in
646 5152 862 5207 civitate
893 5155 1073 5209 Romae
1132 5157 1432 5227 EpiscOpus
1452 5156 1523 5210 de
1554 5155 1736 5229 Trigel
1771 5155 1944 5225 (694),

327 5256 450 5295 cum
485 5247 742 5311 pergeret
792 5243 1039 5307 Romam,
1080 5243 1276 5298 ablatis
1334 5245 1500 5297 rebus
1531 5242 1789 5297 omnibus
1827 5243 1943 5298 suis

330 5338 386 5385 et
414 5330 594 5403 equis,
620 5331 939 5386 verberatus
978 5344 1079 5401 est,
1113 5335 1186 5389 ita
1225 5342 1284 5390 ut
1336 5334 1599 5390 deficeret
1647 5334 1787 5391 infra
1816 5343 1940 5392 octo

2055 4529 2169 4568 sam
2203 4510 2392 4565 urbem
2424 4514 2778 4562 vastaverunt
2831 4506 2885 4561 in
2919 4506 3203 4562 suburbiis
3245 4506 3492 4563 ﬂammis
3512 4515 3563 4563 et
3587 4521 3673 4560 ra-

2053 4605 2200 4675 pina.
2233 4601 2565 4655 Guillcrmus
2598 4614 2785 4654 comes
2835 4599 2904 4653 de
2960 4598 3156 4672 Magna
3178 4599 3341 4667 Villa,
3373 4600 3541 4655 ducta
3567 4595 3671 4651 ﬁlia

2053 4692 2335 4750 Cuillermi
2390 4690 2607 4746 comitis
2655 4689 2982 4757 Albemarle,
3016 4688 3189 4745 factus
3227 4699 3313 4745 est
3367 4694 3555 4746 comes
3577 4686 3667 4743 Al-

2053 4782 2314 4838 bemarle.
2346 4779 2651 4834 Hichardus
2680 4779 2749 4832 de
2790 4778 2939 4833 Luce
2993 4778 3346 4833 renunciavit
3386 4779 3568 4835 seculo
3615 4780 3669 4832 et

2050 4871 2218 4945 regiis
2240 4868 2505 4942 negociis,
2539 4865 2593 4922 et
2648 4866 2917 4922 successit
2962 4867 3014 4921 ei
3062 4866 3372 4924 Richardus
3417 4881 3667 4939 neposex

2050 4965 2325 5020 Gaufredo
2355 4962 2466 5017 tilio
2490 4976 2612 5015 suo.
2647 4958 2776 5014 Cum
2829 4958 2942 5014 ﬁlia
2970 4959 3119 5033 regis
3174 4959 3506 5017 Francorum
3533 4957 3665 5029 (696)

2049 5060 2344 5115 duceretur
2364 5055 2431 5109 ad
2461 5050 2780 5124 conjugium
2841 5050 2940 5106 ﬁlii
2980 5052 3333 5119 imperatoris
3367 5048 3668 5108 Constanti-

2048 5146 2376 5220 nopolitani,
2400 5144 2675 5215 hospitata
2721 5148 2803 5196 est
2838 5141 2985 5213 apud
3020 5141 3283 5198 Sanctum
3309 5141 3657 5197 Benedictum

2043 5256 2212 5312 super
2253 5238 2488 5312 Ligerim
2523 5250 2800 5306 ;cumque
2823 5234 3046 5306 quidam
3071 5251 3137 5290 ex
3174 5233 3396 5289 famulis
3426 5234 3541 5303 ejus
3558 5228 3659 5285 vel-

2043 5337 2119 5392 let
2146 5334 2458 5390 accelerare
2488 5331 2674 5405 ignem
2710 5327 2915 5397 injecto
2944 5328 3092 5395 oleo,
3138 5327 3363 5384 ﬂamma
3394 5325 3555 5382 exivit
3570 5338 3663 5395 per

1899 5437 2104 5495 ΝΟΤιΕ.

406 5531 551 5601 (693)
576 5528 797 5601 Scilicet
830 5531 881 5583 in
912 5532 1143 5586 armario
1167 5534 1362 5589 Montis
1386 5537 1439 5591 S.
1470 5538 1768 5592 Michaelis.

409 5600 668 5671 (694)1vo
700 5600 897 5671 DOUQ.

408 5672 555 5743 (693)
585 5671 644 5727 D.
668 5670 730 5725 18
762 5670 892 5726 Nov.
927 5672 1233 5727 secundum
1261 5677 1573 5752 necrologia
1598 5696 1612 5744 ;
1640 5679 1735 5734 sed
1770 5678 1864 5735 in-

2047 5518 2478 5598 certum,utrum
2515 5532 2797 5604 hocjanno
2826 5546 2896 5585 an
2929 5546 2979 5586 a.
3018 5531 3175 5588 H78.
3211 5530 3407 5596 BOUQ.

2135 5608 2281 5680 (696)
2313 5609 2515 5680 Agnes.
