3858 6206
201 361 302 416 529

320 498 668 538 ΒΟΙΔΝΟΒΙἏΙ.
831 500 1159 542 FRANCORUM
1335 503 1642 544 ANGLOBUM.

192 583 446 640 foramina
470 579 690 643 camini,
726 585 780 635 et
807 579 1010 636 cecidit
1043 596 1212 653 super
1241 590 1444 639 tectum
1476 584 1705 648 camini,
1735 591 1790 640 et

193 676 287 730 hoc
305 689 428 729 casu
465 679 574 728 tota
601 670 821 726 abbatia
859 671 1144 726 combusta
1172 681 1275 728 est.

259 763 380 818 Cum
411 777 503 817 rex
536 761 868 816 Francorum
901 760 1072 815 vellet
1119 777 1388 818 coronare
1427 763 1597 819 filium
1629 781 1786 820 suum

190 851 512 922 Philippum,
553 849 736 922 posuit
775 849 955 906 locum
983 849 1185 914 Remis,
1216 853 1510 908 terminum
1545 870 1790 926 assump-

191 940 422 1013 ptionem
453 939 611 995 beate
640 938 837 1005 Marie;
871 949 926 993 et
955 941 1306 1014 congregatis
1335 958 1444 1013 que
1474 943 1541 997 ad
1575 950 1788 998 tantum

192 1030 456 1106 negotium
494 1029 808 1085 necessaria
847 1035 1024 1098 erant,
1065 1040 1121 1084 et
1171 1033 1486 1088 convocatis
1530 1033 1789 1090 omnibus

194 1123 483 1178 baronibus
517 1123 684 1178 totius
712 1121 869 1194 regni
902 1123 1127 1178 Francie
1146 1131 1204 1178 ut
1226 1124 1293 1178 ad
1331 1125 1568 1180 eundem
1608 1127 1788 1182 locum

194 1213 558 1278 convenirent,
583 1211 806 1281 juvenis
855 1213 1272 1268 cororonaudus
1303 1215 1482 1269 obiter
1524 1232 1646 1270 cum
1676 1216 1790 1271 suis

192 1305 449 1359 similibus
482 1305 537 1358 in
568 1305 757 1358 silvam
783 1311 1039 1358 venatum
1069 1305 1309 1370 divertit,
1343 1315 1398 1361 et
1427 1307 1642 1362 amissis
1667 1324 1786 1364 om-

193 1395 346 1452 nibus
372 1395 556 1463 sociis,
585 1412 686 1466 pcr
715 1411 878 1450 unam
911 1405 1129 1452 noctem
1160 1397 1217 1451 in
1256 1399 1392 1452 silva
1425 1399 1790 1471 vagabundus

191 1485 498 1558 permansit.
546 1485 787 1541 Tandem
829 1486 1055 1542 invento
1111 1488 1351 1557 quodam
1395 1488 1638 1556 homine,
1695 1491 1788 1562 qui

191 1578 251 1632 ad
278 1594 412 1650 opus
437 1577 717 1633 fabrorum
763 1577 1038 1632 carbones
1090 1579 1339 1648 parabat,
1395 1596 1496 1650 per
1547 1596 1670 1635 eum
1719 1583 1788 1637 ad

191 1667 358 1723 socios
383 1682 514 1722 suos
544 1667 807 1722 reductus
837 1675 937 1723 est.
974 1667 1046 1721 Ex
1076 1667 1375 1722 solitudine
1399 1677 1581 1724 tamen
1607 1677 1660 1726 et
1689 1687 1785 1742 pa-

191 1775 308 1816 vore
339 1766 537 1814 tantam
569 1757 942 1814 inﬁrmitatem
1004 1759 1256 1828 incurrit,
1315 1761 1464 1832 quod
1503 1763 1788 1820 coronatio

191 1850 298 1917 ejus
322 1857 448 1906 tunc
477 1851 768 1907 remansit.
799 1851 958 1906 Pater
985 1859 1166 1906 autem
1216 1851 1338 1919 ejus
1378 1852 1570 1920 iratus,
1597 1862 1652 1908 et
1691 1871 1786 1925 pro

192 1955 245 1994 se
270 1946 322 1995 et
351 1955 447 2012 pro
477 1939 593 1994 filio
626 1947 934 2012 rogaturus,
958 1941 1026 1995 ad
1052 1940 1369 1996 memoriam
1411 1943 1554 1996 beati
1581 1943 1788 2000 Thome

191 2030 240 2084 in
267 2030 506 2102 Angliam
545 2029 808 2102 perrexit,
841 2031 928 2086 cui
962 2033 1186 2086 multam
1238 2033 1636 2090 humanitatem
1689 2052 1785 2090 ex-

195 2121 381 2192 hibuit,
413 2139 534 2179 cum
579 2123 637 2177 in
679 2123 869 2177 Galliis
901 2123 1162 2178 exularet.
1212 2125 1364 2180 Dedit
1398 2133 1579 2180 autem
1638 2127 1785 2182 idem

193 2230 294 2281 rex,
325 2215 393 2270 ob
423 2231 668 2270 amorem
715 2221 771 2270 et
822 2215 1088 2271 honorem
1138 2216 1233 2270 Dei
1271 2225 1326 2271 et
1367 2217 1514 2273 beati
1558 2218 1782 2284 Thome,

193 2309 463 2364 monachis
500 2309 556 2362 in
593 2307 966 2364 Cantuariensi
1020 2309 1259 2364 ecclesia
1303 2310 1512 2381 jugiter
1567 2311 1676 2368 Deo
1702 2313 1786 2368 fa-

193 2399 512 2456 mulantibus
545 2407 769 2455 centum
792 2400 1008 2455 modios
1035 2399 1169 2466 vini,
1209 2400 1444 2475 singulis
1465 2403 1623 2458 annis
1653 2420 1784 2474 pre-

194 2492 306 2548 fatis
333 2493 619 2548 monachis
651 2491 1029 2562 accipiendos.
1061 2495 1176 2558 Quo
1207 2501 1390 2548 autem
1421 2495 1653 2560 honore,
1677 2512 1786 2567 quo

197 2584 404 2659 gaudio,
455 2591 510 2639 et
546 2599 716 2656 quam
748 2583 1041 2654 multiplici
1083 2584 1354 2639 donorum
1388 2584 1640 2656 largitate
1692 2603 1788 2641 rex

195 2675 442 2732 Henricus
470 2692 600 2731 eum
633 2675 960 2746 susceperit,
988 2691 1098 2730 non
1131 2684 1215 2730 est
1252 2682 1495 2732 nostrum
1541 2677 1784 2734 edicere.

195 2767 391 2823 Manuel
449 2769 750 2839 imperator
803 2766 1437 2839 Constantinopolitanus
1487 2769 1789 2826 vindicavit

193 2871 244 2911 se
270 2857 369 2912 hoc
395 2871 540 2912 anno
567 2857 639 2910 de
679 2855 957 2912 Solimano
989 2857 1180 2923 lconii,
1213 2857 1306 2928 qui
1336 2873 1483 2914 anno
1513 2860 1786 2930 superiori

196 2948 330 3004 illum
364 2949 646 3022 fugaverat
697 2957 753 3004 et
790 2950 991 3005 multos
1019 2950 1088 3005 de
1119 2950 1385 3006 militibus
1421 2952 1536 3008 suis
1565 2961 1788 3024 ceperat

196 3039 407 3112 insuper
433 3051 486 3096 et
518 3056 743 3096 crucem
775 3039 1105 3096 dominicam
1139 3039 1191 3095 ei
1223 3039 1541 3098 abstulerat.
1571 3044 1784 3100 Manuel

195 3131 328 3186 enim
358 3131 664 3203 imperator
685 3130 894 3206 fugavit
920 3147 1068 3198 eum,
1099 3139 1154 3185 et
1192 3131 1396 3187 multos
1424 3133 1492 3188 de
1517 3134 1788 3190 militibus
1813 3162 1866 3226 (λ

198 3223 306 3293 cjus
325 3226 486 3296 cepit,
545 3232 604 3281 et
643 3225 762 3296 ipse
789 3225 1104 3282 Solimanus
1142 3225 1332 3280 urbem
1367 3227 1539 3284 Iconii
1560 3245 1788 3285 vacuam

198 3312 422 3385 reliquit.

260 3403 534 3459 Sententia
565 3403 853 3474 cujusdam
908 3404 1172 3478 astrologi
1232 3407 1300 3461 de
1354 3407 1530 3482 plagis
1564 3408 1789 3465 futuris:

202 3493 278 3548 Ab
310 3511 448 3550 anno
493 3498 742 3567 presenti
791 3499 1182 3552 incarnationis
1231 3499 1437 3553 domini
1473 3501 1646 3553 nostri
1672 3501 1796 3554 Jesu

203 3583 387 3640 Christi
428 3587 570 3644 1179
599 3589 662 3642 in
687 3591 886 3656 septem
931 3590 1112 3654 annis,
1149 3604 1323 3644 mense
1371 3590 1690 3659 Septembri,
1727 3591 1796 3645 12

203 3677 492 3747 indictione,
542 3681 654 3736 sole
693 3681 954 3734 existente
995 3683 1059 3736 in
1096 3681 1258 3748 libra,
1289 3683 1412 3747 erit,
1458 3682 1505 3736 si
1535 3683 1795 3738 Dominus

202 3765 428 3833 voluerit,
472 3767 782 3838 conjunctio
825 3770 1070 3822 omnium
1111 3771 1458 3840 planetarum
1496 3773 1555 3824 in
1579 3771 1722 3824 lib-ra
1747 3774 1797 3826 ct

200 3857 360 3912 cauda
395 3861 712 3930 scorpionis.
745 3860 828 3914 Ibi
866 3867 912 3914 et
961 3861 1310 3916 admirabilis
1338 3878 1516 3916 rerum
1559 3863 1792 3917 mutabi-

199 3950 322 4005 lium
345 3954 668 4008 mutationis
705 3955 1109 4023 signiﬁcantia:
1156 3959 1443 4026 sequentur
1479 3957 1620 4011 enim
1660 3961 1797 4012 terre

198 4047 354 4100 motus
385 4046 682 4111 mirabilis,
719 4050 770 4102 et
801 4045 1146 4103 destruentur
1183 4049 1297 4103 loca
1325 4053 1578 4104 consueta
1601 4051 1797 4119 perdi-

201 4134 340 4204 tioni,
380 4151 479 4205 per
529 4137 827 4193 Saturnum
860 4140 911 4190 et
951 4139 1180 4192 Martem
1207 4141 1482 4192 manentes
1533 4141 1596 4192 in
1626 4141 1797 4207 signis

201 4231 362 4294 aeris;
409 4235 458 4286 et
485 4233 588 4286 erit
615 4231 920 4286 mortalitas
947 4235 998 4286 et
1023 4233 1332 4299 inﬁrmitas.
1363 4233 1605 4288 Ostendit
1637 4237 1800 4290 etiam
1833 4302 1840 4308 '

201 4318 368 4375 eadem
395 4321 700 4390 conjunctio
723 4326 938 4377 ventum
964 4323 1209 4376 ualidum
1227 4322 1596 4388 denigrantcm
1625 4340 1800 4380 aerem

202 4409 244 4458 et
276 4408 554 4466 obscurum
588 4410 916 4473 reddentem,
974 4416 1022 4464 et
1060 4413 1272 4465 venenis
1306 4413 1601 4479 infectum;
1648 4418 1694 4468 et
1737 4416 1798 4468 in

1057 357 1402 414 CHRONICA.
1443 391 1514 401 —-
1550 361 1928 418 AUCTARIUM
1975 361 2256 417 ROBERTI
2290 361 2370 415 DE
2413 361 2650 416 MONTE.

3406 362 3515 417 530

1814 496 1864 562 Α
1893 492 2059 560 libra,
2089 492 2305 561 eclipsis
2335 491 2487 554 solis,
2519 505 2628 560 qua
2668 495 2834 544 totum
2883 505 3072 558 corpus
3101 491 3218 562 ejus
3268 492 3515 548 obscura-

1893 584 2061 651 bitur,
2107 589 2157 638 et
2196 585 2529 654 oppositione
2563 583 2896 652 precedcnte,
2951 584 3080 638 luna
3118 588 3230 639 tota
3269 586 3516 655 patietur

1889 676 2165 746 eclipsim;
2205 681 2256 731 et
2293 678 2397 730 erit
2421 675 2641 744 eclipsis
2670 675 2799 728 solis
2829 676 2977 740 ignei
3002 676 3213 742 coloris,
3249 680 3298 730 et
3329 678 3513 744 defor-

1887 767 2009 830 mis,
2042 767 2320 819 ostendens
2353 764 2623 833 majorum
2669 763 2864 816 bellum
2907 763 3156 827 futurum
3201 779 3322 818 cum
3369 765 3509 833 effu-

1889 859 2036 912 sione
2059 859 2370 924 sanguinis,
2412 871 2578 925 prope
2605 857 2844 924 ﬂuvium,
2877 857 2934 907 in
2971 859 3117 909 terra
3159 858 3400 921 orientis,
3433 858 3511 910 si-

1887 949 2091 1003 militer
2127 953 2173 1002 et
2213 949 2518 1002 occidentis.
2560 949 2708 1002 Tunc
2751 947 2910 1000 cadet
2940 947 3187 1001 dubietas
3225 949 3369 1002 inter
3403 946 3506 1002 Ju-

1889 1041 2013 1096 deos
2039 1046 2084 1094 et
2114 1042 2457 1106 Sarracenos,
2501 1040 2664 1094 donec
2695 1040 3073 1108 derelinquant
3098 1042 3314 1110 penitus
3343 1055 3506 1109 syna-

1889 1149 2051 1203 gogas
2089 1138 2138 1188 ct
2177 1134 2596 1188 manummerias
2637 1148 2802 1192 suas:
2838 1137 2886 1186 et
2937 1148 3114 1187 eorum
3157 1139 3298 1188 secta
3340 1134 3502 1202 jussu

1890 1229 1987 1283 Dei
2014 1227 2477 1290 admchilabitur;
2531 1225 2674 1279 unde
2711 1225 2856 1280 vobis
2907 1231 3091 1279 notum.
3133 1228 3225 1292 sit,
3285 1230 3344 1280 ut
3382 1242 3501 1280 eum

1889 1317 2132 1387 eclipsim
2182 1317 2453 1376 vide-ritis,
2515 1332 2549 1369 a
2601 1319 2748 1369 terra
2802 1319 3009 1370 estsatis
3090 1331 3207 1370 cum
3263 1317 3502 1372 omnibus

1889 1410 2105 1463 vestris.
2139 1408 2228 1460 ⁵⁷8.

1961 1499 2119 1554 1180.
2159 1499 2476 1554 Fredericus
2515 1497 2586 1552 29
2647 1497 2951 1552 Ludovicus
2980 1497 3069 1552 43.
3123 1500 3385 1553 Henricus
3408 1499 3499 1554 27.

1965 1587 2141 1659 [1179.
2178 1586 2337 1641 Mart.
2366 1586 2440 1655 5.]
2479 1585 2546 1640 De
2575 1587 2798 1640 concilio
2829 1587 2972 1655 quod
3001 1587 3318 1641 Alemander
3355 1603 3505 1657 papa

1889 1682 2077 1735 tertius
2115 1681 2286 1734 tenuit
2341 1679 2508 1731 Rome.
2543 1677 2854 1731 Alexander
2879 1693 3020 1747 papa
3068 1678 3139 1732 Ill
3176 1679 3351 1734 tenuit
3406 1695 3502 1752 ge-

1816 1787 1862 1855 B
1889 1767 2074 1822 nerale
2105 1766 2400 1822 concilium
2434 1765 2602 1819 Rome
2641 1764 2825 1818 media
2857 1765 3302 1837 quadragesima.
3340 1767 3504 1832 Cujus

1889 1861 2129 1923 decreta,
2175 1877 2282 1932 que
2313 1859 2381 1914 ab
2417 1876 2482 1916 eo
2515 1867 2568 1914 et
2605 1861 2673 1914 ab
2715 1857 2839 1911 aliis
2870 1859 3219 1928 eoepiseOpis
3273 1861 3394 1927 ejus
3423 1859 3500 1914 ibi

1889 1952 2182 2008 constituta
2215 1958 2364 2018 sunt,
2397 1951 2542 2021 apud
2583 1966 2686 2005 nos
2719 1949 3016 2003 habentur.
3049 1949 3265 2003 )lanuel
3324 1951 3503 2020 impe-

1890 2051 2034 2098 rator
2065 2043 2704 2113 Constantinopolitanus
2733 2041 2886 2095 dedit
2927 2041 3184 2096 Rainerio
3216 2041 3328 2096 lilio
3364 2042 3502 2096 Wil-

1887 2133 2042 2190 lermi
2075 2133 2342 2204 principis
2369 2133 2567 2186 Montis
2615 2131 2819 2186 Ferrati
2854 2131 3020 2185 ﬁliam
3077 2147 3255 2196 suam,
3317 2140 3496 2185 natam

1888 2241 1953 2280 ex
1993 2225 2176 2296 priore
2205 2241 2374 2280 uxore
2406 2241 2524 2279 sua.
2559 2225 2672 2288 Que
2703 2240 2827 2278 cum
2861 2223 3091 2288 diceret,
3125 2238 3182 2276 se
3215 2239 3498 2292 nunquam

1887 2315 2051 2370 alicui
2087 2321 2404 2384 nupturam,
2437 2313 2540 2366 nisi
2575 2319 2720 2367 esset
2750 2328 2880 2365 rex:
2940 2312 3238 2380 imperator
3285 2311 3500 2365 exhila-

1888 2411 2057 2466 ratus,
2101 2402 2230 2457 fecit
2259 2417 2318 2456 se
2353 2401 2603 2456 coronari
2637 2409 2688 2454 et
2719 2417 2944 2454 uxorem
2977 2416 3126 2452 suam
3163 2405 3214 2452 et
3254 2399 3497 2454 Alexium

1889 2492 2059 2548 tilium
2101 2507 2260 2545 suum
2295 2490 2572 2558 juniorem
2616 2489 3005 2559 imperatorem
3039 2504 3158 2542 cum
3198 2504 3368 2542 uxore
3402 2505 3500 2542 sua

1889 2580 2002 2637 ﬁlia
2033 2581 2179 2654 regis
2220 2579 2568 2633 Francorum.
2613 2577 2880 2630 Similiter
2914 2576 3041 2629 fecit
3087 2577 3336 2630 coronari
3374 2576 3502 2630 Rai-

1887 2670 2100 2726 nerium
2153 2667 2326 2722 ﬁlium
2385 2666 2646 2720 marcliisi
2687 2665 2888 2719 Montis
2937 2665 3140 2718 Ferrati
3211 2680 3332 2718 cum
3391 2663 3502 2718 ﬁlia

1887 2777 2006 2826 sua,
2041 2775 2203 2830 quam
2235 2757 2282 2812 ei
2316 2756 2651 2821 dederat;et
2685 2754 2837 2808 dedit
2869 2753 2916 2807 ei
2947 2755 3212 2807 honorem
3240 2753 3505 2808 'l‘hesolo-

1888 2855 2222 2919 nicensium,
2253 2853 2346 2924 qui
2387 2859 2470 2906 est
2507 2850 2741 2905 maxima
2780 2857 3022 2919 potestas
3057 2847 3209 2917 regni
3250 2847 3336 2900 sui
3380 2856 3505 2916 post

1889 2949 2163 3005 civitatem
2193 2941 2872 3013 ConstantinOpolitanam.
2937 2939 3136 3010 [1179.]
3200 2939 3503 3004 Conradus,

1888 3044 2056 3100 frater
2079 3041 2326 3109 ejusdem
2374 3037 2634 3104 Rainerii,
2687 3035 2836 3106 cepit
2877 3044 2930 3090 et
2969 3034 3329 3089 incarceravit
3362 3034 3507 3088 Chri-

1889 3137 2127 3192 stianum
2183 3131 2660 3202 archiepisc0pum
2701 3129 3136 3200 Maguntiensem
3188 3135 3242 3180 et
3281 3126 3506 3181 cancel-

1895 3232 2086 3287 larium
2119 3227 2468 3299 imperatoris
2519 3225 2963 3279 Alemannorum.
3017 3222 3126 3276 Rex
3172 3221 3406 3286 Marroc,
3449 3221 3506 3275 in

1893 3325 2050 3394 cujus
2079 3327 2352 3393 potestate
2382 3323 2467 3373 est
2510 3325 2623 3372 tota
2657 3315 2868 3381 Affrica,
2911 3319 2964 3369 et
2995 3314 3158 3369 etiam
3198 3313 3506 3380 Sarraceni,

1895 3414 1987 3486 qui
2019 3421 2146 3467 sunt
2177 3411 2231 3464 in
2256 3407 2534 3478 Hispania,
2579 3404 2830 3460 mittebat
2867 3403 3033 3457 filiam
3067 3419 3245 3467 suam,
3273 3409 3331 3456 ut
3385 3401 3508 3472 qui-

1897 3505 2019 3559 dam
2081 3518 2172 3556 rex
2214 3502 2636 3554 Sarracenorum
2681 3496 2911 3550 duceret
2961 3509 3080 3547 eam
3151 3492 3206 3546 in
3258 3507 3506 3546 uxorem.

1895 3599 2069 3664 Quam
2110 3595 2282 3650 stolus
2313 3601 2365 3648 et
2394 3593 2546 3664 galce
2579 3591 2727 3663 regis
2748 3589 2937 3644 Sicilie
2971 3588 3304 3642 invenerunt
3329 3594 3383 3642 et
3417 3586 3512 3640 ad-

1897 3689 2173 3744 duxerunt
2199 3685 2265 3738 ad
2303 3683 2585 3737 dominum
2628 3697 2821 3744 suum;
2853 3679 3002 3732 unde
3033 3695 3126 3733 rex
3167 3679 3308 3733 lctus
3347 3677 3506 3748 paci-

1898 3776 2091 3832 ﬁcatus
2110 3781 2191 3828 est
2213 3788 2334 3827 cum
2360 3777 2512 3841 patre
2545 3768 2688 3836 ejus,
2719 3767 2810 3820 illa
2832 3766 3081 3831 reddita;
3117 3773 3172 3821 et
3217 3775 3372 3836 pater
3392 3767 3511 3834 ejus

1895 3863 2136 3920 reddidit
2164 3861 2280 3935 regi
2311 3858 2497 3914 Sicilie
2536 3857 2675 3911 duas
2705 3855 2973 3920 civitates,
3014 3855 3230 3909 scilicet
3259 3854 3507 3908 Aﬁ'ricam

1897 3967 1951 4017 et
1997 3959 2265 4024 Sibiliam,
2299 3970 2462 4028 quam
2509 3951 2793 4006 Sarraceni
2843 3950 3186 4004 abstulerant
3224 3949 3510 4006 Willermo

1899 4049 2014 4122 regi
2044 4046 2251 4112 Sicilie,
2277 4042 2416 4116 patri
2449 4041 2605 4097 istius
2635 4040 2801 4114 regis.
2831 4039 3030 4110 [1179.]
3059 4039 3166 4094 Rex
3185 4039 3512 4107 Jerusalem,

1899 4137 2160 4209 princeps
2198 4138 2418 4187 sanctus
2449 4138 2530 4201 et
2583 4130 2872 4184 honestus.
2925 4143 2955 4180 a
3014 4127 3126 4182 Deo
3179 4127 3510 4200 ﬂagellatus,

1901 4223 2030 4297 quia
2056 4222 2298 4296 ﬂagellat
2327 4221 2470 4274 Deus
2499 4234 2720 4272 omnem
2754 4215 2928 4270 ﬁlium
2961 4231 3124 4287 quem
3169 4215 3390 4285 recipit,
3421 4215 3514 4270 ad-

1895 4319 2049 4386 jutus
2093 4333 2126 4370 a
2180 4313 2580 4370 christianitate
2639 4311 3028 4378 transmarina,
3083 4311 3214 4366 fecit
3274 4319 3512 4366 castrum

1900 4407 2330 4462 munitissimum
2372 4411 2429 4458 et
2457 4409 2573 4458 arte
2605 4408 2660 4457 et
2691 4409 2882 4456 natura
2923 4417 3092 4472 super
3139 4401 3362 4454 ﬂuvium
3391 4401 3513 4456 .lor-

200 4503 338 4554 uento
372 4515 478 4556 v0.1:
517 4501 778 4557 terribilis
807 4502 1080 4570 audietur,
1113 4509 1161 4556 et
1190 4505 1410 4558 terrebit
1439 4505 1603 4558 corda
1629 4506 1798 4560 homi-
1829 4533 1876 4598 ί)
1898 4503 2118 4566 danem,
2151 4501 2297 4571 quod
2323 4506 2549 4554 vocatur
2579 4497 2787 4551 Vadum
2819 4497 3010 4560 Jacob,
3043 4496 3138 4550 ubi
3171 4497 3406 4550 luctatus
3428 4503 3514 4551 est

200 4601 339 4653 num,
383 4595 430 4644 et
468 4607 504 4646 a
532 4593 841 4659 regionibus
878 4595 1119 4648 arenosis
1175 4595 1480 4649 sabulonem
1533 4599 1793 4668 accipiet;

201 4677 402 4737 harenis
433 4686 680 4739 civitates
709 4687 998 4754 promimus
1042 4688 1102 4740 in
1129 4687 1368 4754 planicie
1411 4693 1692 4758 cooperiet,
1750 4695 1799 4744 et

198 4769 360 4835 primo
411 4773 656 4827 civitates
693 4775 1000 4838 orientales,
1055 4777 1274 4841 Mecum,
1330 4778 1532 4833 Balzlas
1597 4783 1645 4834 et
1701 4782 1802 4834 Ba-

203 4856 466 4929 biloniam,
496 4867 546 4916 et
564 4879 742 4919 omnes
763 4866 1008 4920 civitates
1029 4869 1308 4934 proximas
1326 4868 1604 4924 qu-enosis
1633 4872 1797 4935 locis;

200 4949 340 5003 nulla
367 4953 583 5020 quidem
619 4955 808 5009 evadet
835 4970 938 5025 que
973 4956 1189 5010 harenis
1235 4961 1286 5011 et
1337 4965 1484 5013 terra
1513 4975 1624 5015 non
1678 4976 1800 5030 ope-

200 5041 386 5096 riatur.
416 5047 590 5112 Signa
617 5051 801 5100 autem
829 5047 994 5116 hujus
1023 5050 1103 5101 rei
1125 5054 1251 5104 sunt
1281 5051 1370 5106 hec
1424 5057 1473 5106 et
1498 5053 1798 5120 precedent.

201 5131 312 5187 Erit
346 5137 402 5189 in
425 5137 606 5191 eodem
635 5153 778 5192 αηηο
806 5143 1096 5210 antequam
1126 5142 1342 5210 planete
1385 5145 1706 5198 conveniant
1747 5150 1802 5198 in

1895 4592 2066 4649 Jacob
2091 4607 2212 4646 cum
2237 4589 2464 4664 angelo;
2485 4589 2786 4661 jocundum
2811 4589 3105 4642 amenitate
3138 4602 3422 4642 nemorum
3456 4595 3514 4642 et

1900 4692 2180 4757 pratorum
2203 4691 2256 4738 et
2278 4683 2512 4753 piscium
2543 4690 2597 4736 et
2618 4681 3088 4744 molendinorum,
3113 4687 3169 4734 et
3201 4679 3508 4756 proytimum

1901 4775 2219 4833 civitatibus
2265 4773 2482 4828 Belinas
2523 4782 2576 4828 et
2617 4774 2829 4828 Damas.
2868 4773 2926 4826 Et
2957 4773 3084 4843 quia
3125 4771 3388 4846 Agarenis
3414 4788 3516 4844 per

1903 4873 2008 4928 hoc
2035 4871 2233 4926 vadum
2277 4869 2539 4924 transitus
2583 4875 2665 4922 est
2695 4869 2748 4921 in
2783 4876 2927 4922 terra
2959 4868 3412 4935 ehristianorum,
3447 4868 3517 4922 il-

1902 4963 1997 5018 lud
2023 4979 2184 5034 quam
2219 4962 2454 5032 plurimo
2485 4961 2614 5015 odio
2655 4960 2880 5015 habent.
2917 4960 3062 5014 Obiit
3103 4959 3369 5032 Rogerius
3401 4959 3522 5013 Wi-

1901 5051 2193 5126 gornensis
2208 5050 2504 5120 episcopus
2521 5048 2757 5103 Turonis
2789 5047 2950 5117 (607i,
2983 5049 3067 5100 vir
3087 5063 3293 5117 genere
3323 5057 3378 5102 et
3401 5063 3524 5102 mo-

1905 5144 2055 5197 ribus
2076 5144 2366 5206 honestus;
2400 5143 2676 5213 siquidem
2703 5150 2860 5213 pater
2889 5143 3010 5210 ejus
3041 5141 3314 5195 Robertus
3335 5153 3526 5195 eomes

1541 5290 1762 5345 νΑξιυΕ
1789 5289 2166 5345 LECTIONES.

267 5413 331 5490 57f
359 5417 554 5490 abhinc
585 5419 804 5474 habitus
841 5435 1031 5476 manus
1054 5421 1343 5490 paululum
1365 5426 1577 5478 tantum
1601 5429 1869 5488 mutatur,
1910 5438 2018 5477 non
2046 5421 2236 5476 manus
2271 5423 2402 5490 ipsa.
2445 5421 2501 5474 In
2535 5436 2667 5476 voce
2706 5441 2724 5469 α
2753 5419 2959 5474 exeatis
2985 5435 3107 5473 eum
3144 5441 3166 5464 η
3205 5415 3405 5470 desinit
3432 5413 3524 5469 E6.

205 5479 256 5537 in
293 5484 398 5542 fine
427 5487 568 5555 folii,
592 5491 957 5560 sequentibus
984 5479 1228 5548 omissis.

1749 5601 1956 5659 NOTAE.

271 5720 409 5794 (697)
445 5723 501 5779 Δ.
544 5725 696 5780 1179.
736 5726 1038 5782 secundum
1081 5725 1438 5785 Benedictum
1473 5730 1992 5798 Petroburgonsem.
