3858 6206
228 308 343 367 533

372 454 737 498 ROMANORUI.
887 455 1235 498 FRANCORUI.
1381 459 1692 501 Ακοιοιιυιι.

227 531 415 602 [1180]
452 531 759 586 Ludovicus
789 547 882 586 rex
949 532 1172 589 Francie
1227 551 1350 591 cum
1403 537 1844 614 incidissetgra-

224 623 517 679 vissimum
547 623 938 697 egritudinem,
999 625 1286 697 Philippus
1319 627 1509 696 junior
1573 647 1666 686 rex
1700 633 1844 690 ﬁlius

226 715 369 785 ejus,
394 715 584 771 nescio
614 730 726 786 quo
756 716 988 772 consilio
1015 717 1231 785 ductus,
1251 731 1596 778 sacramento
1617 740 1677 779 se
1703 724 1840 780 obli-

221 802 394 875 gavit,
423 804 573 875 quod
613 804 843 859 duceret
881 804 1005 861 loco
1049 812 1103 861 et
1168 814 1415 880 tempore
1472 809 1638 866 ﬁliam
1695 813 1840 884 (705)

225 893 483 947 Balduini
512 894 731 949 comitis
763 894 1166 952 Henacensium
1199 899 1255 953 in
1289 915 1538 968 uxorem,
1567 913 1748 960 natam
1776 923 1842 962 ex

226 998 422 1038 sorore
471 984 694 1039 comitis
743 985 1184 1054 Flandrensium;
1218 997 1271 1044 et
1313 989 1429 1060 ipse
1472 1007 1660 1048 comes
1708 1011 1838 1051 con-

225 1071 391 1126 cessit
429 1073 504 1141 ei,
535 1073 685 1144 quod
717 1082 838 1145 post
867 1083 1096 1131 mortem
1138 1093 1294 1132 suam
1322 1079 1551 1135 haberet
1591 1083 1645 1136 in
1680 1082 1842 1138 here-

225 1160 454 1214 ditatem
477 1162 796 1216 comitatum
825 1163 1242 1232 Flandrensem,
1286 1169 1536 1239 quamvis
1565 1170 1708 1226 idem
1748 1189 1844 1229 co-

224 1264 344 1304 mes
374 1251 607 1306 haberet
637 1253 908 1309 masculos
955 1256 1191 1312 heredes
1251 1259 1322 1314 de
1380 1261 1627 1331 predicta
1655 1279 1841 1322 sorore

223 1341 513 1397 comitissa
544 1342 870 1399 llenacensi.
902 1346 966 1400 Et
992 1347 1097 1402 hoc
1127 1348 1259 1405 fecit
1289 1350 1432 1406 idem
1458 1368 1548 1407 rex
1580 1354 1700 1410 sine
1714 1372 1844 1411 con-

218 1429 346 1486 silio
388 1432 581 1506 regine
630 1435 820 1490 matris
869 1451 968 1491 sue
1025 1444 1079 1492 et
1128 1440 1524 1496 avunculorum
1591 1459 1838 1510 suorum,

1101 310 1450 370 CHRONICA.
1494 343 1562 355 —
1600 314 1984 373 AUCTARIUM
2030 316 2313 374 ROBERTI
2352 319 2435 375 DE
2472 320 2718 379 MONTE.

3468 332 3576 388 531

1862 447 2343 519 Asolimitanum,
2377 449 2423 504 si
2480 449 2699 518 vixerit,
2739 453 2918 524 [1180,
2967 456 3096 528 Sep.
3156 459 3244 532 18]
3297 459 3445 518 Obiit
3470 461 3576 519 Lu-

1946 541 2177 596 dovicus
2234 559 2330 597 rex
2391 543 2744 611 Francorum,
2801 547 2886 602 vir
2941 550 3237 624 religiosus
3284 560 3339 609 et
3375 555 3576 612 timens

1947 629 2136 696 Deum,
2203 637 2258 686 et
2316 632 2569 702 sepultus
2653 639 2738 688 est
2801 633 2856 688 in
2939 639 3178 707 quodam
3235 644 3571 700 monasterio

1946 720 2322 777 Cisterciensis
2372 723 2582 778 ordinis
2637 725 2807 796 (707),
2894 728 3042 798 quod
3099 730 3217 800 ipse
3280 732 3573 790 ediﬁcave-

1945 816 2044 864 rat.
2077 808 2172 864 Cui
2204 811 2472 866 successit
2528 810 2678 867 ﬁlius
2745 813 2865 882 ejus
2921 814 3208 887 Philippus
3283 818 3424 874 sicut
3458 821 3571 890 jam

1943 913 2111 966 supra
2136 897 2393 952 diximus.
2452 899 2760 956 Gaufredus
2811 900 2958 957 ﬁlius
3026 905 3291 960 naturalis
3345 907 3564 964 llenrici

1944 988 2090 1060 regis
2151 989 2446 1063 Anglorum
2498 991 2754 1057 senioris,
2827 993 3016 1049 relicta
3067 995 3302 1051 ecclesia
3369 998 3564 1055 Linco-

1942 1075 2131 1142 liensi,
2160 1077 2226 1130 ad
2255 1093 2417 1148 quam
2451 1078 2660 1134 electus
2712 1080 2912 1149 fuerat,
2968 1082 3142 1138 factus
3180 1093 3264 1141 est
3290 1087 3567 1143 cancella-

1945 1169 2057 1224 rius
2086 1170 2230 1246 regis
2257 1172 2426 1241 patris
2443 1174 2552 1227 sui.
2595 1174 2772 1246 [1180]
2843 1175 2989 1231 Obiit
3015 1176 3233 1234 Manuel
3266 1181 3566 1251 imperator

1945 1260 2608 1334 Constantinopolitanus,
2655 1275 2712 1321 et
2767 1268 3033 1323 successit
3071 1269 3121 1323 ei
3169 1271 3388 1326 Alexius
3417 1273 3566 1329 ﬁlius

1943 1355 2088 1426 ejus,
2123 1365 2285 1413 natus
2308 1375 2375 1412 ex
2414 1374 2604 1414 sorore
2625 1359 2919 1416 Raimundi
2947 1362 3214 1432 principis
3254 1365 3564 1422 Antiochie.

1943 1443 2044 1500 llic
2070 1445 2227 1501 duxit
2257 1447 2424 1502 ﬁliam
2468 1447 2727 1504 Ludovici
2777 1450 2923 1523 regis
2971 1451 3324 1508 Francorum.
3354 1454 3570 1510 Mansa-

216 1525 493 1582 Willermi
551 1526 840 1582 Remensis
879 1530 1304 1604 archiepiscOpi,
1371 1535 1591 1592 llenrici
1634 1539 1850 1593 comitis
1953 1555 2075 1594 muz
2105 1556 2198 1594 rex
2229 1541 2683 1611 lllalsamilorum,
2733 1544 2828 1614 qui
2876 1544 2992 1600 fere
3039 1546 3356 1602 dominatur
3404 1549 3570 1604 totius

217 1614 826 1714 'Precensis,Teobaldi
877 1619 1230 1714 Larnotensis
1303 1623 1570 1694 Stephani
1614 1625 1862 1682 Sancer-.
1951 1633 2167 1699 Aﬂrice,
2231 1634 2551 1690 reediﬁcare
2632 1637 2782 1708 cepit
2849 1637 3197 1713 Cartaginem
3260 1643 3567 1714 antiquam,

223 1703 450 1774 riensis,
473 1714 528 1761 et
582 1705 815 1762 aliorum
870 1708 1171 1764 amicorum
1223 1727 1471 1767 suorum.
1531 1714 1687 1770 Unde
1764 1717 1846 1774 illi
1882 1725 2170 1802 “adjutus
2193 1726 2262 1780 ab
2303 1726 2563 1782 omnibus
2627 1727 2912 1801 Agarenis,
2941 1731 3033 1802 qui
3066 1737 3263 1787 terram
3291 1732 3442 1788 illam
3471 1735 3567 1790 in-

219 1797 485 1852 commoti
515 1798 887 1870 requisierunt
912 1802 1171 1856 auxilium
1207 1803 1422 1859 llenrici
1459 1806 1603 1879 regis
1634 1808 1838 1882 Anglo-

1951 1820 2156 1876 colunt.
2187 1819 2329 1876 Obiit
2371 1822 2682 1878 Solimanus
2743 1823 2936 1890 lconii,
2996 1827 3090 1897 qui
3147 1827 3382 1882 multum
3428 1830 3570 1884 chri-

220 1901 341 1941 Γυῐη
367 1886 626 1949 senioris,
655 1896 845 1944 contra
867 1899 1129 1960 Περοῑθηι
1155 1907 1315 1946 suum
1335 1894 1612 1962 iuniorem
1648 1913 1834 1970 regem
1930 1909 2141 1965 stianos
2175 1910 2442 1983 diligebat
2471 1917 2526 1965 et
2550 1912 2723 1966 multa
2773 1912 2920 1968 bona
2974 1886 3056 1969 eis
3085 1913 3325 1972 faciebat
3356 1924 3410 1972 et
3439 1933 3568 1974 suc-

218 1981 556 2037 Francorum
585 1981 925 2054 Philippum.
987 1985 1290 2041 Balduinus
1317 1987 1492 2043 abbas
1523 1989 1834 2060 Fordensis,

221 2073 600 2130 Cisterciensis
657 2076 870 2132 ordinis
907 2079 1235 2146 monachus,
1301 2097 1499 2156 magne
1530 2082 1837 2158 relligionis

217 2173 272 2222 et
297 2167 611 2223 Iitterature
638 2168 827 2235 homo,
851 2169 1063 2226 electus
1115 2180 1200 2227 est
1238 2173 1305 2227 ad
1337 2175 1714 2246 episcOpatum
1746 2177 1836 2232 Vi-

211 2255 590 2329 geruiensem.
622 2256 765 2313 Obiit
817 2259 1085 2316 Robertus
1140 2261 1312 2316 abbas
1360 2262 1655 2320 Glastonie.
1690 2265 1835 2320 Obiit

215 2345 384 2401 etiam
410 2345 691 2401 Johannes
721 2347 1016 2420 episcopus
1067 2349 1441 2419 Cicestrensis,
1499 2353 1587 2408 cui
1617 2370 1836 2409 succes-

213 2433 286 2489 sit
312 2435 563 2490 Sefridus
599 2438 939 2494 canonichus
958 2439 1206 2508 ejusdem
1240 2442 1494 2498 ecclesie.

285 2525 424 2580 Ante
464 2527 667 2597 pascha
716 2527 1081 2584 transfretavit
1137 2545 1230 2585 rex
1273 2529 1538 2586 Henricus
1557 2533 1746 2589 senior
1775 2534 1833 2590 in

215 2616 632 2683 hormanniam,
672 2625 728 2672 et
782 2619 960 2674 tenuit
1003 2618 1211 2674 curiam
1251 2635 1403 2674 suam
1456 2621 1512 2676 in
1541 2621 1833 2679 festivitate

216 2705 421 2775 pasche
476 2705 859 2761 Cenomannis.
913 2707 1077 2771 ,Obiit
1133 2708 1450 2765 Willermus
1501 2711 1673 2766 abbas
1731 2713 1832 2768 Ca-

213 2797 343 2852 dum
387 2796 536 2867 (706)
569 2815 584 2862 ;
626 2807 681 2852 et
717 2799 983 2854 successit
1039 2801 1090 2856 ei
1129 2801 1320 2857 Petrus
1354 2803 1606 2872 sacrista,
1639 2819 1834 2860 mona-

213 2890 351 2945 chus
381 2889 631 2958 ejusdem
658 2890 784 2946 loci.
823 2891 1021 2964 [1180.]
1060 2893 1118 2947 ln
1150 2893 1241 2949 die
1271 2895 1616 2952 ascensionis
1647 2897 1829 2953 domi-

213 2982 336 3037 nice
369 2981 657 3053 Philippus
698 2983 889 3051 junior
941 3001 1034 3040 rex
1075 2985 1406 3041 Francorum
1466 2987 1596 3043 fecit
1620 3003 1824 3044 conse-

214 3073 352 3128 crari
381 3073 439 3127 in
467 3073 710 3148 reginam
780 3091 1005 3132 uxorem
1056 3092 1230 3143 suam,
1274 3085 1330 3132 et
1414 3079 1662 3142 coronati
1701 3087 1828 3135 sunt

220 3169 338 3240 ipse
360 3176 419 3223 et
447 3169 567 3240 ipsa
595 3169 665 3224 ab
696 3171 1116 3243 archiepiscopo
1176 3174 1506 3241 Senonensi,
1537 3174 1686 3229 unde
1716 3192 1836 3231 ma-

212 3259 299 3334 gis
325 3259 498 3315 iratus
525 3267 609 3314 est
633 3261 1084 3332 archiepiscopus
1131 3263 1440 3331 Remensis,
1462 3264 1558 3336 qui
1610 3281 1838 3321 corona-

214 3351 292 3406 vit
320 3367 450 3406 eum
477 3351 535 3406 in
556 3367 761 3425 regem.
824 3352 969 3408 Obiit
997 3353 1270 3410 Guarinus
1296 3356 1364 3411 de
1392 3356 1620 3412 Girardo
1650 3358 1836 3413 archi-

218 3444 523 3515 episcopus
553 3444 933 3512 Bituricensis,
967 3447 1060 3518 qui
1101 3448 1256 3518 prius
1285 3448 1462 3505 fuerat
1487 3450 1661 3504 abbas
1695 3451 1837 3506 Pon-

215 3533 558 3589 tiniacensis.
593 3533 770 3606 [1181]
822 3535 967 3590 Obiit
990 3536 1272 3592 Johannes
1300 3538 1598 3610 episcopus
1630 3539 1835 3594 Carno-

1933 1998 2100 2053 cessit
2131 1999 2181 2052 ei
2214 1997 2379 2054 frater
2409 1999 2530 2067 ejus
2554 2000 2648 2055 6³³.

2006 2089 2080 2140 De
2107 2087 2348 2149 muliere,
2381 2103 2484 2157 que
2512 2089 2659 2154 feria
2721 2092 2920 2158 quarta
2975 2093 3209 2144 moritur
3252 2095 3303 2146 et
3335 2093 3563 2150 sabbato

1933 2183 2182 2249 resurgit.
2228 2181 2349 2236 Erat
2387 2182 2609 2253 quidam
2632 2183 2888 2252 predives
2919 2184 3213 2257 burgensis
3239 2186 3298 2241 in
3323 2187 3443 2243 loco
3463 2189 3558 2260 qui

1936 2269 2138 2324 dicitur
2175 2269 2321 2324 Roca
2345 2271 2615 2325 Amatoris
2657 2271 2826 2341 (708).
2859 2273 2898 2324 A
2926 2289 3035 2343 quo
3090 2275 3348 2330 monachi
3381 2279 3562 2333 eccle-

1935 2358 2017 2412 sie
2065 2365 2253 2413 sancte
2284 2358 2448 2413 Marie
2489 2370 2543 2414 et
2588 2361 2768 2414 Sancti
2801 2361 3072 2415 Amatoris
3103 2369 3295 2418 mutuo
3326 2381 3560 2437 accepe-

1939 2457 2060 2504 rant
2089 2450 2402 2520 pecuniam,
2437 2450 2719 2506 tradentes
2761 2451 2837 2505 illi
2873 2451 2924 2504 in
2967 2453 3086 2506 loco
3120 2453 3366 2527 pignoris
3394 2457 3562 2512 corti-

1937 2551 2035 2591 nas
2077 2537 2250 2607 ipsius
2278 2537 2531 2592 ecclesie.
2554 2538 2878 2593 lmminente
2895 2547 3077 2594 autem
3109 2540 3250 2598 festo
3266 2543 3558 2616 genitricis

1934 2628 2030 2684 Dei
2061 2628 2362 2701 etvirginis
2401 2629 2587 2694 Marie,
2650 2641 2979 2704 rogaverunt
3031 2632 3261 2702 predicti
3301 2636 3558 2691 monachi

1936 2724 2288 2797 burgenscm,
2326 2732 2382 2779 ut
2415 2741 2552 2796 quas
2610 2733 2744 2796 aput
2794 2742 2854 2781 se
2912 2726 3148 2783 habebat
3195 2729 3455 2797 cortinas,
3487 2731 3556 2786 ad

1935 2819 2309 2873 adornandum
2352 2819 2668 2884 ecclesiam,
2698 2829 2850 2875 tante
2881 2821 3310 2892 sollempnitatis
3337 2823 3554 2893 expleto

1935 2909 2179 2980 tripudio
2211 2909 2260 2964 ei
2297 2910 3160 2969 restituendas.accommodaret.
3186 2913 3281 2968 llle
3312 2928 3439 2970 vero
3455 2931 3558 2970 au-

1936 3017 2046 3056 rem
2067 3001 2251 3056 cordis
2302 3002 2512 3056 habens
2564 3001 2896 3069 obturatum,
2938 3003 3088 3058 nulla
3127 3004 3354 3076 quidem
3387 3022 3553 3076 prece

1932 3087 2104 3145 ﬂexus
2133 3098 2216 3144 est
2248 3107 2262 3153 ;
2295 3091 2393 3144 sed
2448 3107 2774 3162 responsum
2825 3092 2906 3147 eis
2951 3108 3074 3147 cum
3135 3099 3350 3149 tumore
3383 3095 3555 3151 animi

1937 3181 2109 3248 dedit,
2142 3181 2333 3236 dicens
2362 3182 2511 3254 quod
2569 3189 2758 3238 essent
2804 3184 3015 3239 cortine
3050 3184 3142 3239 ille
3173 3184 3320 3240 circa
3352 3186 3553 3242 lectum

1937 3272 2191 3347 conjugis
2220 3289 2341 3338 sue,
2386 3289 2495 3346 que
2549 3289 2728 3345 nuper
2756 3274 2806 3329 ei
2847 3291 3078 3346 puerum
3114 3286 3421 3347 pepererat.
3455 3293 3559 3333 nec

1937 3361 2288 3432 aliquatenus
2344 3360 2476 3416 inde
2523 3371 2750 3433 possent
2805 3363 3072 3419 amoveri.
3125 3363 3266 3428 Quid
3320 3364 3493 3422 multa
3525 3365 3554 3418 7

1937 3455 2172 3510 Transiit
2224 3455 2395 3510 festus
2434 3455 2574 3520 dies,
2607 3463 2660 3510 et
2723 3457 2956 3512 ecclesia
3014 3457 3226 3527 prolata
3292 3464 3545 3514 ornatum

1937 3563 2095 3601 suum
2161 3545 2467 3600 festivalem
2516 3562 2628 3601 non
2687 3548 2899 3602 habuit.
2935 3547 3202 3620 Sequenti
3233 3563 3365 3603 vero
3395 3558 3556 3605 nocte

217 3626 413 3692 tensis,
465 3625 558 3698 qui
627 3626 918 3698 descripsit
1007 3629 1324 3700 passionem
1425 3631 1574 3686 beati
1629 3632 1836 3687 Thome
1938 3635 2095 3688 beata
2126 3633 2289 3688 Marie
2318 3640 2491 3688 mater
2529 3634 2747 3689 Domini
2783 3636 2952 3690 nostri
2983 3636 3239 3704 apparuit
3294 3635 3350 3690 in
3408 3652 3556 3692 som-

217 3714 1042 3788 CantuariensisarchiepiscOpi
1069 3724 1122 3772 et
1154 3719 1406 3789 martyris
1437 3736 1451 3782 ;
1481 3718 1658 3777 fuerat
1680 3720 1829 3774 enim
1931 3723 2056 3794 pnis
2082 3723 2234 3778 uxori
2259 3722 2487 3793 predicti
2533 3721 2850 3793 burgensis,
2916 3730 2972 3778 et
3009 3723 3147 3778 dixit
3177 3723 3229 3778 ei
3261 3740 3275 3778 :
3309 3727 3403 3780 Vir
3431 3729 3556 3781 tuus

213 3828 340 3867 cum
366 3827 435 3867 eo
464 3818 820 3868 conversatus
857 3812 914 3867 in
973 3812 1137 3868 exilio
1181 3812 1268 3867 ⁶⁸⁰.
1329 3811 1638 3869 Teobaldus
1679 3815 1830 3884 prior
1929 3812 2137 3880 grande
2180 3815 2455 3882 peccatum
2508 3814 2790 3878 commisit,
2859 3828 2950 3867 nec
2996 3815 3197 3882 poterit
3251 3814 3550 3882 impietatis

214 3902 470 3973 Crispeii,
528 3902 830 3957 monachus
892 3901 1290 3970 Cluniacensis,
1356 3902 1622 3958 successit
1677 3904 1830 3959 Guil-
1931 3919 2173 3958 excessus
2201 3904 2503 3974 derelinqui
2555 3905 2874 3972 impunitus.
2937 3905 3125 3958 Tercia
3170 3905 3312 3958 enim
3348 3904 3436 3957 die
3464 3905 3556 3960 in-

215 3996 391 4051 lermo
417 3994 602 4049 abbati
634 3994 1000 4050 Cluniacensi.
1036 3994 1182 4050 Obiit
1223 3995 1594 4069 lngerrannus
1621 3996 1689 4051 de
1723 3997 1831 4051 Hu-
1930 3997 2059 4062 fans
2090 3999 2210 4049 tuus
2264 3997 2517 4065 spiritum
2582 3995 2847 4061 exalabit,
2888 3998 2938 4048 et
2993 3995 3081 4047 vir
3134 3997 3258 4048 tuus
3314 3993 3558 4048 debitum

216 4093 350 4150 met,
392 4083 540 4138 ﬁlius
579 4082 831 4138 Richardi
878 4083 946 4139 de
979 4083 1175 4139 Humet
1209 4102 1224 4151 ;
1258 4085 1348 4140 cui
1392 4087 1661 4140 successit
1685 4085 1832 4142 ﬁlius
1931 4091 2099 4143 morti
2123 4089 2326 4143 solvens
2348 4089 2407 4142 in
2427 4087 2516 4142 die
2563 4092 2753 4142 octava
2789 4087 3018 4142 mutabit
3049 4087 3188 4140 hanc
3213 4088 3556 4155 temporalem

219 4177 341 4248 ejus
373 4175 698 4243 Richardus,
757 4183 919 4232 natus
949 4191 1014 4231 ex
1071 4176 1184 4232 ﬁlia
1223 4176 1508 4233 Guillermi
1551 4178 1619 4233 de
1652 4178 1840 4234 Simil-
1937 4185 2250 4252 felicitatem
2269 4185 2554 4252 suppliciis
2586 4185 2780 4237 eternis
2806 4201 2823 4248 ;
2847 4182 3558 4250 tuautemproﬁcisccrisad

222 4273 331 4328 leio
361 4273 452 4326 ⁵³1.
496 4271 639 4328 Obiit
665 4272 750 4328 vir
780 4273 1130 4350 plangendus
1152 4274 1470 4329 carissimus
1502 4291 1659 4331 meus
1692 4276 1836 4330 Gau-
1939 4274 2214 4327 ecclesiam
2242 4287 2413 4325 meam
2440 4287 2542 4340 que
2565 4274 2642 4326 est
2673 4273 2734 4323 in
2760 4273 2986 4325 Betleem
3076 4275 3125 4325 et
3154 4271 3449 4339 conspectis
3477 4271 3558 4324 ibi

220 4359 409 4416 fredus
456 4361 528 4415 de
578 4361 759 4416 Monte
806 4362 948 4416 Forti
998 4361 1056 4416 in
1113 4362 1412 4429 Britannia,
1464 4362 1552 4418 cui
1619 4379 1836 4419 succes-
1869 4412 1917 4434 η
1941 4367 2112 4419 tribus
2138 4365 2417 4430 sepulcris,
2458 4379 2684 4434 quorum
2740 4364 2959 4434 quidem
2988 4365 3092 4418 duo
3121 4369 3361 4418 extrema
3384 4378 3558 4418 vacua

219 4412 894 4520 ﬁli—usnejusrnatus
941 4468 1007 4508 ex
1059 4451 1172 4507 ﬁlia
1231 4412 1498 4508 Rualebdi
1563 4453 1630 4508 de
1686 4452 1831 4508 Saie.
1868 4412 1920 4479 υ
1937 4475 2044 4514 non
2072 4412 2222 4520 sunt:
2247 4412 2485 4512 τηραξιὶηίι
2532 4458 2635 4511 tibi
2671 4412 2831 4525 eliges
2859 4459 2917 4511 in
2945 4457 3556 4527 sepulchrum.Interim

223 4543 334 4598 Rex
396 4541 879 4598 JerOSolimitanus
966 4544 1266 4598 Balduinus
1361 4543 1514 4599 dedit
1588 4557 1835 4599 sororem
1938 4557 2297 4623 omniquarta
2325 4553 2470 4620 feria
2498 4555 2643 4606 circa
2691 4553 2877 4606 horam
2930 4568 3130 4606 nonam
3170 4552 3380 4620 deﬁciet
3415 4553 3477 4605 in
3505 4555 3555 4606 tc

220 4656 374 4696 suam
395 4639 613 4695 cuidam
647 4640 858 4711 Optimo
907 4641 1089 4705 militi,
1150 4640 1298 4696 fratri
1333 4640 1588 4696 Gaufredi
1639 4642 1707 4697 de
1748 4641 1836 4696 Li-
1936 4644 2166 4712 spiritus
2195 4647 2338 4707 tuus,
2370 4647 2419 4696 et
2456 4642 2700 4696 decurret
2727 4642 2795 4696 ab
2851 4657 2940 4695 ore
2965 4647 3052 4696 tuo
3079 4648 3124 4694 et
3162 4640 3390 4695 naribus
3421 4655 3551 4695 san-

219 4746 440 4785 zenum.
469 4746 634 4800 quam
663 4731 815 4801 prius
848 4730 1117 4785 habuerat
1166 4731 1480 4786 Willermus
1520 4731 1666 4785 ﬁlius
1688 4747 1836 4785 mar-
1937 4734 2059 4798 guis
2088 4731 2311 4795 multus,
2340 4734 2388 4784 et
2413 4744 2579 4799 usque
2607 4729 2680 4784 ad
2707 4731 2891 4784 horam
2922 4745 3118 4784 nonam
3143 4729 3359 4784 sabbati
3381 4729 3555 4784 veluti

219 4819 358 4873 chisi
389 4819 461 4873 de
500 4818 682 4874 Monte
705 4819 925 4875 Ferrato
957 4838 970 4886 ;
1003 4836 1068 4875 ex
1109 4837 1216 4893 qua
1247 4821 1494 4891 suscepit
1522 4819 1717 4886 ﬁlium,
1741 4820 1836 4891 qui
1938 4826 2152 4877 mortua
2177 4822 2546 4891 permanebis;
2609 4821 2832 4876 sabbato
2880 4824 3014 4878 hora
3041 4836 3186 4876 nona
3237 4821 3441 4890 spiritu
3469 4834 3554 4873 re-

220 4917 471 4967 servatur
500 4917 554 4966 et
575 4912 814 4967 nutritur
842 4912 910 4967 ad
963 4912 1383 4984 suscipiendum
1418 4928 1648 4987 regnum
1679 4911 1837 4967 Jero-
1939 4913 2122 4968 deuntc
2152 4913 2308 4968 duces
2346 4918 2602 4983 utrasque
2627 4928 2819 4968 manus
2881 4917 3006 4968 tuas
3034 4929 3132 4983 per
3158 4914 3355 4980 faciem
3379 4915 3554 4975 tuam,

1576 5011 1795 5065 VARIA'I
1827 5010 2204 5067 LECTIONES.

224 5107 629 5190 archiepiscopi
657 5108 746 5174 16,
769 5109 815 5190 3_
854 5109 994 5190 Non.
1018 5110 1214 5190 Martii,
1238 5110 1622 5190 dedicata_es_t
1677 5110 1912 5190 ecclesia
1958 5121 2146 5190 sancte
2208 5110 2370 5190 Mario
2413 5110 2483 5164 de
2529 5109 2690 5190 ξΙοιοἶ
2723 5111 2828 5166 sita
2868 5110 2923 5164 in
2959 5109 3236 5190 territorio
3263 5109 3559 5190 Rothoma-

227 5179 492 5262 genii:'i_n
527 5179 738 5262 honore
760 5180 1017 5262 ejusdem
1060 5182 1347 5262 genitricis
1363 5182 1452 5262 Dei
1477 5182 1666 5262 blarie,
1697 5181 1938 5262 adonno
1980 5183 2214 5262 Henrico
2252 5181 2554 5262 -Bajocen_si
2602 5182 2893 5262 episc0p_o,
2941 5180 3326 5262 assistentibus
3343 5180 3563 5261 episco-

229 5250 310 5320 pis
338 5250 614 5326 Richardo
645 5251 983 5326 Abrincensi
1010 5250 1360 5326 et"_llai_naldo
1409 5251 1784 5318 Bathoniensi,
1820 5259 2029 5308 astante
2069 5253 2442 5326 illustrigrege
2486 5250 3060 5326 Anglorumi‘llenrico,
3087 5251 3360 5326 Mathildis
3382 5250 3559 5326 impe-

234 5320 793 5403 ratricisnﬁl‘iotanno
831 5324 986 5398 regni
1021 5323 1104 5378 sui
1124 5323 1224 5403 3'7.
1284 5324 1740 5403 53°_atrameutum
1796 5329 2040 5403 mutatur
2079 5329 2151 5403 in.
2199 5326 2233 5378 Ε
2278 5325 2351 5403 ξε).
2378 5320 2450 5378 ’ἱη
2504 5320 2705 5403 rasura
2763 5325 2832 5360 ⁸³³
2883 5326 3183 5403 Post
3220 5322 3379 5403 ante
3412 5320 3565 5400 linea:

228 5409 414 5465 grasaz.
443 5392 590 5447 Obiit
623 5392 1100 5450 Henricus’comes
1124 5395 1432 5452 Trecensis.
1478 5403 1533 5451 et
1576 5396 1839 5451 successit
1889 5395 1941 5449 ei
1990 5395 2256 5450 Henricus
2278 5394 2428 5448 ﬁlius
2469 5394 2610 5462 ejus,
2661 5402 2823 5451 natus
2864 5412 2930 5451 ex
2982 5395 3095 5450 ﬁlia
3125 5392 3381 5449 Ludovici
3417 5392 3565 5465 regis

230 5462 560 5520 Francorum
594 5465 753 5519 addit
775 5465 870 5520 7b.
3367 5503 3371 5509 .

1797 5535 2006 5593 NOTAE.

297 5642 443 5710 (705)
471 5641 864 5696 Elisabetham.

301 5712 445 5784 (706)
477 5713 540 5784 A.
578 5713 719 5769 1179
750 5713 1058 5770 secundum
1121 5714 1421 5770 chronicon
1486 5715 1668 5771 Sancti
1719 5715 1839 5770 Ste-

235 5783 398 5852 phani
434 5783 816 5841 Cadomensis.

2021 5639 2164 5708 (707)
2198 5638 2415 5706 Barbel,
2448 5639 2517 5710 ad
2547 5638 2880 5710 Sequanam.

2023 5711 2166 5781 (708)
2195 5709 2632 5768 Rochamadour.
