3858 6206
425 338 529 394 535

562 469 916 525 nonnonuu.
1064 478 1405 519 rnmconuu.
1579 474 1882 515 ANGLORUM.

1064 478 1339 519 FRANCORU
1348 480 1381 517 Μ
1393 503 1405 517 .

422 564 472 614 et
500 559 750 613 continuo
786 557 1057 615 pristinus
1085 554 1227 607 color
1278 557 1327 606 et
1382 552 1652 619 fortitudo
1690 552 1748 603 in
1776 555 1821 603 te
1845 563 2050 601 ramea-

424 650 569 701 bunt.
606 645 917 699 Hectocuta
959 649 1043 697 est
1091 642 1252 697 beata
1300 641 1483 705 Maria,
1532 651 1588 693 et
1618 637 1897 693 abscessit.
1930 634 2049 690 Mu-

426 737 530 793 lier
578 750 710 791 vero
743 749 839 806 pre
857 735 1053 789 timore
1084 733 1298 788 turbata
1324 731 1627 805 evigilavit,
1659 736 1712 783 et
1756 728 2045 782 ruminans

422 829 739 900 sompnium
765 844 947 893 suum,
980 843 1102 881 cum
1147 842 1344 900 magna
1365 822 1741 879 sollicitudine
1766 822 1901 876 illud
1921 836 2041 875 me-

422 921 597 978 morie
624 920 1050 977 commendavit.
1073 918 1314 972 Crastina
1344 926 1527 971 autem
1550 916 1906 969 illucescente
1921 913 2032 977 die,

421 1006 1261 1081 cepitsomniumsuumconjugi
1277 1021 1377 1060 suo
1402 1002 1765 1073 perbrdinem
1788 1017 2027 1055 narrare.

420 1101 582 1157 Miser
605 1100 957 1156 sermonibus
978 1100 1096 1168 ejus
1118 1113 1227 1152 non
1254 1096 1505 1151 adhibuit
1528 1095 1711 1163 ﬁdem,
1747 1110 1847 1148 nec
1865 1094 2025 1148 etiam

420 1210 541 1248 cum
572 1194 783 1247 videret
808 1193 1058 1263 spiritum
1092 1189 1331 1245 deﬁcere
1383 1190 1437 1243 in
1481 1202 1673 1257 puero,
1708 1187 1777 1241 de
1811 1186 2026 1261 agenda

421 1285 725 1355 penitentia
754 1284 1050 1358 cogitatum
1082 1282 1291 1347 habuit,
1324 1281 1419 1336 sed
1439 1288 1615 1335 morte
1653 1288 1950 1350 preventus
1975 1278 2028 1331 in

418 1372 507 1427 die
536 1381 724 1429 octava
746 1373 897 1441 juxta
915 1367 1662 1443 preostensamvisionem,in
1694 1366 2026 1436 supplicium

417 1464 605 1533 lapsus
632 1468 715 1517 est
742 1459 1070 1535 gehennale.
1139 1458 1490 1513 Perturbatur
1543 1456 1742 1509 mulier
1781 1456 1835 1509 in
1866 1455 2032 1508 alter-

417 1558 592 1614 utrius
618 1572 773 1623 nece,
798 1564 854 1611 et
875 1555 1061 1611 omnia
1086 1553 1226 1607 sicut
1256 1568 1354 1623 per
1381 1550 1694 1620 sompnium
1724 1557 2023 1603 monstrata

418 1646 656 1712 fuerant,
692 1645 749 1699 in
806 1660 863 1699 se
923 1641 1317 1697 nichilominus
1380 1638 1696 1710 intelligens
1734 1637 2019 1700 accidisse,

1648 322 1989 381 SlUEBEItTl
2032 322 2537 379 GEMBLACENSIS.

3628 342 3717 398 536

2056 459 2103 525 Α
2134 454 2514 525 episcopatum
2531 453 2944 510 Carnotensem.
2969 454 3116 513 Obiit
3142 456 3409 516 Henricus
3433 477 3606 521 comes
3618 468 3721 524 Tre-

2152 547 2337 602 censis
2365 548 2531 618 {7H),
2554 553 2607 600 ct
2635 546 2905 602 successit
2949 546 3000 602 ei
3032 548 3299 606 Henricus
3325 549 3466 608 ﬁlius
3485 556 3610 624 ejus,
3642 572 3721 614 na'

2149 646 2315 694 tusex
2341 640 2453 695 ﬁlia
2489 638 2749 694 Ludovici
2804 638 2952 711 regis
3007 639 3358 709 Francorum,
3393 645 3530 702 Obiit
3557 649 3717 707 Simon

2145 750 2332 790 comes
2370 733 2737 789 Ebroicensis.
2757 739 2812 788 et
2840 734 3111 789 successit
3143 734 3193 788 ei
3217 735 3274 790 in
3298 737 3543 795 comitatu
3566 742 3719 799 Ebroi-

2142 825 2292 879 censi
2326 825 2378 878 in
2408 823 2743 879 Normannia
2777 823 3079 879 Amalricus
3132 824 3280 881 ﬁlius
3300 828 3438 896 ejus.
3471 829 3611 886 Circa
3640 851 3718 903 pa-

2136 917 2268 970 scha
2305 916 2528 970 Alienor
2577 913 2686 969 ﬁlia
2714 915 2861 988 regis
2917 915 3238 990 Anglorum,
3280 934 3419 973 uxor
3437 919 3715 979 Anfulsire-

2133 1008 2217 1079 gis
2238 1008 2305 1063 de
2329 1008 2578 1072 Castella,
2612 1010 2827 1077 peperit
2868 1005 3065 1077 ﬁlium,
3117 1014 3171 1063 et
3226 1020 3452 1066 vocatus
3477 1024 3553 1068 est
3594 1014 3715 1070 Sen-

2131 1098 2286 1152 chius
2317 1118 2332 1161 ;
2364 1104 2655 1168 pepererat
2693 1097 2857 1151 etiam
2881 1104 3008 1151 ante
3040 1096 3208 1153 ﬁliam
3251 1115 3435 1156 unam.
3470 1102 3705 1159 Priorissa

2128 1190 2197 1243 de
2221 1191 2387 1245 Fonte
2413 1191 2589 1244 sancti
2636 1189 2851 1243 Martini
2897 1189 3067 1259 (712),
3137 1192 3342 1247 mulier
3379 1194 3638 1268 relligiosa
3662 1205 3706 1253 et

2130 1283 2313 1357 magni
2353 1282 2598 1357 generis,
2630 1288 2820 1352 utpote
2869 1297 3026 1337 soror
3072 1282 3292 1339 abbatis
3341 1285 3606 1361 Savignei,
3632 1291 3709 1361 qui

2131 1374 2231 1427 fuit
2282 1390 2457 1443 nepos
2496 1372 2738 1427 Simonis
2771 1373 2992 1427 comitis
3028 1374 3403 1440 Ebroicensis,
3461 1376 3591 1433 facta
3635 1388 3703 1434 est

2132 1466 2409 1520 abbatissa
2472 1466 2668 1519 Sancte
2691 1464 2966 1519 Trinitatis
3014 1464 3263 1521 Cadomi.
3288 1465 3435 1540 [1181
3460 1471 3703 1543 -Banso.]

2125 1560 2274 1615 Circa
2318 1560 2482 1615 finem
2531 1560 2736 1614 mensis
2763 1558 2892 1613 Julii
2938 1558 3201 1615 Henricus
3234 1578 3326 1617 rex
3360 1563 3702 1620 seniortrans-

2127 1648 2342 1702 frelavit
2387 1648 2443 1701 in
2501 1647 2768 1721 Angliam.
2818 1646 3126 1702 Gaufredus
3174 1647 3287 1702 dux
3339 1649 3599 1705 Britannie
3649 1650 3701 1705 fi-

414 1738 641 1793 Romam
706 1735 811 1790 sub
886 1732 1238 1788 festinatione
1320 1727 1703 1800 proﬁciscitur,
1768 1734 1821 1781 οἱ
1909 1745 2021 1781 rem
2052 1767 2097 1830 Β
2127 1735 2229 1788 lius
2257 1734 2399 1808 regis
2428 1734 2663 1797 llenrici,
2704 1734 3065 1804 desponsavit
3105 1750 3337 1791 uxorem
3366 1753 3530 1802 suam,
3558 1736 3697 1793 ﬁliam

413 1844 630 1885 summo
662 1826 870 1882 revelat
912 1823 1181 1895 pontiﬁci.
1232 1823 1485 1876 Preterea
1528 1826 1840 1875 constanter
1869 1836 2023 1874 asse-

414 1922 540 1987 ruit,
574 1919 795 1993 quodin
827 1918 1022 1989 quinto
1062 1931 1208 1970 anno
1238 1916 1306 1969 ab
1338 1914 1430 1969 illo
1463 1914 1695 1967 maxima
1747 1912 1918 1966 fames
1942 1912 2024 1966 in—

414 2016 656 2083 grueret,
717 2008 865 2079 quod
918 2022 982 2060 ex
1021 2004 1374 2074 corruptione
1418 2003 1561 2056 aeris
1606 2002 2025 2057 innumerabilis

418 2097 701 2154 hominum
734 2094 1031 2150 multitudo
1063 2092 1327 2146 moritura
1357 2100 1525 2147 esset.
1556 2097 1611 2144 et
1652 2090 1797 2161 quod
1814 2091 2019 2144 clerum

416 2190 720 2246 Romanum
760 2188 943 2263 gravis
974 2186 1379 2241 animadversio
1401 2185 1610 2250 feriret,
1639 2185 1742 2238 nisi
1774 2185 1842 2238 ab
1870 2203 2017 2240 exer-

413 2282 553 2337 cicio
582 2281 693 2335 doli
720 2280 1127 2351 resipiscerent,
1165 2278 1265 2332 sub
1298 2294 1406 2350 quo
1437 2277 1670 2331 amultis
1698 2287 1842 2332 retro
1873 2287 2017 2332 tem-

413 2374 641 2446 poribus
678 2390 855 2445 usque
881 2372 948 2426 ad
991 2371 1318 2427 hodiernum
1349 2371 1494 2425 diem
1527 2370 1935 2426 laboraverunt.
1960 2373 2023 2427 At

412 2468 629 2522 donnus
668 2483 809 2539 papa
835 2466 1027 2520 volens
1057 2463 1402 2518 manifestius
1441 2463 1602 2529 scire,
1665 2463 1709 2516 si
1737 2478 2023 2518 sermones

412 2557 661 2613 mulieris
683 2556 897 2611 veritati
928 2555 1312 2620 inniterentur,
1353 2554 1704 2607 commendat
1732 2568 1852 2606 eam
1886 2554 2025 2608 duo-

411 2648 590 2704 decim
614 2647 896 2703 nobilibus
944 2646 1228 2711 matronis,
1263 2645 1400 2699 dans
1453 2644 1557 2697 illis
1588 2652 1929 2715 preeeptum,
1967 2653 2025 2699 ut

411 2755 534 2795 cum
569 2738 661 2792 illa
690 2736 746 2791 in
779 2744 1009 2792 mortem
1041 2734 1403 2795 obdormiret,
1436 2733 1637 2803 plaulis
1664 2733 1786 2800 ejus
1826 2734 2017 2788 calan—

412 2838 495 2882 tes
519 2827 746 2882 snbulas
797 2824 1114 2898 inﬁgerent,
1148 2829 1202 2877 et
1232 2824 1300 2878 de
1344 2823 1712 2895 sanguine‘ab
1746 2823 1893 2877 illius
1924 2839 2019 2877 ore

410 2921 669 2970 manante
699 2924 879 2967 vestes
908 2928 1036 2967 suas
1086 2912 1373 2989 inlicerent
1423 2912 1460 2965 Ο
1502 2898 1635 2979 rem
1667 2910 2015 2965 mirabilem!

409 3014 605 3080 quarta
667 3006 821 3075 teria,
879 3006 1019 3061 sicut
1062 3004 1396 3075 predixerat,
1446 3004 1578 3057 hora
1630 3019 1778 3058 nona
1825 3005 2021 3057 mulier

409 3102 675 3175 expalluit
714 3108 768 3156 et
813 3109 1026 3156 mortua
1087 3107 1191 3164 est,
1233 3098 1307 3152 ita
1369 3109 1428 3152 ut
1477 3098 1662 3153 nulius
1713 3100 1768 3153 in
1828 3116 1891 3153 ea
1931 3116 2020 3154 re-
2048 3136 2094 3202 Ο

408 3199 659 3248 maneret
686 3190 865 3246 vitalis
893 3190 1140 3261 spiritus,
1172 3196 1228 3244 et
1248 3189 1317 3243 ab
1357 3189 1478 3257 ejus
1504 3188 1730 3243 naribus
1750 3191 1897 3260 cepit
1925 3190 2023 3246 de-

407 3285 581 3339 ﬂuere
610 3282 835 3357 sanguis
855 3281 1133 3352 c0piosus.
1187 3280 1294 3333 Sed
1346 3286 1593 3333 matrone
1638 3289 2019 3350 preceptorum

406 3376 581 3432 donni
613 3390 754 3446 pape
803 3389 914 3428 non
972 3373 1346 3432 immemores.
1380 3371 1618 3443 pedibus
1646 3372 1894 3427 mulieris
1927 3389 2020 3428 ca-

406 3468 587 3523 lentes
606 3466 833 3521 subulas
880 3463 1137 3538 inﬁgunt,
1166 3480 1272 3519 nec
1304 3464 1375 3519 ob
1406 3463 1462 3517 id
1492 3464 1580 3517 illa
1612 3471 1883 3519 movetur.
1929 3467 2018 3520 ln-
2045 3458 2055 3463 ’

404 3572 574 3628 super
601 3556 671 3610 de
698 3556 971 3628 sanguine
1000 3555 1120 3621 ejus
1149 3552 1476 3607 vestimenta
1515 3568 1614 3607 sua
1646 3553 1882 3624 tingunt,
1918 3556 2018 3609 sed

403 3643 830 3701 omnisinfeetio
862 3642 1003 3697 facta
1030 3657 1130 3712 per
1164 3641 1514 3715 sanguinem,
1549 3642 1603 3695 in
1634 3642 1861 3696 sabbato
1884 3658 2019 3697 nus-

402 3751 566 3808 quam
597 3733 922 3805 comparuit,
945 3747 1069 3787 cum
1100 3730 1330 3802 spiritus
1364 3730 1474 3786 vite
1504 3731 1554 3784 in
1607 3730 1895 3785 mulierem
1930 3748 2017 3786 re-

400 3830 612 3880 mearet
646 3822 734 3877 ⁸⁸³.

471 3914 629 3971 1182.
654 3914 970 3970 Fredcricus
999 3911 1088 3968 31.
1144 3910 1434 3981 Philippus
1463 3913 1512 3965 1.
1554 3913 1818 3965 Henricus
1851 3909 1940 3965 29.

474 4006 739 4062 Henricus
765 4003 953 4059 senior
981 4018 1076 4057 rex
1110 4001 1405 4075 Anglorum
1435 4002 1833 4056 tenuitcuriam
1859 4018 2013 4056 suam

397 4099 455 4153 in
484 4096 882 4153 nataliDomini
907 4094 1218 4167 Andegavis
1274 4094 1447 4162 (709).
1486 4092 1750 4147 ltadulfus
1781 4094 1847 4146 de
1864 4093 2013 4147 Ven-

397 4188 620 4254 nevilla,
669 4185 1094 4242 archidiaconus
1152 4183 1633 4256 Rothomagensis,
1668 4182 2016 4237 renunciavit

393 4278 728 4337 cancellarie
758 4278 926 4351 regis,
958 4283 1013 4330 et
1069 4291 1159 4329 rex
1200 4274 1353 4330 dedit
1378 4273 1429 4328 ei
1485 4280 1657 4328 terras
1687 4289 2012 4344 megnorum

395 4372 732 4429 reddituum.
796 4369 973 4440 [1181]
1033 4397 1095 4407 -
1151 4367 1347 4421 Besso.
1381 4362 1739 4437 PETROBURCn]
1776 4365 2009 4421 Gaufre-

2127 1822 2330 1877 Conani
2371 1822 2591 1876 comitis
2623 1822 2924 1876 Britannic.

2196 1914 2253 1966 ln
2294 1913 2700 1982 sollempnitate
2743 1914 2965 1983 pascha,
2995 1922 3127 1983 aput
3176 1922 3415 1969 castrum
3475 1917 3605 1987 quod
3633 1916 3700 1971 di-

2124 2004 2265 2059 citur
2295 2004 2446 2057 Mons
2502 2006 2711 2058 Aureus
2751 2005 2915 2073 (713),
2974 2006 3213 2075 quedam
3274 2008 3467 2062 mulier
3503 2007 3693 2062 infamis

2122 2114 2244 2152 cum
2277 2098 2553 2168 acciperet
2584 2114 2783 2169 corpus
2831 2098 3038 2153 domini
3093 2108 3147 2155 et
3201 2102 3489 2157 Salvatoris
3543 2102 3590 2156 in
3618 2118 3694 2158 ore

2120 2202 2365 2253 suo,non
2404 2187 2619 2260 glutivit
2641 2187 2794 2253 illud,
2858 2187 3025 2242 immo
3058 2189 3180 2243 tulit
3205 2196 3259 2244 et
3292 2191 3465 2261 posuit
3486 2191 3533 2244 in
3563 2193 3696 2245 archa

2122 2292 2221 2329 sua
2264 2275 2566 2329 involutum
2596 2289 2788 2345 panno
2817 2274 2982 2330 lineo.
3017 2276 3149 2330 Cum
3193 2285 3372 2332 autem
3404 2279 3604 2350 quidam
3626 2279 3694 2347 ju-

2124 2367 2277 2421 venis
2299 2366 2535 2420 amasius
2563 2367 2683 2434 ejus
2719 2367 2957 2436 aperiret
2989 2368 3226 2422 eandem
3252 2370 3483 2437 archam,
3519 2370 3693 2424 invenit

2126 2458 2360 2513 hostiam
2394 2456 2654 2512 dominici
2697 2458 2946 2527 corporis
3004 2465 3423 2515 transmutatam
3449 2462 3498 2515 in
3540 2460 3693 2532 efﬁgie

2125 2549 2307 2604 carnis
2337 2556 2389 2601 et
2429 2548 2742 2622 sanguinis.
2804 2548 2913 2602 lioc
2940 2548 3103 2602 etiam
3149 2550 3353 2604 accidit
3405 2550 3456 2603 in
3494 2550 3689 2620 quadam

2124 2640 2253 2695 villa
2290 2639 2506 2694 abbatis
2544 2639 2726 2693 Sancti
2761 2638 2901 2692 Petri
2936 2638 3290 2694 Carnotensis
3319 2641 3522 2696 cuidam
3544 2655 3687 2693 sacer-

2122 2734 2260 2800 doti,
2289 2733 2417 2786 dum
2450 2740 2663 2785 teneret
2695 2745 2897 2801 corpus
2918 2730 3140 2785 Domini
3170 2732 3230 2785 in
3256 2733 3501 2786 manibus
3524 2732 3620 2785 suis
3637 2730 3688 2783 ad

2123 2827 2366 2879 missam.
2401 2823 2588 2876 Simile
2627 2822 2951 2876 miraculum
2979 2823 3179 2879 accidit
3224 2824 3414 2877 iterum
3443 2822 3491 2877 in
3520 2821 3687 2876 Carno-

2123 2919 2261 2972 tensi
2292 2916 2582 2987 episcopio
2614 2923 2862 2986 tempore
2910 2915 3131 2971 Roberti
3191 2916 3430 2988 episcOpi
3461 2915 3686 2978 Britanni,

2121 3013 2267 3083 quod
2299 3012 2520 3082 quidam
2550 3011 2786 3065 rusticus
2827 3010 3011 3083 posuit
3040 3027 3245 3082 corpus
3272 3010 3476 3066 Domini
3504 3010 3553 3063 in
3582 3010 3686 3063 hora

2121 3116 2271 3171 capre
2298 3117 2434 3167 sua),
2495 3106 2549 3153 et
2603 3098 2674 3151 ibi
2728 3099 2963 3154 servavit
3018 3099 3153 3153 illud
3199 3115 3371 3171 usque
3407 3099 3467 3153 ad
3491 3105 3678 3153 mortem

2123 3208 2298 3258 suam,
2332 3199 2385 3246 et
2424 3199 2555 3246 tunc
2585 3190 2660 3245 ibi
2717 3190 3001 3246 inventum
3058 3197 3140 3245 est
3200 3191 3256 3245 in
3307 3191 3482 3261 specie
3517 3187 3681 3244 carnis.

2125 3285 2272 3338 Idem
2300 3284 2623 3339 miraculum
2655 3283 2855 3337 accidit
2876 3283 3095 3337 cuidam
3126 3282 3451 3338 muliercule
3481 3282 3528 3334 in
3550 3281 3680 3335 Flau-

2122 3373 2260 3437 dria,
2294 3373 2441 3444 quod
2470 3389 2592 3428 cum
2626 3371 2901 3442 posuisset
2932 3372 2989 3426 in
3033 3372 3170 3426 cista
3222 3388 3339 3437 sua,
3370 3378 3537 3443 postea
3562 3369 3682 3421 inve-

2121 3469 2200 3523 nit
2227 3468 2281 3522 in
2313 3467 2495 3541 efﬁgie
2522 3467 2704 3521 carnis
2747 3465 3012 3521 Similiter
3050 3466 3236 3521 evenit
3266 3467 3318 3520 in
3354 3457 3676 3538 Andegavensi

2120 3559 2361 3624 civitate,
2417 3574 2539 3613 cum
2590 3557 2813 3627 quidam
2875 3556 3138 3611 sacerdos
3192 3564 3425 3611 cantaret
3476 3553 3674 3607 missam.

2122 3666 2256 3721 puer
2284 3651 2543 3720 parvulus
2573 3650 2833 3704 intererat
2877 3648 3064 3714 misse,
3120 3656 3176 3704 et
3219 3649 3355 3704 vidit
3390 3647 3520 3703 idem
3572 3656 3677 3713 puer

2120 3756 2354 3810 puerum
2389 3755 2612 3809 parvum
2650 3738 3076 3809 pulcherrimum
3108 3737 3167 3792 in
3207 3753 3368 3792 manu
3426 3728 3677 3789 sacerdotis

2116 3829 2384 3884 sacrantis
2404 3844 2604 3897 corpus
2642 3827 2855 3882 Domini
2909 3844 2924 3889 ;
2987 3826 3078 3898 qui
3110 3827 3366 3897 protinus
3387 3822 3537 3879 exivit
3561 3818 3675 3873 foras

2117 3919 2432 3985 ecclesiam,
2460 3920 2705 3973 clamans
2736 3917 2998 3972 omnibus
3023 3931 3166 3988 quos
3194 3916 3415 3981 invenit,
3435 3920 3483 3967 et
3501 3910 3670 3963 dicens:

2124 4010 2310 4063 Venite
2329 4012 2378 4061 et
2414 4008 2586 4060 videte
2612 4006 2893 4060 mirabilia
2934 4008 3049 4071 Dei,
3090 4013 3147 4060 et
3172 4005 3428 4059 intrantes
3456 4002 3502 4055 in
3526 3998 3670 4054 eccle-

2116 4100 2251 4154 siam
2324 4098 2490 4152 nichil
2557 4097 2814 4152 viderunt
2861 4103 3044 4167 preter
3087 4097 3329 4166 speciem
3389 4093 3545 4165 panis.
3588 4087 3671 4140 Hoc

2117 4189 2280 4244 etiam
2311 4188 2511 4242 acridit
2571 4187 2789 4241 cuidam
2849 4185 3199 4241 sanctissimo
3247 4179 3669 4256 presbiterojuxla

2119 4279 2425 4343 Fiseanum,
2468 4277 2598 4331 dum
2629 4283 2873 4331 cantaret
2909 4275 3132 4329 missam
3170 4276 3225 4330 in
3281 4275 3369 4329 die
3417 4266 3668 4326 dedicatio-

2117 4370 2203 4423 nis
2230 4368 2463 4422 ecclesie
2495 4375 2683 4423 sancte
2724 4366 3008 4421 Trinitatis
3046 4365 3297 4421 Fiscanni
3325 4383 3341 4431 ;
3371 4363 3457 4436 qui
3493 4359 3670 4415 mittens

394 4466 498 4522 dus
526 4464 674 4520 ﬁlius
712 4463 876 4537 regis,
903 4461 1116 4516 electus
1175 4460 1538 4527 Liconiensis,
1570 4458 1743 4514 factus
1771 4468 1851 4514 est
1880 4475 2012 4514 can-
2038 4479 2094 4546 Π
2114 4461 2399 4517 diaconem
2429 4476 2616 4525 suum,
2645 4461 2859 4515 vocavit
2887 4460 3179 4532 episcopos
3200 4462 3294 4533 qui
3330 4458 3393 4513 ad
3421 4449 3669 4510 dedicatio-

394 4557 650 4614 cellarius
692 4554 857 4630 regis,
878 4562 935 4608 et
964 4551 1303 4607 renuntiavit
1329 4551 1589 4607 electioni
1651 4550 1962 4606 Lieoniensi
1997 4570 2012 4618 ;

392 4659 448 4708 et
475 4669 568 4709 rex
606 4651 758 4707 dedit
786 4650 837 4704 ei
872 4662 1099 4719 magnos
1138 4646 1387 4701 redditus
1433 4646 1488 4699 in
1545 4646 1739 4719 Anglia
1771 4658 1829 4700 et
1876 4645 2011 4701 Nor-

393 4746 617 4800 mannia
644 4752 699 4800 et
727 4741 1061 4815 Andegavia.
1086 4740 1367 4795 Johannes
1396 4737 1541 4793 ﬁlius
1572 4738 1735 4801 Luce,
1776 4739 2010 4793 clericus

395 4839 561 4912 regis,
585 4839 795 4893 electus
820 4845 903 4890 est
934 4836 988 4889 in
1023 4833 1347 4905 episcopum
1399 4831 1788 4886 Ebroicensem
1853 4831 2011 4902 [1182

392 4957 462 4970 —
488 4927 673 5001 idern]
707 4925 991 4981 Guihenoc
1042 4924 1467 4980 archidiaconus
1525 4922 1871 4977 Redonensis
1904 4922 2011 4975 ele-

392 5023 514 5072 ctus
542 5024 626 5072 est
653 5015 720 5069 ad
747 5013 1127 5083 episcOpatum
1183 5012 1570 5067 Venetcnsem.
1613 5011 1796 5065 Abbas
1824 5011 2007 5065 Sancti

394 5106 629 5180 Remigii
658 5101 1105 5174 Remensis(710)
1156 5101 1552 5159 nichilominus
1580 5102 1791 5158 electus
1832 5101 2007 5156 estad

2117 4572 2240 4611 nem
2264 4563 2662 4621 convenerunt,
2696 4563 2753 4610 et
2774 4563 3047 4611 venerunt
3082 4574 3097 4622 ;
3132 4564 3186 4611 et
3224 4553 3478 4627 presbiter
3503 4540 3663 4602 tulitin

2113 4647 2369 4701 manibus
2394 4647 2511 4701 suis
2540 4646 2595 4700 in
2625 4645 2794 4700 calice
2835 4645 2911 4699 ita
2941 4652 3001 4699 ut
3030 4651 3149 4700 erat
3176 4642 3470 4704 revestitus,
3509 4641 3556 4691 et
3586 4644 3667 4700 p0-

2111 4743 2338 4790 suerunt
2367 4735 2500 4789 illud
2542 4735 2597 4789 in
2621 4734 2799 4789 altari.
2866 4733 2973 4789 Hec
3035 4732 3164 4789 facit
3207 4731 3377 4803 pietas
3403 4720 3587 4782 Domini
3611 4715 3663 4771 ad

2113 4823 2549 4880 conﬁrmandam
2584 4821 2745 4876 ﬁdem
2779 4830 3250 4878 sacramentorum
3282 4831 3489 4874 suorum
3516 4811 3563 4865 in
3581 4820 3663 4861 no-

2112 4917 2219 4979 bis,
2253 4916 2306 4970 in
2339 4931 2478 4988 quos
2509 4914 2648 4969 ﬁnes
2671 4914 2982 4969 seculorum
3012 4913 3371 4970 devenerunt.

2180 5005 2350 5060 Mater
2387 5002 2625 5058 solidani
2655 5003 2724 5057 de
2756 5003 2941 5058 Iconio
2982 5002 3210 5057 veniens
3247 4998 3311 5053 ad
3332 5003 3564 5053 extrema.
3590 4999 3659 5038 Γθ·

2109 5095 2307 5151 velavit
2338 5093 2450 5149 lilio
2498 5108 2624 5161 suo,
2677 5093 2827 5164 quod
2884 5106 3106 5163 semper
3165 5089 3444 5151 celaverat,
3493 5070 3662 5133 scilicet

1747 5208 1964 5264 VARI/E
1992 5204 2371 5264 LECTIONES.

462 5312 533 5351 ⁸⁸⁸
560 5316 687 5372 Post
717 5312 825 5368 huic
855 5314 1217 5366 atramentum
1251 5315 1515 5381 mutatur,
1546 5328 1714 5369 manu
1751 5327 1973 5382 prorsus
2002 5310 2181 5365 eadem
2209 5309 2474 5362 manente.

1955 5407 2163 5465 NOTAE.

460 5514 601 5597 (799)
669 5509 842 5584 Apud
891 5510 1244 5567 .Wintoniam
1304 5509 1630 5567 Benedictus
1705 5510 2004 5567 Petrobur—

389 5602 609 5739 εθῗγῗῗὺ
641 5657 835 5739 Petrus
864 5651 1013 5739 ascd
1038 5651 1153 5739 is“!
1174 5650 1855 5739 ,ιῑτςηξεροιριπῖ.αιλπξ.ί.η1
1873 5653 1961 5710 ιθί

392 5720 690 5804 episcopus
723 5725 969 5784 chartam
1002 5722 1276 5795 quandam
1297 5720 1659 5778 conﬁrmavit.
1689 5724 1880 5789 BOUQ.

2184 5506 2331 5576 (711)
2362 5506 2383 5558 ιι
2400 5504 2428 5559 7
2454 5503 2605 5576 Mart.
2640 5510 2651 5557 ι
2674 5501 2803 5576 tsi,
2821 5501 3012 5576 nouo.

2180 5573 2322 5648 (712;
2345 5574 2642 5648 Mathildis.
2682 5573 2869 5638 noue.

2178 5643 2317 5720 (713)
2347 5645 2634 5709 Montoire,
2667 5660 2837 5716 prope
2880 5643 3156 5699 VendOme
