3858 6206
122 341 223 399 537
301 307 316 317 ’

261 482 635 524 ΕΟΗΑΝΟΙΠΗΙ.
800 479 1145 521 ι-ΊιΑΝοοιιυκ.
1294 481 1602 521 ANGLORUM.

123 560 265 632 quod
287 566 439 614 esset
470 557 789 620 christiana,
822 565 876 611 et
908 557 1119 631 rogavit
1151 573 1299 623 eum,
1323 564 1383 612 ut
1408 558 1661 613 crederet
1693 558 1746 611 in

124 652 417 716 Christum,
464 651 557 722 qui
597 657 679 705 est
720 650 983 704 Dominus
1031 656 1085 703 et
1122 665 1212 704 rex
1253 650 1498 705 omnium
1531 650 1751 705 seculo-

124 759 263 809 rum,
309 748 365 796 et
406 738 559 811 quod
600 745 810 793 amaret
862 738 1218 793 christianos.
1279 738 1431 802 Quod
1475 738 1591 808 ipse
1620 754 1749 808 spo-

126 830 317 901 pondit
383 846 447 884 se
492 828 795 892 facturum;
843 828 941 881 sed
976 827 1129 893 dixit,
1186 827 1334 897 quod
1387 843 1497 882 non
1526 827 1751 881 auderet

127 930 309 994 aperte
339 922 574 980 credere
605 920 659 973 in
690 920 1027 974 Salvatorem
1062 926 1291 990 propter
1316 935 1578 989 paganos.
1606 918 1750 973 Dixit

124 1012 171 1067 ei
201 1017 376 1065 mater
415 1026 552 1064 sua:
586 1010 710 1075 Fili,
746 1025 865 1063 cum
894 1015 1104 1062 mortua
1142 1011 1322 1075 fuero.
1371 1010 1459 1075 fac
1491 1010 1628 1062 mihi
1653 1024 1751 1062 ea:-

125 1103 311 1157 celsam
350 1101 696 1171 sepulturam
719 1103 770 1153 et
792 1100 1079 1169 pulchram
1109 1103 1248 1153 sicut
1271 1101 1597 1169 piramidcm
1628 1113 1640 1164 ;
1698 1104 1745 1152 ct

118 1209 250 1262 pone
268 1184 436 1262 super
456 1207 573 1245 eam
598 1194 805 1259 signum
819 1193 992 1245 crucis
1015 1192 1233 1247 Christi.
1271 1190 1366 1244 Cui
1401 1190 1490 1244 ille
1522 1191 1591 1245 de
1624 1191 1744 1245 luce

122 1298 176 1336 se
207 1281 309 1335 hoc
342 1280 529 1334 facere
560 1295 668 1334 non
712 1294 874 1349 posse
919 1280 1220 1348 respondit.
1257 1282 1335 1333 Tu
1379 1281 1469 1346 fac
1496 1320 1510 1341 ,
1566 1277 1746 1349 inquit

122 1380 287 1425 mater
314 1371 461 1439 ejus,
496 1371 563 1424 de
600 1374 769 1423 nocte.
795 1370 947 1433 Quod
974 1369 1242 1423 etfactum
1274 1378 1374 1424 est.
1408 1371 1465 1423 ln
1499 1369 1740 1423 crastino

124 1476 237 1514 cum
270 1459 513 1535 Agareni
559 1459 826 1513 vidissent
856 1459 1072 1529 signum
1115 1458 1270 1523 illud,
1316 1457 1582 1530 indignati
1614 1464 1743 1511 sunt

125 1559 307 1608 contra
359 1550 696 1622 principem.
745 1556 804 1603 et
840 1550 1096 1604 volebant
1128 1565 1252 1602 eum
1286 1549 1562 1603 occidere.
1593 1549 1744 1602 Tunc

126 1639 342 1710 quidam
383 1655 450 1693 ex
478 1638 617 1709 ipsis
648 1638 946 1692 sullevatus
988 1653 1083 1707 per
1112 1637 1415 1702 machinas,
1443 1637 1744 1691 conabatur

133 1731 407 1801 deponere
436 1745 687 1795 crucem,
720 1728 813 1800 qui
835 1730 1113 1783 voluntate
1145 1729 1236 1782 Dei
1278 1728 1483 1783 corruit
1515 1734 1569 1782 et
1598 1743 1741 1782 mor-

1002 338 1348 396 CHRONICA.
1391 369 1457 378 —
1497 337 1874 393 AUCTARIUM
1920 338 2197 393 ROBERTI
2242 340 2320 394 DE
2364 341 2598 396 MONTE.

3348 347 3456 402 538

1771 466 1822 534 Α
1854 464 2065 536 peritus
2092 472 2198 520 tam
2239 467 2408 521 Grece
2449 484 2611 539 quam
2646 467 2831 523 Latine
2861 470 3195 542 eloquentia.
3250 472 3345 528 Hic
3374 480 3459 529 at-

1854 557 1976 610 tulit
2005 558 2353 628 evangelium
2387 557 2560 612 sancti
2589 557 2856 612 Johannis
2884 562 3202 615 translatum
3234 562 3300 616 ab
3337 563 3459 633 ipso

1850 644 1918 699 de
1968 646 2136 700 Greco
2198 646 2253 699 in
2312 646 2584 711 Latinum,
2644 647 2790 717 quod
2847 647 3129 702 Johannes
3194 650 3459 707 Crisosto-

1849 749 1971 787 mus
2021 734 2089 768 ⁸³⁸⁸
2120 749 2376 788 sermone
2417 734 2687 788 omeliaco
2744 742 3093 804 exposuerat.
3152 736 3247 790 llic
3293 738 3458 792 etiam

1853 824 2122 880 fatebatur
2174 843 2426 898 magnam
2462 834 2675 907 partem
2708 826 2828 879 libri
2862 826 3140 882 Geneseos
3186 844 3215 881 a
3254 843 3311 881 se
3345 830 3455 897 jam

1851 917 2164 971 translatam
2199 910 2367 972 'Dixit
2392 918 2577 984 etiam,
2608 918 2754 989 quod
2782 916 3067 973 .lohannes
3099 918 3462 975 Crisostomus

1849 1016 2025 1064 totum
2058 1017 2213 1064 vetus
2244 1019 2296 1064 et
2326 1025 2524 1063 novum
2563 1018 2952 1065 testamentum
2982 1012 3151 1067 Grece
3187 1012 3459 1083 exposuit.

1850 1099 1993 1169 Papa
2024 1100 2332 1155 Alexander
2374 1117 2449 1171 pr.
2476 1090 2624 1155 fatus"
2654 1107 2763 1155 tres
2805 1101 3163 1165 scismaticos,
3217 1102 3309 1172 qui
3355 1102 3461 1157 sibi

1848 1186 1903 1239 in
1934 1188 2188 1242 scismate
2218 1187 2450 1242 invicem
2478 1197 2879 1254 succcsscrant,
2924 1189 3035 1243 fere
3067 1207 3165 1260 per
3192 1189 3262 1246 20
3289 1207 3463 1246 annos

1847 1278 2127 1343 sustinuit,
2176 1278 2387 1332 scilicet
2427 1279 2801 1345 Octavianum,
2844 1280 3149 1335 Cuidonem
3199 1289 3253 1336 et
3294 1282 3463 1336 Calix-

1848 1376 1982 1424 tum.
2021 1369 2132 1423 lllis
2160 1385 2289 1424 vero
2324 1368 2731 1436 deﬁcientibus,
2776 1371 2830 1425 in
2874 1388 3008 1441 pace
3037 1372 3268 1427 ecclesie
3295 1374 3458 1427 vitam

1846 1456 2042 1512 ﬁnivit.
2099 1458 2190 1512 Cui
2245 1460 2515 1513 successit
2562 1460 2857 1513 Hubaudus
2901 1460 3201 1514 Hostiensis
3244 1461 3463 1532 episco-

1844 1563 1968 1616 pus,
1997 1547 2176 1601 dictus
2209 1547 2424 1611 Lucius,
2474 1548 2635 1601 i75us
2665 1548 2958 1618 cpiscopus
3001 1549 3299 1603 Romanus.
3343 1550 3457 1616 Hic,

1843 1635 2097 1690 videlicet
2130 1636 2428 1689 Hostiensis
2457 1636 2772 1707 episcopus,
2805 1652 2869 1690 ex
2900 1637 3124 1708 antiqua
3162 1647 3463 1693 consuetu-

1845 1727 1974 1781 dine
2020 1727 2239 1782 ordinat
2275 1738 2329 1782 et
2367 1738 2545 1782 sacrat
2589 1728 2908 1799 pontiﬁcem
2964 1731 3304 1796 Romanum;
3353 1747 3461 1801 que

127 1826 241 1873 tuus
273 1825 372 1873 est.
398 1819 672 1872 Similiter
701 1826 755 1872 et
794 1818 933 1871 alius
970 1817 1329 1886 interemptus
1356 1823 1438 1869 est
1464 1816 1568 1869 alia
1599 1817 1738 1871 vice.
1770 1781 1818 1848 Β
1842 1816 2185 1871 consuetudo
2216 1817 2416 1871 exinde
2465 1816 2683 1879 accidit,
2727 1818 2871 1889 quod
2914 1818 3263 1887 martyrizato
3298 1818 3459 1874 beato

128 1905 306 1960 Tercia
344 1906 435 1960 die
468 1922 598 1960 cum
631 1907 1021 1961 convenissent
1067 1906 1240 1960 multa
1271 1908 1420 1961 milia
1452 1907 1738 1961 hominum

129 1995 187 2048 ad
217 1995 617 2065 deponendum
641 1994 918 2049 editicium
951 1996 1107 2060 illud,
1141 1996 1282 2049 inter
1303 2013 1443 2068 quos
1464 2004 1740 2051 eratunus

127 2085 419 2156 promptior
437 2086 512 2140 ad
537 2086 927 2155 deponendum
966 2086 1122 2153 illud,
1144 2097 1421 2141 venerunt
1448 2087 1663 2161 fulgura
1685 2093 1740 2140 et

126 2175 587 2242 choruscationes,
630 2181 684 2228 et
708 2174 801 2229 illo
821 2174 1073 2245 primitus
1104 2184 1411 2247 perempto,
1445 2177 1615 2231 multa
1635 2175 1734 2229 mi-

126 2266 193 2321 lia
219 2266 503 2337 perierunt
534 2267 663 2337 igne
683 2266 893 2321 divino.
925 2268 1075 2322 Tunc
1102 2276 1355 2338 apparmt
1384 2268 1614 2338 angelus
1638 2269 1737 2322 D0-

130 2355 273 2420 mmi,
332 2365 387 2409 et
441 2354 810 2409 clarissimum
848 2356 1065 2426 signum
1110 2356 1286 2410 crucis
1338 2356 1518 2426 posuit
1570 2372 1737 2425 super

136 2446 442 2515 piramidem
478 2446 656 2513 illam,
690 2462 754 2499 ex
793 2462 901 2517 quo
934 2447 1089 2501 multi
1125 2447 1478 2501 crediderunt
1500 2447 1555 2500 in
1587 2446 1737 2500 Chri-

138 2542 286 2600 stum,
326 2545 380 2590 et
427 2535 618 2589 adhuc
670 2550 890 2589 crucem
953 2535 1100 2589 illam
1162 2543 1492 2590 venerantur
1542 2543 1595 2589 et
1638 2535 1736 2588 ad-

136 2632 278 2679 orant
306 2626 391 2679 ⁵⁸⁵.

194 2715 435 2771 Arnulfus
478 2715 844 2771 Luxoviensis
873 2716 1168 2787 episcOpus
1198 2732 1319 2771 cum
1358 2716 1534 2787 peMO
1558 2730 1734 2769 annos

134 2808 346 2861 eandem
390 2808 687 2863 ecclesiam
725 2808 971 2873 rexisset,
1008 2817 1061 2861 et
1103 2809 1156 2861 in
1196 2808 1505 2862 ediﬁcanulo
1544 2810 1730 2862 ecete-

134 2894 252 2949 siam
283 2904 335 2950 et
362 2896 768 2966 pulcherrimas
794 2897 997 2951 domos
1037 2896 1360 2962 laborasset,
1395 2896 1737 2950 renunciavit

141 2984 485 3055 episcopatui,
520 2992 575 3039 et
616 2985 857 3054 perrexit
892 2984 1151 3052 l’arisius,
1179 3000 1309 3039 suos
1338 2984 1454 3037 dics
1478 2984 1732 3038 dimidia-

136 3079 268 3129 turus
294 3075 436 3146 apud
467 3076 730 3133 Sanctum
767 3077 1036 3131 Victorem
1086 3092 1140 3130 1n
1181 3076 1437 3131 domibus
1476 3076 1736 3147 pulcher-

138 3165 291 3233 rimis,
330 3184 465 3239 quas
491 3169 572 3224 ibi
602 3170 668 3222 ad
696 3184 838 3240 Opus
863 3185 1021 3222 suum
1036 3176 1430 3223 construxerat.
1469 3169 1735 3224 Radultus

143 3256 201 3311 de
250 3258 584 3325 Vennevilla,
643 3260 1061 3317 archidiaconus
1112 3260 1586 3334 Rothomagensis,
1640 3261 1734 3333 qui

138 3344 293 3405 fuerat
318 3352 684 3407 cancellarius
733 3351 901 3423 regis,
952 3351 1161 3406 electus
1202 3358 1284 3405 est
1322 3352 1388 3405 ad
1421 3352 1731 3422 predictum

138 3434 489 3509 episc0patum
524 3440 613 3495 “5.

204 3524 355 3593 (Aug.
410 3528 523 3596 30.)
574 3528 727 3582 Anno
777 3526 1054 3596 superiori
1094 3526 1224 3581 1181
1256 3526 1395 3583 obiit
1424 3528 1733 3583 Alexander

140 3631 259 3687 papa
286 3621 496 3689 tertius,
530 3621 597 3675 ad
638 3620 795 3689 cujus
825 3621 1185 3676 litteraturam
1222 3624 1381 3692 pauci
1417 3623 1486 3677 de
1518 3622 1732 3692 :prcde-

146 3710 433 3766 cessoribus
463 3712 588 3781 ejus
618 3711 756 3766 infra
785 3721 1005 3767 centum
1046 3727 1222 3768 annos
1260 3714 1560 3787 attigerunt
1611 3712 1735 3767 Fuit

144 3800 271 3856 enim
299 3802 351 3857 in
376 3804 561 3859 divina
595 3804 796 3878 pagina
824 3811 1119 3875 preceptor
1147 3805 1437 3871 maximus,
1471 3811 1524 3859 et
1554 3804 1608 3858 in
1641 3804 1735 3860 de-

146 3894 290 3948 cretis
314 3902 365 3949 et
383 3895 695 3951 canonibus
719 3904 774 3950 et
803 3896 858 3950 in
887 3896 1148 3952 Romanis
1174 3897 1391 3969 legibus
1413 3896 1729 3967 precipuus.

146 3983 259 4040 Nam
293 3991 486 4045 multas
508 3990 831 4061 questiones
860 3989 1218 4045 difﬁcillimas
1244 3997 1298 4046 et
1325 4006 1521 4064 graves
1551 3990 1605 4045 in
1637 3991 1735 4046 de-

151 4079 294 4133 cretis
328 4089 381 4136 et
406 4082 629 4156 legibus
653 4081 985 4152 absolvitZet
1014 4083 1343 4137 enucleavit.
1388 4083 1544 4138 Dedit
1569 4084 1736 4139 etiam

152 4166 193 4219 ei
240 4170 370 4227 Deus
400 4174 541 4229 hanc
570 4173 824 4247 gratiam,
865 4174 1013 4245 quod
1046 4190 1167 4228 cum
1207 4191 1239 4229 a
1266 4174 1432 4230 beato
1461 4174 1620 4230 Petro
1651 4191 1739 4230 us-

152 4273 243 4328 que
270 4263 329 4316 ad
378 4264 569 4335 ipsum.
607 4264 814 4320 fuerint
842 4271 1064 4320 centum
1104 4266 1459 4340 septuaginta
1499 4274 1740 4338 quatuor

153 4351 413 4417 pontiﬁces
442 4354 694 4421 Romani,
728 4363 840 4409 tres
871 4362 1080 4411 tantum
1114 4365 1498 4426 processerunt
1526 4374 1651 4413 eum
1679 4359 1735 4412 in

1841 1904 1988 1960 Sixto
2028 1915 2083 1960 et
2112 1918 2301 1960 sancto
2344 1906 2636 1961 Laurentio
2668 1906 2788 1976 ejus
2827 1906 3082 1964 diacono.
3125 1906 3319 1961 beatus
3358 1908 3459 1962 Ju-

1840 1992 2019 2047 stinus
2048 1994 2316 2063 presbiter
2342 2010 2464 2048 cum
2496 1995 2644 2049 clero
2676 1995 2920 2049 Romano
2954 1995 3120 2069 elegit
3152 1995 3454 2051 Dionisium

1839 2083 1896 2136 in
1944 2085 2260 2153 pontiﬁcem
2312 2086 2635 2147 Romanum,
2679 2101 2842 2157 quem
2896 2087 3127 2140 sacravit
3185 2086 3453 2141 Maximus

1839 2174 2143 2229 Hostiensis
2173 2177 2487 2246 episcOpus.
2526 2177 2597 2230 Ex
2655 2177 2757 2230 hac
2804 2176 3207 2231 consuetudine
3250 2176 3452 2231 exinde

1839 2265 2143 2321 Hostiensis
2185 2268 2481 2339 episcopus
2524 2269 2741 2323 ordinat
2796 2277 2853 2321 et
2910 2277 3086 2322 sacrat
3143 2268 3445 2326 Romanum

1838 2355 2179 2424 pontilicem,
2210 2364 2266 2412 et
2296 2358 2460 2411 habet
2492 2357 2717 2427 pallium
2749 2355 3097 2412 solummodo
3135 2357 3202 2411 ad
3227 2374 3311 2425 ea,
3343 2376 3452 2431 que

1840 2446 2119 2515 pertinent
2171 2448 2226 2501 in
2260 2449 2607 2503 ordinatione
2652 2455 2706 2501 et
2758 2447 3175 2503 consecratione
3222 2449 3449 2506 Romani

1838 2533 2136 2607 pontiﬁcis.
2168 2536 2449 2611 Eugenius
2480 2552 2620 2607 papa
2660 2536 2943 2607 conjunxit
2972 2536 3311 2608 episc0patui
3346 2540 3453 2595 Ho-

1836 2633 2032 2687 stiensi
2067 2630 2447 2696 Delitrensem,
2506 2637 2561 2684 et
2598 2629 2676 2684 sic
2708 2628 2838 2684 fecit
2876 2629 2945 2683 de
3006 2630 3223 2685 duobus
3250 2648 3443 2688 unum.

1836 2728 2102 2781 Similiter
2147 2726 2275 2780 fecit
2314 2726 2383 2779 de
2424 2725 2748 2796 episc0patu
2790 2724 3099 2790 Ponluensi,
3141 2725 3230 2779 cui
3264 2726 3448 2796 junxit

1834 2816 2215 2886 episcopatum
2248 2816 2445 2869 Sancte
2466 2812 2901 2878 Ruﬁne,faciens
2921 2813 2989 2867 de
3012 2813 3232 2868 duobus
3257 2830 3448 2870 unum.

1911 2902 2109 2977 [1181.]
2144 2903 2288 2958 Obiit
2314 2902 2580 2973 Hogerius
2606 2901 2899 2971 episcolius
2948 2902 3312 2957 Eboracensis
3365 2903 3449 2958 vir

1836 2996 2112 3052 litteratus
2129 3003 2183 3051 et
2215 2995 2517 3049 industrius
2546 2993 2599 3047 in
2615 2995 2895 3065 augendas
2922 2995 3309 3064 possessiones
3340 3002 3451 3050 ter-

1837 3101 2037 3151 renas;
2072 3084 2361 3140 ecclesiam
2405 3082 2761 3153 principalem
2797 3091 2851 3136 et
2881 3084 3075 3137 domos
3106 3082 3453 3154 episcopales

1837 3195 1946 3235 non
1980 3180 2158 3235 solum
2193 3178 2443 3245 Eboraci,
2472 3194 2659 3231 verum
2695 3177 2749 3231 in
2768 3177 3026 3232 omnibus
3054 3177 3312 3232 maneriis
3339 3178 3454 3232 suis

1835 3285 1960 3323 cum
1984 3268 2291 3323 redditibus
2320 3268 2553 3322 multum
2585 3266 2732 3321 auxit
2764 3267 2829 3301 δθτ
2863 3281 2925 3321 ac
2956 3264 3331 3321 reediﬁcando
3352 3266 3452 3321 de—

1833 3357 2065 3423 coravit,
2108 3357 2161 3410 in
2193 3364 2401 3411 tantum
2449 3363 2509 3410 ut
2544 3354 3053 3425 archiepiscopatus
3089 3354 3453 3409 Eboracensis

1832 3448 2330 3519 archiepiscopatui
2354 3446 2730 3502 Cantuariensi
2763 3446 2876 3499 lere
2900 3453 3283 3517 coequaretur.
3312 3445 3453 3499 Mul-

1832 3550 1915 3595 tas
1970 3539 2201 3595 divicias
2240 3545 2296 3593 et
2334 3553 2444 3591 non
2503 3538 2607 3591 sibi
2651 3535 2964 3607 profuturas
3021 3537 3264 3608 reliquit,
3302 3536 3451 3592 Obiit

1832 3632 2118 3702 Philippus
2146 3631 2444 3701 episcopus
2465 3629 2826 3688 Redonensis.
2860 3646 2955 3700 qun
2987 3628 3087 3683 fuit
3113 3630 3324 3700 primus
3349 3628 3448 3683 ab-

1832 3724 1931 3777 bas
1957 3718 2317 3776 Claremoutis
2365 3718 2459 3771 Hic
2481 3734 2579 3787 per
2604 3718 2997 3774 revelationem
3028 3726 3190 3789 caput
3218 3720 3452 3773 ecclesie

1835 3808 2151 3866 Rodonensi
2183 3806 2302 3861 solo
2340 3805 2538 3871 diruit,
2571 3814 2626 3861 et
2676 3805 2733 3859 in
2774 3823 2840 3861 ea
2896 3807 3213 3877 diruptione
3252 3807 3452 3861 multas

1834 3902 2103 3974 pecunias
2150 3898 2381 3966 invenit,
2414 3898 2483 3953 dc
2525 3897 2723 3969 quibus
2748 3897 2895 3967 cepit
2927 3896 3249 3952 reediﬁcare
3287 3902 3454 3968 caput

1836 3987 2046 4061 prefatc
2074 3984 2307 4042 ecclesie
2324 3985 2540 4042 meliori
2572 3992 2830 4040 scemate.
2866 3985 3011 4039 Obiit
3052 3984 3363 4039 Hunfredus
3382 3985 3454 4040 de

1838 4080 2031 4136 Bobun
2065 4078 2379 4149 propositus
2424 4078 2479 4132 in
2508 4078 2749 4132 exercitu
2780 4093 2904 4132 cum
2938 4093 3068 4151 rege
3102 4076 3335 4131 Henrico
3360 4076 3453 4144 ju-

1838 4170 2028 4235 niore;
2076 4184 2241 4239 quem
2284 4167 2584 4222 exercitum
2619 4166 2867 4237 prefatus
2922 4182 3011 4221 rex
3066 4166 3122 4219 in
3172 4165 3452 4220 Franciam

1838 4260 2088 4326 duxerat,
2126 4257 2507 4324 ceadjuvando
2551 4263 2732 4327 partes
2764 4255 3003 4326 Philippi
3045 4255 3191 4328 regis
3228 4254 3454 4309 Francia

1838 4361 2030 4408 contra
2060 4352 2317 4408 comitem
2350 4351 2768 4405 Flandrensem.
2798 4350 3066 4404 Obierunt
3095 4350 3162 4384 (⁵⁸⁸
3192 4348 3455 4405 Henricus

155 4452 356 4551 pumero
385 4459 680 4510 annorum,
711 4459 822 4515 quo
851 4444 1096 4500 Romane
1114 4446 1349 4501 ecclesie
1384 4445 1734 4516 prefuerunt:
1757 4481 1814 4551 D
1837 4447 2012 4503 abbas
2049 4447 2300 4513 Pratelli;
2334 4455 2389 4502 et
2412 4446 2745 4501 Guillermus
2764 4444 2936 4500 abbas
2964 4445 3147 4500 Sancti
3176 4442 3454 4499 Michaelis

154 4523 324 4588 beatus
350 4534 541 4593 Petrus
580 4538 723 4592 sedit
774 4539 845 4592 25
872 4538 1036 4592 anuis
1080 4538 1346 4594 Silvester
1388 4540 1600 4611 primus
1640 4541 1731 4606 23,

153 4620 398 4683 Adrianus
440 4630 652 4700 primus
688 4631 941 4696 totidem,
991 4630 1112 4702 ipse
1158 4632 1471 4688 Alexander
1512 4634 1603 4687 22.
1640 4634 1736 4689 Hic

152 4711 291 4770 etiam
322 4721 495 4776 tenuit
531 4722 825 4778 concilium
865 4722 1096 4777 Turonis
1139 4738 1288 4779 anno
1326 4723 1604 4779 dominica
1648 4725 1735 4779 in-

154 4808 456 4867 carnationis
506 4814 642 4868 1163
673 4814 729 4867 in
761 4829 873 4885 quo
902 4813 1255 4869 Octavianum
1284 4830 1406 4869 cum
1445 4816 1737 4887 complici-

156 4892 242 4953 bus
262 4901 371 4957 suis
411 4906 892 4961 anathematizavit
920 4924 933 4960 :
974 4906 1060 4962 cui
1091 4906 1331 4963 concilio
1362 4922 1462 4962 nos
1488 4907 1737 4963 interfui-

157 4996 275 5041 mus.
308 4990 433 5047 ltem
466 4995 617 5050 aliud
642 4995 934 5051 concilium
964 4995 1143 5050 tenuit
1169 4996 1342 5051 Rome
1371 5012 1520 5052 anno
1547 4997 1734 5053 incar-

157 5074 364 5133 nationis
392 5082 667 5141 dominico
705 5086 854 5141 1180.
900 5084 977 5139 Ad
1018 5085 1123 5140 hoc
1157 5086 1327 5142 multo
1358 5097 1739 5144 convenerunt

158 5165 250 5217 lam
293 5170 659 5230 ecclesiastica
716 5191 879 5247 quam
933 5174 1210 5230 seculares
1264 5192 1532 5246 persona;
1592 5176 1736 5233 inter

158 5264 276 5320 quos
293 5262 438 5318 venit
457 5264 681 5336 quidam
703 5266 836 5321 civis
857 5266 1107 5333 Pisanus,
1132 5266 1356 5323 nomine
1391 5268 1730 5343 Burgundio,

1833 4539 2116 4596 ulterioris
2146 4546 2358 4610 portus,
2389 4538 2647 4593 monachi
2688 4538 2869 4593 Decci.

1907 4631 2062 4685 Anno
2094 4627 2309 4684 Domini
2347 4629 2501 4695 1181,
2539 4628 2573 4681 3
2613 4628 2764 4695 ldus,
2795 4628 2930 4682 hora
2979 4642 3126 4681 nona
3166 4625 3276 4680 diei
3312 4625 3454 4682 ecli-

1836 4718 1951 4790 psis
1980 4717 2136 4784 solis,
2168 4725 2224 4771 et
2248 4723 2364 4771 erat
2384 4732 2528 4787 pene
2561 4716 2730 4771 tercia
2760 4733 2886 4786 pars
2905 4716 3041 4771 solis
3066 4716 3376 4783 obscurata,
3398 4723 3456 4770 et

1836 4805 2080 4877 abinitio
2108 4802 2331 4875 ecltpsis
2347 4803 2413 4858 ad
2438 4802 2604 4857 ﬁnem
2626 4804 2864 4874 spatium
2892 4803 3057 4859 unius
3086 4803 3221 4859 bore
3242 4803 3457 4875 equalis

1838 4903 1894 4952 et
1910 4894 2133 4969 triginta
2148 4902 2273 4948 octo
2296 4892 2657 4948 minutorum.
2679 4893 2882 4948 Eodem
2905 4906 3051 4948 anno
3073 4891 3297 4963 eclipsis
3323 4892 3455 4947 lune

1841 4988 1899 5042 11
1936 4984 2209 5042 Kalendas
2227 4982 2493 5049 Januarii,
2515 4982 2728 5039 scilicet
2746 4981 2884 5037 feria
2904 4982 2958 5049 3,
2984 4988 3143 5037 nocte
3164 4988 3453 5052 sequente,

1840 5077 1977 5132 hora
2004 5074 2174 5131 tercia
2213 5072 2411 5139 noctis,
2455 5078 2509 5127 et
2567 5071 2732 5143 paulo
2764 5071 2949 5126 minus
2979 5086 3142 5142 quam
3184 5069 3459 5125 medietas

1839 5171 2154 5235 obscurata,
2182 5166 2465 5222 etduravit
2502 5163 2816 5220 obscuritas
2838 5162 2951 5218 fere
2982 5178 3082 5233 per
3102 5162 3242 5216 duas
3269 5160 3456 5229 horas,

1839 5267 1996 5320 Auno
2026 5261 2236 5319 Domini
2271 5261 2407 5315 1174
2437 5260 2579 5330 (7H)
2610 5258 2695 5314 his
2722 5259 2838 5314 visa
2869 5265 2953 5314 est
2968 5255 3194 5328 eclipsis
3215 5254 3270 5309 in
3302 5255 3455 5322 luna,

1468 5368 1687 5425 VARUE
1714 5364 2097 5425 LECTIONES.

299 5429 671 5509 Atramentum
698 5443 861 5509 atque
889 5439 1109 5494 habitus
1136 5454 1331 5493 manus
1359 5423 1606 5495 mutatur
1628 5423 1695 5495 in

1904 5438 1972 5474 ⁵⁸⁵
2002 5439 2197 5492 Manus
2224 5434 2339 5486 atia
2366 5433 2581 5500 incipit.
2663 5431 2733 5466 ⁸⁸⁸
2752 5432 2832 5484 ita
2864 5430 2922 5496 E,
3009 5428 3076 5462 ⁶⁸⁷
3106 5427 3219 5483 axit
3246 5426 3302 5481 E.
3386 5427 3454 5500 1⁵³⁸

157 5489 273 5550 obiit
293 5506 461 5568 primo
478 5489 786 5578 scriptum?
800 5489 1109 5564 's'éd'éliaé'bi
1135 5489 1330 5564 manus
1360 5489 1843 5577 "'Js'iéli"co}l}e5i¢,
1873 5515 1923 5565 et
1949 5489 2170 5562 addidit
2194 5504 2357 5557 verba
2383 5518 2432 5555 c.
2469 5489 2528 5555 ὁ.
2573 5518 2625 5555 a.
2662 5502 2716 5555 S.
2760 5501 2828 5555 Μ.
2863 5489 2918 5555 ul
2952 5517 3004 5569 p.
3035 5516 3108 5552 m.
3145 5500 3347 5579 itaque
3378 5499 3453 5550 te-

161 5571 334 5634 cuntur
358 5578 514 5631 etiam
541 5582 601 5633 in
619 5579 709 5633 8d.
742 5582 832 5634 8h.
866 5580 1010 5634 Obiit
1041 5579 1306 5634 Henricus
1334 5526 1506 5634 abbas
1545 5582 1788 5634 Pratelli.
1820 5578 2124 5634 monachus
2164 5573 2323 5629 Becci
2343 5572 2433 5626 7a.
2464 5571 2559 5625 7b.
2601 5576 2699 5634 qui
2727 5572 2812 5626 hic
2832 5572 3123 5634 desinunt;
3155 5568 3235 5621 ml
3259 5568 3452 5634 deper-

161 5571 334 5643 ᾳιέηευν
358 5578 514 5631 etiam
541 5571 601 5633 in
619 5579 709 5633 8d.
742 5582 832 5634 8h.
866 5580 1010 5635 Obiit
1041 5579 1306 5635 Henricus
1334 5597 1364 5635 a

1409 5581 1506 5637 bas
1545 5582 1788 5651 Pratelli,
1820 5568 2124 5637 monachus
2164 5573 2323 5629 Becci
2343 5572 2433 5626 7a.
2464 5571 2559 5625 7b.
2601 5576 2699 5642 qui
2727 5572 2812 5626 hic
2832 5568 3123 5634 desihunt;
3155 5568 3235 5621 nil
3259 5568 3452 5634 deper-

1675 5722 1885 5781 NOTAE.

221 5776 349 5851 (7H)
380 5785 492 5845 Cor.
536 5790 668 5845 11⁸76
703 5790 892 5855 BOUQ.
