3858 6206
424 301 528 357 539

567 441 919 483 ROMANORUM.
1075 447 1415 489 FHANCORUM.
1564 448 1878 490 ANGLORUM.

422 518 600 589 primo
630 518 831 575 letania
856 520 1087 591 majore,
1122 524 1255 578 hora
1289 525 1465 596 prima
1494 526 1691 593 noctis,
1741 532 1866 597 post
1893 526 2039 581 diem

426 610 606 681 ipsum
625 609 787 666 Marci
835 613 1197 685 evangeliste,
1238 615 1482 671 secundo
1504 617 1574 669 14
1596 616 1709 671 Kal.
1736 616 2043 671 Novenbris

426 709 586 757 nocte
619 713 912 774 sequente,
952 704 1066 759 fere
1117 707 1287 761 tercia
1319 707 1452 762 hora
1492 708 1687 763 noctis.
1722 708 1876 763 Anno
1936 710 2041 763 Do-

424 796 559 850 mini
591 798 730 850 1178
757 798 824 832 6⁸9
854 798 1092 854 vidimus
1129 800 1362 871 eclipsin
1415 801 1484 836 ⁶⁹⁰
1537 802 1593 856 in
1629 803 1763 856 luna
1794 803 1827 857 3
1858 802 2039 858 Nonas

424 885 620 953 Martii,
671 897 830 943 nocte
861 897 1148 961 sequente,
1193 891 1325 947 hora
1383 892 1560 963 prima
1592 893 1794 948 noctis.
1832 893 2036 949 Eodem

425 991 570 1032 anno
602 975 703 1032 fuit
731 978 955 1049 eclipsis
985 978 1036 1033 in
1068 979 1218 1047 luna,
1250 982 1284 1035 4
1313 982 1430 1037 Kal.
1462 982 1837 1052 Septembris;
1865 990 1920 1039 et
1949 999 2041 1038 eo-

425 1064 549 1117 dem
590 1082 735 1121 anno
767 1075 821 1121 et
847 1083 1042 1122 mense
1074 1068 1128 1122 in
1163 1070 1303 1133 sole,
1339 1071 1467 1125 ldus
1498 1071 1865 1141 Septembris,
1895 1073 2040 1127 circa

429 1154 739 1222 meridiem,
765 1162 876 1210 toto
905 1156 1020 1212 fere
1038 1158 1347 1215 obscurato.
1381 1161 1538 1216 Anno
1570 1160 1732 1215 etiam
1762 1163 1778 1214 1
1804 1162 1896 1215 '79
1926 1161 2041 1216 visa

428 1252 510 1299 cst
542 1246 669 1301 luna
709 1248 1042 1319 eclipsimari
1089 1254 1157 1305 15
1190 1252 1460 1307 Kalendas
1500 1253 1863 1324 Septembris,
1918 1260 2042 1324 post

428 1342 671 1392 octavam
715 1340 901 1395 horam
942 1342 1122 1397 noctis
1171 1344 1468 1400 dominico.
1523 1347 1679 1400 Anno
1746 1345 1886 1402 1180
1941 1344 2043 1401 fuit

426 1430 646 1501 eclipsis
676 1433 730 1486 in
759 1436 873 1488 sole
901 1435 935 1490 5
964 1436 1075 1491 Kal.
1112 1437 1414 1505 Februarii,
1448 1438 1583 1493 feria
1609 1438 1781 1494 tercia

503 1522 678 1593 [1182]
720 1524 831 1578 Rex
863 1525 1127 1582 Henricus
1165 1528 1352 1583 senior
1390 1544 1580 1583 mense
1619 1529 1815 1584 Marcio
1866 1536 2036 1585 trans-

427 1610 643 1666 fretavit
682 1613 735 1667 in
768 1615 1155 1671 Normanniam
1186 1633 1315 1673 cum
1356 1635 1553 1693 magna
1590 1619 1708 1673 auri
1739 1625 1794 1674 et
1821 1626 2034 1693 argenti

430 1704 610 1772 copia,
642 1713 863 1774 paratus
894 1706 949 1760 in
980 1708 1314 1776 adjutorium
1347 1712 1495 1785 regis
1512 1710 1757 1779 Francie,
1794 1711 1863 1765 ad
1884 1727 2035 1767 com-

431 1796 742 1863 ponendam
771 1814 959 1867 pacem
1002 1799 1146 1854 inter
1177 1802 1353 1871 ipsum
1387 1809 1441 1856 et
1469 1804 1727 1858 comitem
1760 1802 2032 1857 Flandrie.
2064 1764 2111 1831 Β

430 1880 573 1935 sicut
625 1890 680 1937 et
735 1883 863 1939 fecit
897 1887 1071 1957 [H82]
1130 1889 1277 1944 Obiit
1308 1890 1525 1945 Mabilia
1584 1891 1727 1963 (715)
1762 1891 2042 1947 comitissa

431 1968 783 2027 Flandrensis
821 1975 1028 2046 absque
1062 1977 1251 2032 liberis
1304 1980 1389 2034 59'.
1445 1980 1761 2036 Andronius
1818 1988 2043 2052 patruus

430 2058 779 2130 imperatoris
833 2064 1419 2139 Constantinopolitani
1478 2070 1670 2137 Alexii,
1726 2071 2043 2143 indignatus

431 2156 576 2227 quod
606 2155 722 2226 ipse
761 2158 1006 2215 duxisset
1035 2161 1201 2227 filiam
1233 2164 1377 2237 regis
1417 2165 1748 2220 Francorum
1808 2165 1863 2219 in
1915 2179 2045 2220 uxo-

430 2262 565 2315 rem,
623 2257 677 2303 et
703 2251 904 2307 multos
962 2254 1273 2311 Latinorum
1335 2258 1403 2292 ‘9’
1443 2273 1631 2313 secum
1674 2258 1903 2314 haberet
1934 2258 2041 2313 sibi

432 2336 748 2408 familiares,
800 2344 930 2415 quia
988 2346 1107 2416 ipse
1139 2355 1257 2402 erat
1318 2349 1542 2417 Grecus,
1583 2350 1803 2407 volebat
1827 2367 1924 2407 eos
1975 2354 2043 2408 ab

431 2426 662 2497 imperio
685 2431 805 2499 ejus
820 2435 1207 2490 exterminare.
1240 2436 1568 2493 Conducens
1598 2453 1728 2510 ergo
1750 2438 2039 2493 soldanum

432 2516 644 2573 lliconii
696 2527 750 2575 et
788 2522 990 2578 multos
1019 2524 1466 2594 Sarracenorum,
1524 2527 1902 2583 fraudulenter
1960 2528 2045 2582 in-

433 2607 700 2664 troierunt
729 2611 1028 2681 civitatem,
1061 2622 1116 2670 et
1142 2616 1344 2672 multos
1372 2617 1592 2672 Latinos
1620 2617 1985 2683 interfecit,et
2013 2634 2044 2673 a

432 2700 634 2756 Latinis
663 2704 817 2759 multi
852 2705 1139 2762 Sarraceni
1192 2708 1468 2764 interfecti
1507 2717 1654 2764 sunt.
1706 2710 1817 2767 Deo
1861 2720 2042 2765 tamen

431 2792 672 2857 volente,
707 2809 808 2862 pax
840 2793 984 2849 inter
1005 2812 1102 2851 eos
1141 2796 1354 2854 ﬁrmata
1376 2806 1478 2854 est.
1522 2799 1804 2855 Johannes
1828 2800 2046 2871 episco-

433 2900 538 2954 pus
575 2886 914 2943 Pictavensls
941 2891 1008 2925 ⁸³³
1031 2892 1112 2946 vir
1142 2910 1341 2969 magne
1374 2895 1671 2949 litterature
1699 2900 1754 2949 et
1779 2894 2046 2967 eloquen-

434 2977 528 3046 tie,
561 2980 768 3034 electus
792 2984 859 3035 ad
890 2984 1270 3056 episcopatum
1302 2988 1742 3055 Narbonensem,
1770 3005 1893 3044 cum
1926 2989 2038 3044 Ro-

434 3084 577 3124 mam
618 3073 944 3142 perrexisset
987 3077 1055 3111 ⁶⁹⁴
1105 3086 1331 3148 propter
1360 3079 1659 3149 predictam
1687 3080 2035 3136 benedictio-

1650 307 1990 364 SIGEBEBTI
2033 307 2545 366 GEMBLACENSIS.

3666 315 3768 373 540

2070 440 2116 506 Α
2146 435 2432 491 mundum.
2468 436 2569 502 Qui
2599 451 2723 493 cum
2755 453 2787 493 a
2817 437 3149 509 baptismate
3183 445 3582 507 reverteretur,
3613 447 3767 512 pater

2144 524 2423 580 investivit
2453 541 2581 580 eum
2609 525 2810 581 ducatu
2833 528 3050 598 Apulie,
3083 543 3184 599 per
3209 544 3439 584 aureum
3463 536 3761 600 sceptrum,

2142 614 2289 685 quod
2346 614 2401 668 in
2442 631 2609 670 manu
2649 616 2879 689 gerebat
2932 617 2993 671 Et
3020 617 3149 688 quia
3179 617 3247 672 de
3298 615 3523 672 ﬁliabus
3554 617 3762 673 domini

2141 706 2250 759 mei
2297 706 2442 781 regis
2481 706 2776 779 Anglorum
2814 708 2938 779 cepi
2971 708 3145 781 loqui,
3187 725 3298 764 non
3328 709 3515 765 debeo
3547 716 3759 781 preter-

2140 797 2358 853 mittere
2390 815 2575 873 regem
2617 800 2684 854 de
2726 798 2983 868 Castello,
3026 817 3192 871 quem
3238 808 3440 857 vocant
3468 799 3757 856 Anforsum

2140 902 2366 958 parvum
2397 905 2605 961 regem,
2628 889 2759 960 quia
2792 889 2976 945 adhuc
3005 890 3225 945 Feirant
3252 899 3483 960 patruus
3531 890 3657 959 ejus
3684 891 3759 945 Vi-

2139 977 2242 1043 vit;
2268 979 2363 1050 qui
2410 980 2456 1034 si
2488 986 2815 1041 moreretur.
2849 980 3115 1037 Anforsus
3155 981 3439 1053 prodictus
3489 991 3643 1037 esset
3670 998 3756 1037 rex

2139 1069 2518 1125 universarum
2564 1070 2969 1140 Hispaniarum.
3024 1071 3121 1126 Hic
3157 1070 3423 1126 Anforsus
3463 1071 3643 1143 gratia
3668 1072 3753 1125 Dei

2142 1166 2196 1214 ct
2224 1160 2422 1215 virtute
2454 1178 2553 1216 sua
2584 1161 2739 1217 duxit
2776 1162 2846 1196 ⁸9⁸
2876 1161 3219 1216 carissimam
3257 1161 3544 1217 dominam
3589 1177 3754 1217 meam

2142 1255 2199 1303 et
2228 1247 2450 1304 filiolam
2484 1250 2538 1304 in
2570 1250 2901 1321 baptismate
2932 1252 2989 1305 in
3015 1267 3263 1319 uxorem,
3309 1253 3541 1307 Alicnor
3595 1252 3752 1307 ﬁliam

2142 1341 2288 1415 regis
2316 1342 2634 1416 Anglorum,
2653 1343 2811 1411 cujus
2830 1344 3063 1399 consillo
3094 1352 3150 1400 et
3174 1344 3380 1400 auxilio
3407 1345 3586 1401 multa
3616 1345 3757 1400 bona

2142 1429 2193 1483 ei
2241 1429 2581 1484 acciderunt.
2616 1430 2746 1483 Nam
2780 1430 3015 1501 primum
3056 1431 3251 1487 urbem
3311 1432 3563 1487 Conchas
3590 1434 3753 1504 cepit,

2135 1533 2453 1589 magnarum
2484 1524 2750 1573 terrarum
2781 1519 3102 1587 matricem;
3142 1526 3196 1575 ct
3215 1527 3276 1575 ut
3305 1520 3533 1592 quidam
3567 1522 3754 1577 dicunt

2135 1606 2284 1677 cepit
2313 1604 2619 1661 Cordubam
2652 1623 2717 1662 ex
2751 1615 2903 1678 parte
2933 1615 2990 1663 et
3020 1608 3274 1675 munivit,
3304 1616 3360 1664 et
3390 1608 3534 1664 duas
3563 1610 3752 1666 civita-

2136 1702 2219 1751 tes
2249 1697 2393 1771 regis
2424 1697 2580 1768 Lupi,
2614 1698 2916 1753 Valentiam
2946 1706 3001 1754 et
3058 1699 3287 1755 Muciam
3338 1700 3438 1767 59°;
3497 1707 3555 1755 et
3586 1701 3748 1755 multa

2136 1784 2243 1839 alia
2268 1785 2416 1841 bona
2445 1784 2594 1852 fecit,
2627 1802 2735 1858 que
2761 1786 2830 1842 ad
2864 1787 3115 1842 notitiam
3149 1794 3391 1843 nostram
3422 1803 3539 1844 non
3572 1804 3754 1860 perve-

2138 1884 2356 1932 nerunt.
2388 1877 2579 1933 Tcrcia
2609 1893 2735 1933 vero
2788 1877 3022 1933 filiarum
3063 1878 3229 1954 regis,
3265 1878 3322 1932 id
3365 1887 3451 1935 est
3505 1879 3745 1935 Matildis

2140 1969 2526 2041 primogenita,
2560 1970 2754 2042 nupxit
2786 1971 3018 2026 Henrico
3047 1971 3176 2026 duci
3200 1971 3478 2027 Saxonum
3512 1980 3571 2028 et
3596 1972 3748 2041 Baja-

2142 2061 2344 2116 riarum
2402 2070 2456 2117 et
2503 2063 2806 2118 Suevorum
2888 2063 2998 2118 Nec
3054 2069 3136 2118 est
3183 2063 3387 2136 aliquis
3439 2064 3633 2131 homo,
3663 2064 3749 2136 qui

2143 2159 2321 2208 tantas
2344 2152 2544 2209 habeat
2571 2155 2973 2224 possessiones,
3006 2153 3152 2209 sicut
3177 2154 3301 2223 iste,
3334 2154 3442 2210 nisi
3460 2154 3747 2210 fueritim-

2141 2251 2360 2312 perator
2385 2251 2479 2298 aut
2509 2259 2622 2297 rex.
2658 2243 2789 2298 Nam
2820 2243 2891 2298 40
2921 2243 3090 2298 urbes
3112 2244 3299 2310 habet,
3332 2251 3388 2299 et
3404 2245 3470 2299 67
3505 2244 3744 2311 castella,

2143 2335 2386 2404 exceptis
2415 2336 2669 2406 pluribus
2698 2336 2862 2391 villis.
2888 2336 2997 2390 Sed
3014 2343 3197 2391 tamen
3228 2352 3353 2391 cum
3387 2343 3539 2391 esset
3570 2337 3749 2407 proxi-

2143 2438 2265 2477 mus
2296 2440 2458 2479 carne
2492 2424 2769 2479 Frederici
2820 2424 3174 2495 imperatoris
3203 2425 3603 2489 Romanorum,
3632 2427 3755 2481 ortis

2143 2517 2289 2571 inter
2316 2531 2412 2571 eos
2442 2515 2774 2587 quibusdam
2815 2516 3191 2584 simutatibus,
3231 2517 3466 2573 consilio
3491 2517 3754 2588 archiepi-

2143 2620 2436 2678 sceporum
2466 2612 2519 2660 et
2556 2607 2948 2677 episcoporum
2987 2606 3145 2678 regni
3173 2606 3523 2674 Alemannie,
3546 2606 3641 2679 qui
3671 2609 3757 2663 ha-

2144 2696 2281 2751 bent
2311 2695 2425 2751 fere
2453 2711 2651 2751 omnes
2681 2696 2933 2752 civitates
2959 2696 3012 2750 in
3040 2696 3250 2752 ditione
3275 2712 3395 2755 sua.
3431 2697 3581 2752 illius
3611 2699 3758 2772 regni

2145 2785 2446 2856 imperator
2469 2785 2880 2841 cxulaviteum:
2911 2802 3081 2858 quare
3114 2788 3269 2842 venit
3297 2787 3354 2841 in
3374 2787 3755 2844 Normanniam

2144 2879 2212 2935 ad
2256 2895 2445 2954 regem
2496 2880 2790 2936 Henricum
2849 2896 3103 2937 socerum
3149 2898 3307 2938 suum
3353 2898 3481 2939 cum
3512 2899 3680 2939 uxore
3705 2891 3760 2941 et

2143 2968 2354 3035 liberis,
2387 2976 2443 3024 et
2470 2985 2564 3025 rex
2602 2970 2867 3025 maximas
2898 2986 3173 3042 expensas
3203 2970 3334 3027 fecit
3367 2987 3471 3043 pro
3500 2985 3589 3038 eo,
3619 2973 3752 3030 coti-

2137 3060 2227 3116 die
2257 3059 2467 3115 scilicet
2484 3060 2551 3116 50
2582 3060 2754 3116 libras
2791 3062 3293 3137 Andegavensium.
3325 3062 3432 3128 Qui
3459 3063 3570 3120 Deo
3589 3064 3747 3119 auxi-

434 3173 587 3213 nem;
618 3133 905 3219 ἐηηυθηιε
956 3133 1121 3236 Ρηραι
1138 3133 1304 3223 ιυξῖο
1351 3133 2039 3245 31¢,icj'p,iméj,uéal,-
2061 3133 2110 3201 C
2137 3152 2307 3245 liante
2326 3152 2507 3245 adhuc
2529 3160 2728 3209 terram
2746 3170 2904 3245 suam
2936 3133 3411 3245 recuperabitper
3432 3155 3751 3213 industriam

431 3246 620 3302 nensis
649 3250 937 3323 elegerunt
965 3269 1091 3308 eum
1119 3255 1175 3309 in
1206 3256 1685 3329 archiepiscopum
1710 3259 2038 3328 Lugdunen-

430 3351 569 3403 s-m,
608 3354 717 3408 que
735 3340 899 3395 sedes
931 3342 1095 3398 habet
1122 3344 1415 3415 primatum
1444 3362 1611 3417 super
1631 3354 1741 3401 tres
1766 3347 2043 3419 archiepi-

432 3434 706 3497 scOpatus.
741 3430 920 3487 Prima
951 3433 1095 3487 enim
1131 3435 1476 3491 Ludunensis
1529 3437 1584 3491 id
1614 3444 1698 3493 est
1730 3438 2040 3503 Ludunum,

434 3522 519 3569 est
570 3534 737 3589 super
784 3519 1114 3590 Rodanum;
1155 3525 1397 3581 secunda
1462 3525 1810 3582 Ludunensis
1873 3542 2043 3598 super

434 3607 720 3679 Seeanam,
780 3612 834 3667 id
883 3621 966 3669 est
1023 3615 1426 3692 Rothomagus;
1470 3618 1629 3674 tertia
1692 3619 2040 3675 Ludunensis

434 3715 602 3771 super
629 3702 887 3776 Ligerim,
940 3707 996 3761 id
1024 3714 1106 3763 est
1130 3709 1404 3775 Turonis;
1445 3718 1639 3782 quarta
1669 3711 2036 3780 Ludunensis,

432 3788 486 3842 id
518 3798 603 3845 est
632 3791 888 3861 Senonis,
920 3812 1092 3868 super
1120 3798 1396 3854 lcaunam.
1437 3798 1594 3871 [1182
1624 3798 1641 3872 ]
1672 3800 1732 3854 In
1760 3800 1864 3855 hoc
1891 3815 2038 3856 anno

431 3883 616 3938 evenit
653 3883 740 3939 bis
792 3888 871 3943 vel
925 3894 1008 3943 ter
1049 3900 1377 3947 terremotus
1415 3891 1561 3947 circa
1609 3890 1808 3947 festum
1863 3892 2036 3948 sancti

427 3969 726 4029 Michaelis.
760 3975 872 4031 Hoc
899 3977 1063 4031 etiam
1092 3994 1237 4034 anno
1266 3996 1466 4054 magna
1490 3979 1770 4036 discordia
1796 3979 1936 4036 facta
1955 3987 2040 4036 est

432 4065 573 4120 inter
594 4083 794 4142 regem
828 4077 883 4126 et
912 4069 1057 4126 filios
1085 4088 1238 4141 suos,
1284 4080 1507 4144 prepter
1542 4073 1825 4129 castellum
1859 4074 2039 4131 Clare-

431 4157 605 4223 vallis,
639 4163 787 4232 quod
819 4169 937 4218 erat
975 4164 1043 4219 de
1083 4164 1250 4221 feudo
1275 4165 1690 4240 Andegavensi;
1720 4176 1773 4221 et
1812 4167 2039 4222 Richar-

431 4247 533 4302 dus
562 4264 750 4305 comes
799 4251 1133 4308 Pictavensis
1174 4253 1407 4309 latenter
1447 4254 1758 4310 firmaverat
1786 4254 1944 4323 illud,
1984 4262 2041 4311 et

430 4339 610 4397 adhuc
647 4341 925 4399 discordia
974 4357 1288 4415 perseverat
1337 4346 1480 4401 inter
1524 4353 1732 4418 patrem
1778 4354 1833 4402 et
1873 4346 2036 4412 ﬁlios,

429 4442 655 4504 propter
682 4436 931 4491 eamdem
957 4452 1203 4491 causam.
1236 4438 1348 4493 Rex
1370 4438 1634 4494 Henricus
1661 4439 1851 4494 senior
1888 4438 2039 4496 misit

428 4521 728 4577 cxercitum
760 4524 816 4578 in
847 4524 1207 4592 Britanniam,
1230 4533 1286 4582 et
1315 4525 1657 4582 obsederunt
1695 4532 1900 4581 turrem
1931 4526 2041 4581 Re-

427 4612 754 4679 donensem,
791 4622 846 4672 et
872 4625 1159 4688 ceperunt,
1202 4626 1259 4673 et
1303 4617 1649 4674 combustam
1678 4615 2040 4673 reediﬁcave-

426 4713 553 4762 runt
579 4708 1020 4766 etmuniverunt.
1046 4710 1243 4766 Postea
1262 4725 1452 4766 comes
1477 4709 1757 4766 Britannic
1783 4726 2039 4784 magnam

430 4806 639 4866 partem
682 4799 855 4871 ipsius
883 4802 1120 4859 civitatis
1163 4809 1218 4858 et
1264 4802 1542 4857 abbatiam
1582 4803 1758 4858 sancti
1791 4802 2039 4875 Gregorii

428 4888 752 4960 combussit;
785 4900 841 4948 et
880 4895 1141 4951 Becherel
1164 4903 1400 4951 castrum
1433 4895 1684 4951 Rollandi
1720 4896 1790 4950 de
1823 4895 2035 4950 Dinam.

427 4980 753 5038 Audivimus
788 5002 819 5039 a
848 4986 1180 5056 quibusdam
1240 4987 1395 5059 quod
1436 4988 1687 5043 Johanna
1715 5003 1854 5043 uxor
1882 4986 2039 5043 Guil-

428 5067 586 5122 lermi
627 5070 774 5143 regis
801 5073 1005 5144 Sicilie,
1036 5075 1149 5131 ﬁlia
1180 5076 1396 5133 Henrici
1426 5077 1572 5150 regis
1606 5075 1904 5151 Anglorum
1939 5092 2041 5147 pe-

430 5157 572 5227 perit
601 5158 834 5216 eiﬁlium
867 5164 1317 5238 primogenitum,
1346 5180 1511 5238 quem
1533 5171 1868 5222 vocaverunt
1898 5166 2041 5221 Boa-

2142 3249 2198 3297 et
2228 3241 2603 3298 fortitudinem
2634 3249 2691 3297 et
2728 3242 2950 3298 divitias
2981 3243 3127 3316 regis
3157 3243 3373 3320 Anglic.

2145 3337 2282 3393 1182
2354 3338 2668 3393 Fredericus
2724 3336 2810 3393 30.
2889 3338 3179 3409 Philippus
3242 3342 3264 3394 1
3347 3339 3616 3395 Henricus
3665 3341 3754 3396 27.

2216 3431 2326 3487 Rex
2378 3430 2641 3486 Henricus
2689 3431 2866 3487 tenuit
2908 3432 3116 3487 curiam
3177 3448 3334 3487 suam
3381 3434 3534 3505 apud
3591 3434 3758 3492 Cade-

2145 3534 2316 3585 mum,
2355 3526 2409 3575 et
2458 3518 2768 3590 prohibuit,
2829 3535 2900 3575 ne
2954 3519 3157 3592 aliquis
3217 3520 3495 3576 baronum
3551 3528 3762 3579 teneret

2139 3613 2371 3681 curiam,
2393 3612 2491 3668 sed
2532 3612 2788 3668 venirent
2823 3612 2892 3667 ad
2919 3628 3094 3668 suam.
3127 3612 3409 3670 Predictus
3439 3613 3550 3670 dux
3593 3614 3758 3673 Saxo-

2140 3721 2271 3761 num
2303 3705 2396 3761 ille
2432 3704 2604 3772 venit,
2637 3711 2694 3761 et
2730 3704 2810 3760 ibi
2845 3713 3228 3761 convenerunt
3258 3704 3414 3762 mille
3468 3706 3675 3763 milites
3706 3713 3756 3763 et

2138 3815 2206 3856 eo
2235 3799 2493 3870 amplius.
2546 3798 2691 3854 Obiit
2716 3798 3001 3855 Iohannes
3041 3799 3397 3856 Carnotensis
3444 3800 3755 3874 episcopus,

2138 3897 2195 3945 et
2220 3888 2488 3946 successit
2515 3887 2567 3945 ei
2608 3887 2824 3953 Petrus,
2856 3887 2950 3959 qui
2992 3887 3171 3943 fuerat
3207 3886 3383 3943 abbas
3421 3888 3614 3946 Sancti
3654 3890 3753 3947 lle-

2139 3980 2291 4055 migii
2326 3980 2634 4035 Hemensis.
2681 3979 2827 4034 Obiit
2867 3978 3136 4034 Galterius
3173 3979 3482 4050 episcopus
3517 3980 3753 4038 Ronfen-

2143 4066 2241 4134 sis,
2288 4067 2383 4138 qui
2429 4066 2532 4121 fuit
2583 4066 2750 4122 frater
2803 4066 3108 4123 Theobaldi
3165 4067 3575 4141 archiepiscopi
3629 4069 3754 4126 Can-

2140 4154 2465 4221 tuariensis;
2520 4160 2575 4209 et
2628 4156 2895 4211 successit
2945 4156 2998 4210 ei
3051 4156 3394 4211 Valerannus
3445 4156 3754 4223 Bajocensis

2140 4246 2585 4302 archidiaconus.
2618 4245 2768 4300 Obiit
2805 4254 2962 4317 pater
3001 4255 3191 4301 noster
3222 4246 3537 4303 Richardus
3567 4246 3753 4303 Abrin-

2141 4341 2326 4398 censis
2375 4341 2692 4412 episcopus,
2746 4339 2833 4395 vir
2870 4356 3069 4413 magne
3111 4341 3392 4396 literature
3436 4351 3551 4397 tam
3605 4357 3750 4398 secn—

2142 4434 2272 4490 laris
2309 4450 2472 4506 quam
2500 4433 2709 4500 divine,
2737 4448 2951 4489 morum
2987 4433 3279 4489 honestate
3306 4433 3468 4507 virgo
3507 4434 3582 4490 ab
3610 4441 3752 4491 utero

2059 4496 2116 4566 D
2143 4496 2473 4582 laudandus.
2506 4524 2652 4580 Obiit
2690 4496 2852 4580 Pulco
2886 4524 3233 4599 Paganellus,
3288 4531 3347 4581 et
3385 4496 3666 4583 successit
3705 4522 3750 4580 ei

2142 4618 2471 4674 Guillermus
2498 4615 2644 4672 filius
2683 4615 2823 4687 ejus.
2860 4615 3005 4672 Obiit
3057 4616 3368 4672 Bicliardus
3407 4617 3589 4673 abbas
3614 4618 3753 4673 Mon-

2141 4710 2394 4783 tisburgi,
2427 4715 2481 4763 et
2507 4708 2774 4764 successit
2802 4706 2853 4762 ei
2881 4706 3155 4764 Robertus
3184 4707 3336 4779 prior
3360 4716 3419 4764 et
3456 4707 3751 4766 monachus

2142 4801 2391 4870 ejusdem
2434 4798 2562 4855 loci.
2621 4798 2905 4853 Johannes
2960 4797 3235 4861 (ommin,
3313 4799 3563 4855 clericus
3620 4796 3752 4873 regis

2138 4892 2459 4965 Anglorum,
2507 4889 2686 4946 factus
2732 4896 2817 4944 est
2877 4889 3330 4962 archiepiscopus
3391 4890 3660 4946 Duveline
3702 4888 3749 4943 in

2142 4984 2419 5041 Hibernia.
2467 4983 2617 5039 Obiit
2654 4983 2847 5038 Petrus
2886 4982 3242 5039 Carnotensis
3280 4983 3624 5055 episcopus:
3659 4997 3749 5038 cu-

2133 5078 2225 5148 jus
2265 5078 2384 5132 loco
2412 5075 2622 5131 electus
2652 5080 2735 5129 est
2780 5073 3078 5129 Rainaldus
3109 5074 3178 5130 de
3222 5074 3441 5141 Mocon,
3478 5076 3749 5130 thesauru-

2139 5169 2255 5223 rius
2312 5166 2497 5222 Sancti
2562 5164 2776 5221 Martini
2841 5165 3179 5221 Turonensis
3212 5207 3227 5233 ,
3313 5180 3494 5237 nepos
3545 5160 3747 5221 comitis

1769 5270 2003 5326 νΑΒΙιΕ
2033 5270 2412 5327 LECTIONES.

501 5365 569 5399 ⁶⁸⁹
596 5363 909 5421 MCLXVlll.
956 5370 1115 5424 habet
1162 5370 1218 5424 Ε.
1296 5371 1364 5406 ⁶⁹⁰
1400 5375 1482 5427 ita
1525 5372 1582 5427 E.

432 5436 521 5489 liis
560 5435 877 5504 deperditis.
954 5439 1023 5473 ονε
1052 5441 1248 5495 desinit
1264 5442 1337 5497 se.
1405 5444 1474 5478 σοι

1671 5372 1736 5407 ⁶⁹¹
1769 5378 2013 5429 mutatur
2058 5390 2254 5429 manus
2314 5377 2365 5428 et
2416 5371 2827 5442 orthographia.
2900 5370 2970 5405 ⁶⁹²
2999 5370 3203 5426 desinit
3255 5370 3348 5427 8d.
3405 5371 3618 5427 ultimis
3670 5369 3746 5437 fo-

1504 5446 1856 5513 quaternione
1877 5446 2150 5500 desinente
2178 5447 2237 5500 in
2268 5445 2327 5501 E.
2354 5446 2634 5515 sequentia
2665 5444 2918 5515 exaravit
2942 5442 3058 5496 alia
3078 5457 3268 5515 manus
3307 5446 3567 5498 continua
3594 5451 3747 5511 usque

430 5507 505 5561 ad
527 5508 687 5576 ﬁnem
716 5522 771 5559 a.
811 5507 957 5562 I183.
987 5511 1190 5565 Deinde
1208 5513 1396 5568 habitu
1409 5507 1696 5584 paululum
1721 5520 1926 5572 mutato
1953 5517 2142 5572 eadem
2160 5531 2385 5586 prorsus
2411 5507 2605 5572 manus
2630 5529 2796 5586 usque
2824 5513 2899 5567 ad
2924 5516 3080 5584 ﬁnem
3105 5513 3306 5569 codicis
3331 5515 3615 5584 pertingit.

1982 5643 2191 5701 ΝΟΤᾹΞ.

507 5705 657 5777 (715)
683 5703 982 5763 Elisabeth.
