3858 6206
157 339 256 395 541

294 479 657 521 κοιηκοιιυιι.
805 483 1151 527 FRANCORUM.
1315 490 1625 535 ANGLORUI.

155 555 485 613 Theobaldi.
539 557 814 614 Galterius
850 560 920 615 de
977 561 1310 620 Constantiis
1350 565 1524 624 factus
1554 569 1773 637 episco-

156 667 255 723 pus
287 651 652 713 Liconicnsis.
701 662 949 711 sacratus
1002 656 1107 713 fuit
1142 674 1173 713 a
1214 659 1485 717 Richardo
1543 662 1772 719 Cantua-

156 740 317 796 riensi
341 741 760 814 archiepiscopo
812 744 1146 820 Andegavis,
1207 748 1263 803 in
1329 751 1542 822 capella
1598 753 1768 809 donni

158 847 300 906 regis
330 838 387 886 et
428 830 483 885 in
502 833 784 903 presentia
812 834 946 905 ejus.

225 919 428 990 [1183.]
461 920 601 975 Obiit
661 922 928 979 Henricus
969 925 1191 993 tercius,
1238 928 1562 985 karissimus
1590 930 1770 988 domi-

155 1024 255 1063 nus
320 1019 535 1075 noster,
590 1010 812 1079 juvenis
871 1030 987 1080 rex,
1048 1013 1193 1071 filius
1259 1017 1474 1074 Renrici
1539 1021 1768 1077 secundi

153 1102 600 1158 excellentissimi
630 1111 683 1159 et
716 1104 1071 1163 illustrissimi
1103 1110 1248 1185 regis
1272 1113 1591 1186 Anglorum,
1622 1118 1767 1188 apud

152 1203 388 1247 casuum
425 1193 608 1247 Marte]
639 1193 727 1262 ⁸9⁵,
759 1195 793 1248 3
824 1196 951 1250 ldus
976 1197 1148 1264 Junii,
1200 1200 1255 1254 in
1298 1200 1589 1259 festivitate
1622 1206 1769 1263 heati

154 1285 394 1341 Barnabe
431 1288 688 1358 apostoli,
728 1287 813 1343 vir
863 1306 964 1360 per
1016 1293 1202 1348 omnia
1258 1295 1626 1368 plangendus,
1658 1315 1770 1356 non

155 1378 321 1433 solum
348 1378 484 1450 quia
514 1386 632 1434 erat
664 1379 721 1434 fil
741 1380 832 1435 ius
871 1382 1147 1439 karissimi
1179 1386 1390 1442 domini
1422 1391 1592 1445 nostri
1628 1393 1766 1448 Hen-

154 1468 247 1522 rici
272 1468 729 1526 excellentissimi
771 1473 919 1547 regis
952 1475 1249 1550 Anglorum
1292 1481 1547 1548 secundi,
1576 1499 1765 1539 verum

157 1560 311 1614 etiam
364 1561 499 1632 quia
553 1570 669 1617 erat
722 1566 1127 1635 pulcherrimus
1192 1568 1352 1634 facie,
1410 1572 1675 1629 honestus
1715 1575 1771 1631 in

1016 343 1361 402 CHRONICA.
1407 379 1473 389 —
1512 349 1891 407 AUCTARIUM
1934 349 2216 409 ROBERTI
2260 355 2342 409 DE
2383 355 2619 411 MONTE.

3391 338 3493 415 542

1792 486 1845 552 Α
1873 485 2109 536 terature
2149 489 2206 537 et
2236 482 2563 549 honestatis,
2616 483 2825 540 electus
2865 492 2948 541 est
3004 486 3058 541 in
3107 488 3489 559 episcOpatum

1877 566 2237 634 Cestrensem,
2316 569 2409 642 qui
2478 571 2834 643 episc0patus
2898 574 3066 629 habet
3134 582 3242 631 tres
3283 576 3492 631 sedes:

1876 657 2242 727 Cestrensem,
2275 660 2709 730 Coveitrensem,
2756 662 3182 720 Licifellensem.
3233 668 3498 722 Henricus

1874 752 2041 808 frater
2069 754 2244 828 Egidii
2280 756 2349 811 de
2404 757 2678 825 Solereio,
2734 773 2911 830 nepos
2974 759 3188 815 abbatis
3218 762 3494 829 Fiscanni,

1871 845 2085 900 electus
2124 852 2207 900 est
2242 846 2309 900 ad
2339 846 2879 919 archiepiscOpatum
2939 848 3358 905 Bituricensem.
3394 852 3502 905 lte-

1873 952 1993 990 rum
2023 936 2335 992 Andronius
2370 938 2579 1010 expulit
2633 949 2892 1010 nepotem
2944 956 3103 995 suum
3145 941 3496 1010 Alexiumju-

1872 1042 2064 1081 venem
2100 1028 2489 1098 imperatorem
2533 1029 2753 1085 deurbe
2780 1031 3413 1104 ConstantinOpOIitana,
3440 1040 3495 1089 et

1872 1127 2090 1189 captum
2112 1120 2331 1174 tandem
2359 1121 2622 1176 demersit
2683 1122 2736 1176 in
2773 1139 2924 1178 mare
2971 1123 3149 1193 ipsum
3183 1132 3237 1179 et
3265 1132 3491 1181 matrem

1872 1212 1927 1261 et
1952 1221 2195 1262 sororem
2219 1208 2581 1287 ejus.Quibus
2599 1210 2667 1263 de
2700 1211 2881 1265 medio
2909 1211 3203 1268 moriendo
3237 1213 3489 1277 sublatis,

1873 1298 2204 1365 Andronius,
2237 1300 2331 1371 qui
2359 1300 2630 1355 tirannicc
2677 1302 2985 1373 arripuerat
3015 1303 3330 1374 imperium,
3364 1321 3493 1375 pre-

1869 1386 2014 1457 cepit
2044 1386 2411 1462 primogenita
2465 1388 2577 1444 filio
2638 1405 2738 1444 suo
2798 1390 3014 1445 Manuel
3098 1398 3156 1446 ut
3219 1393 3492 1461 acciperet

1868 1492 2093 1533 uxorem
2116 1478 2286 1533 Alexii
2309 1478 2657 1551 imperatoris
2686 1480 2954 1545 defuncti,
2996 1497 3238 1537 sororem
3287 1483 3487 1554 Philipi

1872 1570 2017 1641 regis
2041 1570 2396 1637 Francorum,
2430 1579 2485 1625 et
2518 1572 2745 1627 haberet
2792 1588 2914 1627 cum
2948 1588 3014 1628 eo
3041 1573 3362 1645 dignitatem
3391 1573 3490 1628 im-

155 1651 415 1720 moribus,
450 1652 680 1724 dapsilis
720 1655 772 1710 in
806 1659 1150 1724 muneribus,
1203 1676 1373 1732 super
1400 1678 1594 1719 omnes
1627 1682 1744 1738 quo:

1924 1657 2024 1711 :rii.
2059 1658 2214 1723 Quod
2240 1674 2361 1713 cum
2388 1658 2473 1712 vir
2500 1660 2762 1714 honestus
2786 1670 3064 1725 renueret,
3092 1661 3324 1730 projecit
3355 1677 3481 1716 cum

153 1742 204 1797 in
242 1749 427 1799 nostra
460 1750 605 1800 etate
629 1746 887 1818 vidimus,
911 1750 1003 1821 qui
1030 1756 1231 1806 terram
1260 1754 1503 1809 nondum
1535 1756 1766 1814 haberet
1792 1807 1833 1821 η
1867 1744 1923 1798 in
1952 1745 2195 1812 νίηθυιθ»
2227 1752 2281 1800 οι
2324 1746 2537 1816 accepit
2590 1747 2758 1813 “iam,
2791 1755 2845 1801 οἱ
2889 1748 3159 1803 contrax“
3202 1749 3476 1804 ῖηοθειυῐη

150 1831 497 1905 assignatam.
532 1836 783 1904 quamvis
823 1844 982 1907 pater
1007 1838 1127 1909 ejus
1164 1840 1482 1911 quindecim
1506 1844 1658 1900 milia
1689 1846 1759 1900 li-
1786 1807 1836 1875 Β
1863 1840 2204 1914 coniugium,
2250 1841 2294 1894 Si
2340 1841 2658 1915 coniugium
2709 1843 3018 1897 vocandum
3077 1852 3183 1908 θεῖν
3252 1850 3308 1897 οἳ
3357 1842 3487 1898 fec“

147 1924 350 1995 brarum
381 1923 866 1998 Andegavensium
895 1937 1119 1985 monete
1147 1938 1199 1985 et
1226 1947 1292 1987 eo
1320 1934 1556 2004 amplius
1590 1947 1757 2009 quot-
1858 1933 2108 1988 coronari
2139 1948 2328 1987 secum
2361 1932 2533 1987 tilium
2549 1948 2709 1987 suum
2727 1934 2996 1988 minorem
3030 1933 3481 2002 Calojohannem.

144 2018 293 2072 annis
319 2018 498 2074 daret.
539 2018 645 2074 Sed
719 2020 825 2076 hoc
883 2038 1073 2091 parum
1131 2029 1247 2078 erat
1305 2026 1370 2080 ad
1421 2028 1752 2097 explendam
1856 2022 1986 2078 Cum
2044 2030 2223 2079 autem
2278 2024 2447 2079 Latini
2507 2025 2894 2080 occiderentur
2949 2041 3049 2094 per
3101 2025 3479 2081 crudelitatem

146 2104 485 2163 latitudinem
555 2108 739 2163 cordis
768 2110 910 2181 ejus.
969 2112 1027 2165 ln
1082 2110 1267 2168 ofﬁcio
1324 2116 1541 2171 militari
1578 2124 1758 2174 tantus

149 2203 273 2263 erat,
322 2204 380 2253 ut
411 2212 529 2254 non
569 2198 797 2255 haberet
853 2218 1063 2272 parem,
1110 2204 1206 2258 sed
1264 2206 1542 2278 principes
1571 2217 1625 2264 et
1664 2225 1758 2265 co-

150 2285 300 2342 mites
327 2296 383 2344 et
413 2290 587 2346 etiam
618 2307 776 2366 reges
816 2308 942 2348 eum
977 2295 1248 2353 timerent.
1282 2298 1521 2355 Veniens
1551 2302 1617 2357 ad
1659 2319 1751 2358 ex-

152 2386 329 2446 trema,
357 2382 494 2454 quia
522 2384 759 2440 consilio
791 2402 1079 2456 pravorum
1126 2388 1410 2445 hominum
1452 2409 1551 2462 per
1586 2411 1751 2467 guer-

154 2486 254 2524 ram
280 2469 392 2527 fere
414 2487 522 2543 per
541 2488 746 2528 annum
780 2475 949 2531 Deum
990 2482 1045 2532 et
1069 2486 1316 2535 sanctam
1360 2484 1651 2539 ecclesiam
1696 2494 1749 2542 et

147 2568 338 2631 patrem
367 2579 535 2619 suum
557 2563 878 2631 offenderat,
907 2569 1298 2638 pmnitenciam
1327 2575 1534 2645 recepit
1555 2592 1584 2630 a
1606 2591 1746 2648 quo-

145 2654 257 2709 dam
281 2655 636 2714 sanctissimo
664 2658 928 2730 episcOpo
955 2668 1009 2716 et
1030 2662 1215 2718 multis
1238 2665 1382 2731 aliis,
1400 2674 1454 2721 et
1481 2668 1619 2737 patri
1646 2685 1746 2725 suo

146 2743 193 2798 in
220 2746 501 2812 extremis,
516 2762 617 2817 per
637 2746 846 2803 litteras
877 2751 1414 2826 mandavit,utquod
1444 2756 1749 2815 offenderat

144 2832 191 2886 in
225 2833 388 2890 Deum
405 2841 468 2890 et
493 2840 735 2892 sanctam
769 2838 1082 2905 ecclesiam,
1121 2858 1223 2913 pro
1237 2858 1303 2899 eo
1333 2848 1673 2914 emendaret,
1693 2859 1747 2904 et

144 2923 313 2979 matris
338 2940 437 2980 sue
472 2925 664 2998 regine
677 2926 976 3001 Anglorum
994 2935 1048 2984 et
1070 2932 1257 2987 uxoris
1279 2949 1377 2989 sue
1405 2935 1612 2991 sororis
1626 2937 1747 2991 Phi-

143 3013 226 3085 lipi
244 3016 1037 3091 regisFrancorumetmilitum
1060 3038 1285 3079 suorum
1315 3033 1369 3082 et
1389 3028 1744 3086 servientium

146 3103 505 3174 misereretur,
519 3105 905 3178 quibusmulta
936 3113 1281 3181 promiserat,
1306 3131 1410 3171 nec
1430 3117 1511 3173 eis
1537 3118 1747 3192 aliquid

144 3199 391 3261 preventu
431 3195 634 3251 mortis
670 3195 1045 3267 darepoterat.
1080 3201 1431 3272 Disposuerat
1457 3214 1583 3262 ante
1597 3225 1746 3263 mor-

146 3289 243 3338 tem
271 3300 447 3353 suam,
474 3293 535 3341 ut
563 3302 764 3358 corpus
791 3289 913 3359 ejus
938 3292 995 3345 in
1022 3293 1256 3349 ecclesia
1286 3295 1442 3351 beate
1464 3298 1629 3354 Marie
1646 3300 1747 3356 Ro.

143 3371 509 3447 thomagensis
520 3376 874 3446 sepeliretur,
888 3378 983 3433 ubi
991 3379 1179 3449 jacent
1195 3382 1353 3452 primi
1364 3393 1746 3443 antecessores

141 3461 264 3529 ejus,
291 3464 344 3519 id
373 3473 463 3521 est
484 3465 642 3522 Rollo
675 3475 730 3524 et
767 3468 1086 3527 Willermus
1143 3472 1329 3549 Longa
1373 3476 1538 3547 Spata
1590 3476 1740 3533 filius

143 3549 264 3618 ejus,
290 3552 461 3609 duces
489 3553 956 3627 Normannorum,
1009 3559 1340 3617 Guillermus
1368 3563 1532 3619 etiam
1550 3581 1737 3621 comes

146 3650 352 3710 patruus
380 3644 529 3714 ejus,
570 3644 655 3700 vir
680 3661 781 3717 per
827 3648 1017 3703 omnia
1075 3651 1440 3727 plangendus.
1471 3654 1580 3709 Sed
1610 3673 1734 3712 cum

146 3738 467 3799 deducerent
491 3742 659 3798 funus
680 3744 802 3814 ejus
831 3745 1139 3803 Richardus
1197 3749 1605 3806 Cantuariensis
1645 3769 1735 3807 ar—

148 3831 517 3907 chiepiscopus
570 3843 626 3891 et
671 3837 843 3893 multe
893 3838 1002 3894 alie
1030 3839 1406 3897 ecclesiastica
1433 3859 1673 3913 persone
1692 3853 1747 3901 et

151 3929 290 3985 multi
333 3932 657 3987 consulares
710 3940 766 3989 et
830 3933 1279 3991 excellentissimi
1334 3937 1576 3994 nominis
1621 3939 1742 3999 viri.

152 4029 403 4077 venerunt
423 4021 862 4091 Cenomannum,
891 4028 974 4091 let
1002 4024 1057 4079 in
1106 4026 1341 4082 ecclesia
1371 4026 1518 4083 beati
1547 4029 1748 4084 Juliani

152 4123 336 4182 corpus
380 4116 504 4179 ejus
532 4124 859 4186 posuerunt.
922 4118 983 4172 In
1031 4119 1273 4175 crastino
1305 4119 1749 4178 Cenomanenses

152 4201 366 4258 maxime
393 4204 548 4260 cives
575 4205 920 4276 sepelierunt
952 4223 1079 4263 eum
1102 4208 1158 4263 in
1191 4209 1390 4265 eodem
1422 4210 1544 4267 loco
1558 4218 1747 4267 contra

150 4295 467 4356 voluntatem
488 4305 546 4355 et
564 4301 995 4372 appellationem
1027 4319 1241 4372 eorum,
1277 4304 1371 4377 qui
1407 4307 1742 4378 corpusejus

149 4382 499 4445 deducebant.
528 4388 644 4455 Quo
673 4390 861 4447 audito
919 4398 1074 4462 pater
1101 4391 1223 4459 ejus
1265 4393 1463 4460 iratus,
1494 4410 1603 4451 non
1649 4411 1742 4452 so-

151 4470 248 4529 lum
278 4493 372 4547 pro
391 4493 459 4533 eo
490 4479 642 4551 quod
668 4494 870 4550 corpus
898 4480 997 4536 ﬁlii
1044 4481 1130 4537 sui
1186 4490 1376 4539 contra
1404 4485 1744 4541 voluntatem

150 4561 257 4629 ejus
289 4564 738 4638 ibisepelierant,
768 4570 864 4624 sed
888 4586 954 4626 eo
984 4570 1157 4626 multo
1192 4572 1453 4642 amplius,
1485 4574 1634 4645 quod
1676 4574 1744 4629 ab

149 4647 421 4709 obsidione
477 4655 640 4710 castri
693 4655 1098 4713 Lemovicensis
1136 4666 1477 4716 recesserant
1514 4660 1636 4716 sine
1666 4661 1737 4717 li-

148 4739 321 4795 cencia
340 4741 480 4811 ejus,
504 4759 575 4799 ne
601 4744 783 4800 dicam
821 4746 1125 4815 voluntate,
1148 4748 1318 4817 jussit
1343 4764 1546 4821 corpus
1576 4749 1743 4808 effodi

148 4832 196 4880 et
223 4827 273 4883 in
302 4831 592 4887 ecclesiam
623 4833 1127 4910 Rothomagensem
1169 4836 1372 4893 deferri
1405 4839 1538 4907 ;ubi
1559 4839 1628 4895 ab
1655 4857 1742 4895 ar-

147 4914 499 4992 chiepiscopis
558 4921 987 4998 Rothomagensi
1018 4932 1072 4980 et
1102 4926 1497 4995 Cantuariensi,
1530 4935 1586 4984 et
1615 4946 1738 5001 ept-

146 5007 312 5079 scopis
356 5010 673 5079 Normanie,
705 5019 760 5068 et
808 5014 1120 5082 abbatibus,
1175 5023 1232 5073 et
1288 5017 1412 5072 aliis
1471 5018 1742 5093 religiosis

147 5100 400 5170 personis,
428 5104 497 5159 ad
526 5104 804 5161 sinistram
873 5113 1083 5177 partem
1131 5109 1321 5165 altaris
1357 5110 1516 5165 beate
1550 5110 1738 5179 Mario,

148 5185 435 5250 honorifice
459 5196 599 5252 sicut
628 5203 837 5252 tantum
854 5198 1032 5254 virum
1055 5200 1309 5267 decebat,
1336 5202 1752 5264 tumulatusest.

209 5280 347 5340 Obiit
368 5287 703 5343 venerabilis
731 5288 814 5344 vir
842 5290 1099 5347 Albertus
1133 5292 1406 5347 Aletensis
1434 5293 1749 5365 episcopus,

149 5387 296 5442 quem
325 5379 575 5435 moderni
607 5381 704 5450 {de
752 5382 954 5440 Sancto
1013 5384 1278 5442 Maclovio
1317 5393 1534 5451 vocant,
1595 5387 1753 5455 cujus

146 5467 484 5543 episc0patus
513 5475 820 5548 antiquitus
848 5476 1043 5535 civitas
1080 5481 1238 5535 Aleia
1285 5479 1609 5535 vocabatur.
1640 5480 1751 5536 Ma-

144 5558 295 5630 gister
331 5566 608 5635 Girardus,
667 5585 1035 5646 cognomento
1079 5576 1289 5643 Puella,
1341 5574 1426 5631 vir
1455 5592 1652 5650 magne
1679 5576 1751 5631 li-

1860 2112 2018 2167 istius
2056 2111 2340 2178 Andronii,
2365 2112 2586 2184 quidam
2619 2112 2915 2167 cardinalis
2945 2113 3190 2167 Romane
3219 2112 3476 2180 ecclesia,

1857 2201 2137 2257 Iohannes
2167 2202 2414 2269 nomine,
2445 2218 2608 2274 quem
2643 2202 2922 2257 Romanus
2968 2200 3212 2271 pontifex
3246 2201 3470 2256 miserat

1855 2294 2385 2365 Constantinopolim
2407 2295 2473 2348 ad
2500 2295 2832 2365 peticionem
2862 2294 3076 2348 Manuel
3107 2292 3471 2362 imperatoris,

1855 2417 1915 2427 -—
1943 2386 2037 2458 qui
2069 2392 2186 2441 erat
2214 2386 2296 2441 vir
2352 2386 2662 2458 religiosus,
2712 2393 2766 2440 et
2798 2386 3017 2441 volebat
3073 2400 3172 2456 per
3213 2383 3470 2454 predica-

1851 2477 2058 2533 tionem
2099 2478 2250 2533 illius
2304 2478 2599 2533 cardinalis
2658 2493 2912 2532 revocare
2939 2476 3229 2531 ecclesiam
3272 2475 3472 2530 Greco—

1849 2584 1968 2622 rum
1999 2568 2069 2621 ad
2095 2567 2343 2622 instituta
2396 2574 2451 2621 et
2500 2567 2902 2636 subjectionem
2945 2567 3188 2621 Romane
3228 2563 3465 2619 ecclesie

1849 2690 1918 2703 —
1948 2660 2041 2716 hic
2068 2660 2292 2732 inquam
2332 2659 2630 2727 Johannes,
2688 2676 2810 2715 cum
2852 2658 3026 2713 Latini
3057 2657 3467 2723 occiderentur,

1847 2757 1965 2805 erat
2005 2750 2062 2804 in
2092 2750 2332 2821 hospitio
2363 2766 2464 2805 suo
2493 2768 2508 2815 ;
2565 2757 2942 2822 venerantque
2972 2749 3040 2805 ad
3081 2765 3205 2804 eum
3239 2748 3463 2820 quidam

1848 2837 2090 2911 religiosi
2136 2837 3460 2905 viri,suatlereei,utdiscederet,neoccideretur.

1848 2926 2003 2991 Quod
2031 2942 2156 2982 cum
2188 2927 2575 2993 audiret,dixit
2606 2945 2620 2993 ;
2656 2929 2816 2983 Absit
2845 2929 2939 2981 hoc
2982 2943 3049 2981 ne
3075 2929 3192 2995 ﬁat.
3230 2928 3341 2990 Ego
3372 2926 3465 2979 hic

1848 3024 1929 3074 sto
1944 3035 2043 3090 pro
2082 3022 2291 3074 unitate
2311 3020 2524 3075 ecclesia
2585 3024 2636 3075 et
2663 3024 2908 3089 precepto
2966 3019 3175 3073 domini
3202 3020 3306 3072 mei
3330 3018 3467 3071 Ale-

1803 3150 1817 3168 .
1846 3112 2055 3165 ωειηάνί
2077 3126 2219 3180 papa
2270 3110 2420 3165 Tunc
2477 3109 2750 3164 irruentes
2814 3108 2869 3162 in
2929 3124 3055 3162 eum
3090 3106 3246 3162 Greci
3275 3104 3469 3177 perﬁdi

1847 3198 2169 3254 occiderunt
2189 3214 2341 3265 eum,
2370 3204 2426 3254 et
2457 3198 2691 3271 ligantcs
2720 3213 2915 3252 canem
2948 3212 3070 3251 cum
3103 3210 3191 3261 eo,
3213 3194 3285 3249 ita
3315 3194 3463 3266 quod

1848 3290 2025 3346 cauda
2071 3291 2225 3347 canis
2253 3300 2400 3346 esset
2451 3290 2505 3345 in
2561 3306 2625 3345 os
2665 3290 2807 3359 cjus,
2853 3294 3133 3343 traxerunt
3173 3304 3270 3358 per
3318 3288 3469 3343 vicos

1846 3381 2104 3450 civitatis,
2127 3389 2182 3437 et
2214 3382 2357 3438 facta
2412 3381 2570 3439 fovea
2621 3382 2698 3437 ibi
2756 3380 3182 3437 combusserunt
3207 3395 3331 3433 euni
3367 3385 3470 3446 ;et

1846 3481 2041 3544 postea
2062 3474 2162 3528 viri
2197 3474 2440 3548 religiosi
2483 3475 2553 3529 de
2595 3474 2751 3529 fovea
2810 3474 3055 3529 tulerunt
3081 3487 3286 3543 corpus
3316 3471 3459 3540 ejus,

1839 3573 1894 3619 et
1913 3564 2122 3620 obtime
2152 3565 2492 3635 sepelierunt
2550 3565 2707 3629 illud,
2749 3564 2845 3619 ubi
2899 3563 3039 3618 fiunt
3062 3563 3257 3618 crebro
3298 3562 3467 3617 mira-

1838 3652 1979 3706 cula.
2012 3652 2352 3708 Christianus
2384 3653 2796 3725 Magunciensis
2820 3653 3274 3724 archiepiscOpus
3298 3651 3456 3714 obiit,

1835 3740 1929 3812 qui
1957 3757 2016 3796 se
2047 3755 2159 3796 non
2191 3741 2427 3796 habebat
2472 3742 2779 3796 secundum
2835 3757 3044 3796 morem
3099 3740 3451 3808 clericorum,

1846 3834 1946 3890 sed
1974 3849 2129 3890 more
2167 3834 2391 3899 tiranni,
2414 3835 2688 3890 exercitus
2743 3834 3001 3890 ducendo
3025 3841 3080 3889 et
3119 3834 3458 3888 Braibenco-

1847 3940 1966 3989 nes,
1989 3930 2043 3979 et
2067 3924 2239 3979 multa
2285 3924 2427 3979 mala
2462 3923 2591 3979 fecit
2630 3924 2865 3979 ecclesie
2896 3924 3163 3989 Romane,
3198 3929 3252 3977 et
3280 3922 3460 3977 homi-

1849 4012 2013 4068 nibus
2036 4014 2211 4070 sancti
2239 4014 2404 4081 Petri,
2441 4022 2496 4070 et
2525 4013 2856 4085 quibusdam
2896 4012 3212 4069 civitatibus
3246 4012 3456 4084 Lango-

1850 4104 2064 4175 bardie,
2095 4122 2204 4178 que
2231 4113 2389 4162 erant
2439 4106 2715 4162 contrarie
2772 4105 3089 4177 imperatori
3144 4103 3465 4159 .tlemannie

1849 4195 2074 4252 domino
2113 4204 2232 4251 suo‘.
2266 4195 2464 4268 [I483]
2500 4195 2644 4251 Obiit
2697 4194 3040 4251 carrissimus
3063 4193 3325 4249 dominus
3354 4206 3464 4246 no-

1847 4295 1963 4343 ster
1987 4287 2263 4343 Rotrodus
2292 4288 2757 4359 archiepiscopus.
2803 4285 3267 4358 Rothomagensis
3297 4283 3460 4339 Obiit.

1842 4376 2172 4432 Guillermus
2189 4393 2375 4433 comes
2403 4377 2737 4433 Gloecestrie
2758 4377 2880 4431 sine
2907 4375 3230 4437 heredibus,
3252 4374 3463 4445 absque

1765 4452 2010 4529 Dtribus
2049 4473 2269 4530 filiabus
2316 4491 2547 4547 quarum
2597 4491 2702 4530 una
2734 4483 2818 4530 est
2846 4473 3125 4529 comitissa
3152 4470 3458 4526 Ebroicen-

1843 4568 1921 4623 sis
1949 4586 1963 4635 ;
1995 4570 2165 4625 altera
2188 4585 2324 4625 uxor
2363 4569 2648 4624 Guillermi
2698 4567 2915 4625 comitis
2954 4566 3023 4622 de
3062 4565 3215 4620 Clara
3247 4581 3262 4631 ;
3294 4563 3465 4619 tercia

1844 4666 1928 4713 est
1949 4658 2007 4713 in
2027 4674 2192 4714 manu
2218 4658 2312 4714 Dei
2340 4666 2396 4715 et
2425 4658 2615 4714 domni
2646 4658 2819 4731 regis,
2858 4656 3020 4712 etcui
3048 4654 3284 4711 voluerit
3312 4653 3464 4709 dabit

1844 4766 1986 4805 eam.
2018 4750 2350 4806 Guillermus
2378 4752 2623 4806 decanus
2689 4749 3003 4819 Bajoccnsis
3033 4747 3248 4803 electus
3283 4752 3370 4801 est
3392 4745 3462 4800 ad

1842 4841 2218 4914 episcOpatum
2280 4843 2778 4908 Constantiensem,
2849 4841 3180 4896 Guillermus
3222 4839 3464 4894 decanus

1842 4932 2237 4989 canonicorum
2259 4933 2443 4989 Sancti
2470 4932 2614 4987 Petri
2660 4932 2730 4987 de
2778 4931 2955 4997 Curte,
2990 4946 3099 5003 que
3145 4938 3230 4984 est
3251 4928 3464 5000 capella

1843 5020 1991 5094 regis
2017 5024 2161 5095 apud
2195 5022 3116 5090 Cenomanensemurbem,electus
3138 5019 3310 5076 estad
3342 5018 3462 5090 epi-

1842 5126 2130 5189 scOpatum
2163 5121 2577 5177 Abrincensem.

1853 5211 2011 5267 1183,
2092 5213 2402 5267 Fredericus
2423 5208 2510 5266 3i.
2589 5210 2864 5279 Philippus
2905 5207 2961 5261 2.
3056 5208 3316 5262 Henricus
3369 5202 3460 5258 28.

1924 5304 2038 5359 Rex
2059 5303 2324 5358 Henricus
2372 5301 2550 5357 tenuit
2598 5300 2807 5356 curiam
2866 5314 3021 5354 suam
3076 5296 3222 5367 apud
3277 5294 3461 5350 Cado-

1851 5409 2023 5448 mum.
2059 5391 2203 5448 Obiit
2231 5390 2535 5446 Richardus
2552 5388 2965 5446 Cantuariensis
2990 5384 3460 5455 archiepiscopus.

1852 5485 1998 5542 Obiit
2027 5484 2191 5540 etiam
2224 5482 2482 5538 Girardus
2535 5498 2732 5558 magne
2771 5479 3059 5554 religionis
3098 5483 3153 5532 et
3181 5475 3462 5569 literature

1850 5573 1953 5639 vir,
1974 5570 2285 5629 Cestrensis
2341 5570 2658 5641 episcopus.
2719 5566 2919 5641 [1182]
2976 5572 3132 5622 Anno
3184 5566 3459 5631 superiori

1481 5692 1702 5750 VARUE
1725 5689 2104 5749 LECTIONES.

207 5748 317 5811 “‘c
351 5754 492 5814 Itin
514 5774 739 5819 rasura.
771 5762 882 5819 Hic
906 5762 1198 5822 desitum.
