3930 6204
434 308 541 364 543

575 448 928 491 BOIANORUM.
1086 453 1426 495 FBANCORUI.
1596 455 1907 495 ANGLORUI.

1652 313 2001 369 SIGEBERTI
2051 314 2572 370 GEMBLACENSIS.

3685 314 3789 387 5,44

2076 445 2124 513 Α
2153 442 2492 512 chiepiscOpi
2522 441 2932 496 Cantuariensis
2964 460 2979 506 ;
3022 441 3111 497 cui
3144 441 3414 497 successit
3444 440 3787 497 Gislebertns

436 523 687 594 apparuit
717 523 944 579 domina
972 531 1177 591 nostra,
1228 535 1403 581 mater
1443 526 1829 583 misericordie
1860 533 2050 583 sancta
2153 528 2575 583 archidiaconus
2606 528 2977 585 Lexoviensis.
3001 529 3245 585 Joannes
3270 530 3343 584 de
3371 528 3586 596 Neelfa,
3610 532 3784 586 archi-

436 614 620 683 Maria,
649 614 867 671 cuidam
908 615 1061 673 fabro
1112 618 1343 690 lignario
1392 633 1535 689 opus
1584 619 1808 674 facienti
1835 620 1889 673 in
1918 636 2055 691 qua-

434 707 557 761 dam
590 708 746 775 silva,
776 716 831 763 et
860 708 1061 765 obtulit
1102 710 1151 764 ei
1210 711 1459 785 sigillum
1497 710 1676 767 iconie
1744 728 1846 767 sue
1874 718 1928 766 et
1958 710 2057 766 ﬁlii

434 797 518 851 sui
548 797 842 854 Salvatoris
889 799 1085 869 nostri,
1145 802 1301 869 cujus
1352 802 1434 857 sic
1485 804 1831 874 conscripcio
1894 811 2054 858 erat:

434 891 618 955 Agnus
673 889 787 955 Dei,
842 892 941 959 qui
993 890 1136 945 tollis
1197 894 1420 960 peccata
1477 890 1689 955 mundi,
1732 890 1872 943 dona
1908 889 2058 942 nobis

432 995 641 1050 pacem,
670 986 724 1034 et
750 980 914 1048 jussit
967 980 1017 1035 ei
1059 988 1117 1035 ut
1175 980 1339 1036 ferret
1394 981 1527 1035 illud
1560 980 1799 1053 sigillum
1836 978 1903 1032 ad
1932 978 2057 1048 epi-

436 1082 665 1138 sc0pum
699 1068 1044 1132 Podiensem,
1081 1078 1139 1123 ut
1196 1068 1507 1139 predicaret
1551 1068 1604 1122 in
1640 1066 1925 1138 provincia
1958 1083 2057 1121 sua

440 1166 495 1212 et
524 1159 645 1213 aliis
684 1161 1133 1233 circumquaque,
1172 1166 1229 1214 ut
1258 1176 1453 1215 omnes
1484 1159 1577 1230 qui
1611 1159 1817 1212 vellent
1869 1174 2061 1228 pacem

443 1256 630 1304 tenere
668 1259 855 1307 sancte
881 1252 1116 1307 eeclesie
1156 1259 1210 1306 et
1251 1250 1383 1305 filiis
1435 1251 1571 1315 suis,
1605 1250 1847 1304 facerent
1873 1248 2062 1317 hujus-

442 1338 589 1392 modi
620 1339 819 1413 sigilla,
862 1347 915 1394 et
960 1347 1243 1411 portarent
1301 1339 1355 1393 in
1396 1340 1613 1412 signum
1648 1339 1820 1409 pacis,
1846 1344 1899 1391 et
1918 1336 2065 1390 face-

445 1439 566 1486 rent
596 1434 723 1487 alba
753 1451 917 1503 parva
971 1434 1198 1505 capucia
1255 1434 1320 1487 ad
1364 1432 1796 1488 ostentationem
1832 1430 1983 1500 pacis
2013 1439 2067 1485 et

444 1526 794 1591 innocencie,
829 1536 883 1583 et
914 1529 1042 1583 dato
1101 1535 1443 1583 sacramento
1479 1542 1666 1596 pacem
1703 1532 1980 1590 tenerent,
2012 1531 2066 1577 et

442 1623 699 1678 inimicos
730 1622 879 1691 pacis
935 1622 1303 1675 destruerent.
1360 1621 1515 1683 Quod
1570 1628 1626 1674 et
1685 1619 1887 1674 factum
1957 1625 2060 1673 est.

446 1716 578 1771 Nam
611 1714 768 1769 multi
802 1714 1049 1784 episc0pi
1079 1721 1133 1769 et
1162 1716 1418 1771 consules
1448 1721 1502 1768 et
1531 1714 1632 1768 viri
1668 1714 1987 1767 consulares
2011 1719 2065 1765 et

2157 616 2421 670 diaconus
2438 616 2812 683 Lexoviensis,
2841 618 3052 673 electus
3081 627 3165 673 est
3197 619 3249 671 in
3274 618 3661 689 episcOpatum
3692 618 3785 675 Ce-

2159 712 2427 759 strensem
2452 706 2539 759 ⁸9⁸.
2575 705 2768 761 Petrus
2798 705 3003 762 Giraldi
3036 706 3209 763 factus
3236 714 3320 762 est
3341 708 3643 780 episcopus
3672 708 3787 763 Ma-

2161 794 2473 850 cloviensis.

2232 885 2391 938 1185.
2683 884 2752 942 33
3066 887 3117 942 Ιι.
3411 886 3503 943 31.

2232 975 2423 1048 Magna
2447 975 2728 1032 discordia
2772 976 2916 1032 facta
2946 985 3030 1033 est
3059 978 3206 1034 inter
3244 979 3566 1049 Philippum
3600 994 3784 1054 regem

2165 1067 2492 1122 Francorum
2524 1077 2579 1123 et
2636 1069 2947 1140 Philippum
3006 1070 3262 1125 comitem
3332 1070 3786 1136 Flandrensium,

2167 1169 2387 1229 pr0pter
2410 1160 2733 1215 comitatum
2790 1162 3302 1216 Viromandensem.
3355 1162 3464 1216 Sed
3497 1178 3595 1216 rex
3628 1161 3792 1215 Fran-

2168 1264 2360 1303 corum
2380 1265 2444 1302 ex
2476 1250 2626 1304 omni
2659 1258 2947 1321 potentatu
3004 1266 3107 1306 suo
3136 1251 3492 1326 congregavit
3514 1249 3786 1305 inﬁnitum

2168 1337 2492 1405 exercitum,
2525 1346 2577 1393 et
2595 1341 2779 1414 coegit
2834 1341 3092 1396 comitem
3140 1340 3208 1395 ad
3256 1340 3575 1396 faciendam
3598 1340 3790 1395 volun-

2169 1435 2333 1482 tatem
2382 1444 2559 1483 suam.
2612 1430 2756 1484 Obiit
2810 1430 3099 1501 Frogerius
3155 1430 3454 1500 episcOpus
3480 1429 3787 1501 Sagiensis,

2167 1522 2262 1591 qui
2285 1522 2513 1576 multum
2538 1523 2856 1577 emendavit
2903 1530 3134 1576 matrem
3165 1522 3472 1577 aacclesiam
3507 1530 3563 1576 et
3614 1528 3783 1577 totum

2166 1612 2504 1668 dominicum
2541 1630 2719 1668 suum.
2767 1614 3013 1684 Reliquit
3041 1614 3205 1667 etiam
3236 1614 3541 1668 immensas
3565 1614 3784 1668 divitias

2167 1704 2220 1758 in
2252 1720 2384 1760 auro
2416 1712 2469 1759 et
2497 1715 2745 1779 argento,
2783 1705 2886 1759 sibi
2943 1721 3055 1759 non
3112 1705 3443 1775 profuturas.
3504 1704 3655 1759 Obiit
3687 1705 3785 1760 Ro-

447 1809 758 1865 mediocres
788 1815 843 1862 et
883 1824 1154 1879 pauperes
1170 1810 1311 1864 hanc
1336 1816 1543 1863 sectam
1563 1815 1836 1871 tenentes,
1873 1823 2061 1877 pacem

2178 1802 2347 1850 Jertus
2384 1773 2594 1852 electus
2648 1797 3010 1869 Montisburgi
3095 1773 3261 1867 (7-18),
3322 1804 3378 1851 et
3433 1796 3710 1851 successit
3740 1797 3786 1851 ei

451 1904 639 1952 tenent
669 1906 723 1952 et
753 1897 1009 1953 inimicos
1041 1899 1190 1968 pacis
1223 1905 1585 1969 persecuntur
1624 1899 1708 1952 69⁵.
1747 1898 1896 1953 Obiit
1925 1898 2065 1952 Wil-

448 1985 647 2040 lelmus
694 1984 762 2039 de
818 1987 997 2041 Vecie.
1052 1986 1199 2042 Obiit
1254 1987 1584 2042 Guillermus
1628 1988 1699 2041 de
1752 1988 2066 2051 Lancastre,

449 2095 644 2150 magne
664 2080 971 2134 hunestatis
1002 2088 1055 2135 et
1086 2081 1457 2150 possessionis
1476 2080 1558 2135 vir
1585 2082 1675 2136 69".

522 2169 677 2223 1181.
708 2169 1013 2223 Fredericus
1041 2170 1127 2223 32.
1182 2170 1467 2239 Philippus
1522 2169 1573 2225 3.
1608 2171 1873 2223 Henricus
1903 2168 1993 2224 30.

520 2259 630 2313 Rex
662 2259 927 2314 Henricus
986 2261 1164 2316 tenuit
1219 2261 1425 2315 curiam
1476 2277 1631 2315 suam
1685 2260 1835 2331 apud
1892 2260 2070 2315 Ceno-

450 2350 689 2404 mannis.
724 2350 986 2404 Dominus
1026 2359 1216 2406 noster
1270 2352 1519 2407 Galterus
1577 2351 1920 2406 Liconiensis
1950 2352 2073 2422 epi-

450 2459 673 2515 scopus,
728 2443 904 2500 factus
960 2454 1045 2500 est
1098 2447 1555 2517 archiepiSCOpus
1588 2446 2068 2520 Rothomagensis.

451 2534 647 2589 Lucius
678 2552 817 2606 papa
851 2535 903 2589 in
962 2537 1141 2605 capite
1185 2536 1411 2603 jejunii,
1465 2536 1519 2590 id
1568 2544 1651 2589 est
1682 2534 1820 2589 feria
1848 2536 1881 2589 4
1912 2534 2071 2590 cine-

452 2642 590 2689 rum,
623 2627 900 2682 ordinavit
931 2627 1117 2697 plures
1176 2627 1512 2693 cardinales,
1547 2626 1693 2681 inter
1722 2642 1863 2698 quos
1894 2643 2073 2700 magi-

456 2729 629 2776 strum
700 2722 975 2778 Meliorem
1048 2722 1418 2793 presbiterum
1482 2722 1844 2788 cardinalem,
1909 2738 2073 2791 quem

451 2813 617 2869 etiam
649 2813 778 2868 fecit
821 2816 1188 2869 camerarium
1238 2832 1397 2871 suum
1434 2834 1447 2880 ;
1482 2824 1536 2871 et
1574 2818 1814 2873 electum
1868 2816 2070 2872 Dolen-

450 2918 569 2957 sem
599 2902 891 2957 diaconum
916 2910 969 2957 et
1008 2905 1329 2975 magistrum
1354 2905 1705 2976 lladulphum
1772 2906 2065 2977 Nigellum,

445 2996 797 3076 karissimu'm
843 2998 1080 3053 amicum
1132 3006 1400 3053 nostrum.
1447 3015 1644 3071 magne
1676 3001 1984 3055 honestatis
2016 3007 2071 3055 ct

450 3091 755 3147 litteraturc
794 3100 848 3147 et
903 3092 1186 3165 religionis
1250 3094 1446 3148 virum.
1513 3095 1836 3150 Fredericus
1894 3094 2068 3164 impe-

453 3187 601 3236 rator
630 3180 998 3235 Romanorum
1033 3179 1164 3236 fecit
1193 3182 1438 3236 ordinari
1470 3198 1640 3236 unum
1674 3181 1909 3237 ﬁliorum
1940 3198 2071 3237 suo-

452 3287 593 3335 rum,
627 3285 738 3325 non
768 3270 1219 3342 primogenitum,
1264 3272 1362 3326 sed
1413 3272 1743 3338 secundum,
1806 3273 1859 3326 in
1885 3288 2073 3345 regem

453 3356 749 3414 Germanic
798 3358 965 3429 (716).
1019 3360 1125 3412 Rex
1155 3360 1454 3430 Anglorum
1511 3360 1777 3415 Henricus
1807 3361 2077 3431 sapientia

456 3452 513 3501 et
538 3445 749 3503 divitiis
775 3448 891 3503 suis
927 3448 1225 3520 adquisivit
1288 3465 1535 3506 sororem
1564 3452 1711 3521 regis
1735 3452 2079 3526 Portigalen-

456 3540 535 3595 sis
566 3540 845 3613 Hispania,
873 3543 941 3597 ad
982 3544 1087 3598 hoc
1125 3553 1185 3598 ut
1225 3542 1382 3599 fieret
1412 3561 1548 3601 uxor
1578 3546 1814 3618 Philippi
1850 3547 2072 3601 comitis

462 3630 813 3686 Flandrensis
874 3631 1093 3706 cognati
1143 3633 1227 3687 sui
1302 3632 1458 3688 Venit
1497 3649 1629 3705 ergo
1695 3636 1761 3689 ad
1813 3636 2069 3690 comitem

460 3722 850 3778 Flandrensem
879 3724 935 3779 in
959 3724 1339 3780 habundantia
1387 3726 1505 3781 auri
1535 3736 1590 3781 et
1616 3727 1829 3798 argenti
1857 3728 2002 3795 (Aug
2029 3730 2067 3795 ).

464 3812 632 3881 Hujus
661 3823 817 3885 pater
844 3816 972 3871 licet
1020 3816 1333 3887 grandevus
1386 3818 1568 3873 adhuc
1597 3818 1732 3874 vivit
1781 3819 1950 3889 (717).
1984 3819 2075 3889 qui

461 3903 520 3957 in
542 3902 832 3971 juventute
857 3920 954 3959 sua
984 3921 1153 3976 super
1195 3908 1494 3979 Agarenos,
1520 3907 1743 3975 adjutus
1781 3908 1851 3962 ab
1890 3909 2078 3979 Anglis

462 4002 520 4051 et
580 3996 928 4064 Normannis,
968 3998 1117 4069 cepit
1170 3999 1444 4055 civitatem
1488 4000 1860 4071 Ulixiponam,
1913 4018 2075 4072 quam

460 4090 761 4164 vulgariter
787 4099 987 4148 vocant
1026 4093 1396 4149 Lislebonam.
1448 4094 1524 4148 Ad
1580 4111 1744 4167 quam
1793 4096 2076 4150 transtulit

464 4182 533 4238 de
562 4183 809 4238 Valentia
838 4199 1041 4255 corpus
1070 4185 1217 4240 beati
1261 4186 1530 4241 Vincentii
1573 4186 1742 4241 levite
1773 4195 1828 4242 et
1869 4193 2074 4258 marty-

459 4271 555 4338 ris,
599 4273 907 4344 utquidam
940 4273 1148 4339 dicunt,
1216 4275 1313 4329 scd
1373 4274 1640 4330 Amoinns
1669 4276 1975 4331 monachus
2013 4276 2081 4331 de

461 4366 823 4423 translatione
851 4368 1099 4438 corporis
1144 4369 1392 4436 ejusdem
1434 4370 1609 4425 sancti
1665 4371 1919 4441 martyris
1943 4377 2083 4425 tem-

2170 1884 2500 1940 Guillermus
2524 1886 2829 1941 monachus
2852 1885 3098 1954 ejusdem
3132 1885 3262 1941 loci.
3303 1884 3590 1939 Iohannes
3621 1884 3791 1940 minor

2172 1973 2319 2029 filius
2377 1976 2520 2047 regis
2575 1975 2895 2049 Anglorum,
2955 1991 3118 2046 quem
3175 1981 3377 2030 vocant
3435 1974 3570 2029 Sine
3628 1984 3785 2041 terra,

2174 2070 2405 2140 quanvis
2436 2070 2636 2125 multas
2657 2077 2710 2125 et
2736 2070 2877 2123 latas
2907 2070 3109 2125 habeat
3141 2069 3531 2141 possessiones
3573 2077 3637 2123 et
3662 2068 3794 2123 mul-

2174 2169 2257 2217 tos
2283 2162 2594 2227 comitatus,
2658 2161 2908 2217 transivit
2958 2163 3014 2217 in
3062 2162 3404 2227 lliberniam,
3462 2162 3646 2234 gratia
3707 2161 3792 2215 Dei

2177 2257 2525 2327 permittente
2555 2274 2645 2311 rex
2678 2257 2892 2313 futurus
2951 2258 3006 2312 in
3035 2257 3126 2311 illa
3177 2257 3370 2327 patria.
3395 2257 3546 2312 Obiit
3587 2254 3793 2312 Rober-

2175 2355 2259 2402 tus
2286 2349 2578 2418 episcopus
2609 2348 2997 2407 Nannetensis.
3042 2348 3125 2402 vir
3169 2364 3366 2421 magne
3406 2348 3722 2403 honestatis
3744 2354 3792 2401 et

2172 2440 2383 2494 amicus
2437 2449 2799 2506 noster,cum
2868 2441 3075 2495 rediret
3133 2440 3203 2495 de
3265 2440 3600 2494 Jerusalem.
3663 2439 3794 2494 Obiit

2174 2532 2468 2587 Gaufridus
2502 2530 2904 2588 Cornubiensis
2934 2534 3252 2604 episcopus.
3289 2534 3475 2587 Abbas
3514 2533 3795 2588 Postenia-

2172 2623 2355 2678 censis
2381 2623 2552 2678 factus
2582 2632 2663 2678 est
2707 2626 3003 2694 epiSCOpus
3057 2622 3450 2678 Atrebatensis.
3485 2623 3795 2678 Teobaldus

2174 2716 2345 2770 abbas
2371 2716 2749 2772 Cluniacensis
2805 2715 2981 2771 factus
3021 2723 3104 2770 est
3145 2715 3448 2786 episcopus
3492 2714 3789 2770 cardinalis

2174 2805 2619 2870 llostiensis;cui
2669 2805 2938 2860 successit
2993 2802 3139 2858 filius
3186 2803 3405 2858 comitis
3468 2804 3542 2857 de
3607 2803 3791 2858 Claro—

2172 2905 2377 2951 monte.
2426 2896 2522 2951 llic
2563 2896 2713 2966 prius
2766 2895 2871 2949 fuit
2916 2895 3089 2950 abbas
3131 2893 3416 2963 cujusdam
3446 2894 3673 2949 abbatie
3701 2909 3793 2949 or-

2171 2985 2320 3039 dinis
2342 2985 2737 3039 Cisterciensis.
2772 2983 2905 3038 Inde
2948 2983 3247 3038 translatus
3291 2981 3475 3037 estad
3522 2981 3790 3037 abbatiam

2176 3082 2600 3136 Flaviacensem.
2636 3080 2767 3135 inde
2811 3079 3018 3135 exortis
3053 3078 3385 3150 quibusdam
3419 3078 3608 3131 causis
3627 3076 3794 3133 factus

2176 3186 2257 3232 est
2293 3178 2464 3231 abbas
2491 3177 2672 3233 Sancti
2733 3175 2957 3231 aniani
3022 3174 3278 3239 martiris,
3335 3175 3503 3245 primi
3559 3174 3793 3244 cpiscop

2181 3266 2524 3321 Belvacensis
2569 3266 2823 3321 civitatis.
2871 3264 3102 3330 Exinde,
3131 3271 3191 3319 ut
3220 3264 3483 3329 diximus,
3520 3264 3695 3319 factus
3715 3271 3795 3317 est

2178 3361 2351 3415 abbas
2407 3361 2806 3416 Cluniacensis.
2854 3361 3053 3415 lterum
3093 3359 3233 3415 facta
3291 3365 3375 3414 est
3427 3372 3793 3434 magnacom-

2181 3452 2349 3506 motio
2368 3462 2421 3506 et
2450 3452 2778 3521 disceptatio
2827 3451 2969 3506 inter
3012 3450 3325 3521 Philippum
3384 3466 3576 3525 regem
3629 3449 3791 3503 Fran-

2172 3548 2425 3595 corumet
2456 3540 2770 3611 Philippum
2814 3539 3073 3595 comitem
3117 3539 3558 3594 Flandrensium.
3605 3538 3791 3593 Comes

2171 3633 2318 3686 enim
2361 3632 2711 3687 Flandrensis
2786 3631 3053 3687 confusus
3121 3632 3353 3702 pudore,
3403 3631 3537 3702 quia
3595 3629 3790 3685 fecerat

2181 3722 2514 3776 voluntatem
2544 3721 2690 3793 regis
2731 3720 2801 3775 de
2850 3721 3115 3776 comitatu
3142 3718 3594 3781 Viromandensi,
3621 3717 3795 3789 reple-

2184 3820 2270 3868 tus
2304 3813 2384 3867 ira
2408 3819 2463 3867 et
2503 3810 3244 3884 indignatione,vertitsead
3264 3825 3453 3881 regem
3487 3809 3788 3873 Germanic,

2181 3900 2353 3956 filium
2378 3901 2648 3957 Frederici
2676 3900 2904 3957 Romani
2938 3899 3307 3971 Imperatoris.
3328 3909 3389 3953 ut
3406 3899 3629 3970 juvaret
3658 3915 3790 3961 eum,

2179 4002 2234 4047 et
2262 3992 2392 4048 fecit
2423 3994 2474 4048 ei
2515 3992 2822 4047 hominium
2857 3991 2926 4046 de
2960 3991 3285 4046 Flandrensi
3317 3991 3611 4046 comitatu.
3646 3988 3784 4046 Unde

2178 4105 2376 4159 magna
2404 4088 2689 4144 tribulatio
2715 4094 2902 4143 exorta
2930 4086 3083 4141 estin
3105 4093 3217 4141 toto
3243 4100 3418 4157 regno
3442 4086 3785 4140 Francorum.

2246 4183 2403 4236 Anno
2434 4180 2696 4252 preterito
2741 4178 2881 4235 obiit
2912 4178 3217 4232 Balduinus
3248 4193 3339 4231 rex
3385 4176 3783 4232 Jerosolimito-

2184 4294 2308 4343 nus,
2337 4278 2420 4332 vir
2473 4278 2746 4332 honestus
2810 4282 2867 4331 et
2921 4274 3235 4347 religiosus,
3286 4281 3341 4328 et
3382 4281 3590 4344 potens
3620 4280 3787 4329 contra

2184 4369 2534 4433 Sarracenos,
2588 4367 2716 4422 licet
2763 4365 3136 4421 elefantiosus.
3193 4365 3301 4419 Nec
3320 4366 3429 4420 hoc
3469 4365 3671 4420 mirum
3697 4370 3784 4418 est.

461 4473 596 4530 pore
625 4459 805 4514 Κατ-οῐί
856 4459 1204 4530 imperatoris
1255 4460 1397 4516 facta
1424 4461 1587 4517 aliter
1630 4459 1879 4534 loquitur
1935 4452 2315 4529 Fecithtlia
2351 4455 2591 4528 ﬂagellat
2631 4455 2773 4509 Deus
2832 4469 3053 4508 omnem
3105 4452 3278 4507 ﬁlium
3337 4469 3506 4525 quem
3579 4450 3782 4521 τεοίΡίί·

461 4546 694 4603 eandem
725 4547 1003 4603 civitatem
1046 4549 1410 4620 permissione
1460 4566 1599 4621 pape
1639 4551 2083 4623 archiepiscopa-

463 4645 600 4707 tum,
632 4639 719 4695 cui
750 4640 1002 4695 subdidit
1052 4656 1146 4695 sex
1192 4640 1327 4695 alias
1383 4640 1633 4697 civitates
1680 4659 1819 4714 quas
1873 4643 2081 4714 adqui-

464 4726 650 4782 sierat.
716 4729 1018 4784 Balduinus
1070 4729 1472 4804 Wigorniensis
1524 4731 1820 4802 episcopus
1886 4747 2081 4786 conse-

465 4820 648 4869 cratus
677 4824 759 4871 est
787 4818 843 4871 in
890 4817 1370 4889 archiepiscopum
1427 4818 1893 4874 Cautuariensem.
1937 4819 2085 4876 Obiit

467 4899 845 4960 Gualerannus
897 4906 1154 4962 Rofensis
1198 4906 1497 4977 episcOpus
1520 4914 1574 4962 et
1625 4908 1949 4978 capellanus
1988 4923 2079 4962 ar-

2185 4545 2318 4599 lluic
2373 4542 2643 4598 successit
2698 4556 2874 4612 nepos
2913 4541 3033 4610 ejus
3063 4541 3330 4595 Henricus
3377 4542 3522 4608 (719)
3556 4549 3785 4595 natusex

2181 4652 2372 4693 sorore
2409 4652 2529 4699 sua,
2561 4635 2718 4702 cujus
2757 4641 2913 4706 pater
2942 4634 3042 4688 fuit
3071 4633 3556 4689 Willermusﬁlius
3584 4629 3785 4689 comitis

2181 4726 2378 4783 Montis
2404 4725 2629 4790 Ferrati,
2670 4725 2761 4796 qui
2806 4723 2981 4778 fuerat
3019 4731 3183 4778 natus
3228 4739 3295 4777 ex
3324 4731 3498 4794 nepte
3531 4716 3784 4776 Frcderici

2182 4816 2530 4889 imperatoris
2548 4816 2918 4871 Romanorum
2961 4823 3059 4881 ;ct
3096 4821 3289 4885 postea
3338 4829 3532 4869 comes
3581 4813 3779 4883 lepori-

2179 4906 2256 4961 sis
2276 4905 2418 4976 (729)
2464 4903 2618 4959 duxit
2660 4912 2890 4958 matrem
2925 4902 3158 4973 predicti
3208 4902 3430 4957 llenrici
3491 4902 3656 4975 regis,
3694 4894 3781 4968 qui

1818 5029 2039 5085 VARIA'I
2065 5029 2446 5087 LECTIONES.

541 5120 611 5157 ⁶⁹⁶
641 5125 738 5179 Hic
767 5125 967 5183 desinit
986 5129 1071 5184 8c.
1102 5128 1170 5165 ‘97
1200 5131 1324 5185 Post
1370 5130 1479 5185 hwc
1510 5129 1630 5185 dua:
1685 5130 1838 5185 linere
1862 5145 2027 5186 erasa;
2078 5134 2140 5187 in
2197 5132 2253 5188 E.
2319 5132 2513 5186 Manus
2569 5128 2814 5182 habitum
2866 5130 3042 5181 mutat
3096 5127 3154 5180 in
3181 5126 3363 5180 maius
3397 5129 3447 5181 ct
3506 5127 3585 5180 ita
3623 5120 3784 5194 pergil

469 5206 642 5263 usque
659 5196 735 5251 ad
752 5199 929 5265 ﬁnem.
962 5200 1031 5235 ⁵⁸⁸
1062 5199 1764 5257 Johannes—Cestrensem
1781 5203 1975 5258 desunt
1999 5203 2094 5257 8h.
2148 5213 2160 5227 ‘

2036 5300 2246 5358 NOTAE.

544 5390 686 5464 (716)
738 5391 918 5447 Minus
965 5401 1253 5464 accuratus
1302 5404 1384 5451 est
1414 5396 1731 5464 Robertus;
1800 5397 2067 5454 Henricus

470 5462 619 5543 enim
650 5462 743 5518 rex
765 5462 1187 5543 corgpatusiuit
1222 5467 1333 5533 jam
1365 5468 1418 5522 d.
1457 5470 1518 5523 15
1543 5462 1917 5543 Aug._;1169,-
1951 5471 2048 5543 sed

472 5534 577 5615 hoc
596 5549 757 5615 anno
790 5535 943 5599 1184,
997 5533 1175 5605 prima
1228 5552 1378 5593 arma
1418 5533 1659 5609 accepit”
1678 5533 1987 5615 Magontize,
2020 5541 2075 5597 in

473 5605 861 5661 Pentecosten.

543 5674 1008 5750 (717)Alphonsus
1039 5672 1365 5749 chriquez,
1407 5678 1499 5750 qui
1529 5679 1667 5735 obiit
1704 5696 1751 5737 a.
1786 5682 1943 5737 1185.

2247 5397 2387 5466 (718)
2421 5395 2787 5469 Montebourg
2808 5393 2975 5449 dicec.
3001 5392 3516 5469 _C_on_star_lti_ensis:_
3560 5462 3625 5469 ___
3715 5457 3760 5469 Α,

2233 5458 2384 5540 (719)
2435 5458 2901 5540 ErratURobe'rtus
2933 5482 2947 5529 ;
2996 5464 3097 5520 fuit
3128 5464 3432 5520 Balduinus
3475 5463 3516 5519 ν
3554 5462 3691 5518 illius
3713 5458 3781 5512 Si-

2187 5537 2464 5610 billaa,'qui
2505 5537 2645 5610 obiit
2677 5538 2833 5610 1186.

2252 5608 2401 5681 (7‘20)
2416 5610 2590 5666 Guido
2612 5609 2679 5664 de
2704 5608 3036 5683 Lusignano.
