3930 6204
213 331 317 390 553

1461 325 1585 381 LIB.
1630 324 1712 379 DE
1754 316 1999 379 SCRIPT.
2044 325 2307 383 ECCI.ES.

199 456 470 512 diaconus
508 454 732 526 scripsit
760 452 829 509 ad
853 453 1091 509 Leonem
1125 468 1321 524 papam
1354 460 1542 508 contra
1574 468 1815 508 errorem
1846 455 1892 523 Α
1926 454 2294 523 prmtitulavit,
2342 456 2458 512 sive
2500 460 2724 541 litteris:
2772 465 2966 521 librum
3008 468 3219 527 scilicet
3248 471 3322 527 De
3368 471 3538 528 Adam

196 546 564 617 quorumdam
622 543 716 614 qui
758 558 905 597 anno
967 542 1179 597 Domini
1232 544 1355 608 455,
1399 548 1654 611 putantes
1698 556 1819 595 esse

196 650 402 689 annum
444 648 820 699 communem,
869 647 990 686 cum
1034 637 1179 685 esset
1233 630 1617 696 embolismus,
1670 643 1818 683 erra-

193 726 326 780 bant
351 725 409 779 in
434 723 773 780 celebrando
804 721 1033 777 Pascha.

268 818 398 872 CAP.
459 816 640 871 XXVI.
686 814 988 880 Proterius,
1051 812 1453 867 Alexandrinus
1503 811 1820 883 episcOpus,

198 908 425 979 scripsit
464 915 520 963 et
567 908 687 978 ipse
729 906 795 960 ad
858 905 1093 960 Leonem
1124 920 1320 975 papam
1371 904 1713 958 dubitantem
1755 902 1823 956 de

204 997 547 1054 celebrando
576 995 782 1050 Pascha
814 994 961 1049 illius
983 994 1136 1059 anni,
1162 994 1276 1064 qui,
1310 1010 1433 1047 cum
1460 1000 1603 1046 esset
1625 992 1824 1046 embo-

198 1089 459 1154 lismalis,
491 1089 788 1160 putabatur
815 1084 883 1139 ab
916 1084 1191 1156 aliquibus
1222 1100 1343 1140 esse
1383 1083 1714 1138 communis.

269 1181 403 1236 CAP.
454 1180 655 1235 XXVII.
720 1177 1032 1249 Dionysius,
1091 1175 1263 1229 abbas
1330 1176 1609 1230 Romanus
1659 1173 1823 1244 (741),

197 1279 579 1344 cognomento
612 1268 852 1343 Exiguus
905 1266 1124 1340 gemina
1157 1265 1389 1319 scientia
1421 1265 1602 1319 Graece
1630 1271 1684 1318 et
1716 1264 1821 1317 La-

199 1366 319 1420 tine
353 1363 555 1429 clarus,
587 1360 867 1416 transtulit
899 1359 968 1413 de
999 1358 1187 1412 Graeco
1221 1356 1276 1410 in
1312 1357 1559 1411 Latinum
1595 1355 1821 1411 Proterii

190 1452 551 1509 Alexandrini
572 1449 821 1523 episcopi
846 1448 1048 1518 scripta
1067 1448 1135 1501 ad
1164 1447 1619 1516 Leonem‘papam
1644 1444 1712 1500 de
1727 1460 1820 1499 ce—

194 1544 470 1600 lebrando
491 1543 695 1614 pascha
719 1541 772 1594 in
800 1555 945 1595 anno
974 1538 1325 1594 Domiui355.
1345 1536 1817 1592 Transtulitetiam

193 1634 266 1689 de
285 1633 477 1688 Graeco
492 1633 548 1686 in
574 1629 1040 1685 Latinumlibrum
1067 1627 1310 1700 Gregorii
1333 1627 1562 1697 Nysseni
1585 1627 1657 1679 De
1683 1640 1821 1679 con-

194 1722 415 1777 ditione
444 1719 710 1785 hominis,
740 1724 793 1773 et
822 1718 990 1773 vitam
1025 1716 1303 1771 Pachomii
1328 1715 1561 1770 abbatis.
1590 1714 1821 1785 Scripsit

193 1818 251 1867 et
293 1811 442 1880 ipse,
475 1816 599 1880 post
631 1807 912 1879 Cyrillum,
970 1805 1183 1875 cyclum
1239 1803 1487 1876 quinque
1517 1804 1818 1874 cyclorum,

186 1901 479 1972 incipiens
531 1899 601 1955 ab
659 1912 804 1954 anno
843 1898 957 1952 nati
998 1898 1130 1952 Jesu
1183 1896 1376 1951 Christi
1430 1896 1556 1962 532,
1612 1896 1705 1967 qui
1739 1904 1823 1951 est

185 1995 424 2049 ultimus
454 2008 634 2047 annus
662 1990 847 2063 magni
870 1989 1029 2061 cycli,
1061 1990 1155 2060 qui
1184 1997 1267 2043 est
1307 2005 1579 2044 annorum
1616 2004 1818 2053 nxxxu,

179 2086 363 2142 semel
392 2085 571 2140 exacti
601 2101 631 2138 a
670 2083 953 2138 nativitate
984 2080 1200 2136 Christi.
1262 2080 1354 2135 Hic
1396 2080 1696 2135 notandum
1738 2082 1822 2134 est

179 2179 316 2251 quia
340 2178 388 2232 si
422 2176 675 2231 nativitas
706 2174 901 2229 Christi
937 2184 1089 2228 recte
1126 2173 1603 2228 acalculatoribus
1640 2172 1820 2243 posita

181 2268 414 2336 fuisset,
473 2265 759 2319 debuisset
833 2277 1006 2316 χχχιιι
1072 2260 1158 2315 vel
1212 2277 1371 2315 xxxiv
1435 2261 1597 2315 annis
1651 2259 1816 2331 primi

186 2362 387 2438 magni
427 2360 558 2415 anni
591 2358 953 2422 concordare,
1004 2358 1059 2429 in
1091 2357 1301 2411 ratione
1345 2355 1609 2426 computi,
1643 2371 1813 2409 evan-

184 2452 317 2507 licae
374 2449 615 2516 veritati,
673 2455 726 2503 et
781 2448 1053 2517 majorum
1106 2445 1437 2510 auctoritati,
1506 2460 1629 2516 quae
1685 2444 1817 2497 dicit

184 2543 472 2599 Christum
506 2556 726 2612 passum
760 2540 927 2594 fuisse
962 2555 1105 2593 anno
1156 2540 1333 2593 aetatis
1362 2553 1475 2591 suae
1532 2536 1812 2591 tricesnno

186 2636 468 2702 secundo,
514 2633 603 2689 vel
674 2649 860 2699 xxxiii,
921 2648 1011 2686 vui
1073 2631 1341 2684 Kalendas
1380 2629 1601 2699 Aprilis,
1652 2629 1707 2683 in
1760 2645 1810 2682 vr

187 2728 355 2790 feria,
402 2734 455 2780 et
505 2741 632 2780 eum
676 2723 1064 2778 resurrexissct
1105 2739 1155 2775 VI
1191 2720 1459 2775 Kalendas
1501 2719 1720 2791 Aprilis,
1754 2719 1809 2774 in

184 2820 372 2893 prima
404 2817 562 2873 feria.
606 2816 758 2881 Quod
811 2832 921 2870 non
957 2815 1030 2869 ita
1087 2814 1323 2886 positum
1370 2828 1494 2868 esse
1544 2813 1600 2867 in
1632 2813 1809 2883 primo

186 2928 398 2986 magno
438 2910 614 2983 cyclo,
647 2909 775 2981 quia
824 2925 931 2963 non
972 2908 1208 2962 attendit
1248 2906 1558 2978 Dionysius,
1608 2920 1807 2959 secun-

186 3007 327 3062 dum
362 3012 610 3059 tenorem
646 3016 912 3056 annorum
948 3000 1109 3071 primi
1141 3000 1320 3070 magni
1363 2998 1523 3068 cycli,
1554 2995 1810 3067 apposuit

191 3108 247 3153 et
283 3097 412 3167 ipse
441 3109 616 3149 annos
658 3092 851 3147 Christi
884 3092 939 3146 iu
971 3108 1069 3147 suo
1102 3092 1277 3162 cyclo,
1332 3106 1518 3161 quem,
1564 3098 1623 3143 ut
1675 3088 1809 3156 dixi,

185 3190 479 3262 increpita
508 3188 838 3259 repetitione
860 3186 1086 3242 secundi
1116 3185 1299 3259 magni
1337 3184 1496 3255 cycli,
1532 3193 1587 3239 et
1617 3182 1815 3237 inussit

185 3287 300 3342 sibi
346 3284 581 3339 frontem
652 3282 894 3337 cauterio
947 3281 1114 3335 alieni
1164 3280 1367 3335 erroris
1421 3287 1474 3333 et
1511 3279 1809 3347 mendacii,

189 3377 329 3431 dum
378 3371 653 3443 culpatur,
697 3370 846 3441 quod
896 3386 1081 3434 xxxm,
1141 3369 1226 3424 vel
1284 3385 1467 3434 xxxxv,
1510 3368 1595 3421 sui
1629 3368 1813 3438 operis

182 3480 338 3522 anno
370 3479 483 3519 non
524 3463 824 3518 concordat
880 3461 1213 3535 evangeliea:
1246 3460 1464 3514 veritati
1497 3461 1551 3513 in
1597 3461 1810 3515 ratione

179 3555 458 3627 computi.
497 3554 651 3609 Unde
688 3561 918 3624 apparet
941 3553 1086 3625 quod
1120 3552 1379 3607 nativitas
1410 3551 1603 3606 Christi
1634 3553 1811 3623 posita

181 3657 264 3706 est
318 3664 349 3702 a
380 3645 811 3703 calculatoribus
859 3662 971 3711 xxi,
1010 3645 1093 3699 vel
1144 3644 1336 3718 viginti
1388 3644 1604 3699 duobus
1653 3645 1812 3698 annis

182 3742 404 3800 tardius
434 3756 599 3811 quam
633 3738 850 3794 debuit.

255 3832 393 3887 CAP.
450 3831 677 3885 XXVIII.
741 3830 1081 3902 Fulgentius,
1160 3828 1463 3899 Ruspcnsis
1519 3829 1815 3900 episc0pus

192 3922 358 3997 (742).
404 3922 459 3976 in
518 3922 700 3977 Grarca
751 3929 806 3976 et
847 3921 1034 3975 Latina
1085 3921 1274 3993 lingua
1334 3920 1536 3985 clarus,
1593 3921 1815 3991 gemina

188 4012 430 4069 scientia
453 4010 673 4081 scripsit
704 4010 897 4064 multa.
942 4008 1143 4063 Claruit
1175 4010 1231 4062 in
1264 4008 1567 4064 homilitico
1596 4009 1815 4063 dicendi

191 4123 426 4185 genere.
456 4106 772 4177 Scripsitad
799 4106 1146 4177 Euthymium
1182 4105 1351 4160 libros
1383 4106 1455 4160 De
1488 4106 1815 4163 remissione

192 4204 575 4269 peccatorum.
637 4195 943 4265 Respondit
992 4209 1102 4249 uno
1157 4193 1297 4248 libro
1335 4195 1736 4265 quaestionibus
1787 4212 1817 4250 a

196 4287 477 4344 Ferrando
518 4287 751 4342 diacono
782 4286 887 4341 sibi
921 4285 1176 4356 objectis.
1216 4284 1447 4356 Scripsit
1475 4286 1647 4341 libros
1677 4303 1817 4359 quos

1921 541 2037 596 sive
2069 544 2137 607 A;
2183 546 2255 599 De
2310 548 2460 613 Abel,
2494 550 2609 605 sive
2656 552 2722 618 B;
2779 554 2851 608 De
2885 554 3034 624 Cain,
3075 559 3190 615 sive
3243 561 3312 628 C;
3346 567 3402 617 et
3431 578 3542 618 ca:-

1920 635 2071 685 tcros
2101 634 2400 689 secundum
2445 637 2749 694 litterarum
2791 647 3265 715 consequentiam.
3299 648 3452 715 Quod
3493 650 3540 705 is

1926 729 2015 812 est
2042 722 2274 793 [videtur
2327 728 2608 795 legendum
2650 733 2798 802 quod
2847 734 2892 788 si
2924 742 3007 790 est
3038 734 3176 809 [ipse
3222 739 3540 812 Fulgentius

1926 811 2018 880 qui
2058 819 2166 867 tres
2209 814 2376 870 libros
2438 819 2890 895 Mythologiarum
2948 826 3168 897 scripsit
3219 829 3286 882 ad
3326 811 3531 884 Catum

1929 907 2313 978 presbyterum
2360 909 2722 984 Carthaginis,
2796 916 2885 970 hic
2936 926 3084 973 certe
3138 920 3318 976 omnis
3366 921 3541 979 lector

1928 1010 2292 1065 expavescere
2324 1006 2504 1068 potest
2536 1017 2767 1057 acumen
2809 1004 3015 1077 ingenii
3059 1008 3199 1076 ejus,
3241 1010 3335 1081 qui
3370 1019 3536 1067 totam

1929 1084 2234 1140 fabularum
2270 1089 2490 1157 seriem,
2522 1093 2825 1148 secundum
2878 1095 3285 1169 phil050phiam
3317 1102 3541 1173 exposi-

1929 1183 2126 1242 tarum,
2180 1180 2630 1237 transtuleritvel
2681 1183 2748 1237 ad
2798 1200 2981 1241 rerum
3030 1188 3303 1256 ordinem,
3357 1191 3444 1246 vel
3469 1192 3537 1247 ad

1925 1270 2177 1328 humana:
2203 1274 2329 1330 vitae
2362 1277 2746 1332 moralitatem.
2776 1280 3005 1352 Scripsit
3052 1283 3120 1337 ad
3152 1285 3408 1340 eumdem
3438 1285 3541 1341 Ca-

1924 1373 2038 1419 tum
2068 1364 2264 1419 librum
2298 1367 2378 1420 De
2409 1368 2675 1423 obstrusis
2704 1372 3068 1427 sermonibus.
3113 1374 3338 1445 Scripsit
3376 1384 3430 1431 et
3460 1377 3537 1431 De

1922 1454 2413 1523 prmdestinatione
2467 1456 2533 1510 ad
2589 1458 2893 1513 Monimum
2933 1461 3105 1518 libros
3161 1470 3306 1530 tres;
3347 1473 3539 1521 contra

1920 1546 2263 1617 objectiones
2278 1548 2533 1603 undecim
2560 1550 2914 1607 Trasamundi
2937 1555 3082 1628 regis
3105 1555 3307 1611 librum
3332 1573 3533 1623 unum;

1922 1636 1997 1691 De
2027 1636 2286 1707 mysterio
2316 1637 2626 1694 Mediatoris
2669 1639 2872 1695 librum
2897 1658 3099 1711 unum;
3142 1645 3217 1701 De
3249 1645 3538 1703 immensi-

1847 1748 1897 1815 Β
1922 1736 2032 1784 tate
2060 1729 2184 1783 Filii
2228 1730 2323 1783 Dei
2355 1728 2556 1785 librum
2593 1748 2797 1799 unum;
2849 1734 2924 1789 De
2971 1746 3316 1796 sacramento
3346 1741 3536 1795 Domi-

1924 1819 2061 1873 nica)
2106 1819 2379 1888 passionis
2415 1820 2615 1875 librum
2672 1838 2879 1889 unum;
2934 1825 3002 1880 ad
3047 1824 3348 1883 familiares
3405 1845 3537 1886 suos

1921 1907 2277 1977 epistolarum
2322 1908 2522 1963 librum
2556 1926 2747 1965 unum.
2798 1911 2877 1967 Ne
2907 1912 3097 1969 videar
3143 1916 3384 1971 humana
3431 1918 3539 1972 mi-

1923 2012 2078 2053 scere
2108 1998 2334 2064 divinis,
2382 2015 2493 2054 non
2534 2002 2981 2059 commemorabo
3025 2006 3195 2061 sacris
3224 2007 3381 2063 libris
3426 2010 3534 2064 mi-

1922 2087 2098 2142 rabile
2144 2088 2307 2157 hujus
2336 2088 2439 2142 viri
2471 2104 2630 2161 opus,
2680 2091 2775 2163 qui
2826 2099 2998 2148 totum
3048 2110 3189 2165 opus
3219 2096 3433 2172 Virgilii
3464 2099 3533 2153 ad

1922 2180 2203 2251 physicam
2249 2182 2515 2236 rationem
2550 2182 2812 2249 referens,
2862 2184 2917 2239 in
2951 2185 3097 2241 lutea
3124 2188 3532 2258 quodammodo

1918 2285 2100 2323 massa
2126 2269 2244 2324 auri
2278 2271 2564 2324 metallum
2596 2272 2871 2342 quaesivit,
2900 2280 2954 2328 et
2994 2282 3270 2345 repertum
3294 2279 3527 2335 excoxit.

1988 2361 2106 2416 CAP.
2142 2362 2318 2415 XXIX.
2368 2363 2677 2417 Ferrandus
2720 2364 3004 2429 diaconus.
3054 2384 3222 2438 supra
3272 2369 3530 2427 nomina-

1918 2464 2022 2521 tus,
2047 2455 2267 2525 scripsit
2292 2455 2358 2509 ad
2392 2456 2658 2526 Reginum
2692 2457 2951 2513 comitem
2985 2459 3184 2515 librum
3209 2460 3279 2516 de
3309 2464 3521 2535 septem

1917 2547 2119 2620 regulis
2148 2547 2499 2613 innocentiae,
2521 2554 2575 2602 et
2598 2548 2703 2602 alia
2735 2550 3024 2606 nonnulla.

1985 2639 2113 2694 CAP.
2146 2639 2295 2694 XXX.
2326 2639 2621 2694 Gennadus
2665 2640 2962 2713 episcopus
3000 2643 3168 2714 (743),
3210 2653 3334 2716 post
3394 2646 3518 2703 Hie-

1910 2749 2222 2805 ronymum,
2268 2734 2580 2805 composuit
2633 2734 2854 2790 Librum
2912 2736 3208 2795 illustrium
3248 2741 3518 2807 virorum,

1912 2839 2049 2894 quos
2079 2823 2301 2894 collegit
2330 2840 2360 2877 a
2390 2840 2478 2879 XIV
2517 2840 2662 2880 anno
2700 2825 2918 2897 imperii
2964 2826 3258 2885 Theodosii
3297 2832 3522 2899 majoris

1909 2929 2086 2985 usque
2138 2914 2205 2967 ad
2244 2919 2459 2983 tempus
2496 2913 2730 2970 Zenonis
2771 2916 3143 2987 imperatoris,
3186 2935 3286 2991 per
3344 2938 3523 2980 annos

1913 3002 2128 3057 circiter
2183 3010 2420 3058 centum.
2494 3003 2686 3059 Libros
2762 3005 2925 3060 etiam
2992 3008 3205 3083 Evagrii
3261 3014 3514 3069 monachi

1913 3098 1980 3152 ad
2020 3098 2309 3153 utilitatem
2364 3100 2758 3155 monachorum
2802 3102 3038 3174 simplici
3094 3121 3352 3164 sermone
3384 3111 3523 3165 scri-

1916 3195 2060 3262 ptos,
2102 3189 2379 3244 transtulit
2417 3190 2611 3244 eadem
2642 3190 2994 3262 simplicitate
3021 3195 3088 3249 de
3122 3196 3307 3254 Graeco
3336 3199 3392 3254 in
3422 3201 3526 3256 La-

1916 3281 2113 3337 tinum.
2148 3281 2375 3352 Aliquos
2425 3281 2590 3336 etiam
2621 3282 2871 3351 ejusdem
2902 3285 3069 3341 libros
3120 3305 3261 3359 quos
3291 3293 3527 3349 transla-

1915 3380 2061 3428 tores
2091 3374 2283 3429 vitiose
2316 3372 2698 3430 transferendo
2744 3376 2800 3430 in
2852 3377 3099 3433 Latinum
3139 3392 3519 3454 corruperant,

1912 3461 2226 3515 emendavit
2254 3470 2307 3516 et
2325 3462 2541 3517 veritati
2571 3465 2810 3519 auctoris
2838 3467 3095 3522 restituit.

1984 3552 2107 3606 Car.
2151 3553 2305 3607 XXXI
2358 3554 2689 3610 Benedictus
2743 3554 3077 3624 Casinensis,
3131 3561 3290 3618 Pater
3334 3580 3525 3621 mona-

1912 3647 2164 3712 chorum,
2190 3646 2379 3701 Norsia
2412 3647 2576 3702 Italim
2609 3648 2894 3716 provincia
2925 3658 3097 3719 ortus,
3141 3657 3343 3725 spretis
3375 3659 3525 3716 litte-

1912 3752 2092 3790 rarum
2123 3736 2342 3801 studiis,
2391 3736 2731 3791 ercmiticam
2764 3738 2928 3793 vitam
2961 3744 3244 3811 expetivit,
3304 3755 3359 3803 et
3396 3766 3528 3820 pro-

1913 3833 2104 3880 vectus
2132 3824 2200 3878 ad
2235 3840 2507 3878 summum
2548 3825 2765 3880 culmen
2792 3829 3111 3885 monasticae
3143 3834 3524 3910 profectionis,

1916 3914 2219 3969 secundum
2249 3928 2411 3983 quam
2453 3912 2605 3980 vixit,
2648 3917 2869 3988 scripsit
2927 3919 3188 3994 Regulam
3221 3931 3527 3987 monacho-

1918 4021 2038 4061 rum
2085 4018 2341 4059 sermone
2384 4002 2740 4073 luculentam,
2786 4007 3118 4066 discretione
3162 4015 3521 4087 prmcipuam.

1918 4094 2250 4166 Simplicius,
2284 4093 2591 4165 discipulus
2611 4095 2750 4167 ejus,
2777 4097 2953 4154 latens
2973 4101 3219 4176 magistri
3252 4120 3394 4177 opus
3426 4098 3527 4181 pu;

1920 4190 2142 4245 blicavit
2173 4192 2301 4260 (744
2324 4232 2337 4245 .

1992 4283 2115 4338 er.
2140 4283 2341 4337 XXXII.
2366 4283 2614 4352 Faustus,
2639 4285 2944 4358 discipulus
2964 4291 3106 4345 santi
3131 4292 3434 4367 Benedicti,
3459 4300 3529 4355 ab

1430 4386 1715 4442 AUBERTI
1758 4388 1964 4443 MleEI
2005 4386 2300 4443 SCIIOLIA.

266 4486 422 4561 (‘74!)
452 4484 747 4561 Dionysius
777 4484 1035 4561 Exiguus,
1068 4485 1588 4561 abbas__Ronian_us,
1642 4487 1817 4542 Probo
1844 4496 1893 4561 ι)
1919 4502 2028 4551 mo,
2077 4486 2145 4561 ab
2178 4486 2414 4561 Adriano
2457 4504 2609 4561 papa
2647 4488 2888 4544 oblatum
2947 4490 3068 4557 fuit,
3112 4502 3172 4550 ut
3202 4496 3533 4557 Sirmundus

195 4557 435 4613 consule
490 4557 615 4624 (hoc
667 4562 750 4610 est
791 4557 935 4610 anno
977 4557 1176 4610 Christi
1208 4557 1351 4623 525).
1392 4557 1606 4627 Cyclum
1658 4574 1814 4612 suum

195 4628 520 4683 Paschalem
560 4628 848 4699 contexit,
903 4628 1218 4699 omissoque
1272 4628 1502 4699 profano
1548 4646 1816 4685 annorum

198 4699 441 4765 calculo,
487 4698 700 4769 primus
730 4715 1021 4753 numerare
1050 4698 1221 4770 erepit
1258 4716 1288 4752 a
1318 4698 1514 4753 Christi
1552 4701 1816 4755 lncarna-

200 4771 377 4825 tione.
410 4771 541 4834 Quae
581 4785 688 4824 tera
714 4786 811 4825 seu
852 4772 1085 4839 epocha,
1119 4786 1149 4824 a
1180 4771 1442 4840 Dionysio
1476 4772 1709 4840 primum
1742 4773 1820 4827 in-

197 4849 397 4914 venta,
420 4840 683 4914 paulatim
718 4842 783 4895 ab
816 4841 1074 4914 universo
1120 4843 1251 4914 orbe
1299 4841 1629 4905 Christiano,
1655 4844 1817 4914 idque

200 4913 558 5039 gotissimum
589 4912 693 4967 sub
725 4928 928 4967 annum
971 4913 1093 4975 730,
1143 4913 1199 4966 in
1240 4928 1398 4966 usum
1447 4925 1671 4983 recepta
1714 4912 1815 4971 est.

247 5000 336 5039 am
398 4992 560 5037 antea
598 4983 733 5038 solis
762 4984 1073 5039 consulum.
1126 4984 1542 5039 imperatorum.
1607 4993 1700 5039 aut
1739 5002 1815 5039 re-

247 5000 336 5039 am
398 4992 560 5054 antea
598 4983 733 5038 solis
762 4984 1073 5049 consulum,
1126 4984 1542 5054 imperatorum,
1607 4993 1700 5040 aut
1739 5002 1820 5041 re-

202 5071 333 5124 gum
383 5053 627 5127 Francia:
677 5054 997 5109 nominibus
1044 5056 1172 5109 anni
1208 5053 1610 5127 isignabantur.
1670 5057 1815 5112 Idem

203 5125 504 5197 Dionysius
550 5141 793 5179 canones
842 5142 1028 5180 sacros
1061 5143 1126 5180 ex
1167 5125 1527 5181 conciliorum
1583 5128 1820 5182 decretis

211 5213 383 5252 unum
422 5196 477 5250 in
509 5210 709 5267 corpus
731 5197 949 5269 primus
978 5197 1232 5269 collegit;
1264 5213 1428 5268 quem
1459 5206 1651 5269 postea
1682 5199 1821 5253 Mar-

209 5269 361 5323 tinus
424 5268 793 5333 Bracarensis,
839 5268 1188 5335 Cresconius,
1244 5270 1564 5323 Buchardus
1618 5276 1671 5323 et
1726 5270 1818 5324 alii

204 5350 336 5394 sunt
386 5338 650 5411 aemulati.
714 5338 956 5411 Dionysii
1015 5340 1158 5394 l‘etus
1224 5340 1462 5411 primum
1529 5340 1819 5410 Moguntiae

207 5411 370 5477 1525,
389 5416 593 5531 ‘postea
623 5409 841 5464 Parisiis
861 5409 1030 5474 d709,
1066 5410 1208 5481 typis
1237 5410 1340 5493 fuit
1372 5412 1568 5479 editus,
1604 5409 1708 5466 hec
1752 5413 1821 5467 ti-

207 5482 353 5531 tulo:
412 5481 573 5531 .odex
603 5480 881 5531 Canonum
902 5493 1060 5531 vetns
1092 5482 1349 5531 Eeclemae
1380 5483 1656 5531 Romanae.
1695 5499 1816 5531 enm

207 5482 353 5537 tulo:
389 5480 573 5537 Codex
603 5480 882 5537 Canonum
902 5493 1060 5537 vetus
1092 5480 1349 5537 Ecclesiae
1380 5483 1656 5545 Romanae,
1695 5499 1817 5537 cum

205 5553 442 5624 epistola
470 5551 808 5624 dedicatoria
834 5554 1009 5624 ipsius
1054 5554 1293 5624 Dionysii
1335 5554 1403 5607 ad
1455 5554 1817 5623 Stephanum,

207 5622 591 5707 Salonitanu-m
648 5622 991 5707 episcopum,
1046 5622 1231 5707 Romae
1268 5640 1454 5707 ‘porro
1502 5622 1625 5707 cum
1674 5632 1822 5707 esset

206 5694 431 5777 Carolus
498 5693 728 5768 Magnus
762 5736 777 5760 ,
836 5693 940 5777 ipsi
988 5695 1198 5777 codicis
1268 5693 1432 5777 hujus
1504 5697 1816 5777 Dionysiani

207 5766 512 5838 exemplar,
566 5766 713 5822 anno
737 5766 1229 5842 septingentesimo
1288 5768 1625 5839 octogesimo
1650 5766 1819 5837 Septi-

536 5862 832 5924 PATROL.
883 5863 1080 5927 CLX.

1922 4567 2053 4640 tom.
2087 4560 2149 4640 II.
2198 4559 2352 4640 Cone.
2380 4559 2655 4640 Gal._fuse_
2689 4573 3103 4640 commemorat.
3139 4568 3353 4623 Codicis
3383 4573 3534 4640 ejus-

1921 4630 2045 4684 dem
2097 4629 2450 4703 titmentioia
2507 4631 2729 4687 Nicolao
2779 4648 2918 4703 papa
2974 4635 3029 4688 in
3067 4653 3114 4691 c.
3171 4639 3232 4694 Si
3268 4629 3536 4700 Romano-

1920 4702 2233 4776 rumhdist.
2268 4702 2350 4776 19.
2378 4702 2942 4776 ‘Cassiodorum’lege.
2972 4722 3021 4761 c.
3054 4707 3319 4767 23Instit.

1992 4772 2135 4859 (τάξῃ
2174 4773 2241 4853 .s,
2298 4772 2619 4859 Fulgentius
2671 4772 2895 4835 Romam
2955 4777 3092 4859 adiit
3120 4797 3186 4837 eo
3215 4799 3362 4859 anno
3419 4803 3531 4859 quo

1992 4790 2135 4843 (142;-
2174 4790 2241 4853 ρ.
2298 4790 2619 4898 rutgennus
2672 4790 2895 4835 nomam
2955 4790 3092 4832 aaut
3120 4797 3186 4837 eo
3215 4799 3362 4840 anno
3419 4803 3531 4859 quo

1918 4844 2335 4927 Theodericus,"
2434 4845 2694 4927 othorum
2759 4851 3187 4927 rex,_eamdem
3248 4856 3532 4927 ingressus

1919 4914 2181 5000 scribitur
2230 4915 2645 5000 anCassiodoro,
2682 4918 2908 5000 hocest
2937 4936 3082 5000 anno
3128 4914 3528 5000 Christi'quin-

1919 4987 2244 5075 gentesimp.
2273 4987 2488 5075 Exinde
2527 5005 2672 5043 anno
2712 4990 3160 5075 quingentesimo
3198 4987 3391 5069 quarto
3422 5002 3534 5057 Ru-

1920 5058 2158 5145 s'pensis'
2183 5058 2356 5113 factus
2384 5060 2699 5145 cpiscopus,
2732 5058 2780 5145 1a
2820 5058 3368 5145 .Trasamundo-rege
3406 5088 3531 5128 cum

1920 5130 2043 5213 aliis
2086 5130 2365 5213 relegatus
2391 5137 2475 5213 est
2524 5131 2581 5184 in
2617 5131 2954 5213 Sardiniam;
3015 5150 3079 5190 ac
3126 5130 3375 5213 ‘deniq‘ue
3410 5149 3535 5213 post

1921 5199 2278 5274 Trasamun‘di
2315 5202 2570 5274 obitum,
2596 5218 2739 5257 anno
2787 5205 3232 5274 quingentesimo
3271 5199 3535 5269 vicesimo

1921 5272 2177 5352 secundo.
2216 5273 2464 5352 restituta
2506 5273 2774 5328 Africanis
2807 5272 3085 5352 Ecclesiis
3126 5282 3194 5335 ab
3238 5284 3533 5352 llilderico,

1925 5341 2178 5426 Iiunerici
2233 5343 2367 5408 filio,
2402 5360 2564 5426 pace,
2600 5361 2853 5426 reversus
2883 5348 3065 5426 estin
3113 5352 3369 5409 Africam.
3422 5341 3540 5426 My;

1919 5413 2284 5499 thologiarum
2317 5413 2481 5499 porro
2511 5416 2953 5499 Iibrosﬂolanus
2985 5413 3537 5499 Placiadthulgent'io

1922 5484 2284 5566 Grammatice
2324 5487 2567 5566 ascribit.
2598 5487 2731 5566 Vide
2777 5488 3053 5566 Isidor,_c.
3093 5494 3182 5548 M.
3214 5484 3382 5566 Hujus
3424 5497 3542 5551 Ful-

1920 5555 2091 5636 gentii
2131 5556 2437 5636 discipulus
2476 5557 2577 5611 fuit
2606 5558 2915 5613 Ferrandus
2964 5561 3257 5635 diaconus,
3289 5555 3537 5636 proximo

1921 5626 2103 5696 capite
2131 5626 2461 5681 laudandus.

1992 5697 2293 5780 (343)}.st
2326 5700 2443 5780 [ait
2480 5699 2779 5780 ερίεσοριρξ-

1991 5769 2135 5839 (744)
2159 5770 2292 5824 Vide
2326 5769 2646 5833 Honorium,
2687 5769 2787 5825 lib.
2816 5785 2940 5823 xxx.

3086 5868 3161 5925 18
