3930 6204
212 282 307 338 557
1452 278 1579 337 LIB.
1623 280 1704 334 DE
1745 279 1992 335 SCRIPT.
2040 280 2301 341 ECCLES.
3437 307 3543 364 558

206 416 318 466 tore
354 409 573 465 urbano
602 405 910 463 monachus
939 410 993 458 et
1035 402 1232 471 abbas,
1274 406 1541 475 septimus
1575 407 1830 464 Romana:
1860 414 1906 479 Α
2002 408 2125 463 CAP.
2177 411 2350 466 XLIV.
2404 413 2663 473 Claudius
2688 461 2702 486 ,
2764 422 3079 482 Classitanae
3135 430 3287 486 urbis
3351 432 3544 503 abbas,

209 501 468 558 Εοοιθείω
502 500 688 564 levita,
732 495 1121 569 apocrisarius,
1167 512 1310 567 papa
1350 497 1609 552 Romanas
1645 499 1832 553 Eccle-
1930 498 2100 554 multa
2154 501 2223 557 dc
2281 504 2614 574 Proverbiis,
2671 511 2741 566 de
2782 513 3017 572 Canticis
3071 522 3430 594 canticorum,
3477 495 3546 584 de

204 592 295 649 sire
339 591 518 648 multa
560 590 800 662 scripsit.
858 590 1166 678 Regatusja
1222 588 1469 678 Leandro
1524 590 1829 662 Hispalensi
1931 590 2175 661 Eptatico
2230 595 2631 672 [Eptateucho],
2689 603 2757 658 de
2790 608 3094 678 prophetis,
3128 612 3197 667 de
3228 613 3386 672 libris
3417 588 3546 675 Ἠε-

202 681 481 754 episcopo,
514 681 717 735 librum
746 679 848 734 Job
896 676 1152 748 exposuit
1190 677 1825 778 tripliciter,historice,
1928 699 2079 757 gum,
2112 702 2249 757 quos
2282 688 2540 761 loquente
2575 695 2836 769 Gregorio
2878 676 3151 770 audierat,
3184 709 3409 778 exponi,
3442 727 3545 768 nec

200 774 494 847 allegorice
530 782 585 827 et
607 770 915 835 moraliter,
950 778 1005 823 et
1036 769 1211 823 libros
1246 769 1500 824 dividens
1532 769 1587 823 in
1653 788 1747 824 sex
1768 771 1831 825 li-

202 864 326 919 bros
356 863 770 919 consummavit
792 862 897 916 hoc
927 860 1182 914 mirabile
1210 876 1352 930 cpus
1386 861 1440 915 in
1477 878 1616 915 xxxv
1648 862 1824 917 libris.

202 958 433 1012 Primam
457 963 513 1011 ct
533 955 779 1011 ultimam
809 961 1017 1024 partem
1042 952 1347 1008 Ezechielis
1372 955 1680 1023 prOphctar.
1707 971 1828 1026 qua}

200 1045 552 1101 obscuriores
600 1054 805 1113 erant,
866 1043 1123 1115 exposuit
1186 1044 1490 1099 homilitico
1545 1061 1821 1101 sermone.

200 1139 427 1211 Scripsit
459 1140 529 1194 ad
559 1138 855 1193 Marianum
898 1138 1221 1209 episcopum
1255 1155 1361 1193 xm
1405 1139 1682 1211 Evangelii
1726 1140 1823 1196 h0-

205 1229 393 1285 milias.
434 1231 495 1285 In
549 1230 709 1285 initio
749 1236 982 1301 papatus
1034 1230 1117 1284 sui
1158 1229 1382 1299 scripsit
1418 1230 1484 1283 ad
1529 1229 1822 1296 Joannem,

204 1320 470 1374 Ravenna:
503 1319 854 1391 episcOpum,
898 1319 1099 1374 librum
1140 1319 1361 1392 Regulae
1394 1320 1699 1390 pastoralis.
1740 1321 1830 1375 Li-

200 1408 351 1463 brum
383 1408 763 1480 Dialogorum,
797 1424 958 1480 quem
989 1424 1111 1463 cum
1148 1408 1304 1463 Petro
1349 1409 1589 1464 diacono
1620 1426 1720 1465 suo
1755 1410 1824 1466 de

202 1496 479 1553 miraculis
536 1505 855 1553 sanctorum
906 1497 991 1552 sui
1030 1498 1298 1569 temporis
1347 1499 1562 1566 habuit,
1617 1500 1828 1557 'I‘cude-

197 1585 358 1641 lindaa
405 1585 896 1660 Langobardorum
952 1585 1159 1659 reginae
1223 1602 1322 1657 pro
1372 1603 1596 1643 munere
1654 1589 1821 1645 misit.

205 1672 570 1744 Epistolarum
622 1683 702 1728 tot
734 1673 907 1730 libros
948 1675 1188 1745 posteris
1216 1675 1437 1747 reliquit
1476 1685 1610 1749 quot
1647 1694 1823 1734 annos

1936 781 2117 830 tamen
2160 794 2222 833 ea
2251 780 2547 855 Gregorius
2591 803 2704 857 pra:
2739 789 3054 849 infirmitate
3097 803 3152 850 et
3180 801 3545 869 occupatione

1929 868 2244 939 scripserat,
2279 873 2397 943 ipse
2438 892 2538 931 suo
2570 894 2735 935 sensu
2782 882 3029 951 dictavit,
3076 903 3144 943 ne
3191 868 3456 960 perirent,
3488 898 3547 948 ut

1931 963 2058 1028 apto
2111 966 2359 1031 tempore
2418 968 2764 1025 emendatius
2819 973 3173 1033 dictarentur.
3235 980 3363 1045 Qua:
3419 998 3544 1038 cum

1929 1046 2222 1122 Gregorius
2274 1057 2637 1125 comperisset
2688 1062 2849 1118 valde
2920 1066 3168 1125 inutilius
3235 1080 3545 1142 permutata

1925 1154 2068 1205 esse,
2112 1158 2177 1197 ca
2215 1145 2495 1202 studiosus
2526 1151 2814 1228 recollegit
2852 1166 2906 1211 et
2933 1168 3245 1230 opportune
3284 1166 3541 1223 correxit.

2007 1227 2130 1322 cap».
2183 1232 2327 1287 XLV.
2382 1235 2709 1295 Fortunatus
2743 1227 2924 1314 1756),
2971 1227 3201 1307 natione
3252 1253 3437 1322 Italus,
3478 1256 3545 1312 li-

1933 1318 2214 1376 beralibus
2244 1324 2453 1381 artibus
2488 1330 2755 1398 eruditus,
2801 1350 2830 1388 a
2863 1335 3053 1393 dolore
3098 1318 3545 1411 oculorum,vvir-

1931 1413 2047 1464 tute
2102 1409 2316 1467 Martini
2368 1413 2707 1474 Turonensis
2766 1422 3035 1496 episcOpi,
3075 1435 3317 1499 sanatus,
3362 1409 3417 1488 et
3442 1450 3541 1505 pro

1928 1500 2032 1557 hac
2085 1520 2249 1560 causa
2286 1507 2356 1561 ad
2396 1508 2643 1566 Turones
2695 1514 2866 1579 venit,
2919 1523 2973 1572 et
3018 1518 3086 1574 ad
3132 1521 3377 1579 Pictavos
3416 1500 3543 1598 pro-

1927 1609 2168 1669 gressus,
2202 1598 2380 1668 primo
2404 1600 2479 1655 ibi
2507 1602 2812 1675 presbyter,
2843 1607 3047 1665 deinde
3080 1613 3374 1687 episcOpus
3404 1632 3540 1673 con-

1924 1692 2168 1740 secratus
2194 1694 2295 1742 est.
2340 1688 2571 1761 Scripsit
2609 1695 2839 1749 metrice
2879 1696 3298 1770 Ilodozporicum
3332 1720 3490 1760 suum
3519 1723 3534 1770 ;

196 1768 247 1822 in
269 1775 469 1840 papatu
498 1768 657 1834 vixit,
684 1769 738 1823 id
779 1776 863 1825 est
902 1770 1169 1826 tredecim
1205 1777 1258 1826 ct
1285 1772 1471 1829 semis.
1503 1772 1733 1844 Scripsit
1765 1783 1820 1829 et
1849 1768 1898 1790 υ
1921 1774 2141 1844 scripsit
2169 1777 2396 1833 metrice
2428 1787 2666 1851 quatuor
2712 1783 2887 1840 libros
2928 1787 3001 1841 De
3037 1768 3157 1845 Vita
3195 1793 3369 1847 sancti
3400 1768 3539 1848 Mar;-

202 1856 303 1910 alia
331 1873 456 1929 quae
513 1874 547 1911 a
592 1857 853 1913 Romanis
910 1865 1033 1930 post
1073 1866 1301 1915 mortem
1363 1860 1482 1929 ejus
1536 1863 1820 1917 combusta
1919 1864 2041 1931 tini,
2090 1875 2147 1921 et
2176 1870 2347 1924 multa
2378 1870 2503 1940 alia,
2549 1881 2606 1927 et
2643 1875 2882 1931 maxime
2929 1878 3164 1951 hymnos
3193 1881 3533 1959 singularum

199 1955 339 2012 sunt,
379 1946 475 2017 qui
506 1955 568 2001 ct
607 1946 793 2002 omnia
823 1962 993 2018 opera
1046 1948 1166 2019 ejus
1221 1949 1677 2020 combussissent,
1709 1952 1814 2007 nisi
1917 1952 2292 2013 l'estivitatum.
2327 1959 2402 2014 Ad
2432 1960 2686 2037 singulos
2735 1966 2944 2023 amicos
2970 1946 3316 2043 composui:
3343 1990 3536 2031 versus

200 2036 406 2104 Petrus,
433 2037 709 2092 diaconus
738 2038 878 2107 ejus,
911 2038 1288 2094 interveniens
1319 2041 1699 2097 conﬁrmasset
1724 2042 1813 2113 ju-

195 2128 481 2197 rejurando
532 2145 599 2184 se
653 2130 861 2185 vidisse
917 2131 1176 2202 Spiritum
1232 2142 1480 2189 sanctum
1520 2130 1678 2205 quasi
1717 2151 1814 2191 co-

201 2219 435 2275 lumbam
480 2237 655 2292 super
706 2232 869 2293 eaput
900 2222 1143 2295 Gregorii
1178 2226 1460 2280 tractantis
1498 2227 1808 2294 sedentem,

196 2322 425 2370 rostrum
477 2332 645 2371 suum
678 2317 758 2371 ori
798 2317 950 2372 illius
980 2318 1343 2386 inscrentem;
1376 2329 1431 2375 et
1479 2321 1583 2377 hoc
1629 2323 1809 2393 ipsum

199 2402 379 2461 Petrus
418 2407 521 2462 hac
556 2407 877 2463 conditione
928 2408 1075 2475 fecit,
1110 2418 1167 2465 ut
1222 2411 1267 2465 si
1310 2411 1430 2483 ipsc
1460 2423 1584 2483 post
1610 2412 1811 2468 factum

194 2500 576 2569 jusjurandum
609 2503 789 2557 statim
824 2511 1153 2569 moreretur,
1185 2505 1412 2560 Romani
1443 2522 1473 2560 a
1503 2506 1658 2562 libris
1684 2508 1815 2563 Gre-

197 2592 328 2663 gorii
350 2592 753 2649 comburendis
782 2602 1062 2650 cessarent
1090 2615 1103 2666 ;
1127 2597 1172 2651 si
1197 2613 1306 2653 non
1337 2607 1663 2667 moreretur,
1697 2600 1815 2671 ipse

202 2680 350 2736 etiam
415 2680 868 2737 combustoribus
921 2683 1184 2739 librorum
1243 2702 1439 2740 manus
1495 2686 1668 2741 daret.
1728 2689 1817 2744 Sic

202 2776 381 2832 Petrus
410 2777 563 2833 inter
589 2777 756 2832 verba
800 2778 1099 2847 juramenti
1153 2782 1469 2851 exspiravit,
1517 2791 1571 2837 et
1616 2782 1815 2837 Roma-

200 2883 379 2924 norum
433 2868 657 2924 insania
708 2870 961 2925 cessavit.
1005 2872 1132 2936 Qum
1168 2874 1436 2943 scriptura
1490 2874 1809 2945 Gregorium

203 2962 298 3011 tam
326 2958 643 3026 illustravit,
677 2975 839 3029 quam
882 2960 1014 3013 illud
1050 2961 1197 3032 quod
1237 2962 1695 3033 Antiphonarium
1730 2980 1811 3019 rc-

202 3048 363 3122 gulari
393 3051 625 3105 musicae
676 3050 1055 3107 modulatione
1101 3053 1471 3108 ccntonizavit
1501 3062 1554 3109 ct
1592 3055 1810 3110 scholas

204 3148 470 3195 cantorum
503 3140 830 3211 inﬂicmana
854 3141 1095 3197 Ecclesia
1123 3143 1410 3198 constituit
1433 3145 1600 3213 (753).

264 3231 379 3287 Car.
441 3231 600 3285 XLII.
647 3233 960 3287 Anastasius
993 3275 1007 3298 ,
1063 3234 1437 3291 Antiochenus
1488 3236 1804 3307 episcopus,

1837 3102 1885 3169 Ο

1915 2045 2068 2100 suavi
2100 2052 2153 2100 et
2191 2047 2397 2103 diserto
2438 2066 2712 2108 sermone.

1986 2133 2111 2189 CAP.
2165 2136 2336 2193 XLVI.
2386 2139 2733 2197 Justinianus
2802 2144 2995 2215 Major,
3058 2148 3360 2220 imperialis
3416 2171 3534 2210 ma-

1906 2227 2124 2296 jestatis
2178 2229 2441 2303 dignitate
2475 2231 2719 2296 illustris.
2778 2235 2999 2292 videtur
3044 2239 3311 2297 illustrior
3362 2243 3532 2301 fuisse

1914 2317 2037 2371 aliis
2076 2318 2518 2389 imperatoribus,
2552 2338 2652 2393 per
2681 2324 2782 2379 hoc
2812 2326 2958 2396 quod
2991 2327 3154 2383 etiam
3186 2329 3330 2385 inter
3360 2333 3536 2389 eccle-

1917 2404 2167 2459 siasticos
2196 2407 2491 2476 scriptores
2531 2408 2713 2465 locum
2744 2413 3052 2484 acquisivit.
3096 2416 3267 2488 Leges
3294 2435 3531 2493 namque

1920 2492 2313 2563 Romanorum,
2347 2514 2576 2568 quarum
2637 2500 2925 2570 prolixitas
2975 2503 3145 2559 nimia
3178 2515 3294 2562 erat
3335 2492 3531 2566 etinu-

1918 2586 2030 2640 tilis
2063 2586 2422 2653 dissonantia,
2479 2590 2719 2645 mirabili
2770 2591 3036 2651 brevitate
3095 2599 3345 2657 correxit.
3397 2601 3529 2657 Nam

1916 2695 2109 2735 omnes
2136 2684 2558 2739 constitutiones
2579 2687 2915 2759 principum,
2957 2708 3080 2763 quas
3118 2694 3310 2766 utique
3342 2698 3531 2754 multis

1918 2772 1976 2825 in
2007 2773 2384 2830 voluminibus
2415 2776 2779 2849 habebantur,
2804 2780 2946 2837 intra
2976 2800 3049 2838 xu
3080 2784 3254 2842 libros
3283 2798 3529 2846 coarcta-

1915 2862 2025 2917 vit:
2070 2862 2215 2917 idem
2256 2880 2482 2936 quoque
2524 2867 2782 2923 volumen
2825 2870 3077 2927 Godicem
3119 2875 3528 2935 Justiniancum

1911 2952 2177 3022 appellari
2204 2952 2351 3009 fecit.
2381 2954 2724 3028 ltursumque
2746 2958 3089 3033 singulorum
3115 2966 3528 3037 magistratuum

1912 3041 2027 3096 sive
2053 3042 2301 3111 judicum
2352 3042 2524 3116 leges,
2576 3063 2699 3118 quas
2737 3064 2916 3121 usque
2946 3051 3013 3105 ad
3044 3052 3155 3109 duo
3188 3056 3358 3111 millia
3386 3074 3529 3129 pene

1909 3130 2174 3187 librorum
2203 3140 2360 3188 erant
2379 3141 2642 3204 extensae,
2670 3138 2812 3194 intra
2843 3142 3527 3219 quinquagintalibrorum

1911 3238 2200 3277 numerum
2233 3223 2466 3296 redegit,
2495 3227 2865 3300 cumdcmque
2891 3229 3149 3288 Codiccm
3180 3235 3527 3312 Digestorum

208 3318 522 3376 Pastoralem
584 3319 786 3374 librum
839 3321 1084 3395 Gregorii
1150 3322 1203 3377 in
1264 3323 1503 3379 Graecam
1565 3323 1808 3397 linguam
1909 3319 2025 3374 sive
2082 3319 2477 3376 Pandectarum
2530 3324 2800 3381 vocabulo
2854 3331 3213 3401 nuncupavit.
3285 3334 3531 3399 Quatuor

206 3409 484 3477 transtulit,
517 3416 582 3464 et
619 3410 984 3466 orientalibus
1025 3413 1282 3468 Ecclesiis
1328 3429 1467 3484 Opus
1491 3413 1810 3468 venerabile
1911 3410 2075 3465 etiam
2107 3411 2515 3467 Institutionum
2550 3414 2740 3481 libros,
2772 3417 2825 3471 in
2877 3421 3082 3490 quibus
3134 3423 3376 3480 breviter
3403 3427 3533 3482 uni-

208 3498 502 3567 procuravit
531 3496 712 3568 (754).

269 3589 383 3645 CAP.
414 3589 596 3646 XLIII.
631 3590 877 3647 Paterius
910 3592 1072 3664 (755),
1108 3592 1365 3649 Romanae
1408 3592 1663 3648 Ecclesiae
1712 3610 1815 3649 no-

208 3678 365 3734 tarius
412 3685 466 3733 ct
527 3679 993 3744 secundicerius,
1053 3681 1323 3755 colligens
1377 3682 1563 3737 omnia
1616 3682 1816 3736 divinae

207 3765 489 3839 Scripturze
551 3769 869 3823 testimonia
927 3785 1026 3840 per
1072 3787 1195 3842 quae
1242 3772 1536 3844 Gregorius
1585 3771 1818 3826 obscura

208 3871 309 3914 suae
351 3860 720 3933 expositionis
751 3860 1099 3929 dilucidavit,
1123 3862 1417 3919 treslibros
1439 3863 1613 3918 edidit
1637 3881 1650 3917 :
1679 3863 1819 3918 duos

207 3943 271 3999 de
299 3949 631 4006 testimoniis
661 3948 874 4003 Veteris
918 3948 1297 4018 lnstrumenti,
1332 3960 1385 4019 et
1417 3968 1585 4006 unum
1621 3952 1690 4006 dc
1722 3958 1809 4006 te-

208 4040 466 4099 stimoniis
490 4043 633 4100 Novi
684 4043 1041 4110 Testamenti,
1093 4044 1383 4118 ipsumque
1416 4046 1663 4101 codicem
1703 4063 1809 4117 ap-

210 4132 419 4200 pellavit
444 4136 666 4191 Librum
690 4134 1152 4191 testimoniorum.

522 4237 557 4258 ο

1914 3517 2194 3557 versorum
2253 3503 2434 3576 legum
2513 3514 2691 3561 textus
2745 3513 3250 3583 comprehenditur,
3319 3519 3535 3575 noviter

1917 3592 2188 3664 exposuit.
2223 3594 2397 3649 Novas
2428 3612 2650 3667 quoque
2689 3599 2860 3673 leges,
2903 3620 3039 3674 quas
3071 3606 3188 3678 ipse
3245 3616 3531 3679 statuerat,

1921 3684 1975 3737 in
2005 3698 2177 3761 unum
2208 3684 2465 3738 volumen
2506 3686 2724 3761 redegit
2754 3689 2919 3760 (757).

1991 3758 2117 3827 Car.
2198 3771 2395 3827 XLVII.
2451 3758 2670 3829 Sixtus‘
2703 3758 2998 3849 episcopus
3068 3784 3287 3857 scripsit
3333 3787 3529 3844 librum

1918 3863 1993 3917 De
2024 3862 2135 3917 vita
2161 3862 2403 3917 hominis
2434 3862 2694 3934 perfecta.

1989 3952 2117 4007 Car.
2196 3951 2419 4008 XLVIII.
2483 3954 2640 4009 Osius
2694 3956 2989 4029 cpiscOpus
3037 3962 3256 4034 scripsit
3333 3965 3533 4022 librum

1916 4045 1990 4098 De
2017 4044 2406 4101 observatione
2434 4046 2732 4103 Dominicae.
2763 4048 3074 4121 disciplinae
3101 4055 3268 4128 (758).

1989 4137 2111 4191 Car.
2170 4136 2345 4191 XLIX.
2403 4136 2746 4209 Gregorius,
2815 4139 3151 4199 Turonensis
3215 4146 3534 4221 cpiscopus,

1419 4270 1706 4326 AUBERTI
1747 4271 1957 4326 ΜΙΒᾹΞΙ
2000 4271 2297 4327 SCIIOLIA.

273 4363 417 4437 (753)
444 4366 582 4422 Vide
615 4365 743 4422 Isid.
779 4383 808 4421 c
854 4367 946 4433 27,
979 4374 1033 4421 et
1063 4366 1398 4422 Ildcfonsum
1430 4386 1478 4422 c.
1511 4370 1561 4423 ’1.

274 4436 413 4509 (754)
452 4439 508 4494 S.
560 4439 879 4493 Anastasius
926 4438 1155 4496 Sinaita.
1193 4439 1486 4510 cpiSCOpus
1533 4441 1818 4495 Antioche-

211 4515 379 4583 nuset
397 4517 622 4583 martyr,
640 4525 787 4583 anno
826 4510 1272 4583 quingentesimo
1300 4512 1659 4583 nonagesimo
1677 4520 1821 4568 octa-

210 4591 271 4652 vo
300 4579 439 4652 diem
463 4553 934 4636 obivitTDictus‘est
955 4553 1186 4646 §inaita,
1219 4596 1285 4636 co
1340 4553 1486 4652 quoii
1523 4586 1823 4638 monachus

213 4648 397 4723 vixerit
415 4652 470 4705 in
494 4662 680 4707 monte
707 4652 1166 4723 Sina,antequam
1198 4648 1451 4707 Ecclesiae
1469 4655 1823 4709 Antiocheam

214 4721 595 4841 gmlicerctur.
630 4723 860 4793 Scripsit
891 4721 1073 4778 autem
1105 4724 1275 4787 varia,
1310 4740 1377 4778 cx
1412 4725 1617 4796 quibus
1639 4726 1694 4779 in
1730 4726 1823 4779 Bi-

245 4789 471 4841 liotheea
522 4801 767 4841 veterum
832 4795 1042 4841 Patrum
1104 4796 1362 4841 lnmmtnr
1394 4797 1823 4841 Annnnn-innrnm

245 4789 472 4869 liotheca
522 4789 770 4869 veterum
832 4795 1042 4869 Patrum
1104 4789 1825 4869 legunturanagogicarum

213 4865 725 4934 contemplationum
758 4866 814 4919 in
858 4840 1231 4921 Hexaenicrgn
1265 4866 1388 4920 libri
1432 4840 1668 4931 dubjlc
1699 4868 1828 4923 lidei

214 4930 552 5008 dOgmatilius
596 4937 721 4991 libri
761 4936 1029 5008 quinque,
1062 4938 1366 5008 interprete
1398 4939 1692 4994 Godcl'rido
1722 4940 1831 4994 'l‘il-

215 5018 436 5079 manno;
479 5007 762 5079 Orationes
785 5007 1020 5079 aliquot,
1057 5007 1532 5078 etllesponsiones
1559 5011 1627 5063 ad
1654 5010 1831 5065 varias

214 5078 553 5151 quaestiones.
596 5078 851 5147 Ejusdem
888 5078 1017 5133 ’Dux
1038 5079 1148 5151 viae
1180 5088 1370 5135 contra
1390 5082 1714 5151 Acepbalos,
1746 5081 1830 5135 in-

219 5151 443 5222 terprete
474 5149 754 5215 Gretsero,
777 5165 923 5206 anno
958 5150 1094 5222 1666
1124 5149 1538 5222 Ingolstarliiest
1572 5168 1824 5207 excusus.

214 5213 438 5293 Scripsit
486 5230 548 5293 et
599 5213 895 5293 Sermones
941 5213 1246 5293 varios,é'x
1304 5223 1503 5293 quibus
1534 5224 1831 5278 nonnullos

215 5286 441 5343 Achilles
480 5291 684 5347 Statius
725 5292 910 5346 Latine
945 5286 1205 5347 reddidit.
1243 5286 1392 5349 Idem
1425 5295 1741 5349 Anastasius
1772 5295 1804 5348 S

215 5356 448 5432 Gregorii
497 5377 653 5433 papae
692 5362 895 5417 librum
937 5363 1269 5419 Pastoralem
1311 5366 1364 5419 in
1425 5366 1666 5422 Graacam
1717 5366 1830 5420 lin-

248 5444 364 5485 uam
396 5434 683 5488 convertit.

729 5434 896 5498 Quam
937 5435 1352 5490 translationem
1409 5437 1463 5491 in
1498 5437 1835 5493 bibliotheca

251 5499 347 5578 icti_
378 5503 583 5558 Achilis
632 5504 807 5578 Statii,
866 5507 1011 5577 apud
1062 5506 1417 5578 presbyteros
1467 5507 1694 5564 Oratorii
1730 5509 1835 5564 Ro-

1836 4375 1890 4442 ι]
1918 4370 2260 4444 Antiocheno
2311 4386 2374 4425 ac
2412 4375 2705 4444 martyre;
2737 4377 2996 4444 notatque
3044 4374 3187 4429 inter
3224 4376 3331 4431 alia
3369 4377 3541 4438 Baro-

1920 4443 2044 4520 nius
2070 4441 3049 4520 Nicephorum.erret'c_lapsum"lib.
3094 4463 3245 4503 xvm.
3275 4465 3393 4520 cap.
3444 4453 3539 4519 24,

1923 4514 2051 4568 dum
2086 4512 2538 4590 nomenSinaitae
2580 4512 3087 4590 ..t_luCubra_ti_oncs
3126 4535 3290 4590 supra
3326 4512 3539 4579 inemo;

1925 4591 2069 4638 ratas
2098 4584 2388 4654 posteriori
2422 4584 2702 4640 Anastasio
2747 4586 2991 4641 ascribit.
3031 4584 3291 4645 Czetcr'um
3332 4592 3387 4646 in
3429 4593 3539 4650 Re-

1926 4656 2095 4733 gistro
2145 4654 2391 4727 Gregorii
2431 4656 2638 4733 [papae
2691 4658 2879 4733 plures
2906 4666 3120 4733 exstant
3167 4663 3416 4733 epistolae
3469 4666 3539 4721 ad

1926 4727 2102 4808 hunc
2130 4733 2375 4780 nostrum
2418 4727 2697 4808 .Sin'aitam
2732 4728 2892 4808 datze.
2953 4731 3067 4787 Alia
3115 4727 3364 4805 reperies
3390 4737 3538 4808 apud

1929 4798 2224 4882 Canjsium“
2248 4805 2378 4882 tom.
2417 4798 2483 4851 IlI
2518 4798 2681 4882 Lect‘.‘
2704 4801 2873 4882 antiq.

1999 4870 2147 4951 (755)
2188 4868 2461 4951 Paterium
2503 4868 2936 4951 subHCzelestino
2995 4875 3014 4928 I
3053 4892 3216 4947 papa,
3264 4878 3542 4951 legatione

1933 4940 2177 4995 functum
2236 4941 2407 4993 fuisse
2458 4941 2525 4993 ad
2566 4941 2853 5007 Hibernos,
2902 4940 3213 5001 constat-ex
3273 4940 3542 5007 hli'scella-

1933 5012 2054 5066 neis
2093 5012 2316 5065 Gcrardi
2361 5012 2556 5079 Vossii,
2608 5019 2752 5068 tomo
2793 5015 2831 5067 V
2888 5015 3241 5074 Bibliotheca:
3300 5022 3540 5077 Patrum.

1932 5083 2067 5137 Vide
2090 5083 2155 5136 ad
2192 5083 2485 5138 Honorium
2512 5101 2582 5149 Iv,
2615 5085 2665 5137 ὅ.

2004 5154 2149 5230 (73.6)
2208 5154 2460 5230 Venantii
2530 5156 3186 5230 IIonoriiUClementiani
3241 5162 3545 5230 Fortunati,

1936 5224 2105 5305 Italici
2130 5226 2461 5305 presbyteri,
2497 5228 2744 5305 episcopi
2775 5228 3157 5305 Pictavie_ns_is,
3199 5236 3293 5305 qui
3329 5224 3549 5290 Childe;

1935 5296 2104 5373 berto_
2160 5297 2486 5373 regenvixit,
2532 5296 2851 5373 Carminum
2906 5309 2960 5356 et
3004 5296 3365 5373 Epistolarum
3421 5306 3548 5360 libri

1935 5366 2251 5452 quindecim
2304 5367 2537 5452 illustrat
2592 5372 2814 5452 nostris“
2858 5366 3059 5438 sacris,"
3090 5375 3366 5452 historicis
3415 5393 3551 5452 geo-

1936 5436 2236 5520 graphicis,
2277 5436 2733 5520 a‘Ch‘ristophoro
2758 5436 3076 5520 _Brouvcro,
3112 5446 3238 5520 Sec.
3266 5448 3394 5503 Iesu
3415 5436 3547 5520 Tire-

1937 5509 2338 5583 sbyterotsunt
2365 5509 2509 5583 editi
2528 5509 2823 5583 Moguntiae
2855 5515 2992 5569 1603
3021 5509 3074 5571 ct
3107 5518 3261 5573 1616.

216 5571 373 5638 mani,
404 5575 670 5631 asservari
709 5571 937 5631 testatur
976 5571 1252 5633 Baronius'
1296 5579 1352 5632 in
1406 5580 1553 5635 notis
1601 5580 1667 5633 ad
1698 5580 1838 5634 Mar-

220 5642 929 5732 tyrologiumi‘xxIAApri‘lis.
965 5647 1081 5732 Quo
1130 5647 1253 5732 loco
1292 5649 1533 5732 etplura
1592 5651 1837 5732 reperies

255 5727 282 5766 e
331 5714 433 5771 isto
464 5723 654 5773 nostro
686 5714 990 5779 Anastasio,
1030 5726 1086 5775 et
1125 5718 1297 5777 altero
1330 5714 1519 5777 itidem
1575 5714 1835 5794 episcOpo

2012 5579 2152 5651 i757)
2185 5579 2319 5651 Vide
2349 5580 2416 5651 ad
2446 5579 2739 5651 Isidor‘um,
2773 5600 2819 5638 c.
2855 5584 2943 5638 18.

2011 5649 2155 5721 (758)
2186 5650 2259 5706 De
2287 5665 2354 5706 co
2379 5649 2732 5710 'I‘ritbcmius.
