3930 6204
252 331 358 388 561

235 468 461 530 tempus
491 457 803 529 paenitendi
836 456 1145 512 secundum
1169 457 1393 513 modum
1424 460 1707 529 peccandi.

312 548 439 604 CAP.
478 547 651 602 LXIV.
687 546 1061 601 Adamannus.
1097 546 1244 617 (769)
1276 546 1567 619 presbyter
1608 554 1663 602 et
1692 547 1867 604 abbas

234 646 552 710 Scotorum,
595 640 827 696 scientia
892 640 1197 695 litterarum
1248 641 1588 709 nobilitatus,
1648 643 1868 715 scripsit

234 737 441 792 librum
511 734 585 789 De
650 733 860 788 sanctis
915 732 1052 787 locis
1110 733 1434 800 nativitatis,
1499 735 1770 806 passnonis
1812 744 1868 791 et

232 823 685 889 resurrectionis,
734 830 790 876 et
850 821 1197 876 ascensionis
1251 822 1383 877 Jesu
1441 822 1639 877 Christi
1700 830 1755 878 et
1794 823 1864 879 de

228 916 615 974 monumentis
640 925 958 969 sanctorum
990 914 1207 969 Patrum

305 1008 432 1063 CAP.
472 1007 616 1061 LXV.
650 1005 895 1061 Joannes
923 1006 1139 1071 Scotus,
1170 1005 1227 1058 in
1280 1004 1625 1076 exponendis
1656 1005 1866 1061 divinis

231 1100 572 1158 ethumanis
598 1098 888 1169 scripturis
945 1096 1077 1151 satis
1139 1096 1397 1161 idonens,
1451 1098 1580 1153 fecit
1603 1105 1864 1153 tractatus

235 1194 296 1249 in
327 1194 664 1248 Matthteum.
709 1190 941 1261 Scripsit
997 1188 1201 1243 librum
1266 1190 1339 1243 De
1372 1188 1570 1245 officiis
1609 1190 1875 1245 humanis

231 1293 288 1342 et
329 1286 437 1340 alia
467 1300 591 1356 quae
623 1284 691 1337 ab
723 1282 848 1337 aliis
880 1282 1173 1337 habentur.

314 1378 445 1433 CAP.
502 1376 675 1431 LXVI.
736 1375 1019 1436 Adelmus,
1063 1373 1237 1428 abbas
1289 1374 1599 1438 Scotorum,
1636 1374 1865 1446 jubente

235 1468 455 1538 synodo
484 1465 667 1541 gentis
699 1481 833 1531 sure,
856 1462 1076 1535 scripsit
1103 1462 1304 1517 librum
1336 1463 1598 1517 adversus
1622 1479 1866 1518 errorem

240 1560 551 1624 Britonum,
576 1556 672 1628 qui
693 1556 782 1613 vel
823 1556 1031 1609 Pascha
1073 1570 1182 1609 non
1214 1570 1316 1609 suo
1348 1563 1596 1625 tempore
1620 1554 1867 1610 celebra“

230 1660 384 1721 re,.t,
412 1652 500 1708 vel
527 1652 634 1708 alia
664 1651 822 1722 plura
843 1656 1071 1724 agerent
1098 1649 1372 1705 contraria
1407 1650 1528 1721 paci
1583 1658 1636 1705 et
1676 1650 1857 1705 eccle-

1502 331 1626 386 LlB.
1670 332 1754 387 DE
1791 332 2047 387 SCRIPT.
2093 331 2356 388 ECCLES.

1893 468 1943 535 Α
1970 463 2404 517 Pentateuchum
2456 462 2653 533 Moysi,
2700 463 2889 529 Josue,
2933 463 3185 520 Iudicum

3480 334 3588 393 562

3244 483 3259 532 ;
3313 466 3370 521 in
3410 466 3585 525 libros

1971 555 2179 629 Regum
2200 560 2254 609 et
2283 553 2462 609 Verba
2502 554 2741 624 dierum,
2771 553 2828 609 in
2855 554 3054 611 librum
3086 558 3142 611 Β.
3166 558 3334 629 patris
3371 559 3494 627 Job,
3529 560 3585 615 in

1970 647 2285 715 Parabolas,
2316 647 2727 714 Ecclesiastem,
2759 653 2818 702 et
2851 646 3069 703 Cantica
3120 649 3481 719 canticorum,
3528 651 3583 706 in

1970 737 2164 791 Isaiam
2207 737 2553 808 prephetam,
2610 735 2837 790 Esdram
2892 751 3113 807 quoque
3170 743 3224 791 et
3280 738 3580 796 Neemiam.

1968 828 2029 881 In
2059 826 2412 899 Evangelium
2471 825 2633 880 Marci
2698 824 2871 880 libros
2915 833 3173 897 quatuor,
3214 827 3270 881 in
3329 828 3581 903 Evange-

1966 920 2101 974 lium
2132 919 2288 973 Lucae
2311 917 2483 974 libros
2519 935 2638 985 sex,
2692 916 3046 974 Homiliarum
3080 918 3361 995 Evangelii
3413 919 3583 978 libros

1967 1013 2125 1068 duos.
2152 1013 2208 1067 In
2238 1011 2558 1082 Apostolum
2623 1026 2974 1083 quaecunque
3006 1010 3063 1065 in
3085 1011 3433 1083 opusculisS.
3467 1014 3577 1070 Au-

1976 1101 2181 1176 gustini
2206 1101 2453 1173 exposita
2500 1101 2711 1169 inveni,
2760 1107 2955 1156 cuncta
2995 1117 3094 1171 per
3148 1102 3399 1157 ordinem
3439 1103 3579 1159 scri-

1976 1193 2109 1248 bere
2137 1191 2323 1247 curavi
2352 1207 2370 1259 ;
2401 1190 2455 1244 in
2484 1190 2710 1246 Actibus
2756 1191 3127 1261 apostolorum
3178 1191 3351 1247 libros
3390 1193 3531 1249 duos
3565 1212 3578 1248 :

1977 1284 2031 1338 in
2062 1282 2331 1354 Epistolas
2360 1292 2572 1353 septem
2638 1282 2936 1338 canonicas
2974 1282 3146 1339 libros
3202 1284 3472 1359 singulos,
3525 1286 3581 1340 in

1971 1372 2354 1444 Apocalypsim
2388 1372 2440 1427 8.
2484 1372 2711 1427 Joannis
2740 1372 2911 1429 libros
2956 1381 3113 1427 tres:
3156 1372 3288 1427 item
3340 1373 3584 1444 capitula

1970 1463 2269 1519 lectionum
2300 1463 2356 1517 in
2418 1468 2585 1517 totum
2617 1463 2825 1517 Novum
2856 1463 3261 1519 Testamentam
3293 1480 3307 1516 :
3352 1464 3482 1519 item
3521 1463 3584 1519 li-

1971 1558 2098 1611 bros
2132 1553 2488 1625 epistolarum
2516 1553 2584 1607 ad
2612 1552 2877 1618 diversos,
2922 1572 3153 1627 quarum
3178 1558 3252 1612 De
3291 1573 3384 1612 sex
3408 1557 3585 1613 aetati-

1971 1649 2073 1703 bus
2094 1647 2279 1703 saeculi
2303 1662 2412 1700 una
2446 1654 2570 1713 est;
2604 1647 2678 1701 De
2709 1648 3090 1704 mansionibus
3134 1648 3373 1705 filiorum
3415 1651 3581 1706 Israel

229 1742 470 1797 siasticae
501 1740 918 1806 consuetudini,
960 1745 1014 1793 et
1043 1755 1140 1809 per
1171 1740 1277 1793 hoc
1308 1739 1510 1795 multos
1540 1739 1756 1795 reduxit
1786 1740 1854 1794 ad
1883 1768 1929 1835 Β
1956 1762 2099 1811 una;
2131 1760 2242 1798 una
2271 1744 2339 1798 de
2387 1759 2453 1799 eo
2499 1744 2644 1815 quod
2694 1744 2769 1799 ait
2801 1744 2988 1807 Isaias,
3038 1749 3088 1799 et
3141 1746 3463 1800 claudentur
3500 1747 3582 1802 ibi

231 1833 592 1888 concordiam
650 1830 935 1887 catholicae
988 1829 1265 1885 Ecclesiae.
1291 1829 1520 1902 Scripsit
1557 1838 1612 1885 et
1652 1831 1851 1886 librum
1883 1829 1923 1835 ”
1952 1838 2013 1889 in
2042 1850 2325 1897 carcerem,
2366 1838 2414 1888 et
2463 1838 2584 1905 post
2628 1836 2822 1889 multos
2875 1834 2987 1889 dies
3016 1837 3386 1890 uisitabantur
3439 1837 3566 1904 (Isa.

233 1927 307 1980 De
365 1924 708 2000 virginitate,
762 1938 925 1994 quem
991 1922 1245 1994 exemplo
1294 1922 1527 1990 Sedulii,
1575 1924 1851 1996 geminato

229 2030 424 2086 Opere,
449 2014 502 2068 id
528 2022 610 2069 est
632 2030 795 2085 prosa
834 2022 888 2068 et
917 2022 1111 2079 metro,
1146 2013 1457 2085 composuit
1484 2014 1652 2085 (770).

305 2103 432 2158 Car.
478 2103 674 2158 LXVII.
711 2102 1038 2170 Ceolfridus,
1083 2087 1254 2158 abbas
1304 2104 1616 2170 Scotorum,
1649 2119 1850 2159 consu-

231 2194 368 2249 lenti
398 2192 514 2264 regi
546 2193 821 2248 Pictorum
854 2193 1182 2267 delegitima
1206 2195 1587 2249 observatione
1604 2195 1847 2260 Pascha},

230 2292 283 2340 et
330 2286 402 2340 de
425 2294 651 2340 tonsura
680 2284 1029 2351 clericorum,
1066 2286 1284 2356 scripsit
1311 2287 1503 2341 utilem
1536 2286 1847 2357 epistolam,

232 2394 331 2448 per
370 2394 536 2449 quam
554 2377 673 2448 ipse
712 2377 830 2451 regi
860 2377 1147 2444 satisfecit,
1181 2386 1236 2433 et
1258 2395 1353 2433 rex
1379 2379 1850 2453 gentemsuamad

231 2466 589 2523 concordiam
623 2466 875 2522 Ecclesiae
914 2467 1146 2521 reduxit.

303 2559 431 2614 CAP.
467 2559 692 2613 LXVIII.
755 2558 901 2613 Beda
948 2560 1272 2627 monachus,
1338 2560 1565 2617 natione
1618 2560 1845 2635 Anglus,

230 2652 359 2724 quis
386 2651 474 2706 vel
497 2650 645 2704 unde
677 2648 864 2718 fuerit,
892 2666 1015 2721 quae
1046 2651 1131 2705 vel
1154 2658 1361 2722 quanta
1393 2652 1697 2723 scripserit,
1732 2653 1848 2723 ipse

230 2744 351 2799 suis
380 2742 567 2799 verbis
595 2741 794 2813 aperit.
825 2767 848 2788 α
885 2742 1017 2796 Cum
1072 2758 1275 2807 essem,
1342 2744 1538 2815 inquit,
1574 2761 1849 2799 annorum

228 2849 476 2911 septem,
521 2854 653 2892 cura
698 2838 1134 2909 propinquorum
1170 2839 1331 2894 datus
1376 2857 1495 2894 sum
1527 2841 1849 2895 educandus

226 2925 706 2984 reverendissimo
738 2926 922 2980 abbati
956 2928 1271 2993 Benedicto,
1333 2944 1397 2982 ac
1450 2928 1653 2983 deinde
1695 2928 1849 2984 Ceol-

224 3017 400 3084 frido,
441 3022 813 3086 cunctumque
865 3030 928 3069 ex
982 3031 1049 3070 eo
1104 3025 1324 3087 tempus
1356 3017 1479 3071 vitae
1505 3017 1559 3071 in
1599 3018 1846 3085 ejusdem

224 3106 560 3164 monasterii
589 3105 927 3161 habitatione
958 3122 1249 3181 peragens.
1278 3125 1497 3163 omnem
1517 3108 1852 3163 meditandis

223 3197 530 3270 Scripturis
571 3212 796 3267 operam
855 3196 1005 3262 dedi,
1061 3206 1225 3268 atque
1260 3197 1403 3252 inter
1440 3198 1845 3253 observantiam

222 3286 541 3358 disciplima
570 3285 838 3358 regularis
856 3286 1042 3341 curavi
1085 3302 1306 3357 semper
1350 3293 1442 3342 aut
1484 3288 1722 3354 discere,
1756 3296 1850 3341 aut

222 3380 453 3445 docere,
486 3387 577 3433 aut
598 3378 841 3433 scribere
872 3378 1032 3433 dulce
1062 3378 1251 3433 habui.
1286 3379 1510 3435 Decimo
1545 3396 1691 3434 nono
1725 3380 1847 3433 vita:

222 3484 367 3523 mete
396 3483 543 3523 anno
584 3468 958 3535 diaconatum,
992 3468 1268 3523 tricesimo
1294 3469 1703 3540 presbyteratus
1723 3485 1849 3541 gra-

224 3561 359 3615 dum
392 3560 638 3631 suscepi.
702 3559 775 3613 Ex
818 3575 928 3631 quo
994 3568 1243 3631 tempore
1308 3576 1486 3633 usque
1516 3560 1584 3615 ad
1639 3577 1845 3615 annum

221 3650 405 3705 astatis
438 3665 572 3704 meae
601 3666 730 3704 LVIII
785 3649 1183 3705 venerabilium
1240 3650 1459 3704 Patrum
1491 3650 1695 3722 scripta
1720 3650 1847 3704 bre-

222 3738 367 3793 viter
392 3736 682 3805 adnotare,
740 3738 856 3794 sive
906 3738 1072 3793 etiam
1123 3739 1191 3793 ad
1248 3738 1479 3794 formam
1542 3755 1740 3793 sensus
1794 3744 1849 3793 et

222 3829 741 3900 interpretationem
804 3845 994 3885 eorum
1062 3846 1284 3901 semper
1334 3831 1576 3901 adjicere
1641 3832 1847 3886 curavi.

222 3921 470 3985 Quorum
495 3920 611 3975 haec
628 3927 710 3975 est
739 3937 954 3977 summa
986 3940 999 3976 :
1036 3923 1095 3977 In
1129 3923 1404 3995 principio
1419 3924 1649 3979 Genesis
1672 3938 1847 3994 usque

220 4013 290 4066 ad
325 4010 668 4066 nativitatem
713 4013 883 4079 Isaac,
937 4020 991 4068 et
1022 4014 1357 4082 ejectionem
1388 4014 1632 4069 lsmaelis
1676 4014 1851 4069 libros

219 4115 465 4179 quatuor
507 4123 519 4159 :
556 4106 632 4162 De
677 4107 1038 4164 tabernacqu
1088 4119 1141 4163 et
1167 4109 1310 4164 vasis
1338 4109 1479 4178 ejus,
1508 4127 1572 4165 ac
1600 4108 1846 4163 vestibus

122 4240 131 4249 .
173 4255 187 4265 ,
217 4197 575 4253 sacerdotum
607 4197 776 4254 libros
808 4208 919 4254 tres
946 4218 962 4255 :
986 4199 1041 4253 in
1071 4199 1301 4271 primam
1336 4207 1545 4270 partem
1574 4197 1848 4254 Samuelis

220 4307 404 4363 usque
434 4291 506 4346 ad
536 4299 766 4348 mortem
791 4293 971 4348 Saulis
994 4293 1168 4349 libros
1197 4302 1432 4373 quatuor
1465 4313 1479 4362 ;
1509 4295 1579 4350 De
1610 4291 1848 4349 aaditiea—

220 4384 375 4440 tione
404 4384 599 4455 templi
650 4384 961 4458 allegoricae
1000 4386 1383 4457 expositionis,
1411 4387 1553 4442 sicut
1590 4392 1645 4441 et
1672 4392 1841 4441 caete-

1951 1923 2209 1991 xxrv,2!)
2244 1923 2355 1988 ;De
2390 1921 2599 1977 ratione
2624 1922 2849 1978 bissexti
2878 1939 2985 1978 una
3020 1941 3033 1988 ;
3066 1924 3144 1978 De
3204 1925 3569 1995 aequinoctio,

1948 2015 2104 2083 juxta
2132 2012 2465 2079 Anatolium,
2498 2029 2625 2069 una.
2672 2013 2803 2068 Item
2832 2014 2908 2069 De
2935 2013 3180 2069 historiis
3208 2021 3521 2070 sanctorum
3554 2033 3567 2070 :

1951 2105 2153 2160 librum
2185 2106 2316 2159 Vitae
2344 2111 2397 2160 et
2428 2104 2702 2176 passionis
2754 2106 2807 2159 8.
2868 2105 3066 2161 Felicis
3118 2106 3458 2161 confessoris
3496 2106 3568 2162 de

1952 2192 2182 2247 metrico
2224 2192 2434 2248 Paulini
2478 2209 2647 2264 opere
2679 2193 2737 2247 in
2790 2209 3005 2265 prosam
3039 2196 3309 2250 transtuli.
3346 2194 3566 2250 Librum

1956 2289 2087 2343 Vitae
2116 2295 2167 2343 et
2207 2290 2483 2360 passionis
2512 2289 2567 2344 S.
2596 2289 2869 2345 Anastasii
2899 2292 3039 2345 male
3068 2307 3133 2345 ex
3164 2291 3352 2347 Graeco
3380 2301 3572 2347 trans-

1955 2378 2145 2445 latum,
2188 2386 2241 2433 et
2272 2380 2431 2449 pejus
2488 2396 2520 2433 a
2557 2380 2796 2450 quodam
2859 2380 3116 2451 imperito
3182 2381 3562 2448 emendatum,

1952 2477 2111 2541 prout
2142 2470 2315 2540 potui,
2357 2469 2426 2522 ad
2480 2484 2704 2523 sensum
2759 2470 2988 2525 correxi.
3040 2470 3213 2524 Vitam
3255 2471 3309 2525 S.
3369 2472 3565 2536 Patris,

1948 2562 2203 2617 monachi
2234 2562 2472 2617 simulet
2498 2562 2781 2625 antistitis,
2839 2561 3117 2637 Chutberti
3149 2569 3204 2617 et
3258 2563 3410 2634 prius
3463 2565 3564 2619 he-

1950 2653 2098 2707 roico
2131 2658 2324 2718 metro,
2348 2657 2402 2706 et
2432 2651 2782 2722 postmodum
2817 2652 2979 2721 plano
3001 2666 3257 2707 sermone
3273 2651 3566 2723 descripsi;

1952 2746 2229 2801 historiam
2261 2746 2517 2800 abbatum
2547 2744 2866 2800 monasterii
2896 2744 3077 2813 hujus.
3125 2744 3180 2799 in
3220 2760 3330 2816 quo
3362 2760 3563 2817 super‘

1953 2856 2035 2894 nte
2065 2839 2253 2910 pietati
2295 2838 2570 2893 deservire
2601 2837 2839 2910 gaudeo,
2881 2837 3165 2892 Benedicti
3214 2846 3273 2891 et
3303 2836 3560 2893 Ceolfridi

1953 2937 2005 2985 et
2037 2930 2317 2985 Huetberti
2364 2928 2455 3002 [αι.
2528 2927 2829 2982 lluatberti.
2891 2924 3199 2999 Churberti]
3271 2926 3327 2981 in
3359 2926 3563 2981 libellis

1951 3026 2168 3081 duobus
2197 3044 2210 3089 ;
2243 3024 2532 3080 Historiam
2566 3022 2999 3078 ecclesiasticam
3033 3029 3235 3077 nostra;
3276 3021 3470 3077 insulae
3501 3038 3563 3077 ac

1951 3117 2133 3191 gentis
2164 3118 2216 3170 in
2258 3116 2415 3169 libris
2444 3115 2711 3186 quinque.
2742 3113 3185 3188 Martyrologium
3207 3113 3275 3168 de
3299 3112 3563 3169 natalitiis

1950 3207 2038 3261 SS.
2074 3214 2372 3278 martyrum
2404 3205 2599 3259 diebus
2628 3205 2681 3259 in
2716 3220 2825 3277 quo
2874 3220 3068 3260 omnes
3100 3219 3257 3275 :quos
3314 3203 3566 3261 invenire

1951 3298 2127 3368 potui,
2154 3312 2262 3351 non
2286 3296 2464 3351 solum
2493 3312 2602 3367 qua
2629 3296 2741 3362 die,
2770 3311 2963 3351 verum
3021 3295 3185 3349 etiam
3218 3309 3328 3367 quo
3362 3310 3569 3365 genere

1950 3393 2287 3459 certaminis,
2320 3393 2406 3446 vel
2438 3392 2541 3446 sub
2574 3408 2681 3463 quo
2743 3392 2932 3461 judice
2996 3391 3264 3447 mundum
3293 3390 3563 3460 vicerunt,

1951 3483 2248 3557 diligenter
2284 3482 2550 3537 adnotare
2581 3481 2766 3537 curavi
2807 3500 2822 3547 ;
2882 3480 3083 3535 librum
3115 3482 3452 3553 Hymnorum
3482 3483 3572 3538 di-

1948 3588 2109 3628 verso
2140 3580 2313 3627 metro
2348 3572 2460 3627 sive
2514 3573 2792 3643 rhythmo,
2844 3571 3044 3627 librum
3101 3572 3564 3643 epigrammatum

1948 3659 2171 3714 heroico
2204 3665 2378 3713 metro
2409 3660 2524 3713 sive
2555 3660 2824 3731 elegiaco,
2847 3657 2917 3713 de
2948 3665 3146 3713 natura
3175 3676 3385 3725 rerum,
3417 3670 3474 3717 et
3496 3662 3564 3717 de

1952 3754 2294 3826 temporibus
2321 3754 2491 3809 libros
2514 3754 2780 3826 singulos.
2814 3775 2839 3802 ιο
2874 3754 3009 3809 Item
3038 3754 3474 3825 Detemporibus
3502 3756 3569 3811 li-

1950 3844 2109 3899 hrum
2132 3859 2301 3898 unum
2329 3842 2616 3911 majorem,
2649 3841 2851 3896 librum
2902 3842 2980 3898 De
3007 3843 3427 3916 orthographia,
3479 3845 3563 3899 al-

1950 3935 2172 4006 phabeti
2207 3934 2405 3989 ordine
2436 3932 2773 3987 distinctum.
2830 3933 2964 3987 Item
3005 3932 3207 3987 librum
3239 3933 3313 3988 De
3339 3935 3566 3991 metrica

1949 4035 2087 4093 arte,
2111 4031 2164 4079 et
2193 4023 2322 4077 huic
2351 4023 2626 4091 adjectum
2681 4021 2873 4077 alium.
2934 4023 3008 4076 De
3032 4021 3413 4077 schematibus
3444 4024 3565 4078 sive

1948 4116 2119 4186 tropis
2148 4114 2422 4180 libellum,
2474 4114 2579 4167 hoc
2608 4119 2710 4180 est,
2752 4112 2822 4166 de
2871 4110 3061 4187 figuris
3089 4110 3375 4184 modisque
3412 4112 3562 4168 locu-

1947 4210 2157 4265 tionum
2190 4205 2394 4279 quibus
2422 4206 2700 4276 Scriptura
2754 4211 2944 4260 sancta
2969 4211 3226 4259 contexta
3279 4211 3380 4259 est.
3419 4204 3567 4260 Cen-

1948 4302 2209 4357 tonizavit
2239 4299 2405 4355 etiam
2426 4297 2829 4369 expositionem
2860 4297 2916 4351 in
2944 4296 3164 4351 Cantica
3195 4296 3559 4360 canticorum,

1946 4391 2195 4446 collectis
2217 4388 2509 4444 sententiis
2539 4388 2607 4442 de
2637 4388 2791 4442 libris
2848 4386 3096 4462 Gregorii
3127 4403 3307 4457 papae,
3340 4404 3439 4459 per
3470 4390 3561 4443 di-

221 4477 523 4544 ros,libros
554 4477 694 4532 duos
723 4495 734 4531 :
773 4479 905 4533 item
938 4479 999 4533 in
1032 4479 1200 4535 libros
1223 4480 1435 4554 Regum
1464 4498 1566 4535 xxx
1580 4478 1845 4552 quaestio-
1865 4455 1921 4524 θ
1946 4498 2105 4538 versa
2131 4479 2481 4552 Operaillius.
2517 4477 2663 4533 Obiit
2700 4494 2845 4534 anno
2901 4479 3007 4533 734
3048 4476 3349 4533 Dominicae
3379 4480 3569 4535 lucar-

221 4585 357 4623 num
412 4586 428 4634 ;
485 4568 542 4621 in
609 4568 903 4625 Proverbia
958 4571 1273 4627 Salomonis
1324 4572 1497 4629 libros
1549 4581 1661 4627 tres
1712 4589 1725 4638 ;
1788 4571 1842 4625 in

220 4659 448 4715 Cantica
478 4661 816 4716 canticorum
862 4662 1033 4718 libros
1071 4678 1187 4729 sex,
1222 4663 1276 4717 in
1316 4664 1511 4717 Isaiam
1563 4670 1617 4718 et
1648 4662 1846 4717 Danie-

222 4758 354 4823 lem,
416 4756 712 4813 duodecim
772 4759 1094 4829 prephctas,
1155 4767 1209 4814 et
1279 4768 1490 4831 partem
1559 4760 1845 4815 Hieremiae

220 4846 1017 4917 distinctionescapitulorum,
1058 4864 1123 4903 ex
1156 4856 1385 4905 tractatu
1415 4850 1473 4904 Β.
1530 4850 1844 4923 Hieronymi

220 4947 513 5009 excerptas
554 4956 571 5002 ;
605 4938 661 4992 in
686 4940 908 4994 Esdram
942 4948 997 4995 et
1040 4941 1323 4997 Neemiam
1379 4943 1551 4999 libros
1601 4953 1733 5009 tres,
1796 4946 1851 5005 in

222 5030 504 5085 canticum
545 5029 798 5085 Ilabacue
855 5031 1058 5086 librum
1108 5049 1298 5096 unum,
1326 5034 1383 5088 in
1413 5033 1617 5089 librum
1662 5036 1717 5089 Β.
1752 5035 1851 5091 Pa-

225 5119 323 5173 tris
344 5118 530 5174 Tobire
586 5119 989 5190 explanationis
1028 5121 1361 5196 allegoricae,
1420 5124 1486 5178 de
1542 5123 1754 5179 Christo
1799 5134 1854 5180 et

226 5208 471 5264 Ecclesia
496 5207 694 5263 librum
747 5225 916 5264 unum
952 5228 964 5264 :
998 5209 1127 5266 item
1181 5212 1425 5282 capitula
1464 5213 1769 5269 lectionum
1796 5215 1853 5269 in

1944 4572 2205 4636 nationis,
2248 4570 2429 4624 Leone
2460 4567 2719 4624 Romanis
2750 4569 3078 4640 imperante.
3112 4566 3335 4624 Francis
3368 4568 3564 4643 Carolo

1949 4664 2214 4728 Martello,
2249 4661 2594 4733 principante
2632 4661 2736 4715 sub
2788 4660 3129 4717 Theoderico
3199 4676 3353 4734 rege,
3395 4679 3569 4735 super

1951 4760 2153 4835 Anglos
2184 4763 2445 4832 regnante
2480 4754 2757 4813 Edilberto

2018 4852 2141 4907 Car.
2179 4851 2352 4905 LXIX.
2386 4850 2607 4916 Paulus,
2641 4850 2910 4905 diaconus
2961 4848 3335 4918 Neapolitanus
3367 4849 3563 4907 Eccle-

1953 4942 2068 5005 siae,
2098 4940 2374 4995 transtulit
2409 4939 2479 4993 de
2507 4940 2692 4993 Graeco
2723 4938 2779 4992 in
2830 4936 3079 4991 Latinum
3126 4936 3300 4993 Vitam
3356 4948 3564 4995 sancta:

1954 5034 2133 5088 Mariae
2158 5031 2485 5106 (Egyptiacte
2518 5031 2685 5101 (T71).

2027 5126 2152 5180 Car.
2186 5124 2333 5179 LXX.
2366 5123 2631 5191 Aniauus,
2663 5121 2745 5178 vir
2773 5119 3121 5193 spectabilis,
3144 5119 3379 5189 jubente
3406 5121 3573 5178 Atha-

1954 5214 2146 5280 larico,
2177 5228 2304 5287 rege
2324 5212 2583 5268 volumen
2610 5228 2780 5267 unum
2812 5212 2882 5266 de
2906 5210 3124 5284 legibus
3139 5210 3448 5267 Theodosii
3497 5211 3572 5267 im

1450 5342 1731 5398 AUBEIITI
1772 5345 1979 5400 Mill/EI
2022 5343 2317 5399 SCIIOLIA.

296 5440 450 5511 (769)
477 5440 850 5507 Adamannus,
881 5443 951 5499 al.
971 5443 1333 5498 Adamnanus
1360 5445 1443 5499 vel
1468 5446 1847 5512 Adamnanus,

225 5515 507 5568 llihernus
563 5514 647 5568 vel
708 5514 926 5579 Scotus,
987 5515 1242 5583 Ilujensis
1299 5516 1640 5581 monasterii,
1708 5534 1740 5571 a
1793 5517 1847 5570 8.

222 5585 574 5639 Columbano
626 5584 841 5652 structi,
898 5586 1092 5652 abbas,
1137 5586 1341 5640 librum
1394 5603 1555 5641 suum
1592 5589 1661 5641 De
1719 5587 1855 5643 locis

222 5665 391 5731 terrae
433 5660 641 5731 sanctae
694 5672 759 5709 ex
800 5657 1076 5731 :Arculphi
1108 5658 1403 5731 Callicani
1462 5659 1730 5731 episc0pi,
1790 5675 1853 5712 ex

233 5728 387 5797 Syria
421 5726 666 5797 reducis,
708 5726 927 5796 scriptis
963 5726 1316 5784 concinnavit
1364 5747 1375 5783 :
1408 5738 1467 5784 ut
1500 5726 1667 5784 Beda'
1696 5730 1793 5785 lib.
1818 5731 1857 5783 V

240 5796 371 5855 Hist.
397 5796 628 5863 eccles.,
662 5813 693 5851 c
746 5797 834 5861 16,
892 5800 1093 5868 prodit.
1128 5800 1257 5854 Tres
1302 5800 1420 5870 ejus
1462 5801 1587 5854 libri
1634 5802 1707 5854 De
1742 5802 1858 5856 Vita

1951 5444 2012 5497 S.
2056 5441 2378 5497 Columbani
2402 5441 2639 5497 senioris
2666 5456 2764 5496 seu
2794 5439 3074 5511 Columba}
3104 5438 3415 5511 presbyteri
3434 5436 3579 5511 (qui-

1953 5529 2098 5569 anno
2124 5515 2229 5567 560
2267 5512 2472 5577 floruit)
2530 5520 2743 5567 exstant
2790 5512 2934 5583 apud
2984 5508 3290 5566 Canisium'
3326 5508 3566 5565 tomo’L.

1956 5585 2208 5654 Antiquae
2236 5584 2510 5638 lectionis.

2029 5652 2174 5723 (770)
2210 5658 2282 5711 De
2315 5670 2381 5709 eo
2413 5655 2660 5708 Bellarm.
2690 5654 2745 5707 in
2773 5652 3048 5723 Catalogo.

2031 5717 2169 5794 (7'71)
2227 5727 2446 5791 Paulus,
2513 5725 2886 5794 Neapolitana:
2951 5717 3199 5794 ecclesiae
3275 5717 3563 5794 diaconus,

1962 5781 2233 5855 transtulit
2263 5781 2445 5852 Vitam,
2476 5797 2529 5850 S.
2569 5781 2747 5849 maria:
2794 5792 3076 5863 Egyptiaa,
3125 5802 3288 5858 quam
3334 5781 3576 5849 Sephro-
