  <div class='ocr_page' id='page_1' title='image "/cluster/home/n/w/nwhite01/storage/ocr_20150623/160/uva.x000829802/299.png"; bbox 0 0 3930 6204; ppageno 0'>
   <div class='ocr_carea' id='block_1_1' title="bbox 427 326 528 387">
    <p class='ocr_par' dir='ltr' id='par_1_1' title="bbox 427 326 528 387">
     <span class='ocr_line' id='line_1_1' title="bbox 427 326 528 387; baseline 0 0"><span class='ocrx_word' id='word_1_1' title='bbox 427 326 528 387; x_wconf 83' lang='grc'>587</span> 
     </span>
    </p>
   </div>
   <div class='ocr_carea' id='block_1_2' title="bbox 1654 319 2548 377">
    <p class='ocr_par' dir='ltr' id='par_1_2' title="bbox 1654 319 2548 377">
     <span class='ocr_line' id='line_1_2' title="bbox 1654 319 2548 377; baseline -0.002 -1"><span class='ocrx_word' id='word_1_2' title='bbox 1654 320 1991 376; x_wconf 80' lang='lat' dir='ltr'>SIGEBERTI</span> <span class='ocrx_word' id='word_1_3' title='bbox 2037 319 2548 377; x_wconf 64' lang='lat' dir='ltr'>GEMBIACENSIS.</span> 
     </span>
    </p>
   </div>
   <div class='ocr_carea' id='block_1_3' title="bbox 3643 330 3745 387">
    <p class='ocr_par' dir='ltr' id='par_1_3' title="bbox 3643 330 3745 387">
     <span class='ocr_line' id='line_1_3' title="bbox 3643 330 3745 387; baseline 0 0"><span class='ocrx_word' id='word_1_4' title='bbox 3643 330 3745 387; x_wconf 82' lang='lat'>588</span> 
     </span>
    </p>
   </div>
   <div class='ocr_carea' id='block_1_4' title="bbox 422 448 3747 530">
    <p class='ocr_par' dir='ltr' id='par_1_4' title="bbox 422 448 3747 530">
     <span class='ocr_line' id='line_1_4' title="bbox 422 448 3747 530; baseline -0.002 -15"><span class='ocrx_word' id='word_1_5' title='bbox 422 455 664 530; x_wconf 80' lang='lat' dir='ltr'>eleganti</span> <span class='ocrx_word' id='word_1_6' title='bbox 688 452 914 526; x_wconf 81' lang='lat' dir='ltr'>ingenio</span> <span class='ocrx_word' id='word_1_7' title='bbox 941 452 1108 507; x_wconf 88' lang='lat' dir='ltr'>multa</span> <span class='ocrx_word' id='word_1_8' title='bbox 1153 451 1395 508; x_wconf 88' lang='lat' dir='ltr'>breviter</span> <span class='ocrx_word' id='word_1_9' title='bbox 1441 452 1688 523; x_wconf 90' lang='lat' dir='ltr'>quidem,</span> <span class='ocrx_word' id='word_1_10' title='bbox 1720 450 1816 503; x_wconf 86' lang='lat' dir='ltr'>sed</span> <span class='ocrx_word' id='word_1_11' title='bbox 1848 448 2041 502; x_wconf 89' lang='lat' dir='ltr'>lauda-</span> <span class='ocrx_word' id='word_1_12' title='bbox 2066 450 2117 517; x_wconf 78' lang='grc' dir='ltr'><strong>Α</strong></span> <span class='ocrx_word' id='word_1_13' title='bbox 2144 454 2198 501; x_wconf 92' lang='lat' dir='ltr'>et</span> <span class='ocrx_word' id='word_1_14' title='bbox 2228 464 2256 501; x_wconf 90' lang='lat' dir='ltr'>a</span> <span class='ocrx_word' id='word_1_15' title='bbox 2287 449 2692 503; x_wconf 91' lang='lat' dir='ltr'>consuetudine</span> <span class='ocrx_word' id='word_1_16' title='bbox 2745 448 3132 504; x_wconf 89' lang='lat' dir='ltr'>Leodiensium</span> <span class='ocrx_word' id='word_1_17' title='bbox 3162 450 3504 508; x_wconf 79' lang='lat' dir='ltr'>discordant.</span> <span class='ocrx_word' id='word_1_18' title='bbox 3540 455 3747 509; x_wconf 91' lang='lat' dir='ltr'>Descri-</span> 
     </span>
    </p>
   </div>
   <div class='ocr_carea' id='block_1_5' title="bbox 425 548 1134 618">
    <p class='ocr_par' dir='ltr' id='par_1_5' title="bbox 425 548 1134 618">
     <span class='ocr_line' id='line_1_5' title="bbox 425 548 1134 618; baseline -0.01 -10"><span class='ocrx_word' id='word_1_19' title='bbox 425 553 611 608; x_wconf 91' lang='lat' dir='ltr'>biliter</span> <span class='ocrx_word' id='word_1_20' title='bbox 641 549 868 605; x_wconf 89' lang='lat' dir='ltr'>metrice</span> <span class='ocrx_word' id='word_1_21' title='bbox 891 548 1134 618; x_wconf 85' lang='lat' dir='ltr'>scripsit.</span> 
     </span>
    </p>
   </div>
   <div class='ocr_carea' id='block_1_6' title="bbox 496 636 2042 711">
    <p class='ocr_par' dir='ltr' id='par_1_6' title="bbox 496 636 2042 711">
     <span class='ocr_line' id='line_1_6' title="bbox 496 636 2042 711; baseline -0.006 -14"><span class='ocrx_word' id='word_1_22' title='bbox 496 640 621 696; x_wconf 79' lang='lat' dir='ltr'>CAP.</span> <span class='ocrx_word' id='word_1_23' title='bbox 644 639 858 694; x_wconf 80' lang='lat' dir='ltr'>CLXXI.</span> <span class='ocrx_word' id='word_1_24' title='bbox 904 638 1230 711; x_wconf 84' lang='lat' dir='ltr'>Sigebertus</span> <span class='ocrx_word' id='word_1_25' title='bbox 1275 636 1440 706; x_wconf 77' lang='lat'>(860),</span> <span class='ocrx_word' id='word_1_26' title='bbox 1472 636 1883 691; x_wconf 85' lang='lat' dir='ltr'>Gemblacensis</span> <span class='ocrx_word' id='word_1_27' title='bbox 1926 648 2042 687; x_wconf 89' lang='lat' dir='ltr'>mo-</span> 
     </span>
    </p>
   </div>
   <div class='ocr_carea' id='block_1_7' title="bbox 425 722 2040 798">
    <p class='ocr_par' dir='ltr' id='par_1_7' title="bbox 425 722 2040 798">
     <span class='ocr_line' id='line_1_7' title="bbox 425 722 2040 798; baseline -0.009 -11"><span class='ocrx_word' id='word_1_28' title='bbox 425 732 657 794; x_wconf 86' lang='lat' dir='ltr'>nachus,</span> <span class='ocrx_word' id='word_1_29' title='bbox 688 730 857 784; x_wconf 90' lang='lat' dir='ltr'>multa</span> <span class='ocrx_word' id='word_1_30' title='bbox 911 727 1130 798; x_wconf 88' lang='lat' dir='ltr'>scripsit</span> <span class='ocrx_word' id='word_1_31' title='bbox 1183 726 1449 796; x_wconf 88' lang='lat' dir='ltr'>epuscula</span> <span class='ocrx_word' id='word_1_32' title='bbox 1510 725 1666 778; x_wconf 77' lang='lat' dir='ltr'>Motis</span> <span class='ocrx_word' id='word_1_33' title='bbox 1727 725 1938 793; x_wconf 72' lang='lat' dir='ltr'>positus</span> <span class='ocrx_word' id='word_1_34' title='bbox 1986 722 2040 774; x_wconf 89' lang='lat' dir='ltr'>in</span> 
     </span>
    </p>
   </div>
   <div class='ocr_carea' id='block_1_8' title="bbox 428 810 2041 896">
    <p class='ocr_par' dir='ltr' id='par_1_8' title="bbox 428 810 2041 896">
     <span class='ocr_line' id='line_1_8' title="bbox 428 810 2041 896; baseline -0.011 -17"><span class='ocrx_word' id='word_1_35' title='bbox 428 824 606 896; x_wconf 87' lang='lat' dir='ltr'>prima</span> <span class='ocrx_word' id='word_1_36' title='bbox 636 828 796 877; x_wconf 83' lang='lat' dir='ltr'>atate</span> <span class='ocrx_word' id='word_1_37' title='bbox 838 818 896 874; x_wconf 93' lang='lat' dir='ltr'>in</span> <span class='ocrx_word' id='word_1_38' title='bbox 959 818 1198 873; x_wconf 89' lang='lat' dir='ltr'>ecclesia</span> <span class='ocrx_word' id='word_1_39' title='bbox 1263 816 1445 870; x_wconf 84' lang='lat' dir='ltr'>Sancti</span> <span class='ocrx_word' id='word_1_40' title='bbox 1496 813 1788 875; x_wconf 80' lang='lat' dir='ltr'>Vincentii,</span> <span class='ocrx_word' id='word_1_41' title='bbox 1840 813 1905 865; x_wconf 87' lang='lat' dir='ltr'>ad</span> <span class='ocrx_word' id='word_1_42' title='bbox 1960 810 2041 863; x_wconf 88' lang='lat' dir='ltr'>in-</span> 
     </span>
    </p>
   </div>
   <div class='ocr_carea' id='block_1_9' title="bbox 428 902 2041 984">
    <p class='ocr_par' dir='ltr' id='par_1_9' title="bbox 428 902 2041 984">
     <span class='ocr_line' id='line_1_9' title="bbox 428 902 2041 984; baseline -0.01 -13"><span class='ocrx_word' id='word_1_43' title='bbox 428 914 725 971; x_wconf 82' lang='lat' dir='ltr'>struendos</span> <span class='ocrx_word' id='word_1_44' title='bbox 749 926 971 984; x_wconf 90' lang='lat' dir='ltr'>pueros.</span> <span class='ocrx_word' id='word_1_45' title='bbox 1002 908 1393 980; x_wconf 87' lang='lat' dir='ltr'>ScripsiVitam</span> <span class='ocrx_word' id='word_1_46' title='bbox 1415 906 1739 961; x_wconf 78' lang='lat' dir='ltr'>Theoderici</span> <span class='ocrx_word' id='word_1_47' title='bbox 1770 902 2041 974; x_wconf 89' lang='lat' dir='ltr'>episcopi,</span> 
     </span>
    </p>
   </div>
   <div class='ocr_carea' id='block_1_10' title="bbox 430 994 2040 1074">
    <p class='ocr_par' dir='ltr' id='par_1_10' title="bbox 430 994 2040 1074">
     <span class='ocr_line' id='line_1_10' title="bbox 430 994 2040 1074; baseline -0.011 -11"><span class='ocrx_word' id='word_1_48' title='bbox 430 1005 735 1063; x_wconf 82' lang='lat' dir='ltr'>conditoris</span> <span class='ocrx_word' id='word_1_49' title='bbox 771 1004 948 1074; x_wconf 84' lang='lat' dir='ltr'>ipsius</span> <span class='ocrx_word' id='word_1_50' title='bbox 977 1001 1230 1055; x_wconf 79' lang='lat' dir='ltr'>ecclesia</span> <span class='ocrx_word' id='word_1_51' title='bbox 1272 1007 1326 1053; x_wconf 90' lang='lat' dir='ltr'>et</span> <span class='ocrx_word' id='word_1_52' title='bbox 1363 997 1625 1059; x_wconf 81' lang='lat' dir='ltr'>abbatiae,</span> <span class='ocrx_word' id='word_1_53' title='bbox 1650 997 1703 1049; x_wconf 88' lang='lat' dir='ltr'>in</span> <span class='ocrx_word' id='word_1_54' title='bbox 1733 1011 1840 1066; x_wconf 90' lang='lat' dir='ltr'>qua</span> <span class='ocrx_word' id='word_1_55' title='bbox 1880 994 2040 1047; x_wconf 88' lang='lat' dir='ltr'>etiam</span> 
     </span>
    </p>
   </div>
   <div class='ocr_carea' id='block_1_11' title="bbox 430 1090 2041 1175">
    <p class='ocr_par' dir='ltr' id='par_1_11' title="bbox 430 1090 2041 1175">
     <span class='ocr_line' id='line_1_11' title="bbox 430 1090 2041 1175; baseline -0.011 -18"><span class='ocrx_word' id='word_1_56' title='bbox 430 1118 533 1175; x_wconf 88' lang='lat' dir='ltr'>per</span> <span class='ocrx_word' id='word_1_57' title='bbox 570 1097 971 1175; x_wconf 79' lang='lat' dir='ltr'>digressionem</span> <span class='ocrx_word' id='word_1_58' title='bbox 1004 1094 1219 1149; x_wconf 90' lang='lat' dir='ltr'>laudem</span> <span class='ocrx_word' id='word_1_59' title='bbox 1264 1094 1437 1162; x_wconf 88' lang='lat' dir='ltr'>ipsius</span> <span class='ocrx_word' id='word_1_60' title='bbox 1468 1092 1621 1145; x_wconf 81' lang='lat' dir='ltr'>urbis</span> <span class='ocrx_word' id='word_1_61' title='bbox 1674 1090 1892 1143; x_wconf 79' lang='lat' dir='ltr'>heroico</span> <span class='ocrx_word' id='word_1_62' title='bbox 1920 1102 2041 1140; x_wconf 89' lang='lat' dir='ltr'>me-</span> 
     </span>
    </p>
   </div>
   <div class='ocr_carea' id='block_1_12' title="bbox 428 1177 2042 1254">
    <p class='ocr_par' dir='ltr' id='par_1_12' title="bbox 428 1177 2042 1254">
     <span class='ocr_line' id='line_1_12' title="bbox 428 1177 2042 1254; baseline -0.012 -9"><span class='ocrx_word' id='word_1_63' title='bbox 428 1197 514 1247; x_wconf 90' lang='lat' dir='ltr'>tro</span> <span class='ocrx_word' id='word_1_64' title='bbox 544 1187 866 1244; x_wconf 88' lang='lat' dir='ltr'>declamavi.</span> <span class='ocrx_word' id='word_1_65' title='bbox 925 1184 1133 1254; x_wconf 88' lang='lat' dir='ltr'>Scripsi</span> <span class='ocrx_word' id='word_1_66' title='bbox 1180 1182 1494 1237; x_wconf 89' lang='lat' dir='ltr'>Passionem</span> <span class='ocrx_word' id='word_1_67' title='bbox 1555 1188 1755 1233; x_wconf 72' lang='lat' dir='ltr'>sancta:</span> <span class='ocrx_word' id='word_1_68' title='bbox 1844 1177 2042 1239; x_wconf 78' lang='lat' dir='ltr'>Lucia,</span> 
     </span>
    </p>
   </div>
   <div class='ocr_carea' id='block_1_13' title="bbox 430 1270 2042 1357">
    <p class='ocr_par' dir='ltr' id='par_1_13' title="bbox 430 1270 2042 1357">
     <span class='ocr_line' id='line_1_13' title="bbox 430 1270 2042 1357; baseline -0.011 -18"><span class='ocrx_word' id='word_1_69' title='bbox 430 1301 552 1357; x_wconf 84' lang='lat' dir='ltr'>qua</span> <span class='ocrx_word' id='word_1_70' title='bbox 578 1282 652 1338; x_wconf 91' lang='lat' dir='ltr'>ibi</span> <span class='ocrx_word' id='word_1_71' title='bbox 687 1280 1005 1352; x_wconf 86' lang='lat' dir='ltr'>requiescit,</span> <span class='ocrx_word' id='word_1_72' title='bbox 1037 1277 1245 1332; x_wconf 86' lang='lat' dir='ltr'>alcaico</span> <span class='ocrx_word' id='word_1_73' title='bbox 1278 1286 1471 1331; x_wconf 91' lang='lat' dir='ltr'>metro.</span> <span class='ocrx_word' id='word_1_74' title='bbox 1511 1274 1845 1340; x_wconf 78' lang='lat' dir='ltr'>Quibusdam</span> <span class='ocrx_word' id='word_1_75' title='bbox 1881 1270 2042 1324; x_wconf 89' lang='lat' dir='ltr'>etiam</span> 
     </span>
    </p>
   </div>
   <div class='ocr_carea' id='block_1_14' title="bbox 433 1361 2043 1443">
    <p class='ocr_par' dir='ltr' id='par_1_14' title="bbox 433 1361 2043 1443">
     <span class='ocr_line' id='line_1_14' title="bbox 433 1361 2043 1443; baseline -0.01 -15"><span class='ocrx_word' id='word_1_76' title='bbox 433 1368 967 1443; x_wconf 83' lang='lat' dir='ltr'>reprehendentibus</span> <span class='ocrx_word' id='word_1_77' title='bbox 999 1368 1144 1421; x_wconf 89' lang='lat' dir='ltr'>illam</span> <span class='ocrx_word' id='word_1_78' title='bbox 1198 1374 1401 1421; x_wconf 86' lang='lat' dir='ltr'>sancta</span> <span class='ocrx_word' id='word_1_79' title='bbox 1453 1365 1628 1419; x_wconf 82' lang='lat' dir='ltr'>Lucia</span> <span class='ocrx_word' id='word_1_80' title='bbox 1676 1361 2043 1434; x_wconf 81' lang='lat' dir='ltr'>prophetiam,</span> 
     </span>
    </p>
   </div>
   <div class='ocr_carea' id='block_1_15' title="bbox 430 1453 2047 1530">
    <p class='ocr_par' dir='ltr' id='par_1_15' title="bbox 430 1453 2047 1530">
     <span class='ocr_line' id='line_1_15' title="bbox 430 1453 2047 1530; baseline -0.009 -9"><span class='ocrx_word' id='word_1_81' title='bbox 430 1466 707 1521; x_wconf 76' lang='lat' dir='ltr'>Annuntio</span> <span class='ocrx_word' id='word_1_82' title='bbox 732 1463 880 1517; x_wconf 73' lang='lat' dir='ltr'>vobis</span> <span class='ocrx_word' id='word_1_83' title='bbox 928 1477 1115 1530; x_wconf 84' lang='lat' dir='ltr'>pacem</span> <span class='ocrx_word' id='word_1_84' title='bbox 1178 1461 1431 1515; x_wconf 73' lang='lat' dir='ltr'>Ecclesia</span> <span class='ocrx_word' id='word_1_85' title='bbox 1467 1460 1564 1513; x_wconf 80' lang='lat' dir='ltr'>Dei</span> <span class='ocrx_word' id='word_1_86' title='bbox 1591 1459 1801 1519; x_wconf 83' lang='lat' dir='ltr'>datam,</span> <span class='ocrx_word' id='word_1_87' title='bbox 1838 1453 2047 1507; x_wconf 88' lang='lat' dir='ltr'>Diocle-</span> 
     </span>
    </p>
   </div>
   <div class='ocr_carea' id='block_1_16' title="bbox 430 1541 2043 1624">
    <p class='ocr_par' dir='ltr' id='par_1_16' title="bbox 430 1541 2043 1624">
     <span class='ocr_line' id='line_1_16' title="bbox 430 1541 2043 1624; baseline -0.012 -11"><span class='ocrx_word' id='word_1_88' title='bbox 430 1557 580 1612; x_wconf 86' lang='lat' dir='ltr'>tiano</span> <span class='ocrx_word' id='word_1_89' title='bbox 620 1554 798 1624; x_wconf 88' lang='lat' dir='ltr'>ejecto</span> <span class='ocrx_word' id='word_1_90' title='bbox 836 1553 907 1607; x_wconf 92' lang='lat' dir='ltr'>de</span> <span class='ocrx_word' id='word_1_91' title='bbox 968 1565 1138 1624; x_wconf 86' lang='lat' dir='ltr'>regno</span> <span class='ocrx_word' id='word_1_92' title='bbox 1204 1564 1325 1613; x_wconf 89' lang='lat' dir='ltr'>suo,</span> <span class='ocrx_word' id='word_1_93' title='bbox 1385 1555 1440 1602; x_wconf 89' lang='lat' dir='ltr'>et</span> <span class='ocrx_word' id='word_1_94' title='bbox 1496 1546 1822 1600; x_wconf 80' lang='lat' dir='ltr'>Maximiano</span> <span class='ocrx_word' id='word_1_95' title='bbox 1880 1541 2043 1596; x_wconf 87' lang='lat' dir='ltr'>hodie</span> 
     </span>
    </p>
   </div>
   <div class='ocr_carea' id='block_1_17' title="bbox 430 1639 2089 1716">
    <p class='ocr_par' dir='ltr' id='par_1_17' title="bbox 430 1639 2089 1716">
     <span class='ocr_line' id='line_1_17' title="bbox 430 1639 2089 1716; baseline -0.012 -10"><span class='ocrx_word' id='word_1_96' title='bbox 430 1656 674 1715; x_wconf 88' lang='lat' dir='ltr'>mortuo,</span> <span class='ocrx_word' id='word_1_97' title='bbox 707 1644 965 1716; x_wconf 89' lang='lat' dir='ltr'>respondi</span> <span class='ocrx_word' id='word_1_98' title='bbox 992 1642 1287 1715; x_wconf 80' lang='lat' dir='ltr'>diligenter</span> <span class='ocrx_word' id='word_1_99' title='bbox 1325 1639 1676 1695; x_wconf 89' lang='lat' dir='ltr'>considerata</span> <span class='ocrx_word' id='word_1_100' title='bbox 1735 1645 2045 1705; x_wconf 88' lang='lat' dir='ltr'>temporum</span> <span class='ocrx_word' id='word_1_101' title='bbox 2085 1667 2089 1671; x_wconf 94' lang='lat'><strong><em>-</em></strong></span> 
     </span>
    </p>
   </div>
   <div class='ocr_carea' id='block_1_18' title="bbox 2145 541 3748 616">
    <p class='ocr_par' dir='ltr' id='par_1_18' title="bbox 2145 541 3748 616">
     <span class='ocr_line' id='line_1_18' title="bbox 2145 541 3748 616; baseline 0.006 -23"><span class='ocrx_word' id='word_1_102' title='bbox 2145 542 2225 608; x_wconf 87' lang='lat' dir='ltr'>psi</span> <span class='ocrx_word' id='word_1_103' title='bbox 2258 541 2478 595; x_wconf 88' lang='lat' dir='ltr'>heroico</span> <span class='ocrx_word' id='word_1_104' title='bbox 2512 549 2682 595; x_wconf 91' lang='lat' dir='ltr'>metro</span> <span class='ocrx_word' id='word_1_105' title='bbox 2714 542 3100 609; x_wconf 83' lang='lat' dir='ltr'>Ecclesiasten,</span> <span class='ocrx_word' id='word_1_106' title='bbox 3135 559 3298 614; x_wconf 90' lang='lat' dir='ltr'>quem</span> <span class='ocrx_word' id='word_1_107' title='bbox 3332 561 3499 616; x_wconf 91' lang='lat' dir='ltr'>opere</span> <span class='ocrx_word' id='word_1_108' title='bbox 3522 556 3748 602; x_wconf 89' lang='lat' dir='ltr'>stroma-</span> 
     </span>
    </p>
   </div>
   <div class='ocr_carea' id='block_1_19' title="bbox 2145 630 3752 706">
    <p class='ocr_par' dir='ltr' id='par_1_19' title="bbox 2145 630 3752 706">
     <span class='ocr_line' id='line_1_19' title="bbox 2145 630 3752 706; baseline 0.004 -22"><span class='ocrx_word' id='word_1_109' title='bbox 2145 638 2233 684; x_wconf 89' lang='lat' dir='ltr'>teo</span> <span class='ocrx_word' id='word_1_110' title='bbox 2261 630 2552 699; x_wconf 87' lang='lat' dir='ltr'>tripliciter</span> <span class='ocrx_word' id='word_1_111' title='bbox 2589 630 2812 701; x_wconf 72' lang='lat' dir='ltr'>digessi,</span> <span class='ocrx_word' id='word_1_112' title='bbox 2848 631 2915 684; x_wconf 90' lang='lat' dir='ltr'>ad</span> <span class='ocrx_word' id='word_1_113' title='bbox 2974 632 3235 699; x_wconf 87' lang='lat' dir='ltr'>litteram,</span> <span class='ocrx_word' id='word_1_114' title='bbox 3278 634 3597 706; x_wconf 77' lang='lat' dir='ltr'>allegorice,</span> <span class='ocrx_word' id='word_1_115' title='bbox 3639 653 3752 706; x_wconf 87' lang='lat' dir='ltr'>my-</span> 
     </span>
    </p>
   </div>
   <div class='ocr_carea' id='block_1_20' title="bbox 2144 718 3747 797">
    <p class='ocr_par' dir='ltr' id='par_1_20' title="bbox 2144 718 3747 797">
     <span class='ocr_line' id='line_1_20' title="bbox 2144 718 3747 797; baseline 0.006 -26"><span class='ocrx_word' id='word_1_116' title='bbox 2144 718 2441 792; x_wconf 78' lang='lat' dir='ltr'>thologicc.</span> <span class='ocrx_word' id='word_1_117' title='bbox 2469 720 2714 774; x_wconf 87' lang='lat' dir='ltr'>Imitatus</span> <span class='ocrx_word' id='word_1_118' title='bbox 2744 720 3041 775; x_wconf 83' lang='lat' dir='ltr'>Eusebium</span> <span class='ocrx_word' id='word_1_119' title='bbox 3098 722 3391 793; x_wconf 87' lang='lat' dir='ltr'>Pamphili,</span> <span class='ocrx_word' id='word_1_120' title='bbox 3424 726 3520 797; x_wconf 89' lang='lat' dir='ltr'>qui</span> <span class='ocrx_word' id='word_1_121' title='bbox 3546 726 3747 796; x_wconf 89' lang='lat' dir='ltr'>primus</span> 
     </span>
    </p>
   </div>
   <div class='ocr_carea' id='block_1_21' title="bbox 2145 806 3751 889">
    <p class='ocr_par' dir='ltr' id='par_1_21' title="bbox 2145 806 3751 889">
     <span class='ocr_line' id='line_1_21' title="bbox 2145 806 3751 889; baseline 0.006 -30"><span class='ocrx_word' id='word_1_122' title='bbox 2145 808 2288 876; x_wconf 86' lang='lat' dir='ltr'>apud</span> <span class='ocrx_word' id='word_1_123' title='bbox 2324 809 2540 862; x_wconf 78' lang='lat' dir='ltr'>Cracos</span> <span class='ocrx_word' id='word_1_124' title='bbox 2589 806 2856 864; x_wconf 89' lang='lat' dir='ltr'>Chronica</span> <span class='ocrx_word' id='word_1_125' title='bbox 2908 817 3152 881; x_wconf 88' lang='lat' dir='ltr'>tempore</span> <span class='ocrx_word' id='word_1_126' title='bbox 3214 812 3448 869; x_wconf 77' lang='lat' dir='ltr'>Abraha</span> <span class='ocrx_word' id='word_1_127' title='bbox 3508 814 3751 889; x_wconf 78' lang='lat' dir='ltr'>digessit,</span> 
     </span>
    </p>
   </div>
   <div class='ocr_carea' id='block_1_22' title="bbox 2148 899 3756 978">
    <p class='ocr_par' dir='ltr' id='par_1_22' title="bbox 2148 899 3756 978">
     <span class='ocr_line' id='line_1_22' title="bbox 2148 899 3756 978; baseline 0.006 -28"><span class='ocrx_word' id='word_1_128' title='bbox 2148 899 2262 967; x_wconf 89' lang='lat' dir='ltr'>ipse</span> <span class='ocrx_word' id='word_1_129' title='bbox 2291 915 2515 970; x_wconf 80' lang='lat' dir='ltr'>queque</span> <span class='ocrx_word' id='word_1_130' title='bbox 2545 916 2576 955; x_wconf 89' lang='lat' dir='ltr'>a</span> <span class='ocrx_word' id='word_1_131' title='bbox 2608 900 2729 955; x_wconf 90' lang='lat' dir='ltr'>loco</span> <span class='ocrx_word' id='word_1_132' title='bbox 2763 901 3190 958; x_wconf 90' lang='lat' dir='ltr'>intermissionis</span> <span class='ocrx_word' id='word_1_133' title='bbox 3216 906 3338 974; x_wconf 89' lang='lat' dir='ltr'>ejus</span> <span class='ocrx_word' id='word_1_134' title='bbox 3358 922 3533 978; x_wconf 89' lang='lat' dir='ltr'>usque</span> <span class='ocrx_word' id='word_1_135' title='bbox 3565 907 3631 961; x_wconf 89' lang='lat' dir='ltr'>ad</span> <span class='ocrx_word' id='word_1_136' title='bbox 3662 922 3756 962; x_wconf 88' lang='lat' dir='ltr'>au-</span> 
     </span>
    </p>
   </div>
   <div class='ocr_carea' id='block_1_23' title="bbox 2146 991 3758 1067">
    <p class='ocr_par' dir='ltr' id='par_1_23' title="bbox 2146 991 3758 1067">
     <span class='ocr_line' id='line_1_23' title="bbox 2146 991 3758 1067; baseline 0.008 -25"><span class='ocrx_word' id='word_1_137' title='bbox 2146 1006 2273 1042; x_wconf 90' lang='lat' dir='ltr'>num</span> <span class='ocrx_word' id='word_1_138' title='bbox 2314 991 2439 1044; x_wconf 81' lang='lat' dir='ltr'>IIII</span> <span class='ocrx_word' id='word_1_139' title='bbox 2487 1006 2706 1045; x_wconf 89' lang='lat' dir='ltr'>omnem</span> <span class='ocrx_word' id='word_1_140' title='bbox 2739 994 3197 1063; x_wconf 85' lang='lat' dir='ltr'>consequentiam</span> <span class='ocrx_word' id='word_1_141' title='bbox 3228 1002 3567 1067; x_wconf 86' lang='lat' dir='ltr'>temporum,</span> <span class='ocrx_word' id='word_1_142' title='bbox 3600 1007 3655 1054; x_wconf 89' lang='lat' dir='ltr'>et</span> <span class='ocrx_word' id='word_1_143' title='bbox 3682 1016 3758 1056; x_wconf 79' lang='lat' dir='ltr'>re-</span> 
     </span>
    </p>
   </div>
   <div class='ocr_carea' id='block_1_24' title="bbox 2147 1088 3757 1161">
    <p class='ocr_par' dir='ltr' id='par_1_24' title="bbox 2147 1088 3757 1161">
     <span class='ocr_line' id='line_1_24' title="bbox 2147 1088 3757 1161; baseline 0.009 -26"><span class='ocrx_word' id='word_1_144' title='bbox 2147 1100 2263 1137; x_wconf 91' lang='lat' dir='ltr'>rum</span> <span class='ocrx_word' id='word_1_145' title='bbox 2284 1091 2585 1158; x_wconf 86' lang='lat' dir='ltr'>gestarum,</span> <span class='ocrx_word' id='word_1_146' title='bbox 2619 1093 2822 1156; x_wconf 86' lang='lat' dir='ltr'>quanta</span> <span class='ocrx_word' id='word_1_147' title='bbox 2849 1088 3000 1157; x_wconf 90' lang='lat' dir='ltr'>potui</span> <span class='ocrx_word' id='word_1_148' title='bbox 3025 1089 3149 1158; x_wconf 85' lang='lat' dir='ltr'>styli</span> <span class='ocrx_word' id='word_1_149' title='bbox 3193 1093 3583 1161; x_wconf 87' lang='lat' dir='ltr'>temperantia,</span> <span class='ocrx_word' id='word_1_150' title='bbox 3613 1095 3757 1149; x_wconf 90' lang='lat' dir='ltr'>ordi-</span> 
     </span>
    </p>
   </div>
   <div class='ocr_carea' id='block_1_25' title="bbox 2148 1176 3760 1258">
    <p class='ocr_par' dir='ltr' id='par_1_25' title="bbox 2148 1176 3760 1258">
     <span class='ocr_line' id='line_1_25' title="bbox 2148 1176 3760 1258; baseline 0.007 -29"><span class='ocrx_word' id='word_1_151' title='bbox 2148 1176 2291 1229; x_wconf 82' lang='lat' dir='ltr'>navi.</span> <span class='ocrx_word' id='word_1_152' title='bbox 2337 1176 2468 1231; x_wconf 84' lang='lat' dir='ltr'>Cum</span> <span class='ocrx_word' id='word_1_153' title='bbox 2493 1177 2789 1251; x_wconf 80' lang='lat' dir='ltr'>diligenter</span> <span class='ocrx_word' id='word_1_154' title='bbox 2816 1179 3016 1233; x_wconf 83' lang='lat' dir='ltr'>Bedam</span> <span class='ocrx_word' id='word_1_155' title='bbox 3054 1181 3124 1234; x_wconf 88' lang='lat' dir='ltr'>De</span> <span class='ocrx_word' id='word_1_156' title='bbox 3154 1184 3493 1252; x_wconf 86' lang='lat' dir='ltr'>temporibus</span> <span class='ocrx_word' id='word_1_157' title='bbox 3551 1186 3760 1258; x_wconf 82' lang='lat' dir='ltr'>relege-</span> 
     </span>
    </p>
   </div>
   <div class='ocr_carea' id='block_1_26' title="bbox 2148 1266 3760 1341">
    <p class='ocr_par' dir='ltr' id='par_1_26' title="bbox 2148 1266 3760 1341">
     <span class='ocr_line' id='line_1_26' title="bbox 2148 1266 3760 1341; baseline 0.008 -24"><span class='ocrx_word' id='word_1_158' title='bbox 2148 1280 2281 1331; x_wconf 86' lang='lat' dir='ltr'>rem,</span> <span class='ocrx_word' id='word_1_159' title='bbox 2311 1272 2364 1319; x_wconf 91' lang='lat' dir='ltr'>et</span> <span class='ocrx_word' id='word_1_160' title='bbox 2390 1266 2457 1319; x_wconf 88' lang='lat' dir='ltr'>ab</span> <span class='ocrx_word' id='word_1_161' title='bbox 2476 1282 2542 1320; x_wconf 92' lang='lat' dir='ltr'>eo</span> <span class='ocrx_word' id='word_1_162' title='bbox 2583 1275 2767 1321; x_wconf 90' lang='lat' dir='ltr'>notam</span> <span class='ocrx_word' id='word_1_163' title='bbox 2797 1266 2987 1322; x_wconf 86' lang='lat' dir='ltr'>ironia</span> <span class='ocrx_word' id='word_1_164' title='bbox 3019 1268 3279 1339; x_wconf 90' lang='lat' dir='ltr'>Dionysio</span> <span class='ocrx_word' id='word_1_165' title='bbox 3318 1271 3598 1341; x_wconf 82' lang='lat' dir='ltr'>cyclorum</span> <span class='ocrx_word' id='word_1_166' title='bbox 3626 1276 3760 1331; x_wconf 82' lang='lat' dir='ltr'>scri-</span> 
     </span>
    </p>
   </div>
   <div class='ocr_carea' id='block_1_27' title="bbox 2151 1354 3761 1429">
    <p class='ocr_par' dir='ltr' id='par_1_27' title="bbox 2151 1354 3761 1429">
     <span class='ocr_line' id='line_1_27' title="bbox 2151 1354 3761 1429; baseline 0.008 -23"><span class='ocrx_word' id='word_1_167' title='bbox 2151 1354 2291 1423; x_wconf 85' lang='lat' dir='ltr'>ptori</span> <span class='ocrx_word' id='word_1_168' title='bbox 2316 1354 2491 1428; x_wconf 81' lang='lat' dir='ltr'>intligi</span> <span class='ocrx_word' id='word_1_169' title='bbox 2518 1355 2782 1419; x_wconf 79' lang='lat' dir='ltr'>viderem,</span> <span class='ocrx_word' id='word_1_170' title='bbox 2816 1356 2945 1426; x_wconf 90' lang='lat' dir='ltr'>quia</span> <span class='ocrx_word' id='word_1_171' title='bbox 2979 1358 3118 1412; x_wconf 91' lang='lat' dir='ltr'>male</span> <span class='ocrx_word' id='word_1_172' title='bbox 3151 1359 3440 1429; x_wconf 88' lang='lat' dir='ltr'>dispositis</span> <span class='ocrx_word' id='word_1_173' title='bbox 3472 1362 3633 1417; x_wconf 89' lang='lat' dir='ltr'>annis</span> <span class='ocrx_word' id='word_1_174' title='bbox 3664 1364 3761 1419; x_wconf 86' lang='lat' dir='ltr'>Do-</span> 
     </span>
    </p>
   </div>
   <div class='ocr_carea' id='block_1_28' title="bbox 2150 1445 3761 1519">
    <p class='ocr_par' dir='ltr' id='par_1_28' title="bbox 2150 1445 3761 1519">
     <span class='ocr_line' id='line_1_28' title="bbox 2150 1445 3761 1519; baseline 0.008 -22"><span class='ocrx_word' id='word_1_175' title='bbox 2150 1445 2368 1499; x_wconf 85' lang='lat' dir='ltr'>minica</span> <span class='ocrx_word' id='word_1_176' title='bbox 2410 1445 2710 1515; x_wconf 87' lang='lat' dir='ltr'>passionis,</span> <span class='ocrx_word' id='word_1_177' title='bbox 2751 1446 2806 1499; x_wconf 91' lang='lat' dir='ltr'>in</span> <span class='ocrx_word' id='word_1_178' title='bbox 2832 1447 3083 1502; x_wconf 86' lang='lat' dir='ltr'>terminis</span> <span class='ocrx_word' id='word_1_179' title='bbox 3110 1451 3471 1519; x_wconf 88' lang='lat' dir='ltr'>paschalibus</span> <span class='ocrx_word' id='word_1_180' title='bbox 3490 1455 3761 1511; x_wconf 83' lang='lat' dir='ltr'>contraire</span> 
     </span>
    </p>
   </div>
   <div class='ocr_carea' id='block_1_29' title="bbox 2148 1534 3759 1615">
    <p class='ocr_par' dir='ltr' id='par_1_29' title="bbox 2148 1534 3759 1615">
     <span class='ocr_line' id='line_1_29' title="bbox 2148 1534 3759 1615; baseline 0.007 -29"><span class='ocrx_word' id='word_1_181' title='bbox 2148 1550 2245 1603; x_wconf 91' lang='lat' dir='ltr'>per</span> <span class='ocrx_word' id='word_1_182' title='bbox 2280 1534 2465 1587; x_wconf 89' lang='lat' dir='ltr'>omnia</span> <span class='ocrx_word' id='word_1_183' title='bbox 2490 1534 2772 1588; x_wconf 87' lang='lat' dir='ltr'>videretur</span> <span class='ocrx_word' id='word_1_184' title='bbox 2797 1534 3090 1610; x_wconf 88' lang='lat' dir='ltr'>Evangelio</span> <span class='ocrx_word' id='word_1_185' title='bbox 3107 1537 3358 1606; x_wconf 85' lang='lat' dir='ltr'>Joannis,</span> <span class='ocrx_word' id='word_1_186' title='bbox 3384 1541 3614 1615; x_wconf 86' lang='lat' dir='ltr'>dignum</span> <span class='ocrx_word' id='word_1_187' title='bbox 3629 1543 3759 1598; x_wconf 87' lang='lat' dir='ltr'>mihi</span> 
     </span>
    </p>
   </div>
   <div class='ocr_carea' id='block_1_30' title="bbox 2146 1626 3757 1697">
    <p class='ocr_par' dir='ltr' id='par_1_30' title="bbox 2146 1626 3757 1697">
     <span class='ocr_line' id='line_1_30' title="bbox 2146 1626 3757 1697; baseline 0.006 -17"><span class='ocrx_word' id='word_1_188' title='bbox 2146 1626 2323 1680; x_wconf 91' lang='lat' dir='ltr'>visum</span> <span class='ocrx_word' id='word_1_189' title='bbox 2346 1632 2447 1693; x_wconf 91' lang='lat' dir='ltr'>est,</span> <span class='ocrx_word' id='word_1_190' title='bbox 2479 1627 2642 1681; x_wconf 90' lang='lat' dir='ltr'>altius</span> <span class='ocrx_word' id='word_1_191' title='bbox 2659 1628 2984 1697; x_wconf 87' lang='lat' dir='ltr'>repetendo,</span> <span class='ocrx_word' id='word_1_192' title='bbox 3000 1644 3222 1685; x_wconf 89' lang='lat' dir='ltr'>omnem</span> <span class='ocrx_word' id='word_1_193' title='bbox 3242 1631 3523 1689; x_wconf 77' lang='lat' dir='ltr'>dimovere</span> <span class='ocrx_word' id='word_1_194' title='bbox 3557 1635 3757 1692; x_wconf 89' lang='lat' dir='ltr'>nubem</span> 
     </span>
    </p>
   </div>
   <div class='ocr_carea' id='block_1_31' title="bbox 432 1715 3765 1823">
    <p class='ocr_par' dir='ltr' id='par_1_31' title="bbox 432 1715 3765 1823">
     <span class='ocr_line' id='line_1_31' title="bbox 432 1715 3765 1823; baseline -0.007 -24"><span class='ocrx_word' id='word_1_195' title='bbox 432 1744 666 1806; x_wconf 89' lang='lat' dir='ltr'>ratione,</span> <span class='ocrx_word' id='word_1_196' title='bbox 697 1745 753 1793; x_wconf 89' lang='lat' dir='ltr'>et</span> <span class='ocrx_word' id='word_1_197' title='bbox 781 1752 962 1792; x_wconf 91' lang='lat' dir='ltr'>rerum</span> <span class='ocrx_word' id='word_1_198' title='bbox 992 1734 1242 1790; x_wconf 88' lang='lat' dir='ltr'>veritate.</span> <span class='ocrx_word' id='word_1_199' title='bbox 1277 1731 1480 1801; x_wconf 92' lang='lat' dir='ltr'>Scripsi</span> <span class='ocrx_word' id='word_1_200' title='bbox 1538 1730 1900 1785; x_wconf 90' lang='lat' dir='ltr'>nihilominus</span> <span class='ocrx_word' id='word_1_201' title='bbox 1931 1742 2049 1779; x_wconf 84' lang='lat' dir='ltr'>ser-</span> <span class='ocrx_word' id='word_1_202' title='bbox 2083 1757 2129 1823; x_wconf 70' lang='grc' dir='ltr'>Β</span> <span class='ocrx_word' id='word_1_203' title='bbox 2154 1715 2373 1782; x_wconf 69' lang='lat' dir='ltr'>erroris.</span> <span class='ocrx_word' id='word_1_204' title='bbox 2405 1722 2454 1777; x_wconf 72' lang='lat' dir='ltr'>ei</span> <span class='ocrx_word' id='word_1_205' title='bbox 2479 1733 2667 1771; x_wconf 77' lang='lat' dir='ltr'>verum</span> <span class='ocrx_word' id='word_1_206' title='bbox 2700 1716 3059 1792; x_wconf 81' lang='lat' dir='ltr'>diligentibus</span> <span class='ocrx_word' id='word_1_207' title='bbox 3082 1718 3376 1775; x_wconf 81' lang='lat' dir='ltr'>infundere</span> <span class='ocrx_word' id='word_1_208' title='bbox 3407 1722 3591 1777; x_wconf 90' lang='lat' dir='ltr'>lumen</span> <span class='ocrx_word' id='word_1_209' title='bbox 3623 1724 3765 1779; x_wconf 82' lang='lat' dir='ltr'>veri-</span> 
     </span>
    </p>
   </div>
   <div class='ocr_carea' id='block_1_32' title="bbox 430 1818 2051 1895">
    <p class='ocr_par' dir='ltr' id='par_1_32' title="bbox 430 1818 2051 1895">
     <span class='ocr_line' id='line_1_32' title="bbox 430 1818 2051 1895; baseline -0.008 -12"><span class='ocrx_word' id='word_1_210' title='bbox 430 1845 651 1885; x_wconf 90' lang='lat' dir='ltr'>monem</span> <span class='ocrx_word' id='word_1_211' title='bbox 695 1828 751 1883; x_wconf 92' lang='lat' dir='ltr'>in</span> <span class='ocrx_word' id='word_1_212' title='bbox 778 1828 996 1883; x_wconf 88' lang='lat' dir='ltr'>laudem</span> <span class='ocrx_word' id='word_1_213' title='bbox 1020 1824 1200 1895; x_wconf 88' lang='lat' dir='ltr'>ipsius</span> <span class='ocrx_word' id='word_1_214' title='bbox 1226 1822 1475 1895; x_wconf 80' lang='lat' dir='ltr'>virginis,</span> <span class='ocrx_word' id='word_1_215' title='bbox 1504 1822 1560 1876; x_wconf 91' lang='lat' dir='ltr'>in</span> <span class='ocrx_word' id='word_1_216' title='bbox 1592 1836 1702 1892; x_wconf 91' lang='lat' dir='ltr'>quo</span> <span class='ocrx_word' id='word_1_217' title='bbox 1734 1818 2051 1875; x_wconf 88' lang='lat' dir='ltr'>translatio-</span> 
     </span>
    </p>
   </div>
   <div class='ocr_carea' id='block_1_33' title="bbox 432 1908 2045 1991">
    <p class='ocr_par' dir='ltr' id='par_1_33' title="bbox 432 1908 2045 1991">
     <span class='ocr_line' id='line_1_33' title="bbox 432 1908 2045 1991; baseline -0.01 -15"><span class='ocrx_word' id='word_1_218' title='bbox 432 1935 532 1976; x_wconf 87' lang='lat' dir='ltr'>nes</span> <span class='ocrx_word' id='word_1_219' title='bbox 561 1919 736 1991; x_wconf 87' lang='lat' dir='ltr'>ipsius</span> <span class='ocrx_word' id='word_1_220' title='bbox 763 1936 794 1973; x_wconf 89' lang='lat' dir='ltr'>a</span> <span class='ocrx_word' id='word_1_221' title='bbox 823 1917 1007 1973; x_wconf 89' lang='lat' dir='ltr'>Sicilia</span> <span class='ocrx_word' id='word_1_222' title='bbox 1064 1916 1119 1969; x_wconf 92' lang='lat' dir='ltr'>in</span> <span class='ocrx_word' id='word_1_223' title='bbox 1173 1912 1497 1979; x_wconf 80' lang='lat' dir='ltr'>Corfinium,</span> <span class='ocrx_word' id='word_1_224' title='bbox 1533 1912 1814 1966; x_wconf 87' lang='lat' dir='ltr'>civitatem</span> <span class='ocrx_word' id='word_1_225' title='bbox 1861 1908 2045 1969; x_wconf 87' lang='lat' dir='ltr'>Italia,</span> 
     </span>
    </p>
   </div>
   <div class='ocr_carea' id='block_1_34' title="bbox 433 2000 2052 2066">
    <p class='ocr_par' dir='ltr' id='par_1_34' title="bbox 433 2000 2052 2066">
     <span class='ocr_line' id='line_1_34' title="bbox 433 2000 2052 2066; baseline -0.009 -3"><span class='ocrx_word' id='word_1_226' title='bbox 433 2015 490 2063; x_wconf 90' lang='lat' dir='ltr'>et</span> <span class='ocrx_word' id='word_1_227' title='bbox 517 2024 548 2062; x_wconf 92' lang='lat' dir='ltr'>a</span> <span class='ocrx_word' id='word_1_228' title='bbox 579 2005 816 2062; x_wconf 84' lang='lat' dir='ltr'>Corﬁnio</span> <span class='ocrx_word' id='word_1_229' title='bbox 846 2006 902 2059; x_wconf 93' lang='lat' dir='ltr'>in</span> <span class='ocrx_word' id='word_1_230' title='bbox 931 2004 1133 2065; x_wconf 83' lang='lat' dir='ltr'>Metim,</span> <span class='ocrx_word' id='word_1_231' title='bbox 1168 2001 1362 2056; x_wconf 91' lang='lat' dir='ltr'>urbem</span> <span class='ocrx_word' id='word_1_232' title='bbox 1397 2000 1604 2066; x_wconf 84' lang='lat' dir='ltr'>Gallia,</span> <span class='ocrx_word' id='word_1_233' title='bbox 1637 2000 1891 2055; x_wconf 89' lang='lat' dir='ltr'>ordinata</span> <span class='ocrx_word' id='word_1_234' title='bbox 1912 2004 2052 2051; x_wconf 88' lang='lat' dir='ltr'>tem-</span> 
     </span>
    </p>
   </div>
   <div class='ocr_carea' id='block_1_35' title="bbox 435 2087 2054 2171">
    <p class='ocr_par' dir='ltr' id='par_1_35' title="bbox 435 2087 2054 2171">
     <span class='ocr_line' id='line_1_35' title="bbox 435 2087 2054 2171; baseline -0.011 -16"><span class='ocrx_word' id='word_1_235' title='bbox 435 2114 629 2171; x_wconf 89' lang='lat' dir='ltr'>porum</span> <span class='ocrx_word' id='word_1_236' title='bbox 651 2096 1072 2169; x_wconf 90' lang='lat' dir='ltr'>consequentia,</span> <span class='ocrx_word' id='word_1_237' title='bbox 1128 2092 1357 2167; x_wconf 85' lang='lat' dir='ltr'>digessi.</span> <span class='ocrx_word' id='word_1_238' title='bbox 1420 2092 1624 2162; x_wconf 88' lang='lat' dir='ltr'>Scripsi</span> <span class='ocrx_word' id='word_1_239' title='bbox 1675 2091 1850 2144; x_wconf 86' lang='lat' dir='ltr'>Vitam</span> <span class='ocrx_word' id='word_1_240' title='bbox 1893 2087 2054 2161; x_wconf 87' lang='lat' dir='ltr'>Sige-</span> 
     </span>
    </p>
   </div>
   <div class='ocr_carea' id='block_1_36' title="bbox 436 2176 2054 2263">
    <p class='ocr_par' dir='ltr' id='par_1_36' title="bbox 436 2176 2054 2263">
     <span class='ocr_line' id='line_1_36' title="bbox 436 2176 2054 2263; baseline -0.011 -16"><span class='ocrx_word' id='word_1_241' title='bbox 436 2190 575 2247; x_wconf 90' lang='lat' dir='ltr'>berti</span> <span class='ocrx_word' id='word_1_242' title='bbox 601 2189 766 2263; x_wconf 87' lang='lat' dir='ltr'>regis,</span> <span class='ocrx_word' id='word_1_243' title='bbox 820 2185 1123 2243; x_wconf 87' lang='lat' dir='ltr'>conditoris</span> <span class='ocrx_word' id='word_1_244' title='bbox 1174 2183 1422 2241; x_wconf 89' lang='lat' dir='ltr'>ecclesia</span> <span class='ocrx_word' id='word_1_245' title='bbox 1468 2193 1523 2238; x_wconf 88' lang='lat' dir='ltr'>et</span> <span class='ocrx_word' id='word_1_246' title='bbox 1570 2183 1806 2237; x_wconf 84' lang='lat' dir='ltr'>abbatia</span> <span class='ocrx_word' id='word_1_247' title='bbox 1866 2176 2054 2235; x_wconf 83' lang='lat' dir='ltr'>Sancti</span> 
     </span>
    </p>
   </div>
   <div class='ocr_carea' id='block_1_37' title="bbox 436 2275 2047 2348">
    <p class='ocr_par' dir='ltr' id='par_1_37' title="bbox 436 2275 2047 2348">
     <span class='ocr_line' id='line_1_37' title="bbox 436 2275 2047 2348; baseline -0.008 -9"><span class='ocrx_word' id='word_1_248' title='bbox 436 2282 687 2348; x_wconf 85' lang='lat' dir='ltr'>Martini,</span> <span class='ocrx_word' id='word_1_249' title='bbox 716 2286 867 2336; x_wconf 83' lang='lat' dir='ltr'>extra</span> <span class='ocrx_word' id='word_1_250' title='bbox 896 2278 1170 2334; x_wconf 88' lang='lat' dir='ltr'>civitatem</span> <span class='ocrx_word' id='word_1_251' title='bbox 1224 2277 1520 2331; x_wconf 85' lang='lat' dir='ltr'>Metcnsem</span> <span class='ocrx_word' id='word_1_252' title='bbox 1579 2276 1697 2330; x_wconf 84' lang='lat' dir='ltr'>sita</span> <span class='ocrx_word' id='word_1_253' title='bbox 1746 2275 2047 2344; x_wconf 79' lang='lat' dir='ltr'>Regressus</span> 
     </span>
    </p>
   </div>
   <div class='ocr_carea' id='block_1_38' title="bbox 434 2367 2047 2439">
    <p class='ocr_par' dir='ltr' id='par_1_38' title="bbox 434 2367 2047 2439">
     <span class='ocr_line' id='line_1_38' title="bbox 434 2367 2047 2439; baseline -0.008 -8"><span class='ocrx_word' id='word_1_254' title='bbox 434 2376 505 2432; x_wconf 90' lang='lat' dir='ltr'>ad</span> <span class='ocrx_word' id='word_1_255' title='bbox 531 2373 923 2430; x_wconf 87' lang='lat' dir='ltr'>monasterium</span> <span class='ocrx_word' id='word_1_256' title='bbox 988 2371 1405 2435; x_wconf 88' lang='lat' dir='ltr'>Gemblacense,</span> <span class='ocrx_word' id='word_1_257' title='bbox 1466 2369 1662 2439; x_wconf 84' lang='lat' dir='ltr'>scripsi</span> <span class='ocrx_word' id='word_1_258' title='bbox 1724 2367 2047 2421; x_wconf 90' lang='lat' dir='ltr'>Passionem</span> 
     </span>
    </p>
   </div>
   <div class='ocr_carea' id='block_1_39' title="bbox 433 2460 2049 2535">
    <p class='ocr_par' dir='ltr' id='par_1_39' title="bbox 433 2460 2049 2535">
     <span class='ocr_line' id='line_1_39' title="bbox 433 2460 2049 2535; baseline -0.008 -11"><span class='ocrx_word' id='word_1_259' title='bbox 433 2467 819 2531; x_wconf 79' lang='lat' dir='ltr'>Thebaorum,</span> <span class='ocrx_word' id='word_1_260' title='bbox 852 2473 1205 2535; x_wconf 90' lang='lat' dir='ltr'>patronorum</span> <span class='ocrx_word' id='word_1_261' title='bbox 1263 2469 1595 2527; x_wconf 90' lang='lat' dir='ltr'>nostrorum,</span> <span class='ocrx_word' id='word_1_262' title='bbox 1653 2460 1901 2525; x_wconf 88' lang='lat' dir='ltr'>heroico,</span> <span class='ocrx_word' id='word_1_263' title='bbox 1930 2475 2049 2512; x_wconf 84' lang='lat' dir='ltr'>car-</span> 
     </span>
    </p>
   </div>
   <div class='ocr_carea' id='block_1_40' title="bbox 436 2551 2049 2629">
    <p class='ocr_par' dir='ltr' id='par_1_40' title="bbox 436 2551 2049 2629">
     <span class='ocr_line' id='line_1_40' title="bbox 436 2551 2049 2629; baseline -0.008 -13"><span class='ocrx_word' id='word_1_264' title='bbox 436 2575 604 2615; x_wconf 79' lang='lat' dir='ltr'>mine.</span> <span class='ocrx_word' id='word_1_265' title='bbox 655 2557 859 2629; x_wconf 90' lang='lat' dir='ltr'>Scripsi</span> <span class='ocrx_word' id='word_1_266' title='bbox 908 2557 1082 2611; x_wconf 86' lang='lat' dir='ltr'>Vitam</span> <span class='ocrx_word' id='word_1_267' title='bbox 1144 2555 1318 2610; x_wconf 90' lang='lat' dir='ltr'>sancti</span> <span class='ocrx_word' id='word_1_268' title='bbox 1379 2552 1629 2607; x_wconf 89' lang='lat' dir='ltr'>Guiberti</span> <span class='ocrx_word' id='word_1_269' title='bbox 1691 2551 2049 2616; x_wconf 83' lang='lat' dir='ltr'>confessoris,</span> 
     </span>
    </p>
   </div>
   <div class='ocr_carea' id='block_1_41' title="bbox 436 2643 2053 2712">
    <p class='ocr_par' dir='ltr' id='par_1_41' title="bbox 436 2643 2053 2712">
     <span class='ocr_line' id='line_1_41' title="bbox 436 2643 2053 2712; baseline -0.007 -5"><span class='ocrx_word' id='word_1_270' title='bbox 436 2650 744 2707; x_wconf 75' lang='lat' dir='ltr'>fundatoris</span> <span class='ocrx_word' id='word_1_271' title='bbox 772 2649 1024 2705; x_wconf 89' lang='lat' dir='ltr'>ecclesia</span> <span class='ocrx_word' id='word_1_272' title='bbox 1082 2656 1281 2702; x_wconf 88' lang='lat' dir='ltr'>nostra</span> <span class='ocrx_word' id='word_1_273' title='bbox 1334 2644 1767 2707; x_wconf 89' lang='lat' dir='ltr'>Gemblacensis,</span> <span class='ocrx_word' id='word_1_274' title='bbox 1821 2643 1889 2695; x_wconf 89' lang='lat' dir='ltr'>de</span> <span class='ocrx_word' id='word_1_275' title='bbox 1944 2657 2053 2712; x_wconf 92' lang='lat' dir='ltr'>qua</span> 
     </span>
    </p>
   </div>
   <div class='ocr_carea' id='block_1_42' title="bbox 435 2737 2053 2818">
    <p class='ocr_par' dir='ltr' id='par_1_42' title="bbox 435 2737 2053 2818">
     <span class='ocr_line' id='line_1_42' title="bbox 435 2737 2053 2818; baseline -0.007 -16"><span class='ocrx_word' id='word_1_276' title='bbox 435 2746 685 2818; x_wconf 83' lang='lat' dir='ltr'>excerpsi</span> <span class='ocrx_word' id='word_1_277' title='bbox 715 2745 1007 2808; x_wconf 88' lang='lat' dir='ltr'>lectiones,</span> <span class='ocrx_word' id='word_1_278' title='bbox 1030 2740 1368 2811; x_wconf 89' lang='lat' dir='ltr'>competenti</span> <span class='ocrx_word' id='word_1_279' title='bbox 1396 2740 1591 2794; x_wconf 91' lang='lat' dir='ltr'>ordine</span> <span class='ocrx_word' id='word_1_280' title='bbox 1623 2739 1678 2792; x_wconf 90' lang='lat' dir='ltr'>in</span> <span class='ocrx_word' id='word_1_281' title='bbox 1721 2737 1841 2807; x_wconf 86' lang='lat' dir='ltr'>ejus</span> <span class='ocrx_word' id='word_1_282' title='bbox 1875 2737 2053 2806; x_wconf 85' lang='lat' dir='ltr'>depo-</span> 
     </span>
    </p>
   </div>
   <div class='ocr_carea' id='block_1_43' title="bbox 436 2830 2053 2900">
    <p class='ocr_par' dir='ltr' id='par_1_43' title="bbox 436 2830 2053 2900">
     <span class='ocr_line' id='line_1_43' title="bbox 436 2830 2053 2900; baseline -0.007 -7"><span class='ocrx_word' id='word_1_283' title='bbox 436 2835 637 2893; x_wconf 87' lang='lat' dir='ltr'>sitione</span> <span class='ocrx_word' id='word_1_284' title='bbox 661 2852 676 2899; x_wconf 84' lang='lat'><strong>;</strong></span> <span class='ocrx_word' id='word_1_285' title='bbox 701 2841 815 2888; x_wconf 89' lang='lat' dir='ltr'>arte</span> <span class='ocrx_word' id='word_1_286' title='bbox 838 2842 1017 2887; x_wconf 92' lang='lat' dir='ltr'>autem</span> <span class='ocrx_word' id='word_1_287' title='bbox 1053 2831 1260 2885; x_wconf 90' lang='lat' dir='ltr'>musica</span> <span class='ocrx_word' id='word_1_288' title='bbox 1296 2830 1630 2900; x_wconf 89' lang='lat' dir='ltr'>autiphonas</span> <span class='ocrx_word' id='word_1_289' title='bbox 1669 2835 1724 2882; x_wconf 92' lang='lat' dir='ltr'>et</span> <span class='ocrx_word' id='word_1_290' title='bbox 1755 2840 2053 2897; x_wconf 87' lang='lat' dir='ltr'>responso-</span> 
     </span>
    </p>
   </div>
   <div class='ocr_carea' id='block_1_44' title="bbox 438 2918 2054 2986">
    <p class='ocr_par' dir='ltr' id='par_1_44' title="bbox 438 2918 2054 2986">
     <span class='ocr_line' id='line_1_44' title="bbox 438 2918 2054 2986; baseline -0.009 0"><span class='ocrx_word' id='word_1_291' title='bbox 438 2931 518 2986; x_wconf 90' lang='lat' dir='ltr'>ria</span> <span class='ocrx_word' id='word_1_292' title='bbox 555 2931 624 2985; x_wconf 92' lang='lat' dir='ltr'>de</span> <span class='ocrx_word' id='word_1_293' title='bbox 650 2929 853 2983; x_wconf 86' lang='lat' dir='ltr'>sanctis</span> <span class='ocrx_word' id='word_1_294' title='bbox 890 2927 1131 2981; x_wconf 85' lang='lat' dir='ltr'>Maclovo</span> <span class='ocrx_word' id='word_1_295' title='bbox 1155 2931 1211 2978; x_wconf 88' lang='lat' dir='ltr'>et</span> <span class='ocrx_word' id='word_1_296' title='bbox 1236 2924 1495 2977; x_wconf 88' lang='lat' dir='ltr'>Guiberto</span> <span class='ocrx_word' id='word_1_297' title='bbox 1540 2920 1874 2976; x_wconf 81' lang='lat' dir='ltr'>melliﬁcavi.</span> <span class='ocrx_word' id='word_1_298' title='bbox 1907 2918 2054 2973; x_wconf 92' lang='lat' dir='ltr'>Scri-</span> 
     </span>
    </p>
   </div>
   <div class='ocr_carea' id='block_1_45' title="bbox 438 3009 2055 3096">
    <p class='ocr_par' dir='ltr' id='par_1_45' title="bbox 438 3009 2055 3096">
     <span class='ocr_line' id='line_1_45' title="bbox 438 3009 2055 3096; baseline -0.009 -17"><span class='ocrx_word' id='word_1_299' title='bbox 438 3009 523 3096; x_wconf 77' lang='lat' dir='ltr'>psi</span> <span class='ocrx_word' id='word_1_300' title='bbox 555 3027 610 3077; x_wconf 89' lang='lat' dir='ltr'>et</span> <span class='ocrx_word' id='word_1_301' title='bbox 636 3021 796 3075; x_wconf 88' lang='lat' dir='ltr'>Gesta</span> <span class='ocrx_word' id='word_1_302' title='bbox 824 3018 1084 3073; x_wconf 87' lang='lat' dir='ltr'>abbatum</span> <span class='ocrx_word' id='word_1_303' title='bbox 1119 3014 1636 3079; x_wconf 10' lang='lat' dir='ltr'>Gemblacensiumr;</span> <span class='ocrx_word' id='word_1_304' title='bbox 1670 3014 1817 3067; x_wconf 89' lang='lat' dir='ltr'>Vitas</span> <span class='ocrx_word' id='word_1_305' title='bbox 1842 3018 2055 3066; x_wconf 88' lang='lat' dir='ltr'>sancto-</span> 
     </span>
    </p>
   </div>
   <div class='ocr_carea' id='block_1_46' title="bbox 439 3100 2049 3171">
    <p class='ocr_par' dir='ltr' id='par_1_46' title="bbox 439 3100 2049 3171">
     <span class='ocr_line' id='line_1_46' title="bbox 439 3100 2049 3171; baseline -0.008 -4"><span class='ocrx_word' id='word_1_306' title='bbox 439 3127 559 3167; x_wconf 92' lang='lat' dir='ltr'>rum</span> <span class='ocrx_word' id='word_1_307' title='bbox 585 3108 810 3164; x_wconf 82' lang='lat' dir='ltr'>Maclovi</span> <span class='ocrx_word' id='word_1_308' title='bbox 844 3104 1221 3161; x_wconf 83' lang='lat' dir='ltr'>etThcodardi</span> <span class='ocrx_word' id='word_1_309' title='bbox 1253 3102 1553 3156; x_wconf 90' lang='lat' dir='ltr'>urbaniore</span> <span class='ocrx_word' id='word_1_310' title='bbox 1569 3101 1709 3171; x_wconf 89' lang='lat' dir='ltr'>stylo</span> <span class='ocrx_word' id='word_1_311' title='bbox 1746 3100 2049 3154; x_wconf 84' lang='lat' dir='ltr'>melioravi.</span> 
     </span>
    </p>
   </div>
   <div class='ocr_carea' id='block_1_47' title="bbox 438 3190 2052 3270">
    <p class='ocr_par' dir='ltr' id='par_1_47' title="bbox 438 3190 2052 3270">
     <span class='ocr_line' id='line_1_47' title="bbox 438 3190 2052 3270; baseline -0.007 -17"><span class='ocrx_word' id='word_1_312' title='bbox 438 3200 615 3256; x_wconf 87' lang='lat' dir='ltr'>Vitam</span> <span class='ocrx_word' id='word_1_313' title='bbox 644 3213 865 3270; x_wconf 91' lang='lat' dir='ltr'>quoque</span> <span class='ocrx_word' id='word_1_314' title='bbox 886 3195 1059 3250; x_wconf 89' lang='lat' dir='ltr'>sancti</span> <span class='ocrx_word' id='word_1_315' title='bbox 1094 3193 1367 3247; x_wconf 86' lang='lat' dir='ltr'>Lantberti</span> <span class='ocrx_word' id='word_1_316' title='bbox 1403 3208 1524 3245; x_wconf 89' lang='lat' dir='ltr'>cum</span> <span class='ocrx_word' id='word_1_317' title='bbox 1550 3192 1604 3244; x_wconf 91' lang='lat' dir='ltr'>in</span> <span class='ocrx_word' id='word_1_318' title='bbox 1624 3190 1816 3260; x_wconf 86' lang='lat' dir='ltr'>primis</span> <span class='ocrx_word' id='word_1_319' title='bbox 1843 3190 2052 3243; x_wconf 88' lang='lat' dir='ltr'>urbane</span> 
     </span>
    </p>
   </div>
   <div class='ocr_carea' id='block_1_48' title="bbox 437 3279 2052 3357">
    <p class='ocr_par' dir='ltr' id='par_1_48' title="bbox 437 3279 2052 3357">
     <span class='ocr_line' id='line_1_48' title="bbox 437 3279 2052 3357; baseline -0.007 -13"><span class='ocrx_word' id='word_1_320' title='bbox 437 3288 836 3353; x_wconf 89' lang='lat' dir='ltr'>meliorassem,</span> <span class='ocrx_word' id='word_1_321' title='bbox 870 3292 1061 3357; x_wconf 86' lang='lat' dir='ltr'>postea</span> <span class='ocrx_word' id='word_1_322' title='bbox 1094 3290 1285 3357; x_wconf 80' lang='lat' dir='ltr'>rogatu</span> <span class='ocrx_word' id='word_1_323' title='bbox 1341 3280 1555 3335; x_wconf 87' lang='lat' dir='ltr'>Henrici</span> <span class='ocrx_word' id='word_1_324' title='bbox 1589 3279 1963 3333; x_wconf 81' lang='lat' dir='ltr'>archidiaconi</span> <span class='ocrx_word' id='word_1_325' title='bbox 1998 3288 2052 3334; x_wconf 90' lang='lat' dir='ltr'>et</span> 
     </span>
    </p>
   </div>
   <div class='ocr_carea' id='block_1_49' title="bbox 435 3369 2049 3439">
    <p class='ocr_par' dir='ltr' id='par_1_49' title="bbox 435 3369 2049 3439">
     <span class='ocr_line' id='line_1_49' title="bbox 435 3369 2049 3439; baseline -0.009 -3"><span class='ocrx_word' id='word_1_326' title='bbox 435 3379 633 3436; x_wconf 88' lang='lat' dir='ltr'>decani</span> <span class='ocrx_word' id='word_1_327' title='bbox 659 3376 909 3432; x_wconf 87' lang='lat' dir='ltr'>ecclesia</span> <span class='ocrx_word' id='word_1_328' title='bbox 940 3374 1113 3429; x_wconf 90' lang='lat' dir='ltr'>sancti</span> <span class='ocrx_word' id='word_1_329' title='bbox 1147 3371 1445 3437; x_wconf 84' lang='lat' dir='ltr'>Lantberti,</span> <span class='ocrx_word' id='word_1_330' title='bbox 1488 3369 1745 3424; x_wconf 83' lang='lat' dir='ltr'>deﬂoravi</span> <span class='ocrx_word' id='word_1_331' title='bbox 1769 3385 2049 3439; x_wconf 91' lang='lat' dir='ltr'>compara-</span> 
     </span>
    </p>
   </div>
   <div class='ocr_carea' id='block_1_50' title="bbox 435 3459 2046 3537">
    <p class='ocr_par' dir='ltr' id='par_1_50' title="bbox 435 3459 2046 3537">
     <span class='ocr_line' id='line_1_50' title="bbox 435 3459 2046 3537; baseline -0.007 -12"><span class='ocrx_word' id='word_1_332' title='bbox 435 3469 682 3526; x_wconf 85' lang='lat' dir='ltr'>tionibus</span> <span class='ocrx_word' id='word_1_333' title='bbox 711 3467 1085 3537; x_wconf 90' lang='lat' dir='ltr'>antiquorum,</span> <span class='ocrx_word' id='word_1_334' title='bbox 1149 3463 1301 3531; x_wconf 85' lang='lat' dir='ltr'>juxta</span> <span class='ocrx_word' id='word_1_335' title='bbox 1356 3459 1806 3531; x_wconf 87' lang='lat' dir='ltr'>consequentiam</span> <span class='ocrx_word' id='word_1_336' title='bbox 1841 3474 2046 3515; x_wconf 89' lang='lat' dir='ltr'>rerum.</span> 
     </span>
    </p>
   </div>
   <div class='ocr_carea' id='block_1_51' title="bbox 436 3550 2047 3632">
    <p class='ocr_par' dir='ltr' id='par_1_51' title="bbox 436 3550 2047 3632">
     <span class='ocr_line' id='line_1_51' title="bbox 436 3550 2047 3632; baseline -0.009 -16"><span class='ocrx_word' id='word_1_337' title='bbox 436 3559 690 3632; x_wconf 83' lang='lat' dir='ltr'>quamvis</span> <span class='ocrx_word' id='word_1_338' title='bbox 720 3559 979 3630; x_wconf 87' lang='lat' dir='ltr'>priorem,</span> <span class='ocrx_word' id='word_1_339' title='bbox 1014 3563 1203 3626; x_wconf 85' lang='lat' dir='ltr'>utpote</span> <span class='ocrx_word' id='word_1_340' title='bbox 1250 3552 1581 3624; x_wconf 89' lang='lat' dir='ltr'>simplicem,</span> <span class='ocrx_word' id='word_1_341' title='bbox 1614 3551 1837 3622; x_wconf 88' lang='lat' dir='ltr'>quidam</span> <span class='ocrx_word' id='word_1_342' title='bbox 1871 3550 2047 3616; x_wconf 82' lang='lat' dir='ltr'>magis</span> 
     </span>
    </p>
   </div>
   <div class='ocr_carea' id='block_1_52' title="bbox 434 3643 2041 3725">
    <p class='ocr_par' dir='ltr' id='par_1_52' title="bbox 434 3643 2041 3725">
     <span class='ocr_line' id='line_1_52' title="bbox 434 3643 2041 3725; baseline -0.009 -15"><span class='ocrx_word' id='word_1_343' title='bbox 434 3655 853 3725; x_wconf 85' lang='lat' dir='ltr'>amplectantur,</span> <span class='ocrx_word' id='word_1_344' title='bbox 886 3658 941 3705; x_wconf 91' lang='lat' dir='ltr'>et</span> <span class='ocrx_word' id='word_1_345' title='bbox 996 3647 1267 3703; x_wconf 90' lang='lat' dir='ltr'>curiosius</span> <span class='ocrx_word' id='word_1_346' title='bbox 1333 3644 1842 3703; x_wconf 72' lang='lat' dir='ltr'>transcribuntzest</span> <span class='ocrx_word' id='word_1_347' title='bbox 1894 3643 2041 3697; x_wconf 88' lang='lat' dir='ltr'>enim</span> 
     </span>
    </p>
   </div>
   <div class='ocr_carea' id='block_1_53' title="bbox 430 3736 2044 3815">
    <p class='ocr_par' dir='ltr' id='par_1_53' title="bbox 430 3736 2044 3815">
     <span class='ocr_line' id='line_1_53' title="bbox 430 3736 2044 3815; baseline -0.008 -13"><span class='ocrx_word' id='word_1_348' title='bbox 430 3762 599 3802; x_wconf 88' lang='lat' dir='ltr'>sensu</span> <span class='ocrx_word' id='word_1_349' title='bbox 619 3744 861 3815; x_wconf 89' lang='lat' dir='ltr'>apertior</span> <span class='ocrx_word' id='word_1_350' title='bbox 890 3750 944 3797; x_wconf 91' lang='lat' dir='ltr'>et</span> <span class='ocrx_word' id='word_1_351' title='bbox 973 3741 1158 3796; x_wconf 90' lang='lat' dir='ltr'>verbis</span> <span class='ocrx_word' id='word_1_352' title='bbox 1197 3739 1413 3794; x_wconf 90' lang='lat' dir='ltr'>clarior.</span> <span class='ocrx_word' id='word_1_353' title='bbox 1458 3738 1665 3809; x_wconf 77' lang='lat' dir='ltr'>Rogata</span> <span class='ocrx_word' id='word_1_354' title='bbox 1684 3736 1847 3789; x_wconf 89' lang='lat' dir='ltr'>etiam</span> <span class='ocrx_word' id='word_1_355' title='bbox 1901 3751 2044 3804; x_wconf 84' lang='lat' dir='ltr'>pra-</span> 
     </span>
    </p>
   </div>
   <div class='ocr_carea' id='block_1_54' title="bbox 429 3827 2042 3906">
    <p class='ocr_par' dir='ltr' id='par_1_54' title="bbox 429 3827 2042 3906">
     <span class='ocr_line' id='line_1_54' title="bbox 429 3827 2042 3906; baseline -0.01 -9"><span class='ocrx_word' id='word_1_356' title='bbox 429 3841 563 3897; x_wconf 90' lang='lat' dir='ltr'>dicti</span> <span class='ocrx_word' id='word_1_357' title='bbox 588 3840 714 3905; x_wconf 84' lang='lat' dir='ltr'>viri,</span> <span class='ocrx_word' id='word_1_358' title='bbox 744 3838 943 3895; x_wconf 89' lang='lat' dir='ltr'>validis</span> <span class='ocrx_word' id='word_1_359' title='bbox 972 3838 1191 3891; x_wconf 91' lang='lat' dir='ltr'>Patrum</span> <span class='ocrx_word' id='word_1_360' title='bbox 1253 3832 1595 3906; x_wconf 86' lang='lat' dir='ltr'>argumentis</span> <span class='ocrx_word' id='word_1_361' title='bbox 1631 3828 1891 3899; x_wconf 88' lang='lat' dir='ltr'>respondi</span> <span class='ocrx_word' id='word_1_362' title='bbox 1924 3827 2042 3897; x_wconf 92' lang='lat' dir='ltr'>epi-</span> 
     </span>
    </p>
   </div>
   <div class='ocr_carea' id='block_1_55' title="bbox 424 3920 2043 4000">
    <p class='ocr_par' dir='ltr' id='par_1_55' title="bbox 424 3920 2043 4000">
     <span class='ocr_line' id='line_1_55' title="bbox 424 3920 2043 4000; baseline -0.012 -10"><span class='ocrx_word' id='word_1_363' title='bbox 424 3935 582 3990; x_wconf 82' lang='lat' dir='ltr'>stola</span> <span class='ocrx_word' id='word_1_364' title='bbox 616 3930 968 3987; x_wconf 83' lang='lat' dir='ltr'>Hildebrandi</span> <span class='ocrx_word' id='word_1_365' title='bbox 1008 3945 1187 4000; x_wconf 81' lang='lat' dir='ltr'>papa,</span> <span class='ocrx_word' id='word_1_366' title='bbox 1248 3943 1409 3998; x_wconf 90' lang='lat' dir='ltr'>quam</span> <span class='ocrx_word' id='word_1_367' title='bbox 1451 3922 1673 3993; x_wconf 88' lang='lat' dir='ltr'>scripsit</span> <span class='ocrx_word' id='word_1_368' title='bbox 1712 3922 1780 3975; x_wconf 92' lang='lat' dir='ltr'>ad</span> <span class='ocrx_word' id='word_1_369' title='bbox 1816 3920 2043 3973; x_wconf 80' lang='lat' dir='ltr'>Herma-</span> 
     </span>
    </p>
   </div>
   <div class='ocr_carea' id='block_1_56' title="bbox 425 4013 2040 4093">
    <p class='ocr_par' dir='ltr' id='par_1_56' title="bbox 425 4013 2040 4093">
     <span class='ocr_line' id='line_1_56' title="bbox 425 4013 2040 4093; baseline -0.009 -12"><span class='ocrx_word' id='word_1_370' title='bbox 425 4042 557 4081; x_wconf 90' lang='lat' dir='ltr'>num</span> <span class='ocrx_word' id='word_1_371' title='bbox 583 4026 880 4080; x_wconf 78' lang='lat' dir='ltr'>Metensem</span> <span class='ocrx_word' id='word_1_372' title='bbox 916 4021 1260 4093; x_wconf 83' lang='lat' dir='ltr'>episcOpum,</span> <span class='ocrx_word' id='word_1_373' title='bbox 1317 4019 1371 4072; x_wconf 91' lang='lat' dir='ltr'>in</span> <span class='ocrx_word' id='word_1_374' title='bbox 1421 4015 1706 4087; x_wconf 88' lang='lat' dir='ltr'>potestatis</span> <span class='ocrx_word' id='word_1_375' title='bbox 1749 4013 1912 4085; x_wconf 81' lang='lat' dir='ltr'>regia</span> <span class='ocrx_word' id='word_1_376' title='bbox 1945 4029 2040 4067; x_wconf 82' lang='lat' dir='ltr'>ca-</span> 
     </span>
    </p>
   </div>
   <div class='ocr_carea' id='block_1_57' title="bbox 423 4104 2034 4182">
    <p class='ocr_par' dir='ltr' id='par_1_57' title="bbox 423 4104 2034 4182">
     <span class='ocr_line' id='line_1_57' title="bbox 423 4104 2034 4182; baseline -0.007 -13"><span class='ocrx_word' id='word_1_377' title='bbox 423 4114 691 4171; x_wconf 89' lang='lat' dir='ltr'>lumniam</span> <span class='ocrx_word' id='word_1_378' title='bbox 745 4112 947 4182; x_wconf 90' lang='lat' dir='ltr'>Scripsi</span> <span class='ocrx_word' id='word_1_379' title='bbox 1003 4110 1071 4165; x_wconf 88' lang='lat' dir='ltr'>ad</span> <span class='ocrx_word' id='word_1_380' title='bbox 1119 4110 1297 4180; x_wconf 90' lang='lat' dir='ltr'>ipsum</span> <span class='ocrx_word' id='word_1_381' title='bbox 1361 4107 1651 4161; x_wconf 80' lang='lat' dir='ltr'>Henricum</span> <span class='ocrx_word' id='word_1_382' title='bbox 1700 4104 2034 4178; x_wconf 85' lang='lat' dir='ltr'>apologiam,</span> 
     </span>
    </p>
   </div>
   <div class='ocr_carea' id='block_1_58' title="bbox 423 4194 2038 4274">
    <p class='ocr_par' dir='ltr' id='par_1_58' title="bbox 423 4194 2038 4274">
     <span class='ocr_line' id='line_1_58' title="bbox 423 4194 2038 4274; baseline -0.008 -14"><span class='ocrx_word' id='word_1_383' title='bbox 423 4210 615 4260; x_wconf 84' lang='lat' dir='ltr'>contra</span> <span class='ocrx_word' id='word_1_384' title='bbox 639 4218 736 4258; x_wconf 91' lang='lat' dir='ltr'>eos</span> <span class='ocrx_word' id='word_1_385' title='bbox 768 4202 863 4274; x_wconf 89' lang='lat' dir='ltr'>qui</span> <span class='ocrx_word' id='word_1_386' title='bbox 922 4199 1332 4254; x_wconf 88' lang='lat' dir='ltr'>calumniantur</span> <span class='ocrx_word' id='word_1_387' title='bbox 1383 4196 1582 4249; x_wconf 89' lang='lat' dir='ltr'>missas</span> <span class='ocrx_word' id='word_1_388' title='bbox 1616 4194 2038 4268; x_wconf 72' lang='lat' dir='ltr'>conjugatorun</span> 
     </span>
    </p>
   </div>
   <div class='ocr_carea' id='block_1_59' title="bbox 420 4283 2039 4361">
    <p class='ocr_par' dir='ltr' id='par_1_59' title="bbox 420 4283 2039 4361">
     <span class='ocr_line' id='line_1_59' title="bbox 420 4283 2039 4361; baseline -0.007 -13"><span class='ocrx_word' id='word_1_389' title='bbox 420 4293 787 4350; x_wconf 84' lang='lat' dir='ltr'>sacerdotum.</span> <span class='ocrx_word' id='word_1_390' title='bbox 825 4292 948 4361; x_wconf 92' lang='lat' dir='ltr'>Ipso</span> <span class='ocrx_word' id='word_1_391' title='bbox 977 4289 1139 4343; x_wconf 88' lang='lat' dir='ltr'>etiam</span> <span class='ocrx_word' id='word_1_392' title='bbox 1196 4291 1443 4359; x_wconf 86' lang='lat' dir='ltr'>rogante,</span> <span class='ocrx_word' id='word_1_393' title='bbox 1486 4283 1745 4353; x_wconf 90' lang='lat' dir='ltr'>respondi</span> <span class='ocrx_word' id='word_1_394' title='bbox 1791 4283 2039 4352; x_wconf 87' lang='lat' dir='ltr'>epistola</span> 
     </span>
    </p>
   </div>
   <div class='ocr_carea' id='block_1_60' title="bbox 420 4372 2041 4452">
    <p class='ocr_par' dir='ltr' id='par_1_60' title="bbox 420 4372 2041 4452">
     <span class='ocr_line' id='line_1_60' title="bbox 420 4372 2041 4452; baseline -0.008 -15"><span class='ocrx_word' id='word_1_395' title='bbox 420 4380 699 4437; x_wconf 85' lang='lat' dir='ltr'>Paschalis</span> <span class='ocrx_word' id='word_1_396' title='bbox 723 4394 901 4452; x_wconf 84' lang='lat' dir='ltr'>papa,</span> <span class='ocrx_word' id='word_1_397' title='bbox 933 4376 1029 4449; x_wconf 91' lang='lat' dir='ltr'>qui</span> <span class='ocrx_word' id='word_1_398' title='bbox 1063 4374 1428 4431; x_wconf 88' lang='lat' dir='ltr'>Leodiensem</span> <span class='ocrx_word' id='word_1_399' title='bbox 1460 4372 1770 4437; x_wconf 89' lang='lat' dir='ltr'>ecclesiam,</span> <span class='ocrx_word' id='word_1_400' title='bbox 1800 4386 1959 4441; x_wconf 84' lang='lat' dir='ltr'>aque</span> <span class='ocrx_word' id='word_1_401' title='bbox 1980 4377 2041 4425; x_wconf 90' lang='lat' dir='ltr'>ut</span> 
     </span>
    </p>
   </div>
   <div class='ocr_carea' id='block_1_61' title="bbox 420 4462 2035 4534">
    <p class='ocr_par' dir='ltr' id='par_1_61' title="bbox 420 4462 2035 4534">
     <span class='ocr_line' id='line_1_61' title="bbox 420 4462 2035 4534; baseline -0.008 -5"><span class='ocrx_word' id='word_1_402' title='bbox 420 4470 892 4534; x_wconf 85' lang='lat' dir='ltr'>Cameracensem,</span> <span class='ocrx_word' id='word_1_403' title='bbox 924 4484 955 4523; x_wconf 87' lang='lat' dir='ltr'>a</span> <span class='ocrx_word' id='word_1_404' title='bbox 987 4467 1224 4523; x_wconf 82' lang='lat' dir='ltr'>Roberto</span> <span class='ocrx_word' id='word_1_405' title='bbox 1264 4463 1678 4520; x_wconf 89' lang='lat' dir='ltr'>Flandrensium</span> <span class='ocrx_word' id='word_1_406' title='bbox 1711 4463 1912 4518; x_wconf 86' lang='lat' dir='ltr'>comite</span> <span class='ocrx_word' id='word_1_407' title='bbox 1943 4462 2035 4530; x_wconf 88' lang='lat' dir='ltr'>ju-</span> 
     </span>
    </p>
   </div>
   <div class='ocr_carea' id='block_1_62' title="bbox 2153 1804 3765 1886">
    <p class='ocr_par' dir='ltr' id='par_1_62' title="bbox 2153 1804 3765 1886">
     <span class='ocr_line' id='line_1_62' title="bbox 2153 1804 3765 1886; baseline 0.006 -29"><span class='ocrx_word' id='word_1_408' title='bbox 2153 1804 2294 1858; x_wconf 90' lang='lat' dir='ltr'>tatis.</span> <span class='ocrx_word' id='word_1_409' title='bbox 2328 1805 2610 1876; x_wconf 90' lang='lat' dir='ltr'>Siquidem</span> <span class='ocrx_word' id='word_1_410' title='bbox 2636 1804 2913 1860; x_wconf 89' lang='lat' dir='ltr'>Marianus</span> <span class='ocrx_word' id='word_1_411' title='bbox 2946 1807 3161 1872; x_wconf 88' lang='lat' dir='ltr'>Scotus,</span> <span class='ocrx_word' id='word_1_412' title='bbox 3193 1808 3279 1861; x_wconf 87' lang='lat' dir='ltr'>vir</span> <span class='ocrx_word' id='word_1_413' title='bbox 3316 1824 3418 1865; x_wconf 90' lang='lat' dir='ltr'>suo</span> <span class='ocrx_word' id='word_1_414' title='bbox 3448 1825 3567 1866; x_wconf 84' lang='lat' dir='ltr'>avo</span> <span class='ocrx_word' id='word_1_415' title='bbox 3606 1811 3765 1886; x_wconf 86' lang='lat' dir='ltr'>longe</span> 
     </span>
    </p>
   </div>
   <div class='ocr_carea' id='block_1_63' title="bbox 2153 1899 3763 1974">
    <p class='ocr_par' dir='ltr' id='par_1_63' title="bbox 2153 1899 3763 1974">
     <span class='ocr_line' id='line_1_63' title="bbox 2153 1899 3763 1974; baseline 0.006 -22"><span class='ocrx_word' id='word_1_416' title='bbox 2153 1899 2414 1964; x_wconf 81' lang='lat' dir='ltr'>disertus,</span> <span class='ocrx_word' id='word_1_417' title='bbox 2446 1901 2553 1955; x_wconf 90' lang='lat' dir='ltr'>hoc</span> <span class='ocrx_word' id='word_1_418' title='bbox 2608 1899 2753 1954; x_wconf 89' lang='lat' dir='ltr'>idem</span> <span class='ocrx_word' id='word_1_419' title='bbox 2823 1901 3109 1974; x_wconf 85' lang='lat' dir='ltr'>ingressus</span> <span class='ocrx_word' id='word_1_420' title='bbox 3161 1911 3301 1969; x_wconf 88' lang='lat' dir='ltr'>erat,</span> <span class='ocrx_word' id='word_1_421' title='bbox 3349 1911 3406 1959; x_wconf 89' lang='lat' dir='ltr'>et</span> <span class='ocrx_word' id='word_1_422' title='bbox 3440 1906 3763 1963; x_wconf 86' lang='lat' dir='ltr'>Chronicam</span> 
     </span>
    </p>
   </div>
   <div class='ocr_carea' id='block_1_64' title="bbox 2155 1992 3764 2068">
    <p class='ocr_par' dir='ltr' id='par_1_64' title="bbox 2155 1992 3764 2068">
     <span class='ocr_line' id='line_1_64' title="bbox 2155 1992 3764 2068; baseline 0.007 -22"><span class='ocrx_word' id='word_1_423' title='bbox 2155 2008 2307 2046; x_wconf 91' lang='lat' dir='ltr'>suam</span> <span class='ocrx_word' id='word_1_424' title='bbox 2340 1999 2529 2047; x_wconf 90' lang='lat' dir='ltr'>texens</span> <span class='ocrx_word' id='word_1_425' title='bbox 2555 2008 2586 2047; x_wconf 91' lang='lat' dir='ltr'>a</span> <span class='ocrx_word' id='word_1_426' title='bbox 2611 1992 2897 2048; x_wconf 89' lang='lat' dir='ltr'>nativitate</span> <span class='ocrx_word' id='word_1_427' title='bbox 2929 1993 3126 2050; x_wconf 87' lang='lat' dir='ltr'>Christi</span> <span class='ocrx_word' id='word_1_428' title='bbox 3156 2012 3334 2068; x_wconf 89' lang='lat' dir='ltr'>usque</span> <span class='ocrx_word' id='word_1_429' title='bbox 3362 1997 3430 2052; x_wconf 89' lang='lat' dir='ltr'>ad</span> <span class='ocrx_word' id='word_1_430' title='bbox 3449 2006 3652 2055; x_wconf 90' lang='lat' dir='ltr'>statum</span> <span class='ocrx_word' id='word_1_431' title='bbox 3686 2003 3764 2057; x_wconf 85' lang='lat' dir='ltr'>sui</span> 
     </span>
    </p>
   </div>
   <div class='ocr_carea' id='block_1_65' title="bbox 2157 2087 3765 2168">
    <p class='ocr_par' dir='ltr' id='par_1_65' title="bbox 2157 2087 3765 2168">
     <span class='ocr_line' id='line_1_65' title="bbox 2157 2087 3765 2168; baseline 0.007 -27"><span class='ocrx_word' id='word_1_432' title='bbox 2157 2087 2438 2157; x_wconf 85' lang='lat' dir='ltr'>temporis,</span> <span class='ocrx_word' id='word_1_433' title='bbox 2470 2087 2599 2142; x_wconf 90' lang='lat' dir='ltr'>hinc</span> <span class='ocrx_word' id='word_1_434' title='bbox 2628 2103 2804 2143; x_wconf 90' lang='lat' dir='ltr'>annos</span> <span class='ocrx_word' id='word_1_435' title='bbox 2836 2088 3033 2144; x_wconf 85' lang='lat' dir='ltr'>Christi</span> <span class='ocrx_word' id='word_1_436' title='bbox 3081 2091 3237 2160; x_wconf 84' lang='lat' dir='ltr'>juxta</span> <span class='ocrx_word' id='word_1_437' title='bbox 3266 2091 3431 2148; x_wconf 86' lang='lat' dir='ltr'>fidem</span> <span class='ocrx_word' id='word_1_438' title='bbox 3468 2094 3765 2168; x_wconf 83' lang='lat' dir='ltr'>Evangelii,</span> 
     </span>
    </p>
   </div>
   <div class='ocr_carea' id='block_1_66' title="bbox 2158 2178 3769 2251">
    <p class='ocr_par' dir='ltr' id='par_1_66' title="bbox 2158 2178 3769 2251">
     <span class='ocr_line' id='line_1_66' title="bbox 2158 2178 3769 2251; baseline 0.007 -19"><span class='ocrx_word' id='word_1_439' title='bbox 2158 2178 2287 2233; x_wconf 91' lang='lat' dir='ltr'>inde</span> <span class='ocrx_word' id='word_1_440' title='bbox 2313 2196 2344 2234; x_wconf 89' lang='lat' dir='ltr'>a</span> <span class='ocrx_word' id='word_1_441' title='bbox 2368 2179 2767 2251; x_wconf 81' lang='lat' dir='ltr'>regionejuxta</span> <span class='ocrx_word' id='word_1_442' title='bbox 2800 2181 3118 2247; x_wconf 52' lang='lat' dir='ltr'>Dionysium</span> <span class='ocrx_word' id='word_1_443' title='bbox 3152 2184 3525 2251; x_wconf 87' lang='lat' dir='ltr'>ordinaverat,</span> <span class='ocrx_word' id='word_1_444' title='bbox 3562 2195 3621 2242; x_wconf 88' lang='lat' dir='ltr'>ut</span> <span class='ocrx_word' id='word_1_445' title='bbox 3645 2188 3769 2244; x_wconf 83' lang='lat' dir='ltr'>dili-</span> 
     </span>
    </p>
   </div>
   <div class='ocr_carea' id='block_1_67' title="bbox 2148 2270 3769 2348">
    <p class='ocr_par' dir='ltr' id='par_1_67' title="bbox 2148 2270 3769 2348">
     <span class='ocr_line' id='line_1_67' title="bbox 2148 2270 3769 2348; baseline 0.007 -25"><span class='ocrx_word' id='word_1_446' title='bbox 2148 2270 2350 2345; x_wconf 84' lang='lat' dir='ltr'>gentia</span> <span class='ocrx_word' id='word_1_447' title='bbox 2378 2271 2600 2325; x_wconf 86' lang='lat' dir='ltr'>lectoris</span> <span class='ocrx_word' id='word_1_448' title='bbox 2639 2278 2850 2341; x_wconf 88' lang='lat' dir='ltr'>pateret</span> <span class='ocrx_word' id='word_1_449' title='bbox 2907 2278 3175 2344; x_wconf 88' lang='lat' dir='ltr'>quantum</span> <span class='ocrx_word' id='word_1_450' title='bbox 3231 2274 3349 2344; x_wconf 87' lang='lat' dir='ltr'>ipse</span> <span class='ocrx_word' id='word_1_451' title='bbox 3405 2275 3702 2348; x_wconf 85' lang='lat' dir='ltr'>Dionysius</span> <span class='ocrx_word' id='word_1_452' title='bbox 3738 2295 3769 2334; x_wconf 89' lang='lat' dir='ltr'>a</span> 
     </span>
    </p>
   </div>
   <div class='ocr_carea' id='block_1_68' title="bbox 2151 2359 3769 2434">
    <p class='ocr_par' dir='ltr' id='par_1_68' title="bbox 2151 2359 3769 2434">
     <span class='ocr_line' id='line_1_68' title="bbox 2151 2359 3769 2434; baseline 0.007 -22"><span class='ocrx_word' id='word_1_453' title='bbox 2151 2359 2379 2414; x_wconf 89' lang='lat' dir='ltr'>veritate</span> <span class='ocrx_word' id='word_1_454' title='bbox 2414 2360 2691 2434; x_wconf 84' lang='lat' dir='ltr'>Evangelii</span> <span class='ocrx_word' id='word_1_455' title='bbox 2724 2361 2968 2415; x_wconf 88' lang='lat' dir='ltr'>deviaret</span> <span class='ocrx_word' id='word_1_456' title='bbox 3024 2362 3131 2432; x_wconf 79' lang='lat' dir='ltr'>Ego</span> <span class='ocrx_word' id='word_1_457' title='bbox 3163 2370 3370 2431; x_wconf 89' lang='lat' dir='ltr'>autem,</span> <span class='ocrx_word' id='word_1_458' title='bbox 3403 2366 3769 2423; x_wconf 86' lang='lat' dir='ltr'>considerans</span> 
     </span>
    </p>
   </div>
   <div class='ocr_carea' id='block_1_69' title="bbox 2152 2447 3767 2520">
    <p class='ocr_par' dir='ltr' id='par_1_69' title="bbox 2152 2447 3767 2520">
     <span class='ocr_line' id='line_1_69' title="bbox 2152 2447 3767 2520; baseline 0.005 -17"><span class='ocrx_word' id='word_1_459' title='bbox 2152 2447 2392 2503; x_wconf 88' lang='lat' dir='ltr'>fautores</span> <span class='ocrx_word' id='word_1_460' title='bbox 2414 2449 2655 2520; x_wconf 88' lang='lat' dir='ltr'>Dionysii</span> <span class='ocrx_word' id='word_1_461' title='bbox 2689 2449 2860 2504; x_wconf 89' lang='lat' dir='ltr'>semel</span> <span class='ocrx_word' id='word_1_462' title='bbox 2895 2449 3145 2505; x_wconf 91' lang='lat' dir='ltr'>imbibita</span> <span class='ocrx_word' id='word_1_463' title='bbox 3176 2466 3284 2507; x_wconf 90' lang='lat' dir='ltr'>non</span> <span class='ocrx_word' id='word_1_464' title='bbox 3320 2452 3515 2509; x_wconf 85' lang='lat' dir='ltr'>leviter</span> <span class='ocrx_word' id='word_1_465' title='bbox 3532 2456 3767 2520; x_wconf 84' lang='lat' dir='ltr'>descire.</span> 
     </span>
    </p>
   </div>
   <div class='ocr_carea' id='block_1_70' title="bbox 2153 2541 3771 2619">
    <p class='ocr_par' dir='ltr' id='par_1_70' title="bbox 2153 2541 3771 2619">
     <span class='ocr_line' id='line_1_70' title="bbox 2153 2541 3771 2619; baseline 0.006 -24"><span class='ocrx_word' id='word_1_466' title='bbox 2153 2542 2227 2596; x_wconf 91' lang='lat' dir='ltr'>ita</span> <span class='ocrx_word' id='word_1_467' title='bbox 2257 2542 2526 2596; x_wconf 86' lang='lat' dir='ltr'>cautelam</span> <span class='ocrx_word' id='word_1_468' title='bbox 2559 2541 2839 2613; x_wconf 61' lang='lat' dir='ltr'>ingenioli‘</span> <span class='ocrx_word' id='word_1_469' title='bbox 2861 2542 2968 2597; x_wconf 91' lang='lat' dir='ltr'>mei</span> <span class='ocrx_word' id='word_1_470' title='bbox 3026 2557 3190 2615; x_wconf 85' lang='lat' dir='ltr'>aqua</span> <span class='ocrx_word' id='word_1_471' title='bbox 3255 2544 3415 2601; x_wconf 85' lang='lat' dir='ltr'>lance</span> <span class='ocrx_word' id='word_1_472' title='bbox 3451 2542 3674 2619; x_wconf 82' lang='lat' dir='ltr'>libravi,</span> <span class='ocrx_word' id='word_1_473' title='bbox 3714 2558 3771 2604; x_wconf 87' lang='lat' dir='ltr'>nt</span> 
     </span>
    </p>
   </div>
   <div class='ocr_carea' id='block_1_71' title="bbox 2154 2629 3777 2712">
    <p class='ocr_par' dir='ltr' id='par_1_71' title="bbox 2154 2629 3777 2712">
     <span class='ocr_line' id='line_1_71' title="bbox 2154 2629 3777 2712; baseline 0.006 -28"><span class='ocrx_word' id='word_1_474' title='bbox 2154 2631 2369 2685; x_wconf 90' lang='lat' dir='ltr'>medius</span> <span class='ocrx_word' id='word_1_475' title='bbox 2430 2632 2622 2684; x_wconf 89' lang='lat' dir='ltr'>horum</span> <span class='ocrx_word' id='word_1_476' title='bbox 2685 2629 2954 2685; x_wconf 87' lang='lat' dir='ltr'>incedens</span> <span class='ocrx_word' id='word_1_477' title='bbox 2989 2646 3184 2687; x_wconf 87' lang='lat' dir='ltr'>omnes</span> <span class='ocrx_word' id='word_1_478' title='bbox 3227 2649 3407 2689; x_wconf 87' lang='lat' dir='ltr'>annos</span> <span class='ocrx_word' id='word_1_479' title='bbox 3457 2634 3527 2689; x_wconf 87' lang='lat' dir='ltr'>ab</span> <span class='ocrx_word' id='word_1_480' title='bbox 3561 2636 3777 2712; x_wconf 86' lang='lat' dir='ltr'>origine</span> 
     </span>
    </p>
   </div>
   <div class='ocr_carea' id='block_1_72' title="bbox 2155 2721 3779 2799">
    <p class='ocr_par' dir='ltr' id='par_1_72' title="bbox 2155 2721 3779 2799">
     <span class='ocr_line' id='line_1_72' title="bbox 2155 2721 3779 2799; baseline 0.005 -22"><span class='ocrx_word' id='word_1_481' title='bbox 2155 2721 2348 2777; x_wconf 91' lang='lat' dir='ltr'>mundi</span> <span class='ocrx_word' id='word_1_482' title='bbox 2380 2722 2663 2785; x_wconf 89' lang='lat' dir='ltr'>decursos,</span> <span class='ocrx_word' id='word_1_483' title='bbox 2688 2723 2774 2777; x_wconf 89' lang='lat' dir='ltr'>vel</span> <span class='ocrx_word' id='word_1_484' title='bbox 2801 2722 2856 2777; x_wconf 93' lang='lat' dir='ltr'>in</span> <span class='ocrx_word' id='word_1_485' title='bbox 2907 2721 3149 2799; x_wconf 69' lang='lat' dir='ltr'>futurum</span> <span class='ocrx_word' id='word_1_486' title='bbox 3188 2725 3543 2793; x_wconf 87' lang='lat' dir='ltr'>decursuros,</span> <span class='ocrx_word' id='word_1_487' title='bbox 3580 2729 3779 2785; x_wconf 77' lang='lat' dir='ltr'>inscri—</span> 
     </span>
    </p>
   </div>
   <div class='ocr_carea' id='block_1_73' title="bbox 2156 2810 3775 2891">
    <p class='ocr_par' dir='ltr' id='par_1_73' title="bbox 2156 2810 3775 2891">
     <span class='ocr_line' id='line_1_73' title="bbox 2156 2810 3775 2891; baseline 0.005 -25"><span class='ocrx_word' id='word_1_488' title='bbox 2156 2818 2248 2882; x_wconf 88' lang='lat' dir='ltr'>pta</span> <span class='ocrx_word' id='word_1_489' title='bbox 2279 2810 2489 2865; x_wconf 88' lang='lat' dir='ltr'>ratione</span> <span class='ocrx_word' id='word_1_490' title='bbox 2524 2811 2677 2879; x_wconf 85' lang='lat' dir='ltr'>juxta</span> <span class='ocrx_word' id='word_1_491' title='bbox 2705 2810 3023 2867; x_wconf 83' lang='lat' dir='ltr'>llebraicam</span> <span class='ocrx_word' id='word_1_492' title='bbox 3047 2812 3358 2881; x_wconf 85' lang='lat' dir='ltr'>veritatem,</span> <span class='ocrx_word' id='word_1_493' title='bbox 3406 2816 3729 2891; x_wconf 88' lang='lat' dir='ltr'>colligerem</span> <span class='ocrx_word' id='word_1_494' title='bbox 3761 2838 3775 2874; x_wconf 88' lang='lat'><strong>:</strong></span> 
     </span>
    </p>
   </div>
   <div class='ocr_carea' id='block_1_74' title="bbox 2154 2903 3771 2978">
    <p class='ocr_par' dir='ltr' id='par_1_74' title="bbox 2154 2903 3771 2978">
     <span class='ocr_line' id='line_1_74' title="bbox 2154 2903 3771 2978; baseline 0.005 -20"><span class='ocrx_word' id='word_1_495' title='bbox 2154 2903 2365 2959; x_wconf 89' lang='lat' dir='ltr'>scilicet</span> <span class='ocrx_word' id='word_1_496' title='bbox 2405 2919 2502 2974; x_wconf 90' lang='lat' dir='ltr'>per</span> <span class='ocrx_word' id='word_1_497' title='bbox 2547 2905 2729 2976; x_wconf 87' lang='lat' dir='ltr'>cyclos</span> <span class='ocrx_word' id='word_1_498' title='bbox 2770 2904 3009 2969; x_wconf 88' lang='lat' dir='ltr'>lunares,</span> <span class='ocrx_word' id='word_1_499' title='bbox 3044 2905 3136 2975; x_wconf 87' lang='lat' dir='ltr'>qui</span> <span class='ocrx_word' id='word_1_500' title='bbox 3163 2907 3553 2963; x_wconf 89' lang='lat' dir='ltr'>novemdecim</span> <span class='ocrx_word' id='word_1_501' title='bbox 3588 2911 3771 2978; x_wconf 89' lang='lat' dir='ltr'>annis,</span> 
     </span>
    </p>
   </div>
   <div class='ocr_carea' id='block_1_75' title="bbox 2155 2998 3767 3070">
    <p class='ocr_par' dir='ltr' id='par_1_75' title="bbox 2155 2998 3767 3070">
     <span class='ocr_line' id='line_1_75' title="bbox 2155 2998 3767 3070; baseline 0.004 -19"><span class='ocrx_word' id='word_1_502' title='bbox 2155 3003 2211 3051; x_wconf 90' lang='lat' dir='ltr'>et</span> <span class='ocrx_word' id='word_1_503' title='bbox 2239 3013 2336 3067; x_wconf 92' lang='lat' dir='ltr'>per</span> <span class='ocrx_word' id='word_1_504' title='bbox 2366 2998 2550 3068; x_wconf 91' lang='lat' dir='ltr'>cyclos</span> <span class='ocrx_word' id='word_1_505' title='bbox 2591 2998 2823 3064; x_wconf 89' lang='lat' dir='ltr'>solares,</span> <span class='ocrx_word' id='word_1_506' title='bbox 2854 2998 2948 3070; x_wconf 91' lang='lat' dir='ltr'>qui</span> <span class='ocrx_word' id='word_1_507' title='bbox 2995 3015 3165 3054; x_wconf 86' lang='lat' dir='ltr'>xxvm</span> <span class='ocrx_word' id='word_1_508' title='bbox 3208 3000 3369 3054; x_wconf 91' lang='lat' dir='ltr'>annis</span> <span class='ocrx_word' id='word_1_509' title='bbox 3412 3000 3767 3068; x_wconf 87' lang='lat' dir='ltr'>clauduntur,</span> 
     </span>
    </p>
   </div>
   <div class='ocr_carea' id='block_1_76' title="bbox 2155 3086 3769 3162">
    <p class='ocr_par' dir='ltr' id='par_1_76' title="bbox 2155 3086 3769 3162">
     <span class='ocr_line' id='line_1_76' title="bbox 2155 3086 3769 3162; baseline 0.003 -22"><span class='ocrx_word' id='word_1_510' title='bbox 2155 3092 2210 3140; x_wconf 91' lang='lat' dir='ltr'>et</span> <span class='ocrx_word' id='word_1_511' title='bbox 2232 3102 2332 3157; x_wconf 92' lang='lat' dir='ltr'>per</span> <span class='ocrx_word' id='word_1_512' title='bbox 2360 3087 2592 3141; x_wconf 90' lang='lat' dir='ltr'>alterum</span> <span class='ocrx_word' id='word_1_513' title='bbox 2647 3086 2997 3157; x_wconf 86' lang='lat' dir='ltr'>multiplicati</span> <span class='ocrx_word' id='word_1_514' title='bbox 3048 3103 3308 3162; x_wconf 88' lang='lat' dir='ltr'>magnum</span> <span class='ocrx_word' id='word_1_515' title='bbox 3340 3089 3553 3160; x_wconf 88' lang='lat' dir='ltr'>cyclum</span> <span class='ocrx_word' id='word_1_516' title='bbox 3598 3092 3769 3162; x_wconf 86' lang='lat' dir='ltr'>quin-</span> 
     </span>
    </p>
   </div>
   <div class='ocr_carea' id='block_1_77' title="bbox 2080 3156 3773 3249">
    <p class='ocr_par' dir='ltr' id='par_1_77' title="bbox 2080 3156 3773 3249">
     <span class='ocr_line' id='line_1_77' title="bbox 2080 3156 3773 3249; baseline 0.006 -25"><span class='ocrx_word' id='word_1_517' title='bbox 2080 3156 2128 3224; x_wconf 84' lang='lat' dir='ltr'>C</span> <span class='ocrx_word' id='word_1_518' title='bbox 2155 3156 2443 3249; x_wconf 85' lang='lat' dir='ltr'>gentorum</span> <span class='ocrx_word' id='word_1_519' title='bbox 2468 3176 2693 3249; x_wconf 87' lang='lat' dir='ltr'>triginta</span> <span class='ocrx_word' id='word_1_520' title='bbox 2723 3156 2956 3231; x_wconf 91' lang='lat' dir='ltr'>duorum</span> <span class='ocrx_word' id='word_1_521' title='bbox 3004 3156 3274 3232; x_wconf 43' lang='lat' dir='ltr'>annowrum</span> <span class='ocrx_word' id='word_1_522' title='bbox 3318 3156 3632 3235; x_wconf 71' lang='lat' dir='ltr'>coniiciunt</span> <span class='ocrx_word' id='word_1_523' title='bbox 3659 3197 3673 3234; x_wconf 94' lang='lat'>:</span> <span class='ocrx_word' id='word_1_524' title='bbox 3706 3181 3773 3234; x_wconf 86' lang='lat' dir='ltr'>li—</span> 
     </span>
    </p>
   </div>
   <div class='ocr_carea' id='block_1_78' title="bbox 2153 3265 3770 3337">
    <p class='ocr_par' dir='ltr' id='par_1_78' title="bbox 2153 3265 3770 3337">
     <span class='ocr_line' id='line_1_78' title="bbox 2153 3265 3770 3337; baseline 0.002 -18"><span class='ocrx_word' id='word_1_525' title='bbox 2153 3265 2355 3320; x_wconf 91' lang='lat' dir='ltr'>neatim</span> <span class='ocrx_word' id='word_1_526' title='bbox 2392 3265 2665 3320; x_wconf 89' lang='lat' dir='ltr'>distinctis</span> <span class='ocrx_word' id='word_1_527' title='bbox 2695 3265 2824 3319; x_wconf 91' lang='lat' dir='ltr'>hinc</span> <span class='ocrx_word' id='word_1_528' title='bbox 2852 3265 2983 3319; x_wconf 90' lang='lat' dir='ltr'>inde</span> <span class='ocrx_word' id='word_1_529' title='bbox 3012 3267 3176 3319; x_wconf 87' lang='lat' dir='ltr'>annis</span> <span class='ocrx_word' id='word_1_530' title='bbox 3215 3265 3368 3332; x_wconf 85' lang='lat' dir='ltr'>Ada,</span> <span class='ocrx_word' id='word_1_531' title='bbox 3402 3267 3615 3337; x_wconf 88' lang='lat' dir='ltr'>epactis</span> <span class='ocrx_word' id='word_1_532' title='bbox 3638 3284 3770 3323; x_wconf 87' lang='lat' dir='ltr'>con-</span> 
     </span>
    </p>
   </div>
   <div class='ocr_carea' id='block_1_79' title="bbox 2151 3357 3765 3427">
    <p class='ocr_par' dir='ltr' id='par_1_79' title="bbox 2151 3357 3765 3427">
     <span class='ocr_line' id='line_1_79' title="bbox 2151 3357 3765 3427; baseline 0.001 -14"><span class='ocrx_word' id='word_1_533' title='bbox 2151 3358 2502 3413; x_wconf 78' lang='lat' dir='ltr'>currentibus</span> <span class='ocrx_word' id='word_1_534' title='bbox 2530 3357 2777 3412; x_wconf 89' lang='lat' dir='ltr'>terminis</span> <span class='ocrx_word' id='word_1_535' title='bbox 2815 3357 3187 3427; x_wconf 86' lang='lat' dir='ltr'>paschalibus,</span> <span class='ocrx_word' id='word_1_536' title='bbox 3237 3357 3438 3412; x_wconf 89' lang='lat' dir='ltr'>diebus</span> <span class='ocrx_word' id='word_1_537' title='bbox 3471 3360 3765 3414; x_wconf 82' lang='lat' dir='ltr'>Dominicis</span> 
     </span>
    </p>
   </div>
   <div class='ocr_carea' id='block_1_80' title="bbox 2153 3447 3763 3519">
    <p class='ocr_par' dir='ltr' id='par_1_80' title="bbox 2153 3447 3763 3519">
     <span class='ocr_line' id='line_1_80' title="bbox 2153 3447 3763 3519; baseline 0.004 -20"><span class='ocrx_word' id='word_1_538' title='bbox 2153 3447 2390 3514; x_wconf 87' lang='lat' dir='ltr'>Pascha,</span> <span class='ocrx_word' id='word_1_539' title='bbox 2413 3447 2605 3501; x_wconf 89' lang='lat' dir='ltr'>eadem</span> <span class='ocrx_word' id='word_1_540' title='bbox 2626 3448 2714 3501; x_wconf 88' lang='lat' dir='ltr'>via</span> <span class='ocrx_word' id='word_1_541' title='bbox 2745 3447 3010 3501; x_wconf 85' lang='lat' dir='ltr'>incedens</span> <span class='ocrx_word' id='word_1_542' title='bbox 3040 3463 3151 3518; x_wconf 90' lang='lat' dir='ltr'>qua</span> <span class='ocrx_word' id='word_1_543' title='bbox 3183 3447 3495 3519; x_wconf 84' lang='lat' dir='ltr'>Dionysius,</span> <span class='ocrx_word' id='word_1_544' title='bbox 3532 3450 3632 3505; x_wconf 89' lang='lat' dir='ltr'>sed</span> <span class='ocrx_word' id='word_1_545' title='bbox 3654 3466 3763 3505; x_wconf 86' lang='lat' dir='ltr'>non</span> 
     </span>
    </p>
   </div>
   <div class='ocr_carea' id='block_1_81' title="bbox 2146 3539 3762 3613">
    <p class='ocr_par' dir='ltr' id='par_1_81' title="bbox 2146 3539 3762 3613">
     <span class='ocr_line' id='line_1_81' title="bbox 2146 3539 3762 3613; baseline 0.002 -19"><span class='ocrx_word' id='word_1_546' title='bbox 2146 3540 2355 3594; x_wconf 85' lang='lat' dir='ltr'>eisdem</span> <span class='ocrx_word' id='word_1_547' title='bbox 2387 3539 2649 3611; x_wconf 84' lang='lat' dir='ltr'>vestigiis.</span> <span class='ocrx_word' id='word_1_548' title='bbox 2688 3539 2840 3604; x_wconf 87' lang='lat' dir='ltr'>Quod</span> <span class='ocrx_word' id='word_1_549' title='bbox 2897 3539 3139 3613; x_wconf 84' lang='lat' dir='ltr'>diligens</span> <span class='ocrx_word' id='word_1_550' title='bbox 3171 3541 3342 3595; x_wconf 89' lang='lat' dir='ltr'>lector</span> <span class='ocrx_word' id='word_1_551' title='bbox 3391 3541 3549 3597; x_wconf 85' lang='lat' dir='ltr'>facile</span> <span class='ocrx_word' id='word_1_552' title='bbox 3608 3543 3762 3598; x_wconf 88' lang='lat' dir='ltr'>inve-</span> 
     </span>
    </p>
   </div>
   <div class='ocr_carea' id='block_1_82' title="bbox 2148 3630 3760 3707">
    <p class='ocr_par' dir='ltr' id='par_1_82' title="bbox 2148 3630 3760 3707">
     <span class='ocr_line' id='line_1_82' title="bbox 2148 3630 3760 3707; baseline 0.004 -22"><span class='ocrx_word' id='word_1_553' title='bbox 2148 3632 2280 3699; x_wconf 89' lang='lat' dir='ltr'>niet,</span> <span class='ocrx_word' id='word_1_554' title='bbox 2312 3632 2357 3685; x_wconf 91' lang='lat' dir='ltr'>si</span> <span class='ocrx_word' id='word_1_555' title='bbox 2388 3632 2639 3687; x_wconf 86' lang='lat' dir='ltr'>curiosus</span> <span class='ocrx_word' id='word_1_556' title='bbox 2690 3630 2872 3686; x_wconf 86' lang='lat' dir='ltr'>fuerit.</span> <span class='ocrx_word' id='word_1_557' title='bbox 2919 3632 2979 3686; x_wconf 87' lang='lat' dir='ltr'>Et</span> <span class='ocrx_word' id='word_1_558' title='bbox 3014 3632 3142 3703; x_wconf 87' lang='lat' dir='ltr'>quia</span> <span class='ocrx_word' id='word_1_559' title='bbox 3174 3633 3368 3688; x_wconf 84' lang='lat' dir='ltr'>decem</span> <span class='ocrx_word' id='word_1_560' title='bbox 3426 3635 3643 3706; x_wconf 81' lang='lat' dir='ltr'>magnis</span> <span class='ocrx_word' id='word_1_561' title='bbox 3668 3651 3760 3707; x_wconf 84' lang='lat' dir='ltr'>cy-</span> 
     </span>
    </p>
   </div>
   <div class='ocr_carea' id='block_1_83' title="bbox 2144 3724 3754 3798">
    <p class='ocr_par' dir='ltr' id='par_1_83' title="bbox 2144 3724 3754 3798">
     <span class='ocr_line' id='line_1_83' title="bbox 2144 3724 3754 3798; baseline 0.001 -17"><span class='ocrx_word' id='word_1_562' title='bbox 2144 3726 2266 3787; x_wconf 91' lang='lat' dir='ltr'>clis,</span> <span class='ocrx_word' id='word_1_563' title='bbox 2320 3726 2413 3796; x_wconf 91' lang='lat' dir='ltr'>qui</span> <span class='ocrx_word' id='word_1_564' title='bbox 2468 3724 2670 3797; x_wconf 85' lang='lat' dir='ltr'>singuli</span> <span class='ocrx_word' id='word_1_565' title='bbox 2723 3724 3045 3798; x_wconf 85' lang='lat' dir='ltr'>quingentis</span> <span class='ocrx_word' id='word_1_566' title='bbox 3096 3741 3245 3779; x_wconf 74' lang='lat' dir='ltr'>xxx&quot;</span> <span class='ocrx_word' id='word_1_567' title='bbox 3280 3726 3444 3781; x_wconf 88' lang='lat' dir='ltr'>annis</span> <span class='ocrx_word' id='word_1_568' title='bbox 3481 3734 3754 3793; x_wconf 84' lang='lat' dir='ltr'>constant,</span> 
     </span>
    </p>
   </div>
   <div class='ocr_carea' id='block_1_84' title="bbox 2145 3816 3759 3889">
    <p class='ocr_par' dir='ltr' id='par_1_84' title="bbox 2145 3816 3759 3889">
     <span class='ocr_line' id='line_1_84' title="bbox 2145 3816 3759 3889; baseline 0.001 -16"><span class='ocrx_word' id='word_1_569' title='bbox 2145 3833 2284 3889; x_wconf 86' lang='lat' dir='ltr'>Opus</span> <span class='ocrx_word' id='word_1_570' title='bbox 2309 3833 2473 3873; x_wconf 84' lang='lat' dir='ltr'>omne</span> <span class='ocrx_word' id='word_1_571' title='bbox 2505 3817 2729 3871; x_wconf 84' lang='lat' dir='ltr'>distinxi</span> <span class='ocrx_word' id='word_1_572' title='bbox 2803 3816 2981 3886; x_wconf 92' lang='lat' dir='ltr'>ipsum</span> <span class='ocrx_word' id='word_1_573' title='bbox 3047 3816 3248 3871; x_wconf 91' lang='lat' dir='ltr'>librum</span> <span class='ocrx_word' id='word_1_574' title='bbox 3279 3817 3387 3873; x_wconf 91' lang='lat' dir='ltr'>hoc</span> <span class='ocrx_word' id='word_1_575' title='bbox 3432 3819 3591 3874; x_wconf 90' lang='lat' dir='ltr'>titulo</span> <span class='ocrx_word' id='word_1_576' title='bbox 3619 3835 3759 3889; x_wconf 84' lang='lat' dir='ltr'>pra-</span> 
     </span>
    </p>
   </div>
   <div class='ocr_carea' id='block_1_85' title="bbox 2145 3904 3753 3982">
    <p class='ocr_par' dir='ltr' id='par_1_85' title="bbox 2145 3904 3753 3982">
     <span class='ocr_line' id='line_1_85' title="bbox 2145 3904 3753 3982; baseline 0 -22"><span class='ocrx_word' id='word_1_577' title='bbox 2145 3907 2348 3973; x_wconf 87' lang='lat' dir='ltr'>notavi,</span> <span class='ocrx_word' id='word_1_578' title='bbox 2373 3918 2431 3961; x_wconf 88' lang='lat' dir='ltr'>ut</span> <span class='ocrx_word' id='word_1_579' title='bbox 2455 3904 2984 3961; x_wconf 82' lang='lat' dir='ltr'>Decemnovennalis</span> <span class='ocrx_word' id='word_1_580' title='bbox 3004 3915 3247 3960; x_wconf 87' lang='lat' dir='ltr'>vocetur.</span> <span class='ocrx_word' id='word_1_581' title='bbox 3275 3905 3568 3982; x_wconf 88' lang='lat' dir='ltr'>Prologum</span> <span class='ocrx_word' id='word_1_582' title='bbox 3592 3908 3753 3963; x_wconf 87' lang='lat' dir='ltr'>etiam</span> 
     </span>
    </p>
   </div>
   <div class='ocr_carea' id='block_1_86' title="bbox 2144 3997 3753 4072">
    <p class='ocr_par' dir='ltr' id='par_1_86' title="bbox 2144 3997 3753 4072">
     <span class='ocr_line' id='line_1_86' title="bbox 2144 3997 3753 4072; baseline 0 -19"><span class='ocrx_word' id='word_1_583' title='bbox 2144 4000 2416 4053; x_wconf 91' lang='lat' dir='ltr'>inmorcm</span> <span class='ocrx_word' id='word_1_584' title='bbox 2473 3998 2677 4072; x_wconf 84' lang='lat' dir='ltr'>dialogi</span> <span class='ocrx_word' id='word_1_585' title='bbox 2729 3997 3042 4068; x_wconf 88' lang='lat' dir='ltr'>anteposui,</span> <span class='ocrx_word' id='word_1_586' title='bbox 3092 4012 3254 4068; x_wconf 90' lang='lat' dir='ltr'>quem</span> <span class='ocrx_word' id='word_1_587' title='bbox 3294 3998 3476 4053; x_wconf 90' lang='lat' dir='ltr'>tribus</span> <span class='ocrx_word' id='word_1_588' title='bbox 3516 3998 3753 4054; x_wconf 86' lang='lat' dir='ltr'>tomellis</span> 
     </span>
    </p>
   </div>
   <div class='ocr_carea' id='block_1_87' title="bbox 2139 4086 3759 4161">
    <p class='ocr_par' dir='ltr' id='par_1_87' title="bbox 2139 4086 3759 4161">
     <span class='ocr_line' id='line_1_87' title="bbox 2139 4086 3759 4161; baseline -0.001 -17"><span class='ocrx_word' id='word_1_589' title='bbox 2139 4090 2327 4156; x_wconf 90' lang='lat' dir='ltr'>divisi,</span> <span class='ocrx_word' id='word_1_590' title='bbox 2378 4089 2647 4154; x_wconf 90' lang='lat' dir='ltr'>indicans,</span> <span class='ocrx_word' id='word_1_591' title='bbox 2684 4087 2787 4141; x_wconf 88' lang='lat' dir='ltr'>sub</span> <span class='ocrx_word' id='word_1_592' title='bbox 2830 4101 3067 4157; x_wconf 89' lang='lat' dir='ltr'>persona</span> <span class='ocrx_word' id='word_1_593' title='bbox 3120 4086 3523 4161; x_wconf 87' lang='lat' dir='ltr'>interrogantis</span> <span class='ocrx_word' id='word_1_594' title='bbox 3567 4096 3625 4143; x_wconf 88' lang='lat' dir='ltr'>et</span> <span class='ocrx_word' id='word_1_595' title='bbox 3672 4104 3759 4143; x_wconf 86' lang='lat' dir='ltr'>re-</span> 
     </span>
    </p>
   </div>
   <div class='ocr_carea' id='block_1_88' title="bbox 2142 4174 3753 4250">
    <p class='ocr_par' dir='ltr' id='par_1_88' title="bbox 2142 4174 3753 4250">
     <span class='ocr_line' id='line_1_88' title="bbox 2142 4174 3753 4250; baseline -0.002 -15"><span class='ocrx_word' id='word_1_596' title='bbox 2142 4177 2489 4250; x_wconf 88' lang='lat' dir='ltr'>spondentis,</span> <span class='ocrx_word' id='word_1_597' title='bbox 2531 4176 2897 4231; x_wconf 90' lang='lat' dir='ltr'>intentionem</span> <span class='ocrx_word' id='word_1_598' title='bbox 2929 4181 2983 4230; x_wconf 90' lang='lat' dir='ltr'>et</span> <span class='ocrx_word' id='word_1_599' title='bbox 3008 4174 3294 4230; x_wconf 87' lang='lat' dir='ltr'>utilitatem</span> <span class='ocrx_word' id='word_1_600' title='bbox 3337 4175 3517 4247; x_wconf 89' lang='lat' dir='ltr'>ipsius</span> <span class='ocrx_word' id='word_1_601' title='bbox 3548 4178 3753 4249; x_wconf 89' lang='lat' dir='ltr'>operis,</span> 
     </span>
    </p>
   </div>
   <div class='ocr_carea' id='block_1_89' title="bbox 2144 4267 3755 4343">
    <p class='ocr_par' dir='ltr' id='par_1_89' title="bbox 2144 4267 3755 4343">
     <span class='ocr_line' id='line_1_89' title="bbox 2144 4267 3755 4343; baseline -0.003 -15"><span class='ocrx_word' id='word_1_602' title='bbox 2144 4282 2199 4328; x_wconf 90' lang='lat' dir='ltr'>et</span> <span class='ocrx_word' id='word_1_603' title='bbox 2226 4272 2293 4325; x_wconf 91' lang='lat' dir='ltr'>ad</span> <span class='ocrx_word' id='word_1_604' title='bbox 2335 4287 2499 4343; x_wconf 90' lang='lat' dir='ltr'>quam</span> <span class='ocrx_word' id='word_1_605' title='bbox 2531 4276 2737 4340; x_wconf 88' lang='lat' dir='ltr'>partem</span> <span class='ocrx_word' id='word_1_606' title='bbox 2772 4267 3144 4339; x_wconf 68' lang='lat' dir='ltr'>philomphia</span> <span class='ocrx_word' id='word_1_607' title='bbox 3185 4268 3485 4337; x_wconf 85' lang='lat' dir='ltr'>pertineat,</span> <span class='ocrx_word' id='word_1_608' title='bbox 3546 4268 3755 4325; x_wconf 80' lang='lat' dir='ltr'>scilicet</span> 
     </span>
    </p>
   </div>
   <div class='ocr_carea' id='block_1_90' title="bbox 2141 4358 3755 4437">
    <p class='ocr_par' dir='ltr' id='par_1_90' title="bbox 2141 4358 3755 4437">
     <span class='ocr_line' id='line_1_90' title="bbox 2141 4358 3755 4437; baseline -0.004 -15"><span class='ocrx_word' id='word_1_609' title='bbox 2141 4367 2209 4422; x_wconf 91' lang='lat' dir='ltr'>ad</span> <span class='ocrx_word' id='word_1_610' title='bbox 2234 4365 2540 4437; x_wconf 88' lang='lat' dir='ltr'>physicam.</span> <span class='ocrx_word' id='word_1_611' title='bbox 2571 4360 2840 4432; x_wconf 87' lang='lat' dir='ltr'>Subjunxi</span> <span class='ocrx_word' id='word_1_612' title='bbox 2890 4360 3055 4414; x_wconf 91' lang='lat' dir='ltr'>etiam</span> <span class='ocrx_word' id='word_1_613' title='bbox 3108 4358 3274 4414; x_wconf 88' lang='lat' dir='ltr'>utiles</span> <span class='ocrx_word' id='word_1_614' title='bbox 3322 4361 3549 4433; x_wconf 86' lang='lat' dir='ltr'>regulas</span> <span class='ocrx_word' id='word_1_615' title='bbox 3604 4361 3755 4415; x_wconf 83' lang='lat' dir='ltr'>inve-</span> 
     </span>
    </p>
   </div>
   <div class='ocr_carea' id='block_1_91' title="bbox 2140 4449 3755 4520">
    <p class='ocr_par' dir='ltr' id='par_1_91' title="bbox 2140 4449 3755 4520">
     <span class='ocr_line' id='line_1_91' title="bbox 2140 4449 3755 4520; baseline -0.006 -6"><span class='ocrx_word' id='word_1_616' title='bbox 2140 4458 2328 4514; x_wconf 82' lang='lat' dir='ltr'>niendi</span> <span class='ocrx_word' id='word_1_617' title='bbox 2357 4471 2547 4520; x_wconf 89' lang='lat' dir='ltr'>annos,</span> <span class='ocrx_word' id='word_1_618' title='bbox 2580 4460 2634 4508; x_wconf 91' lang='lat' dir='ltr'>et</span> <span class='ocrx_word' id='word_1_619' title='bbox 2661 4452 2927 4509; x_wconf 87' lang='lat' dir='ltr'>terminos</span> <span class='ocrx_word' id='word_1_620' title='bbox 2967 4457 3021 4505; x_wconf 91' lang='lat' dir='ltr'>et</span> <span class='ocrx_word' id='word_1_621' title='bbox 3057 4449 3418 4520; x_wconf 89' lang='lat' dir='ltr'>indictiones,</span> <span class='ocrx_word' id='word_1_622' title='bbox 3448 4452 3755 4508; x_wconf 89' lang='lat' dir='ltr'>secundum</span> 
     </span>
    </p>
   </div>
   <div class='ocr_carea' id='block_1_92' title="bbox 416 4510 3757 4636">
    <p class='ocr_par' dir='ltr' id='par_1_92' title="bbox 416 4510 3757 4636">
     <span class='ocr_line' id='line_1_92' title="bbox 422 4510 3416 4534; baseline -0.009 -6"><span class='ocrx_word' id='word_1_623' title='bbox 422 4510 892 4534; x_wconf 68' lang='grc' dir='ltr'>ναιηυιαυνμσυ...,</span> <span class='ocrx_word' id='word_1_624' title='bbox 924 4510 955 4523; x_wconf 68' lang='grc' dir='ltr'><strong>ι.</strong></span> <span class='ocrx_word' id='word_1_625' title='bbox 988 4510 1222 4523; x_wconf 53' lang='lat' dir='ltr'>mw.&quot;</span> <span class='ocrx_word' id='word_1_626' title='bbox 1264 4510 1284 4520; x_wconf 90' lang='lat'>-</span> <span class='ocrx_word' id='word_1_627' title='bbox 1305 4510 1678 4519; x_wconf 64' lang='grc' dir='ltr'>η-.-.ν.--.-.-.</span> <span class='ocrx_word' id='word_1_628' title='bbox 1714 4510 1911 4518; x_wconf 70' lang='lat'>--.-----</span> <span class='ocrx_word' id='word_1_629' title='bbox 1943 4510 2005 4530; x_wconf 50' lang='grc' dir='ltr'><strong>μ</strong></span> <span class='ocrx_word' id='word_1_630' title='bbox 2142 4510 2325 4514; x_wconf 53' lang='lat'>__-__,,</span> <span class='ocrx_word' id='word_1_631' title='bbox 2537 4510 2546 4520; x_wconf 83' lang='grc'><strong><em>,</em></strong></span> <span class='ocrx_word' id='word_1_632' title='bbox 3402 4510 3416 4520; x_wconf 52' lang='grc'>,</span> 
     </span>
     <span class='ocr_line' id='line_1_93' title="bbox 416 4510 3757 4636; baseline -0.007 -17"><span class='ocrx_word' id='word_1_633' title='bbox 416 4562 587 4621; x_wconf 90' lang='lat' dir='ltr'>bebat</span> <span class='ocrx_word' id='word_1_634' title='bbox 604 4562 881 4636; x_wconf 89' lang='lat' dir='ltr'>perditum</span> <span class='ocrx_word' id='word_1_635' title='bbox 919 4560 1005 4615; x_wconf 93' lang='lat' dir='ltr'>iri.</span> <span class='ocrx_word' id='word_1_636' title='bbox 1060 4557 1431 4613; x_wconf 89' lang='lat' dir='ltr'>Nihilominus</span> <span class='ocrx_word' id='word_1_637' title='bbox 1484 4555 1603 4625; x_wconf 93' lang='lat' dir='ltr'>ipso</span> <span class='ocrx_word' id='word_1_638' title='bbox 1640 4561 1906 4625; x_wconf 90' lang='lat' dir='ltr'>poscente</span> <span class='ocrx_word' id='word_1_639' title='bbox 1938 4570 2027 4609; x_wconf 83' lang='lat' dir='ltr'>re—</span> <span class='ocrx_word' id='word_1_640' title='bbox 2060 4510 2117 4578; x_wconf 83' lang='lat' dir='ltr'>D</span> <span class='ocrx_word' id='word_1_641' title='bbox 2137 4545 2530 4619; x_wconf 86' lang='lat' dir='ltr'>dispositiones</span> <span class='ocrx_word' id='word_1_642' title='bbox 2560 4543 2755 4614; x_wconf 67' lang='lat' dir='ltr'>ipsius.</span> <span class='ocrx_word' id='word_1_643' title='bbox 2789 4541 3039 4596; x_wconf 87' lang='lat' dir='ltr'>Imitatus</span> <span class='ocrx_word' id='word_1_644' title='bbox 3076 4541 3241 4596; x_wconf 87' lang='lat' dir='ltr'>etiam</span> <span class='ocrx_word' id='word_1_645' title='bbox 3285 4540 3681 4614; x_wconf 84' lang='lat' dir='ltr'>Hieronymum</span> <span class='ocrx_word' id='word_1_646' title='bbox 3704 4548 3757 4595; x_wconf 87' lang='lat' dir='ltr'>et</span> 
     </span>
    </p>
   </div>
   <div class='ocr_carea' id='block_1_93' title="bbox 412 4646 2032 4726">
    <p class='ocr_par' dir='ltr' id='par_1_93' title="bbox 412 4646 2032 4726">
     <span class='ocr_line' id='line_1_94' title="bbox 412 4646 2032 4726; baseline -0.008 -16"><span class='ocrx_word' id='word_1_647' title='bbox 412 4655 612 4726; x_wconf 86' lang='lat' dir='ltr'>spondi</span> <span class='ocrx_word' id='word_1_648' title='bbox 625 4651 1054 4710; x_wconf 90' lang='lat' dir='ltr'>Treverensibus</span> <span class='ocrx_word' id='word_1_649' title='bbox 1082 4649 1152 4703; x_wconf 90' lang='lat' dir='ltr'>de</span> <span class='ocrx_word' id='word_1_650' title='bbox 1176 4647 1390 4716; x_wconf 89' lang='lat' dir='ltr'>jejunio</span> <span class='ocrx_word' id='word_1_651' title='bbox 1409 4646 1649 4710; x_wconf 85' lang='lat' dir='ltr'>Quatuor</span> <span class='ocrx_word' id='word_1_652' title='bbox 1677 4646 2032 4715; x_wconf 90' lang='lat' dir='ltr'>Temporum,</span> 
     </span>
    </p>
   </div>
   <div class='ocr_carea' id='block_1_94' title="bbox 414 4737 2030 4824">
    <p class='ocr_par' dir='ltr' id='par_1_94' title="bbox 414 4737 2030 4824">
     <span class='ocr_line' id='line_1_95' title="bbox 414 4737 2030 4824; baseline -0.005 -23"><span class='ocrx_word' id='word_1_653' title='bbox 414 4746 510 4818; x_wconf 88' lang='lat' dir='ltr'>qui</span> <span class='ocrx_word' id='word_1_654' title='bbox 540 4749 759 4824; x_wconf 85' lang='lat' dir='ltr'>regulas</span> <span class='ocrx_word' id='word_1_655' title='bbox 802 4744 1089 4815; x_wconf 89' lang='lat' dir='ltr'>cujusdam</span> <span class='ocrx_word' id='word_1_656' title='bbox 1140 4740 1425 4807; x_wconf 87' lang='lat' dir='ltr'>Bernonis,</span> <span class='ocrx_word' id='word_1_657' title='bbox 1475 4738 1779 4793; x_wconf 89' lang='lat' dir='ltr'>secundum</span> <span class='ocrx_word' id='word_1_658' title='bbox 1809 4737 2030 4811; x_wconf 87' lang='lat' dir='ltr'>allego-</span> 
     </span>
    </p>
   </div>
   <div class='ocr_carea' id='block_1_95' title="bbox 414 4825 2028 4901">
    <p class='ocr_par' dir='ltr' id='par_1_95' title="bbox 414 4825 2028 4901">
     <span class='ocr_line' id='line_1_96' title="bbox 414 4825 2028 4901; baseline -0.004 -14"><span class='ocrx_word' id='word_1_659' title='bbox 414 4832 572 4897; x_wconf 87' lang='lat' dir='ltr'>riam,</span> <span class='ocrx_word' id='word_1_660' title='bbox 597 4844 657 4889; x_wconf 90' lang='lat' dir='ltr'>ut</span> <span class='ocrx_word' id='word_1_661' title='bbox 681 4834 789 4890; x_wconf 89' lang='lat' dir='ltr'>sibi</span> <span class='ocrx_word' id='word_1_662' title='bbox 822 4834 1061 4901; x_wconf 87' lang='lat' dir='ltr'>videtur,</span> <span class='ocrx_word' id='word_1_663' title='bbox 1107 4831 1252 4886; x_wconf 90' lang='lat' dir='ltr'>bene</span> <span class='ocrx_word' id='word_1_664' title='bbox 1300 4827 1681 4894; x_wconf 88' lang='lat' dir='ltr'>concinnatas,</span> <span class='ocrx_word' id='word_1_665' title='bbox 1710 4825 2028 4893; x_wconf 87' lang='lat' dir='ltr'>observant,</span> 
     </span>
    </p>
   </div>
   <div class='ocr_carea' id='block_1_96' title="bbox 2138 4629 3755 4702">
    <p class='ocr_par' dir='ltr' id='par_1_96' title="bbox 2138 4629 3755 4702">
     <span class='ocr_line' id='line_1_97' title="bbox 2138 4629 3755 4702; baseline -0.006 -10"><span class='ocrx_word' id='word_1_666' title='bbox 2138 4635 2502 4699; x_wconf 86' lang='lat' dir='ltr'>Gennadium,</span> <span class='ocrx_word' id='word_1_667' title='bbox 2534 4630 2731 4702; x_wconf 89' lang='lat' dir='ltr'>scripsi</span> <span class='ocrx_word' id='word_1_668' title='bbox 2746 4630 3000 4685; x_wconf 91' lang='lat' dir='ltr'>ultimum</span> <span class='ocrx_word' id='word_1_669' title='bbox 3047 4630 3203 4685; x_wconf 87' lang='lat' dir='ltr'>hunc</span> <span class='ocrx_word' id='word_1_670' title='bbox 3238 4629 3497 4685; x_wconf 88' lang='lat' dir='ltr'>libellum</span> <span class='ocrx_word' id='word_1_671' title='bbox 3532 4631 3607 4685; x_wconf 89' lang='lat' dir='ltr'>De</span> <span class='ocrx_word' id='word_1_672' title='bbox 3630 4629 3755 4684; x_wconf 88' lang='lat' dir='ltr'>illu-</span> 
     </span>
    </p>
   </div>
   <div class='ocr_carea' id='block_1_97' title="bbox 2134 4720 3754 4796">
    <p class='ocr_par' dir='ltr' id='par_1_97' title="bbox 2134 4720 3754 4796">
     <span class='ocr_line' id='line_1_98' title="bbox 2134 4720 3754 4796; baseline -0.007 -11"><span class='ocrx_word' id='word_1_673' title='bbox 2134 4728 2340 4785; x_wconf 88' lang='lat' dir='ltr'>stribus</span> <span class='ocrx_word' id='word_1_674' title='bbox 2361 4726 2509 4790; x_wconf 82' lang='lat' dir='ltr'>viris,</span> <span class='ocrx_word' id='word_1_675' title='bbox 2558 4731 2825 4796; x_wconf 88' lang='lat' dir='ltr'>quantum</span> <span class='ocrx_word' id='word_1_676' title='bbox 2875 4720 3075 4777; x_wconf 88' lang='lat' dir='ltr'>notitia</span> <span class='ocrx_word' id='word_1_677' title='bbox 3118 4736 3255 4777; x_wconf 85' lang='lat' dir='ltr'>mea</span> <span class='ocrx_word' id='word_1_678' title='bbox 3309 4720 3754 4795; x_wconf 79' lang='lat' dir='ltr'>investigationis</span> 
     </span>
    </p>
   </div>
   <div class='ocr_carea' id='block_1_98' title="bbox 2133 4817 2625 4895">
    <p class='ocr_par' dir='ltr' id='par_1_98' title="bbox 2133 4817 2625 4895">
     <span class='ocr_line' id='line_1_99' title="bbox 2133 4817 2625 4895; baseline -0.02 -15"><span class='ocrx_word' id='word_1_679' title='bbox 2133 4822 2423 4895; x_wconf 85' lang='lat' dir='ltr'>exquirere</span> <span class='ocrx_word' id='word_1_680' title='bbox 2452 4817 2625 4890; x_wconf 89' lang='lat' dir='ltr'>potui.</span> 
     </span>
    </p>
   </div>
   <div class='ocr_carea' id='block_1_99' title="bbox 1216 4921 2512 4982">
    <p class='ocr_par' dir='ltr' id='par_1_99' title="bbox 1216 4921 2512 4982">
     <span class='ocr_line' id='line_1_100' title="bbox 1216 4921 2512 4982; baseline -0.008 1"><span class='ocrx_word' id='word_1_681' title='bbox 1216 4970 1221 4975; x_wconf 73' lang='lat'>.</span> <span class='ocrx_word' id='word_1_682' title='bbox 1646 4925 1927 4981; x_wconf 77' lang='lat' dir='ltr'>AUBERTI</span> <span class='ocrx_word' id='word_1_683' title='bbox 1968 4927 2175 4982; x_wconf 63' lang='lat' dir='ltr'>MIRZEI</span> <span class='ocrx_word' id='word_1_684' title='bbox 2217 4921 2512 4978; x_wconf 85' lang='lat' dir='ltr'>SCHOLIA.</span> 
     </span>
    </p>
   </div>
   <div class='ocr_carea' id='block_1_100' title="bbox 488 4985 3752 5078">
    <p class='ocr_par' dir='ltr' id='par_1_100' title="bbox 488 4985 3752 5078">
     <span class='ocr_line' id='line_1_101' title="bbox 488 4985 3752 5078; baseline -0.005 -20"><span class='ocrx_word' id='word_1_685' title='bbox 488 5001 634 5078; x_wconf 70' lang='lat'>(860)</span> <span class='ocrx_word' id='word_1_686' title='bbox 665 4999 1444 5078; x_wconf 30' lang='lat' dir='ltr'>SigeberlustGemblacensis</span> <span class='ocrx_word' id='word_1_687' title='bbox 1496 4998 1552 5052; x_wconf 92' lang='lat' dir='ltr'>in</span> <span class='ocrx_word' id='word_1_688' title='bbox 1588 4997 1877 5078; x_wconf 65' lang='lat' dir='ltr'>Drabantia</span> <span class='ocrx_word' id='word_1_689' title='bbox 1907 5014 2027 5078; x_wconf 83' lang='lat' dir='ltr'>mo-</span> <span class='ocrx_word' id='word_1_690' title='bbox 2129 4999 2339 5060; x_wconf 86' lang='lat' dir='ltr'>bertus,</span> <span class='ocrx_word' id='word_1_691' title='bbox 2375 4989 2878 5078; x_wconf 55' lang='lat' dir='ltr'>pontificibusplus</span> <span class='ocrx_word' id='word_1_692' title='bbox 2898 5002 3057 5078; x_wconf 54' lang='lat' dir='ltr'>aquo</span> <span class='ocrx_word' id='word_1_693' title='bbox 3086 4985 3253 5078; x_wconf 51' lang='lat' dir='ltr'>fuLer‘it</span> <span class='ocrx_word' id='word_1_694' title='bbox 3280 4985 3560 5078; x_wconf 61' lang='lat' dir='ltr'>infensior</span> <span class='ocrx_word' id='word_1_695' title='bbox 3596 4986 3752 5078; x_wconf 72' lang='lat' dir='ltr'>Unde</span> 
     </span>
    </p>
   </div>
   <div class='ocr_carea' id='block_1_101' title="bbox 414 5069 2024 5141">
    <p class='ocr_par' dir='ltr' id='par_1_101' title="bbox 414 5069 2024 5141">
     <span class='ocr_line' id='line_1_102' title="bbox 414 5069 2024 5141; baseline -0.003 -13"><span class='ocrx_word' id='word_1_696' title='bbox 414 5069 646 5137; x_wconf 74' lang='lat' dir='ltr'>naChus,</span> <span class='ocrx_word' id='word_1_697' title='bbox 677 5069 888 5130; x_wconf 66' lang='lat' dir='ltr'>ordinis</span> <span class='ocrx_word' id='word_1_698' title='bbox 925 5069 1319 5137; x_wconf 29' lang='lat' dir='ltr'>S.’Benedicti,</span> <span class='ocrx_word' id='word_1_699' title='bbox 1360 5070 1536 5141; x_wconf 91' lang='lat' dir='ltr'>prima</span> <span class='ocrx_word' id='word_1_700' title='bbox 1559 5076 1720 5123; x_wconf 83' lang='lat' dir='ltr'>atate</span> <span class='ocrx_word' id='word_1_701' title='bbox 1755 5069 1934 5133; x_wconf 87' lang='lat' dir='ltr'>Metis,</span> <span class='ocrx_word' id='word_1_702' title='bbox 1970 5070 2024 5123; x_wconf 90' lang='lat' dir='ltr'>in</span> 
     </span>
    </p>
   </div>
   <div class='ocr_carea' id='block_1_102' title="bbox 413 5141 2023 5224">
    <p class='ocr_par' dir='ltr' id='par_1_102' title="bbox 413 5141 2023 5224">
     <span class='ocr_line' id='line_1_103' title="bbox 413 5141 2023 5224; baseline -0.003 -24"><span class='ocrx_word' id='word_1_703' title='bbox 413 5144 798 5224; x_wconf 70' lang='lat' dir='ltr'>canobio__S_.</span> <span class='ocrx_word' id='word_1_704' title='bbox 856 5145 1146 5224; x_wconf 75' lang='lat' dir='ltr'>Vincentii,</span> <span class='ocrx_word' id='word_1_705' title='bbox 1208 5144 1411 5224; x_wconf 75' lang='lat' dir='ltr'>multos</span> <span class='ocrx_word' id='word_1_706' title='bbox 1456 5141 1682 5224; x_wconf 71' lang='lat' dir='ltr'>erpdiit,</span> <span class='ocrx_word' id='word_1_707' title='bbox 1744 5142 2023 5224; x_wconf 70' lang='lat' dir='ltr'>multaque</span> 
     </span>
    </p>
   </div>
   <div class='ocr_carea' id='block_1_103' title="bbox 411 5210 2026 5283">
    <p class='ocr_par' dir='ltr' id='par_1_103' title="bbox 411 5210 2026 5283">
     <span class='ocr_line' id='line_1_104' title="bbox 411 5210 2026 5283; baseline -0.002 -13"><span class='ocrx_word' id='word_1_708' title='bbox 411 5213 653 5283; x_wconf 88' lang='lat' dir='ltr'>scripsit,</span> <span class='ocrx_word' id='word_1_709' title='bbox 688 5215 950 5272; x_wconf 86' lang='lat' dir='ltr'>Fulcuino</span> <span class='ocrx_word' id='word_1_710' title='bbox 1006 5216 1261 5271; x_wconf 87' lang='lat' dir='ltr'>Lobiensi</span> <span class='ocrx_word' id='word_1_711' title='bbox 1288 5213 1471 5269; x_wconf 89' lang='lat' dir='ltr'>abbati</span> <span class='ocrx_word' id='word_1_712' title='bbox 1512 5210 1817 5283; x_wconf 86' lang='lat' dir='ltr'>familiaris.</span> <span class='ocrx_word' id='word_1_713' title='bbox 1864 5210 2026 5266; x_wconf 82' lang='lat' dir='ltr'>Gem-</span> 
     </span>
    </p>
   </div>
   <div class='ocr_carea' id='block_1_104' title="bbox 413 5282 2023 5358">
    <p class='ocr_par' dir='ltr' id='par_1_104' title="bbox 413 5282 2023 5358">
     <span class='ocr_line' id='line_1_105' title="bbox 413 5282 2023 5358; baseline -0.001 -19"><span class='ocrx_word' id='word_1_714' title='bbox 413 5282 634 5358; x_wconf 82' lang='lat' dir='ltr'>blacum</span> <span class='ocrx_word' id='word_1_715' title='bbox 660 5302 931 5358; x_wconf 90' lang='lat' dir='ltr'>reversus,</span> <span class='ocrx_word' id='word_1_716' title='bbox 963 5288 1180 5343; x_wconf 88' lang='lat' dir='ltr'>demum</span> <span class='ocrx_word' id='word_1_717' title='bbox 1212 5293 1369 5358; x_wconf 87' lang='lat' dir='ltr'>atate</span> <span class='ocrx_word' id='word_1_718' title='bbox 1400 5282 1799 5358; x_wconf 79' lang='lat' dir='ltr'>grandis_diem</span> <span class='ocrx_word' id='word_1_719' title='bbox 1823 5298 2023 5358; x_wconf 82' lang='lat' dir='ltr'>supre-</span> 
     </span>
    </p>
   </div>
   <div class='ocr_carea' id='block_1_105' title="bbox 410 5353 2017 5437">
    <p class='ocr_par' dir='ltr' id='par_1_105' title="bbox 410 5353 2017 5437">
     <span class='ocr_line' id='line_1_106' title="bbox 410 5353 2017 5437; baseline -0.002 -26"><span class='ocrx_word' id='word_1_720' title='bbox 410 5356 814 5437; x_wconf 51' lang='lat' dir='ltr'>muniobiituut</span> <span class='ocrx_word' id='word_1_721' title='bbox 838 5358 1021 5437; x_wconf 71' lang='lat' dir='ltr'>Nonas</span> <span class='ocrx_word' id='word_1_722' title='bbox 1044 5357 1294 5437; x_wconf 77' lang='lat' dir='ltr'>Qctobris</span> <span class='ocrx_word' id='word_1_723' title='bbox 1323 5353 1547 5435; x_wconf 41' lang='lat' dir='ltr'>ant—10.1</span> <span class='ocrx_word' id='word_1_724' title='bbox 1568 5353 1682 5437; x_wconf 45' lang='lat' dir='ltr'>tui,</span> <span class='ocrx_word' id='word_1_725' title='bbox 1710 5354 1856 5437; x_wconf 82' lang='lat' dir='ltr'>apud</span> <span class='ocrx_word' id='word_1_726' title='bbox 1887 5370 2017 5409; x_wconf 85' lang='lat' dir='ltr'>suos</span> 
     </span>
    </p>
   </div>
   <div class='ocr_carea' id='block_1_106' title="bbox 410 5424 2017 5509">
    <p class='ocr_par' dir='ltr' id='par_1_106' title="bbox 410 5424 2017 5509">
     <span class='ocr_line' id='line_1_107' title="bbox 410 5424 2017 5509; baseline -0.001 -27"><span class='ocrx_word' id='word_1_727' title='bbox 410 5426 688 5509; x_wconf 67' lang='lat' dir='ltr'>conditus.</span> <span class='ocrx_word' id='word_1_728' title='bbox 721 5427 1237 5509; x_wconf 38' lang='lat' dir='ltr'>Notet.vero_lecto.r</span> <span class='ocrx_word' id='word_1_729' title='bbox 1275 5428 1332 5481; x_wconf 90' lang='lat' dir='ltr'>in</span> <span class='ocrx_word' id='word_1_730' title='bbox 1362 5442 1426 5481; x_wconf 89' lang='lat' dir='ltr'>ea</span> <span class='ocrx_word' id='word_1_731' title='bbox 1481 5424 2017 5509; x_wconf 43' lang='lat' dir='ltr'>incidisse-tempora</span> 
     </span>
    </p>
   </div>
   <div class='ocr_carea' id='block_1_107' title="bbox 409 5494 2017 5579">
    <p class='ocr_par' dir='ltr' id='par_1_107' title="bbox 409 5494 2017 5579">
     <span class='ocr_line' id='line_1_108' title="bbox 409 5494 2017 5579; baseline -0.001 -27"><span class='ocrx_word' id='word_1_732' title='bbox 409 5495 993 5579; x_wconf 64' lang='lat' dir='ltr'>Sigebertumquibus</span> <span class='ocrx_word' id='word_1_733' title='bbox 1018 5499 1351 5579; x_wconf 32' lang='lat' dir='ltr'>Eccl‘esiaoet.</span> <span class='ocrx_word' id='word_1_734' title='bbox 1367 5494 1683 5579; x_wconf 73' lang='lat' dir='ltr'>respublica</span> <span class='ocrx_word' id='word_1_735' title='bbox 1711 5494 2017 5579; x_wconf 74' lang='lat' dir='ltr'>Christiana</span> 
     </span>
    </p>
   </div>
   <div class='ocr_carea' id='block_1_108' title="bbox 408 5568 2015 5636">
    <p class='ocr_par' dir='ltr' id='par_1_108' title="bbox 408 5568 2015 5636">
     <span class='ocr_line' id='line_1_109' title="bbox 408 5568 2015 5636; baseline -0.001 -12"><span class='ocrx_word' id='word_1_736' title='bbox 408 5568 647 5624; x_wconf 78' lang='lat' dir='ltr'>maxime</span> <span class='ocrx_word' id='word_1_737' title='bbox 676 5568 889 5624; x_wconf 87' lang='lat' dir='ltr'>turbata</span> <span class='ocrx_word' id='word_1_738' title='bbox 920 5568 1042 5636; x_wconf 88' lang='lat' dir='ltr'>fuit,</span> <span class='ocrx_word' id='word_1_739' title='bbox 1097 5570 1168 5625; x_wconf 93' lang='lat' dir='ltr'>ob</span> <span class='ocrx_word' id='word_1_740' title='bbox 1223 5568 1512 5623; x_wconf 90' lang='lat' dir='ltr'>dissidium</span> <span class='ocrx_word' id='word_1_741' title='bbox 1545 5568 1689 5622; x_wconf 89' lang='lat' dir='ltr'>inter</span> <span class='ocrx_word' id='word_1_742' title='bbox 1742 5568 2015 5622; x_wconf 82' lang='lat' dir='ltr'>Romanos</span> 
     </span>
    </p>
   </div>
   <div class='ocr_carea' id='block_1_109' title="bbox 409 5637 2015 5713">
    <p class='ocr_par' dir='ltr' id='par_1_109' title="bbox 409 5637 2015 5713">
     <span class='ocr_line' id='line_1_110' title="bbox 409 5637 2015 5713; baseline -0.002 -17"><span class='ocrx_word' id='word_1_743' title='bbox 409 5637 703 5710; x_wconf 87' lang='lat' dir='ltr'>pontiﬁces</span> <span class='ocrx_word' id='word_1_744' title='bbox 729 5640 1051 5713; x_wconf 83' lang='lat' dir='ltr'>Gregorium</span> <span class='ocrx_word' id='word_1_745' title='bbox 1072 5642 1184 5713; x_wconf 78' lang='lat' dir='ltr'>VII,</span> <span class='ocrx_word' id='word_1_746' title='bbox 1208 5639 1480 5713; x_wconf 79' lang='lat' dir='ltr'>Urbanum</span> <span class='ocrx_word' id='word_1_747' title='bbox 1491 5639 1606 5713; x_wconf 82' lang='lat' dir='ltr'>_I_let</span> <span class='ocrx_word' id='word_1_748' title='bbox 1638 5638 2015 5713; x_wconf 88' lang='lat' dir='ltr'>Paschal_emII</span> 
     </span>
    </p>
   </div>
   <div class='ocr_carea' id='block_1_110' title="bbox 406 5708 2011 5782">
    <p class='ocr_par' dir='ltr' id='par_1_110' title="bbox 406 5708 2011 5782">
     <span class='ocr_line' id='line_1_111' title="bbox 406 5708 2011 5782; baseline -0.001 -16"><span class='ocrx_word' id='word_1_749' title='bbox 406 5708 473 5782; x_wconf 76' lang='lat' dir='ltr'>ex</span> <span class='ocrx_word' id='word_1_750' title='bbox 503 5726 612 5782; x_wconf 86' lang='lat' dir='ltr'>una</span> <span class='ocrx_word' id='word_1_751' title='bbox 640 5719 814 5782; x_wconf 88' lang='lat' dir='ltr'>parte,</span> <span class='ocrx_word' id='word_1_752' title='bbox 837 5708 909 5767; x_wconf 72' lang='grc' dir='ltr'>ἐι</span> <span class='ocrx_word' id='word_1_753' title='bbox 936 5711 1081 5769; x_wconf 90' lang='lat' dir='ltr'>inter</span> <span class='ocrx_word' id='word_1_754' title='bbox 1128 5711 1421 5782; x_wconf 83' lang='lat' dir='ltr'>Henricum</span> <span class='ocrx_word' id='word_1_755' title='bbox 1462 5708 1527 5763; x_wconf 87' lang='lat' dir='ltr'>IV</span> <span class='ocrx_word' id='word_1_756' title='bbox 1552 5708 1690 5779; x_wconf 92' lang='lat' dir='ltr'>imp.</span> <span class='ocrx_word' id='word_1_757' title='bbox 1731 5725 1795 5762; x_wconf 86' lang='lat' dir='ltr'>ex</span> <span class='ocrx_word' id='word_1_758' title='bbox 1822 5709 2011 5782; x_wconf 80' lang='lat' dir='ltr'>altera.</span> 
     </span>
    </p>
   </div>
   <div class='ocr_carea' id='block_1_111' title="bbox 407 5780 2013 5855">
    <p class='ocr_par' dir='ltr' id='par_1_111' title="bbox 407 5780 2013 5855">
     <span class='ocr_line' id='line_1_112' title="bbox 407 5780 2013 5855; baseline -0.002 -17"><span class='ocrx_word' id='word_1_759' title='bbox 407 5781 524 5847; x_wconf 85' lang='lat' dir='ltr'>Quo</span> <span class='ocrx_word' id='word_1_760' title='bbox 554 5780 755 5840; x_wconf 80' lang='lat' dir='ltr'>factum</span> <span class='ocrx_word' id='word_1_761' title='bbox 784 5790 869 5839; x_wconf 89' lang='lat' dir='ltr'>est</span> <span class='ocrx_word' id='word_1_762' title='bbox 893 5789 953 5840; x_wconf 90' lang='lat' dir='ltr'>ut</span> <span class='ocrx_word' id='word_1_763' title='bbox 1004 5780 1358 5855; x_wconf 88' lang='lat' dir='ltr'>imperatoris</span> <span class='ocrx_word' id='word_1_764' title='bbox 1386 5787 1573 5851; x_wconf 89' lang='lat' dir='ltr'>partes</span> <span class='ocrx_word' id='word_1_765' title='bbox 1599 5786 1820 5835; x_wconf 89' lang='lat' dir='ltr'>secutus</span> <span class='ocrx_word' id='word_1_766' title='bbox 1849 5780 2013 5853; x_wconf 83' lang='lat' dir='ltr'>Sige-</span> 
     </span>
    </p>
   </div>
   <div class='ocr_carea' id='block_1_112' title="bbox 2128 5058 3754 5141">
    <p class='ocr_par' dir='ltr' id='par_1_112' title="bbox 2128 5058 3754 5141">
     <span class='ocr_line' id='line_1_113' title="bbox 2128 5058 3754 5141; baseline -0.007 -18"><span class='ocrx_word' id='word_1_767' title='bbox 2128 5084 2251 5141; x_wconf 81' lang='lat' dir='ltr'>qua</span> <span class='ocrx_word' id='word_1_768' title='bbox 2284 5058 2472 5141; x_wconf 78' lang='lat' dir='ltr'>contra</span> <span class='ocrx_word' id='word_1_769' title='bbox 2525 5058 2847 5141; x_wconf 79' lang='lat' dir='ltr'>Gregorium</span> <span class='ocrx_word' id='word_1_770' title='bbox 2898 5058 3309 5141; x_wconf 33' lang='lat' dir='ltr'>et’P’asch‘alem</span> <span class='ocrx_word' id='word_1_771' title='bbox 3341 5059 3586 5141; x_wconf 77' lang='lat' dir='ltr'>scripsit,</span> <span class='ocrx_word' id='word_1_772' title='bbox 3614 5064 3754 5113; x_wconf 90' lang='lat' dir='ltr'>utet</span> 
     </span>
    </p>
   </div>
   <div class='ocr_carea' id='block_1_113' title="bbox 2126 5128 3750 5204">
    <p class='ocr_par' dir='ltr' id='par_1_113' title="bbox 2126 5128 3750 5204">
     <span class='ocr_line' id='line_1_114' title="bbox 2126 5128 3750 5204; baseline -0.007 -10"><span class='ocrx_word' id='word_1_773' title='bbox 2126 5128 2253 5204; x_wconf 74' lang='lat' dir='ltr'>alia,</span> <span class='ocrx_word' id='word_1_774' title='bbox 2297 5136 2478 5191; x_wconf 77' lang='lat' dir='ltr'>vetita</span> <span class='ocrx_word' id='word_1_775' title='bbox 2509 5128 2969 5204; x_wconf 58' lang='lat' dir='ltr'>sunt&quot;lectionis._</span> <span class='ocrx_word' id='word_1_776' title='bbox 3025 5128 3377 5204; x_wconf 74' lang='lat' dir='ltr'>Sigebertum</span> <span class='ocrx_word' id='word_1_777' title='bbox 3440 5128 3750 5185; x_wconf 74' lang='lat' dir='ltr'>refutarunt</span> 
     </span>
    </p>
   </div>
   <div class='ocr_carea' id='block_1_114' title="bbox 2125 5199 3753 5275">
    <p class='ocr_par' dir='ltr' id='par_1_114' title="bbox 2125 5199 3753 5275">
     <span class='ocr_line' id='line_1_115' title="bbox 2125 5199 3753 5275; baseline -0.008 -10"><span class='ocrx_word' id='word_1_778' title='bbox 2125 5199 2412 5265; x_wconf 85' lang='lat' dir='ltr'>Anselmus</span> <span class='ocrx_word' id='word_1_779' title='bbox 2441 5205 2607 5275; x_wconf 88' lang='lat' dir='ltr'>epist.</span> <span class='ocrx_word' id='word_1_780' title='bbox 2666 5203 2734 5257; x_wconf 90' lang='lat' dir='ltr'>ad</span> <span class='ocrx_word' id='word_1_781' title='bbox 2777 5199 3127 5275; x_wconf 78' lang='lat' dir='ltr'>Guillelmum</span> <span class='ocrx_word' id='word_1_782' title='bbox 3178 5199 3641 5275; x_wconf 74' lang='lat' dir='ltr'>abbatem,__qua_</span> <span class='ocrx_word' id='word_1_783' title='bbox 3669 5205 3753 5254; x_wconf 89' lang='lat' dir='ltr'>est</span> 
     </span>
    </p>
   </div>
   <div class='ocr_carea' id='block_1_115' title="bbox 2124 5271 3752 5338">
    <p class='ocr_par' dir='ltr' id='par_1_115' title="bbox 2124 5271 3752 5338">
     <span class='ocr_line' id='line_1_116' title="bbox 2124 5271 3752 5338; baseline -0.009 -1"><span class='ocrx_word' id='word_1_784' title='bbox 2124 5294 2356 5337; x_wconf 89' lang='lat' dir='ltr'>numero</span> <span class='ocrx_word' id='word_1_785' title='bbox 2396 5271 2627 5338; x_wconf 78' lang='lat' dir='ltr'>octava;</span> <span class='ocrx_word' id='word_1_786' title='bbox 2662 5273 3002 5329; x_wconf 89' lang='lat' dir='ltr'>Baroniusin</span> <span class='ocrx_word' id='word_1_787' title='bbox 3034 5271 3369 5335; x_wconf 86' lang='lat' dir='ltr'>Annalibus;</span> <span class='ocrx_word' id='word_1_788' title='bbox 3391 5272 3752 5325; x_wconf 82' lang='lat' dir='ltr'>Bellarminus</span> 
     </span>
    </p>
   </div>
   <div class='ocr_carea' id='block_1_116' title="bbox 2124 5341 3749 5421">
    <p class='ocr_par' dir='ltr' id='par_1_116' title="bbox 2124 5341 3749 5421">
     <span class='ocr_line' id='line_1_117' title="bbox 2124 5341 3749 5421; baseline -0.008 -13"><span class='ocrx_word' id='word_1_789' title='bbox 2124 5354 2179 5408; x_wconf 93' lang='lat' dir='ltr'>in</span> <span class='ocrx_word' id='word_1_790' title='bbox 2208 5351 2463 5421; x_wconf 82' lang='lat' dir='ltr'>Catalogo</span> <span class='ocrx_word' id='word_1_791' title='bbox 2518 5357 2574 5402; x_wconf 91' lang='lat' dir='ltr'>et</span> <span class='ocrx_word' id='word_1_792' title='bbox 2620 5346 2678 5400; x_wconf 93' lang='lat' dir='ltr'>in</span> <span class='ocrx_word' id='word_1_793' title='bbox 2742 5341 3479 5421; x_wconf 33' lang='lat' dir='ltr'>Controversiarumalibris.</span> <span class='ocrx_word' id='word_1_794' title='bbox 3518 5343 3659 5421; x_wconf 76' lang='lat' dir='ltr'>Vide</span> <span class='ocrx_word' id='word_1_795' title='bbox 3690 5346 3749 5421; x_wconf 63' lang='lat' dir='ltr'>et</span> 
     </span>
    </p>
   </div>
   <div class='ocr_carea' id='block_1_117' title="bbox 2117 5409 3750 5497">
    <p class='ocr_par' dir='ltr' id='par_1_117' title="bbox 2117 5409 3750 5497">
     <span class='ocr_line' id='line_1_118' title="bbox 2117 5409 3750 5497; baseline -0.009 -17"><span class='ocrx_word' id='word_1_796' title='bbox 2117 5409 2515 5497; x_wconf 67' lang='lat' dir='ltr'>Prolegoniena</span> <span class='ocrx_word' id='word_1_797' title='bbox 2541 5433 2676 5497; x_wconf 78' lang='lat' dir='ltr'>qua</span> <span class='ocrx_word' id='word_1_798' title='bbox 2710 5414 2923 5488; x_wconf 84' lang='lat' dir='ltr'>praﬁxi</span> <span class='ocrx_word' id='word_1_799' title='bbox 2955 5413 3227 5497; x_wconf 86' lang='lat' dir='ltr'>Chronico</span> <span class='ocrx_word' id='word_1_800' title='bbox 3259 5412 3560 5497; x_wconf 63' lang='lat' dir='ltr'>Sigeberti,</span> <span class='ocrx_word' id='word_1_801' title='bbox 3591 5412 3662 5495; x_wconf 76' lang='lat' dir='ltr'>ad</span> <span class='ocrx_word' id='word_1_802' title='bbox 3685 5409 3750 5491; x_wconf 72' lang='lat' dir='ltr'>ii-</span> 
     </span>
    </p>
   </div>
   <div class='ocr_carea' id='block_1_118' title="bbox 2117 5481 3748 5566">
    <p class='ocr_par' dir='ltr' id='par_1_118' title="bbox 2117 5481 3748 5566">
     <span class='ocr_line' id='line_1_119' title="bbox 2117 5481 3748 5566; baseline -0.009 -15"><span class='ocrx_word' id='word_1_803' title='bbox 2117 5497 2243 5551; x_wconf 91' lang='lat' dir='ltr'>dem</span> <span class='ocrx_word' id='word_1_804' title='bbox 2270 5481 2596 5566; x_wconf 55' lang='lat' dir='ltr'>a&#39;utograph&#39;i</span> <span class='ocrx_word' id='word_1_805' title='bbox 2638 5505 2668 5542; x_wconf 90' lang='lat' dir='ltr'>a</span> <span class='ocrx_word' id='word_1_806' title='bbox 2708 5481 2798 5542; x_wconf 81' lang='lat' dir='ltr'>ine</span> <span class='ocrx_word' id='word_1_807' title='bbox 2834 5481 3748 5566; x_wconf 33' lang='lat' dir='ltr'>comparatouet&#39;Verdussianis</span> 
     </span>
    </p>
   </div>
   <div class='ocr_carea' id='block_1_119' title="bbox 2118 5552 3747 5648">
    <p class='ocr_par' dir='ltr' id='par_1_119' title="bbox 2118 5552 3747 5648">
     <span class='ocr_line' id='line_1_120' title="bbox 2118 5552 3747 5648; baseline -0.009 -27"><span class='ocrx_word' id='word_1_808' title='bbox 2118 5567 2263 5648; x_wconf 88' lang='lat' dir='ltr'>typis</span> <span class='ocrx_word' id='word_1_809' title='bbox 2292 5552 2609 5648; x_wconf 48' lang='lat' dir='ltr'>ftntiier&#39;pia</span> <span class='ocrx_word' id='word_1_810' title='bbox 2643 5574 2795 5641; x_wconf 77' lang='lat' dir='ltr'>anno</span> <span class='ocrx_word' id='word_1_811' title='bbox 2824 5556 2963 5648; x_wconf 65' lang='lat' dir='ltr'>I6OS</span> <span class='ocrx_word' id='word_1_812' title='bbox 2985 5552 3144 5648; x_wconf 58' lang='lat' dir='ltr'>edito</span> <span class='ocrx_word' id='word_1_813' title='bbox 3202 5554 3333 5619; x_wconf 84' lang='lat' dir='ltr'>Qua</span> <span class='ocrx_word' id='word_1_814' title='bbox 3365 5556 3590 5637; x_wconf 70' lang='lat' dir='ltr'>quidem</span> <span class='ocrx_word' id='word_1_815' title='bbox 3623 5552 3747 5634; x_wconf 78' lang='lat' dir='ltr'>edi-</span> 
     </span>
    </p>
   </div>
   <div class='ocr_carea' id='block_1_120' title="bbox 2119 5623 3743 5706">
    <p class='ocr_par' dir='ltr' id='par_1_120' title="bbox 2119 5623 3743 5706">
     <span class='ocr_line' id='line_1_121' title="bbox 2119 5623 3743 5706; baseline -0.009 -13"><span class='ocrx_word' id='word_1_816' title='bbox 2119 5623 2193 5693; x_wconf 76' lang='grc' dir='ltr'>ιῖὁ</span> <span class='ocrx_word' id='word_1_817' title='bbox 2224 5639 2340 5694; x_wconf 87' lang='lat' dir='ltr'>sola</span> <span class='ocrx_word' id='word_1_818' title='bbox 2370 5641 2454 5690; x_wconf 88' lang='lat' dir='ltr'>est</span> <span class='ocrx_word' id='word_1_819' title='bbox 2491 5623 2753 5706; x_wconf 77' lang='lat' dir='ltr'>genuina,</span> <span class='ocrx_word' id='word_1_820' title='bbox 2799 5637 2990 5706; x_wconf 85' lang='lat' dir='ltr'>utpote</span> <span class='ocrx_word' id='word_1_821' title='bbox 3016 5702 3026 5706; x_wconf 88' lang='lat'>_</span> <span class='ocrx_word' id='word_1_822' title='bbox 3048 5628 3219 5681; x_wconf 85' lang='lat' dir='ltr'>libera</span> <span class='ocrx_word' id='word_1_823' title='bbox 3237 5643 3281 5706; x_wconf 27' lang='lat' dir='ltr'>na</span> <span class='ocrx_word' id='word_1_824' title='bbox 3313 5623 3480 5706; x_wconf 80' lang='lat' dir='ltr'>nugis</span> <span class='ocrx_word' id='word_1_825' title='bbox 3510 5642 3573 5706; x_wconf 80' lang='lat' dir='ltr'>ac</span> <span class='ocrx_word' id='word_1_826' title='bbox 3608 5623 3743 5697; x_wconf 88' lang='lat' dir='ltr'>qui-</span> 
     </span>
    </p>
   </div>
   <div class='ocr_carea' id='block_1_121' title="bbox 2117 5698 3740 5781">
    <p class='ocr_par' dir='ltr' id='par_1_121' title="bbox 2117 5698 3740 5781">
     <span class='ocr_line' id='line_1_122' title="bbox 2117 5698 3740 5781; baseline -0.009 -17"><span class='ocrx_word' id='word_1_827' title='bbox 2117 5708 2335 5781; x_wconf 88' lang='lat' dir='ltr'>squiliis</span> <span class='ocrx_word' id='word_1_828' title='bbox 2367 5698 2613 5781; x_wconf 50' lang='lat' dir='ltr'>Galfi&#39;idi</span> <span class='ocrx_word' id='word_1_829' title='bbox 2643 5702 3051 5781; x_wconf 56' lang='lat' dir='ltr'>Monurnetensgis</span> <span class='ocrx_word' id='word_1_830' title='bbox 3080 5714 3179 5753; x_wconf 87' lang='lat' dir='ltr'>seu</span> <span class='ocrx_word' id='word_1_831' title='bbox 3208 5698 3582 5781; x_wconf 63' lang='lat' dir='ltr'>Asgphensia,</span> <span class='ocrx_word' id='word_1_832' title='bbox 3613 5708 3740 5768; x_wconf 73' lang='lat' dir='ltr'>qua</span> 
     </span>
    </p>
   </div>
   <div class='ocr_carea' id='block_1_122' title="bbox 2117 5768 3575 5841">
    <p class='ocr_par' dir='ltr' id='par_1_122' title="bbox 2117 5768 3575 5841">
     <span class='ocr_line' id='line_1_123' title="bbox 2117 5768 3575 5841; baseline -0.01 -5"><span class='ocrx_word' id='word_1_833' title='bbox 2117 5768 2182 5836; x_wconf 69' lang='lat' dir='ltr'>in</span> <span class='ocrx_word' id='word_1_834' title='bbox 2196 5780 2324 5836; x_wconf 89' lang='lat' dir='ltr'>aliis</span> <span class='ocrx_word' id='word_1_835' title='bbox 2355 5768 2614 5835; x_wconf 83' lang='lat' dir='ltr'>omnibus</span> <span class='ocrx_word' id='word_1_836' title='bbox 2630 5772 2970 5831; x_wconf 88' lang='lat' dir='ltr'>editionibus</span> <span class='ocrx_word' id='word_1_837' title='bbox 3001 5770 3266 5840; x_wconf 79' lang='lat' dir='ltr'>inspersa</span> <span class='ocrx_word' id='word_1_838' title='bbox 3296 5768 3575 5841; x_wconf 79' lang='lat' dir='ltr'>leguntur.</span> 
     </span>
    </p>
   </div>
  </div>
