3930 6204
211 341 312 396 597

1272 336 1484 392 GESTA
1525 338 1833 393 ABBATUM
1879 337 2446 395 GEMBLACENSIUM.

208 468 447 534 fervoris,
477 467 788 534 alacritatis,
823 467 877 521 in
908 466 1161 527 advenis.
1197 465 1253 522 in
1283 482 1590 537 pauperum
1631 472 1807 522 cater-
1838 471 1882 538 Α
1912 466 2075 533 Quem
2101 482 2335 535 prasens
2362 484 2563 538 parcus
2590 473 2763 538 fuerit
2789 479 3052 547 potusque
3077 481 3288 552 cibique

207 562 300 617 vis.
329 561 472 616 Sane
501 575 600 631 pro
639 559 853 614 meritis
879 559 1160 636 condigna
1218 558 1528 629 rependere
1568 565 1815 628 noverat,

208 648 538 719 simplicibus
567 647 938 704 misteriorum
1004 646 1408 719 profunditates
1463 648 1811 719 depromere,

212 740 264 796 in
289 740 566 797 solvendis
586 756 649 795 ac
669 740 1020 811 Opponendis
1049 756 1214 815 sagax
1245 740 1673 796 assertionibus.
1705 742 1809 797 Ad-

1994 553 2238 611 Ostendit
2261 558 2439 612 sancti
2460 560 2578 614 vita
2602 561 2834 628 probata
2856 566 2984 621 viri.

1914 646 2182 700 Esuriem
2208 648 2306 715 qui
2333 650 2444 701 tam
2472 650 2623 703 tenui
2648 652 2997 718 suspenderat
3012 671 3168 725 tesca,

1985 737 2098 803 Quo
2132 738 2357 803 frenata
2374 742 2553 807 magis
2581 756 2744 811 quam
2770 748 3022 801 saturata
3041 750 3221 817 foret;

209 848 385 889 versus
409 833 771 906 malignorum
800 832 1073 903 procellas
1102 834 1294 906 vigens
1333 848 1396 888 ac
1448 832 1683 899 solidus,
1715 850 1807 891 re-
1909 826 1981 880 Εἰ
2015 828 2140 880 Si!“
2178 825 2425 883 ardorem
2444 830 2656 885 modica
2679 831 2980 891 dimoverat
3004 838 3173 892 unda.

206 926 301 981 bus
327 925 381 979 in
406 924 652 980 adversis
679 924 1007 981 submittere
1045 926 1241 982 nolens
1285 927 1554 992 animum,
1586 927 1806 983 sobrius

210 1034 299 1089 per
322 1018 470 1088 pacis
490 1032 772 1089 prospera.
810 1017 1173 1073 Redundabat
1210 1034 1366 1074 amor
1421 1024 1476 1072 et
1533 1018 1697 1073 timor
1746 1018 1802 1073 in

211 1106 453 1171 subditis,
472 1107 670 1176 dogma
700 1106 985 1162 redolebat
1014 1105 1070 1160 in
1092 1107 1355 1173 alumnis,
1390 1107 1452 1161 At
1478 1121 1607 1161 vero
1638 1122 1801 1177 quem

211 1200 346 1255 nulla
383 1199 680 1271 quiverunt
698 1198 936 1254 adversa
963 1214 1205 1264 movere,
1264 1198 1391 1254 licet
1422 1214 1722 1254 concussus
1750 1207 1805 1254 et

205 1290 420 1359 iactatus
446 1290 519 1345 sit
553 1287 821 1344 molestiis
868 1288 1103 1351 acerbis,
1146 1287 1431 1342 contendit
1469 1286 1671 1360 iugiter
1695 1286 1804 1341 vir—

210 1384 366 1434 tutum
395 1377 659 1450 gradibus
692 1377 940 1447 polorum
964 1376 1232 1431 scandere
1263 1390 1447 1449 regna.
1482 1374 1802 1430 Novitenim

208 1468 341 1540 quod
378 1467 597 1523 felicem
654 1467 950 1538 tranquilla
1004 1481 1114 1521 non
1144 1465 1369 1531 faciant,
1426 1480 1617 1519 verum
1646 1479 1804 1519 mens

207 1559 299 1613 sibi
329 1558 467 1613 bene
488 1557 714 1612 conscia
743 1566 949 1629 quanto
990 1556 1164 1631 magis
1193 1555 1464 1621 atteritur,
1498 1561 1651 1609 tanto
1684 1570 1803 1607 am-

207 1647 337 1718 plius
359 1646 718 1717 splendescit.
764 1645 971 1700 Gaudia
1000 1660 1224 1717 quoque
1258 1642 1452 1697 lubrici
1484 1641 1656 1696 seculi
1689 1655 1800 1711 quo

1981 916 2059 971 Ne
2084 919 2195 969 tam
2223 918 2467 971 extincta
2485 920 2628 985 foret
2655 936 2818 989 quam
2847 926 3114 993 tepefacta
3132 928 3323 997 jacens

1910 1006 2051 1060 Illud
2066 1008 2128 1060 in
2153 1023 2242 1061 ore
2266 1023 2460 1063 canens
2480 1010 2725 1080 illudque
2739 1014 2801 1068 in
2829 1015 2990 1069 corde
3010 1016 3281 1083 volutans,

1980 1097 2122 1151 Pane
2147 1099 2290 1167 quod
2319 1102 2376 1153 in
2400 1102 2511 1154 solo
2539 1117 2644 1156 non
2676 1103 2802 1157 bene
2834 1107 2966 1160 vivit
2986 1108 3160 1162 homo.

1906 1187 2013 1242 Sed
2039 1190 2241 1242 virtute
2265 1193 2447 1257 magis
2478 1192 2633 1246 verbi
2660 1208 2810 1249 mens
2830 1198 3098 1265 pascitur,
3126 1214 3194 1253 ea:
3222 1215 3326 1269 quo

1979 1280 2261 1349 Perpetua:
2290 1283 2424 1337 lucis
2450 1285 2658 1350 gaudia
2681 1288 2798 1341 vita
2809 1290 2974 1357 capit.

1906 1369 2172 1423 Insomnes
2200 1375 2375 1425 noctes
2402 1374 2487 1426 hic
2526 1372 2595 1405 τοδ
2620 1375 2820 1429 ducere
2842 1390 2963 1447 sepe
2999 1383 3198 1447 suetus,

1978 1458 2235 1514 Pulsabat
2265 1462 2383 1514 caeli
2403 1463 2614 1529 ﬂetibus
2642 1469 2794 1518 astra
2813 1467 2947 1534 piis.

1903 1546 2166 1612 Pervigili
2196 1562 2333 1602 curu
2362 1550 2529 1615 fortes
2550 1552 2774 1619 aptabat
2795 1554 3049 1609 habenas.

1974 1637 2216 1706 Spiritui
2243 1656 2432 1709 cogens
2458 1643 2682 1697 menbra
2710 1646 2936 1701 subacta
2972 1646 3124 1715 dare,

208 1736 363 1806 magis
385 1735 670 1790 vernando
701 1734 770 1769 ⁷⁰⁴
826 1735 1036 1806 pollent
1067 1741 1122 1789 et
1177 1732 1376 1803 amplis
1405 1747 1465 1786 se
1497 1729 1798 1801 spaciando
1828 1786 1874 1806 ,ἱ
1900 1727 2186 1785 Mundicia
2216 1737 2275 1786 ut
2295 1734 2475 1788 cordis
2505 1749 2803 1804 superoque
2839 1738 3035 1793 ardore
3060 1741 3290 1797 calentes

208 1826 410 1880 trahunt
469 1824 808 1891 incessibus,
868 1824 974 1879 hoc
1020 1822 1259 1893 amplius
1321 1821 1499 1876 noctis
1550 1826 1795 1874 tartareae

202 1916 421 1972 subeunt
439 1917 768 1989 penetralia,
826 1915 1159 1987 sublatoque
1189 1912 1398 1969 lumine
1432 1920 1598 1967 ruunt
1625 1918 1801 1967 morte

202 2008 483 2080 perimente
508 2008 792 2080 pestifera.
828 2008 971 2062 Sane
1003 2017 1293 2078 patronum
1327 2020 1493 2075 supra
1524 2019 1797 2059 memora-

1967 1821 2192 1875 Arceret
2208 1825 2473 1889 ﬂammas,
2504 1828 2763 1880 carnisab
2793 1829 2920 1894 igne
2942 1830 3119 1884 datas.

1906 1914 2076 1983 thue
2102 1916 2317 1969 animus
2345 1918 2468 1970 ercto
2479 1917 2691 1986 jugiter
2708 1934 2997 1988 suspensus
3035 1923 3249 1990 inesset,

1970 2003 2051 2057 Ac
2078 2006 2236 2058 terris
2263 2009 2473 2073 positus
2496 2006 2618 2074 jam
2650 2023 2812 2077 super
2842 2010 2956 2064 alta
2975 2012 3143 2079 foret,

202 2107 301 2151 tum
338 2096 495 2153 laude
531 2097 921 2170 dignissimum
944 2113 1069 2152 cum
1112 2097 1359 2151 clausum
1379 2103 1534 2164 septa
1555 2094 1797 2149 cumobii
1896 2092 2128 2148 Celestis
2158 2097 2309 2149 verbi
2326 2097 2650 2151 meditamen
2667 2100 2727 2152 in
2753 2114 2840 2153 ore
2872 2101 3105 2167 tenebat,

202 2195 434 2246 tenerent
461 2190 850 2246 absconditum
891 2188 1120 2249 mundo.
1145 2203 1334 2244 verum
1356 2195 1623 2242 vernante
1646 2187 1794 2256 polo,

202 2283 372 2346 utpote
399 2278 554 2333 sidus
575 2279 992 2348 splendilluum,
1038 2278 1199 2333 dictis
1239 2277 1441 2348 pariter
1496 2285 1551 2331 et
1581 2275 1794 2331 actibus

203 2368 395 2438 pollens
424 2369 897 2441 radiabatubique
932 2388 946 2436 ;
978 2368 1434 2425 monachisetiam
1465 2368 1792 2423 clericorum

201 2462 532 2517 contionibus
564 2462 792 2517 formam
820 2462 945 2518 vitae
1009 2479 1179 2533 super
1231 2471 1375 2516 astra
1406 2462 1632 2515 ferentis
1664 2460 1794 2514 totis

201 2553 392 2609 nisibus
417 2556 607 2609 celebs
638 2556 982 2619 ostendebat,
1008 2564 1060 2610 et
1089 2555 1155 2609 ad
1188 2555 1427 2609 cmlestis
1448 2553 1787 2608 consortium

204 2640 513 2697 Hierusalem
546 2643 620 2697 de
677 2643 850 2698 noctis
914 2644 1055 2699 valle
1112 2651 1358 2710 vocatos,
1393 2659 1503 2714 quo
1531 2642 1792 2697 virtutum

200 2735 440 2807 gradibus
496 2735 640 2790 lucis
668 2736 933 2789 scandere
1002 2735 1198 2790 itinera
1254 2744 1552 2790 certarent.
1610 2734 1796 2788 multis

203 2826 361 2881 modis
398 2827 739 2883 hortabatur.
783 2827 993 2882 Talium
1055 2828 1331 2897 siquidem
1373 2828 1601 2882 ﬂoribus
1643 2828 1794 2881 redi-

202 2917 346 2974 mitus
369 2920 677 2975 studiorum
724 2920 845 2975 vitae
904 2922 1205 2991 perhennis
1264 2921 1477 2975 semina
1530 2922 1796 2976 humana-

199 3026 303 3065 rum
336 3013 602 3068 mentium
634 3028 824 3068 serens
854 3014 1194 3084 przecordiis,
1232 3014 1665 3068 innumerabiles
1692 3014 1793 3067 ho-

200 3105 387 3161 minum
419 3109 724 3179 phalanges
754 3110 992 3180 pr0priis
1012 3110 1310 3165 instituens
1329 3110 1794 3180 exemplismoxia

202 3201 371 3255 mundi
398 3202 692 3273 despicere
718 3210 773 3258 et
803 3203 1023 3258 salubre
1061 3205 1283 3260 vivendi
1315 3205 1661 3276 pr0positum
1694 3204 1800 3259 do-

201 3293 299 3348 cuit
323 3294 492 3349 adire.

259 3384 307 3439 3.
338 3385 455 3441 Haec
484 3386 557 3442 de
590 3385 918 3442 rudimentis
944 3386 1070 3441 vitae
1100 3393 1154 3441 et
1180 3386 1561 3442 conversionis
1593 3386 1798 3440 Erluini

202 3474 397 3531 abbatis
421 3477 778 3547 supradictus
808 3478 1045 3549 scriptor
1074 3478 1130 3533 in
1148 3478 1267 3549 ipso
1290 3478 1516 3533 rationis
1547 3475 1800 3548 proemio

200 3577 287 3632 per
312 3565 766 3635 anticipationem
782 3565 1132 3630 declamavit,
1147 3575 1367 3635 tempus
1381 3581 1602 3637 quoque
1620 3580 1798 3637 quan-

200 3649 264 3706 do
288 3652 473 3707 claruit
503 3654 561 3708 in
595 3660 774 3709 textus
803 3654 887 3709 sui
922 3655 1111 3709 limine
1166 3654 1348 3708 statim
1381 3652 1702 3717 insinuavit,
1745 3659 1800 3707 et

199 3739 430 3796 virtutem
454 3753 677 3797 actuum
710 3742 830 3811 ejus
863 3741 1113 3798 iterando
1132 3743 1378 3813 apertius
1404 3741 1753 3798 confirmavit
1781 3758 1795 3807 ;

200 3827 266 3882 ita
294 3845 544 3887 exorsus:

200 3918 388 3976 Ottonis
415 3925 529 3989 fuit
559 3923 637 3977 ad
664 3926 869 3993 tempus
898 3923 988 3977 hic
1016 3925 1158 3991 regis
1194 3925 1257 3978 in
1293 3924 1441 3978 aula.

266 4011 566 4081 Terrigenis
586 4014 874 4083 speculum,
908 4014 1006 4069 lum
1036 4018 1086 4068 et
1114 4017 1293 4082 imago
1335 4015 1432 4069 Dei

201 4099 294 4155 Ast
320 4103 412 4157 ubi
448 4104 671 4159 devotus
690 4105 822 4174 ﬁdei
842 4107 1073 4174 sumpsit
1111 4105 1449 4173 documenta,

262 4190 470 4247 Sincera
500 4196 791 4250 Dominum
812 4194 969 4248 corde
1002 4198 1157 4264 sequi
1186 4196 1417 4249 studuit.

202 4274 358 4341 Quam
376 4284 598 4348 patiens
628 4286 679 4336 et
704 4298 867 4351 quam
905 4282 1078 4336 dulcis
1120 4288 1487 4353 quantumque
1517 4285 1795 4351 benignus.

265 4366 466 4435 Jupiter
491 4373 754 4437 extiterit,
786 4374 906 4441 quis
935 4387 1232 4428 memorare
1253 4376 1460 4443 queat?

204 4456 330 4513 Nam
352 4460 603 4528 placidus
621 4462 813 4531 degens
836 4464 1038 4518 lenibat
1059 4465 1224 4519 corda
1237 4466 1517 4531 furentum

266 4548 324 4602 In
348 4566 519 4606 mores
536 4555 688 4621 pacis
717 4552 783 4607 de
817 4555 1036 4621 feritate
1063 4571 1278 4610 vocans.

205 4638 445 4712 Alloquio
477 4644 734 4713 blandus,
762 4649 906 4703 mira
932 4650 1205 4715 gravitate
1229 4648 1518 4714 modestus.

266 4738 381 4793 Non
416 4754 598 4811 asper,
624 4757 730 4797 non
760 4749 908 4808 trum,
930 4758 1037 4798 non
1049 4744 1313 4799 violentus
1339 4747 1470 4798 erat.

204 4824 342 4879 Mitis
370 4833 489 4883 erat
530 4834 757 4894 cunctis,
790 4834 995 4899 suavis,
1024 4835 1150 4902 pius
1180 4838 1345 4904 atque
1376 4834 1657 4901 benignus.

273 4916 484 4986 Gratus,
505 4922 885 4993 blundiloquus
924 4926 1354 4994 compatiensque
1379 4925 1564 4979 bonus.

205 5002 355 5067 Quem
377 5014 607 5063 meatum
626 5011 784 5078 vidit,
814 5028 969 5082 quem
998 5015 1202 5067 tristem
1227 5029 1491 5084 quemque
1518 5012 1803 5079 dolentem,

267 5097 476 5168 A/fectu
501 5105 682 5169 patris
711 5105 1056 5158 subveniebat
1092 5107 1160 5159 ei.

205 5189 387 5259 Aﬂ'atu
415 5195 567 5250 dulci
594 5201 851 5252 merentia
879 5202 1098 5267 pectora
1127 5201 1375 5254 mulcens.

269 5281 535 5349 Angorem
556 5289 755 5353 pressit
791 5287 880 5354 ποθ,
912 5287 1119 5357 gaudia
1148 5288 1272 5343 lecta
1308 5288 1476 5343 dedit.

1966 2185 2243 2238 Justitiam
2282 2189 2548 2253 esuriens,
2572 2188 2853 2257 justitiam
2883 2193 3093 2246 sitiens.

1966 2272 2017 2325 4.
2046 2272 2136 2327 llis
2161 2275 2379 2328 vivendi
2413 2276 2758 2334 documentis
2814 2297 2925 2335 non
2982 2287 3194 2336 tantum
3239 2281 3506 2349 initiatus,

1892 2354 1988 2417 sed
2020 2364 2087 2417 ad
2118 2365 2517 2435 plenitudinem
2550 2386 2723 2441 usque
2778 2370 3075 2437 institutus,
3110 2372 3244 2426 vixit
3308 2373 3365 2427 in
3395 2374 3508 2430 ele—

1896 2453 2077 2507 ricalis
2122 2456 2333 2509 ordinis
2364 2457 2547 2511 habitu
2594 2476 2756 2530 quam
2815 2462 2992 2530 potuit
3042 2461 3379 2517 laudabilius
3409 2463 3502 2519 ⁷⁰“¹.

1893 2545 1997 2599 Sed
2027 2546 2157 2616 quia
2188 2548 2305 2617 ipse
2329 2548 2589 2603 Dominus
2639 2568 2764 2619 pars
2814 2552 3135 2607 hereditatis
3180 2560 3265 2608 est
3289 2554 3507 2611 clericis

1897 2648 2199 2701 secundum
2232 2664 2434 2703 nomen
2466 2666 2622 2705 suum
2648 2652 2793 2722 (892)
2826 2651 2879 2705 in
2913 2659 3117 2707 sortem
3150 2653 3364 2708 Domini
3390 2654 3510 2710 ele-

1896 2738 2018 2802 ctis,
2049 2740 2325 2794 ambiebat
2345 2741 2635 2815 sagaciter,
2654 2749 2712 2797 ut
2729 2743 2887 2796 funes
2906 2742 3227 2799 hereditatis
3242 2745 3509 2802 caderent

1897 2829 2000 2883 sibi
2033 2833 2087 2886 in
2119 2832 2414 2902 przeclaris.
2449 2833 2575 2887 ldeo
2597 2833 2891 2904 proﬁciens
2931 2835 2999 2890 de
3031 2836 3233 2890 virtute
3259 2837 3315 2890 in
3337 2837 3508 2892 virtu-

1900 2934 2030 2991 tem,
2064 2926 2130 2977 dc
2169 2927 2447 2981 canonicze
2471 2928 2674 3000 regula)
2705 2929 2877 3001 gradu
2930 2929 2996 2983 ad
3023 2930 3358 2985 monachica
3383 2930 3508 2985 vitae

1898 3015 2146 3068 ascendit
2179 3014 2596 3069 sublimitatem.
2633 3017 2733 3072 libi
2788 3034 2896 3072 non
2948 3018 3107 3073 aliter
3159 3018 3291 3074 vixit
3342 3036 3507 3091 quam

1899 3104 2039 3158 alios
2077 3103 2259 3158 vivere
2290 3105 2476 3159 docuit
2510 3123 2522 3158 :
2564 3123 2704 3177 quos
2741 3122 2841 3161 suo
2874 3108 3125 3177 exemplo
3158 3108 3226 3162 ad
3254 3107 3505 3177 ejusdem

1902 3195 2377 3266 prepositijugum
2408 3196 2824 3265 suscipiendum
2857 3198 3099 3262 attraxit,
3149 3197 3334 3253 sciens
3354 3197 3508 3267 juxta

1901 3286 2235 3341 dominicam
2267 3303 2478 3355 vocem,
2510 3287 2640 3356 quia
2689 3293 2782 3357 qui
2810 3290 3082 3343 dominiba
3108 3290 3373 3345 mandata
3401 3289 3510 3344 sol—

1899 3382 1979 3432 vit
2005 3383 2053 3432 et
2081 3380 2215 3433 alio:
2246 3396 2308 3432 ne
2337 3380 2546 3433 solvunt
2576 3380 2743 3445 docet,
2776 3383 3033 3435 minimus
3070 3384 3128 3435 in
3156 3396 3316 3448 regno
3355 3380 3510 3435 calo-

1901 3486 2019 3525 rum
2050 3474 2231 3525 vocari
2256 3472 2413 3525 habet
2440 3470 2640 3536 {Matth
2691 3488 2742 3535 v,
2768 3472 2877 3537 19).
2910 3474 3255 3542 Quapropter
3290 3472 3434 3527 bona
3454 3476 3512 3526 et

1901 3562 2118 3635 agendo
2149 3570 2203 3615 et
2230 3561 2482 3614 docendo
2539 3576 2771 3634 magnus
2825 3560 2882 3614 in
2924 3577 3094 3632 regno
3123 3563 3418 3626 cmlorum,
3449 3563 3506 3616 in

1900 3656 2155 3727 praesenti
2185 3655 2397 3709 scilicet
2421 3654 2689 3713 aecclcsia.
2743 3654 2936 3711 merito
2986 3663 3071 3710 est
3098 3663 3339 3712 vocatus.
3382 3655 3511 3711 Tant

1900 3744 2193 3815 multiplici
2216 3759 2425 3798 morum
2456 3744 2747 3798 honestate
2774 3759 3173 3815 usquequaque
3227 3760 3513 3799 commen-

1901 3839 2078 3902 datus,
2103 3837 2415 3891 habehatur
2443 3836 2658 3891 cunctis
2672 3837 3009 3891 reverendus
3047 3842 3101 3889 et
3132 3835 3227 3890 Dei
3258 3835 3512 3891 timorem

1902 3928 2298 3999 appetentibus
2331 3943 2425 3997 per
2447 3926 2632 3981 omnia
2664 3926 2979 3981 imitandus.
3011 3926 3338 3981 Multietiam
3372 3940 3515 3997 quos

1902 4016 2165 4071 sccularis
2192 4014 2496 4070 adornabat
2518 4014 2763 4085 potentia
2784 4029 2908 4069 eum
2936 4014 3166 4088 dignum
3192 4013 3514 4082 judicabant

1903 4122 2001 4161 sua
2028 4104 2290 4169 amicitia,
2321 4118 2417 4173 pro
2450 4118 2516 4158 eo
2542 4102 2691 4174 quod
2723 4103 2777 4157 in
2818 4102 2911 4160 illo
2938 4103 3222 4158 eminebat
3249 4102 3516 4158 sanctita-

1904 4197 1974 4252 tis
2016 4196 2343 4261 reverentia,
2375 4196 2591 4250 consilii
2623 4194 2844 4268 vigebat
2874 4195 3187 4265 prudentia.
3217 4200 3273 4249 et
3301 4192 3516 4249 animas

1900 4286 2012 4341 Deo
2043 4287 2289 4341 lucrandi
2320 4285 2612 4360 singularis
2632 4285 2683 4339 ei
2715 4283 2980 4339 divinitus
3015 4284 3215 4339 collata
3253 4290 3371 4337 erat
3391 4297 3516 4358 gra-

1902 4373 1997 4427 tia.
2027 4374 2120 4427 Cui
2153 4374 2298 4429 inter
2318 4383 2514 4429 caetera
2536 4374 2639 4429 hoc
2664 4388 2886 4445 quoque
2914 4372 3128 4427 addidit
3166 4371 3515 4442 dispensatio

1827 4482 1886 4551 D
1908 4462 2113 4529 divina,
2144 4472 2202 4519 ut
2232 4463 2556 4519 nobilissimi
2585 4463 2731 4533 apud
2785 4463 3032 4517 seculum
3092 4467 3147 4516 et
3175 4459 3519 4516 devotissimi

1908 4559 2055 4630 apud
2084 4560 2254 4613 Deum
2280 4557 2888 4629 Wichperti'frueretur
2925 4556 3186 4623 amicitia,
3219 4554 3294 4610 ita
3320 4562 3380 4609 ut
3401 4568 3520 4608 mu-

1909 4661 2011 4707 tuae
2051 4650 2294 4705 karitatis
2343 4649 2485 4704 inter
2514 4666 2574 4704 se
2598 4648 2921 4704 indivisibili
2972 4644 3254 4716 conjuncti
3290 4646 3509 4722 glutino

1909 4760 2077 4800 unum
2110 4742 2315 4797 vellent
2341 4751 2395 4796 et
2426 4757 2595 4796 unum
2657 4742 2865 4797 nollent
2909 4742 2965 4796 in
3022 4741 3278 4809 Domino,
3339 4746 3395 4795 et
3424 4737 3520 4793 ubi

1910 4844 2017 4893 tam
2046 4834 2133 4904 pia
2160 4844 2275 4889 erat
2307 4834 2681 4888 unanimitatis
2722 4833 3034 4903 inspiratio,
3070 4832 3220 4888 nulla
3288 4845 3518 4902 prorsus

1910 4931 2123 4997 poterat
2163 4924 2465 4993 subrepere
2525 4922 2931 4977 contrarietatis
2994 4921 3355 4992 conspiratio.
3409 4920 3519 4975 Sed

1908 5017 2157 5090 profecto
2206 5013 2467 5070 credebat
2524 5014 2753 5067 multum
2804 5012 3001 5067 deesse
3050 5013 3180 5079 sibi,
3229 5027 3353 5067 cum
3400 5010 3525 5082 ipse

1908 5112 2058 5166 solus
2088 5106 2369 5162 retraxerit
2392 5105 2588 5176 pedem
2610 5121 2640 5158 a
2671 5104 2908 5158 vanitate
2927 5103 3122 5163 seculi.
3156 5103 3304 5174 quod
3336 5101 3523 5157 adhuc

1911 5216 2036 5271 pars
2073 5199 2241 5252 altera
2278 5197 2474 5252 aniime
2505 5209 2637 5262 suat,
2673 5192 2956 5264 piissimus
2996 5193 3208 5247 scilicet
3240 5190 3529 5261 Wichper-

1911 5295 1998 5342 tus
2030 5288 2246 5341 hereret
2278 5283 2475 5340 inﬁxus
2510 5284 2566 5337 in
2607 5283 2737 5337 limo
2768 5280 3033 5336 mundani
3096 5279 3375 5351 profundi.
3423 5277 3528 5334 Cu-

1535 5423 1759 5479 VARUE
1798 5425 2178 5482 LECTIONES.

273 5521 338 5557 ⁷⁰⁴
377 5541 495 5582 ern.
539 5543 568 5582 e
615 5544 751 5585 corr.
785 5546 869 5587 rec
898 5546 1115 5586 manus.
1175 5532 1244 5567 τοδ
1268 5535 1450 5602 primo
1479 5532 1800 5604 expressit?
1864 5536 1934 5569 ποθ
1966 5535 2093 5589 hinc
2124 5548 2263 5589 corr.
2299 5534 2405 5588 hic.
2475 5533 2542 5566 τοτ
2573 5529 2887 5586 Laudabilis
2915 5546 3055 5585 corr.
3095 5534 3173 5585 u'.
3205 5532 3268 5585 in
3297 5533 3470 5585 textu.

1766 5663 1974 5717 ΝΟΤᾸΞ.

287 5768 428 5841 (892)
470 5773 603 5829 Scil.
636 5768 840 5849 κλῆρος.
