3930 6204
404 336 510 393 599

1620 329 1964 387 SIGEBERTI
2022 330 2533 389 GEMBLACENSIS.

3655 344 3759 401 600

407 468 570 542 piens
597 481 730 540 ergo
774 464 1097 539 supradicto
1135 466 1313 521 amico
1339 480 1442 521 suo
1470 464 1789 536 Wichperto
1820 462 2027 521 veraci-
2054 466 2105 535 Α
2134 466 2256 522 Otto
2284 466 2478 521 divina
2519 467 2740 535 favente
2788 467 3070 524 clementia
3110 484 3211 526 rea:
3247 471 3668 530 Lotharensium
3714 483 3764 532 et

406 564 491 613 ter
519 563 574 613 et
592 554 986 627 perpetualiter
1038 552 1142 609 frui
1169 553 1225 608 in
1258 552 1512 622 Domino,
1559 561 1674 609 toto
1704 551 1910 608 mentis
1936 568 2025 607 ar-

406 650 572 706 debat
592 647 895 712 desiderio,
924 654 984 703 ut
1012 662 1138 703 eum
1194 653 1405 719 posset,
1436 646 1634 702 lucrari
1677 646 1930 712 Domino,
1970 652 2023 700 et

406 757 629 799 omnem
666 739 897 812 gratiam
936 738 1216 806 amicitiai,
1275 753 1384 811 qua
1435 738 1580 809 apud
1629 737 1871 793 animum
1904 737 2024 805 ejus

404 843 516 892 tam
544 833 851 891 efﬁcaciter
876 840 1108 906 poterat,
1140 832 1209 890 ad
1235 834 1467 889 salutem
1495 833 1691 889 animai
1725 832 2020 888 illiuscon-

405 932 620 982 vertere
662 922 948 999 gestiebat.
1002 923 1114 978 Nec
1158 922 1311 993 prius
1352 922 1584 989 destitit,
1641 938 1805 993 quam
1895 936 2018 976 eum

407 1018 576 1074 artius
603 1015 829 1072 inﬁxum
859 1016 912 1069 in
940 1016 1060 1070 lacu
1088 1014 1329 1069 miseria:
1376 1014 1672 1069 mundanae
1705 1022 1760 1070 et
1798 1014 1917 1069 luto
1938 1029 2021 1067 se-

408 1107 610 1162 cularis
646 1104 928 1177 potentiae,
971 1103 1185 1159 fortiter
1224 1103 1424 1171 injecta
1459 1119 1623 1158 manu
1692 1102 1940 1167 extraxit,
1970 1111 2025 1158 et

408 1211 636 1269 ymnum
668 1208 868 1249 novum
891 1192 1091 1246 divinae
1121 1191 1458 1247 laudationis
1508 1192 1561 1245 in
1603 1208 1666 1247 os
1694 1192 1817 1261 ejus
1842 1192 2025 1246 immi-

409 1284 501 1339 sit.
531 1282 740 1337 Deinde
767 1279 932 1335 etiam
964 1278 1019 1333 in
1039 1279 1340 1335 totiusvitaa
1361 1296 1473 1334 suze
1497 1287 1683 1335 tenore
1696 1281 2023 1351 exequendo

407 1380 666 1428 strenuus
718 1370 770 1425 ei
816 1368 921 1425 fuit
975 1367 1243 1435 eruditur,
1304 1368 1448 1423 ﬁdus
1497 1377 1552 1423 et
1591 1369 2025 1439 circumspectus

407 1461 750 1529 consiliator,
818 1468 873 1515 et
930 1467 1219 1532 promptus
1293 1460 1349 1515 in
1412 1477 1593 1515 rerum
1651 1461 2024 1531 Oportunitate

406 1553 645 1623 adjutor.
679 1550 791 1605 Hoc
828 1548 1073 1621 denique
1134 1549 1423 1604 incentore
1482 1549 1769 1604 basilicam
1806 1551 1913 1605 Deo
1967 1558 2023 1605 et

404 1651 593 1699 sancto
621 1642 783 1697 Petro
811 1649 1113 1711 sanctoque
1140 1640 1415 1711 Exuperio
1432 1640 1743 1707 aediﬁcavit,
1773 1641 2022 1697 ofﬁcinas

405 1736 659 1795 claustris
688 1732 1029 1790 monachica;
1080 1733 1368 1807 religionis
1396 1735 1466 1769 ⁷0⁸
1523 1746 1906 1805 competentes
1946 1752 2024 1791 2e-

2132 560 2549 627 Francigenam.
2584 560 2859 630 Quicquid
2896 561 3339 620 Germanensium
3392 567 3493 622 sub
3544 570 3761 639 imperii

2123 650 2297 703 nostri
2335 649 2538 704 ditione
2563 665 2625 703 ac
2654 650 2935 717 religionis
2966 653 3066 705 Dei
3090 656 3233 707 nutu
3258 669 3293 707 a
3347 656 3756 713 uenerabilibus

2124 752 2187 791 ac
2210 739 2308 792 Dei
2335 738 2610 792 timoratis
2639 741 2829 806 agitur
2856 740 3017 805 viris,
3047 746 3230 796 ratum
3268 742 3521 799 ducimus
3550 749 3758 802 nostris

2122 834 2460 888 corroborari
2487 834 2896 901 assertionibus,
2929 836 3135 891 scilicet
3164 841 3225 892 ut
3259 843 3449 893 nostra
3493 842 3760 909 ﬁrmitate

2122 939 2185 978 ac
2214 924 2563 991 defensionne
2602 926 2826 980 valeant
2872 930 3064 980 contra
3093 928 3475 994 infestantium
3504 933 3760 987 incursus

2122 1010 2191 1046 ⁷¹²
2229 1016 2387 1067 tueri.
2451 1012 2797 1084 Quapropter
2838 1019 3097 1083 agnoscat
3142 1017 3395 1087 ﬁdelium
3440 1026 3758 1088 conventus,

2125 1102 2270 1171 quod
2290 1102 2515 1172 quidam
2543 1104 2791 1175 Wichpei
2803 1110 2893 1160 tus
2909 1109 3140 1172 nomine,
3173 1122 3207 1160 a
3227 1108 3567 1164 secularibus
3595 1109 3761 1181 hujus

2124 1191 2249 1243 vitae
2277 1191 2601 1246 tumultibus
2630 1194 2900 1259 recedens,
2931 1200 3309 1265 contempnens
3345 1201 3676 1254 transitoria
3700 1204 3761 1254 ut

2126 1284 2482 1334 commutaret
2528 1286 2751 1347 aterna,
2784 1286 2946 1337 vertit
2975 1299 3029 1337 se
3059 1284 3134 1338 ad
3177 1289 3488 1342 monasticz
3513 1288 3761 1357 regulam

2124 1370 2249 1421 vita:
2279 1371 2484 1423 sincero
2513 1374 2706 1425 mentis
2736 1374 2979 1438 cogitans
3004 1372 3223 1441 affectu,
3253 1376 3489 1444 qualiter
3508 1392 3544 1430 a
3569 1381 3764 1432 semet-

2126 1462 2264 1529 ipso,
2293 1466 2461 1530 prout
2492 1464 2831 1531 possibilitas
2856 1465 2965 1519 sibi
2989 1465 3219 1532 adesset,
3254 1466 3457 1535 deifica-
3483 1468 3754 1538 majesta-

2127 1551 2196 1603 tis
2253 1558 2699 1616 augmentaretur
2739 1555 3061 1621 famulatus,
3094 1559 3408 1610 construere
3465 1558 3754 1613 basilicam

2122 1654 2247 1691 mox
2308 1642 2466 1709 capit
2522 1644 2581 1695 in
2638 1642 2749 1697 loco
2824 1643 3109 1698 Gemblaus
3173 1648 3237 1701 in
3297 1649 3492 1703 honore
3566 1652 3752 1704 sancti

2124 1728 2413 1781 salvatoris
2459 1729 2666 1783 domini
2694 1734 2865 1784 nostri
2889 1734 3014 1786 Jesu
3044 1733 3269 1788 Christi.
3306 1735 3455 1789 Talis
3504 1751 3631 1803 ergo
3660 1738 3755 1791 de-

408 1826 669 1891 diticavit,
702 1840 789 1878 res
826 1840 954 1878 suas
1004 1794 1340 1880 heredi-tario
1378 1824 1503 1893 jure
1558 1794 1669 1880 Deo
1729 1826 2015 1897 delegavit.

2128 1819 2315 1871 siderii
2336 1819 2684 1875 karissimum
2724 1828 2963 1891 nepotem
2991 1838 3172 1890 suum,
3211 1824 3586 1895 Wichpertum
3607 1843 3751 1897 prae.

409 1916 602 1972 fratres
628 1916 697 1971 ad
720 1916 852 1987 juge
880 1915 977 1969 Dei
1009 1913 1349 1970 famulicium
1408 1916 1643 1971 idoneos
1708 1917 1847 1971 inibi
1892 1934 2026 1973 eon-

409 2009 678 2085 gregavit,
701 2023 874 2078 seque
893 2021 1132 2077 suosque
1190 2022 1401 2078 suaque
1433 2008 1617 2063 omnia
1651 2008 1717 2062 ad
1773 2011 1892 2078 ejus
1923 2027 2028 2065 nu-

407 2108 523 2157 tum
546 2099 876 2155 obedienter
903 2097 1178 2154 ordinavit
1258 2098 1611 2169 Perpendens
1660 2100 1844 2172 itaque
1889 2119 2027 2173 pree-

409 2192 551 2248 fatus
582 2191 930 2262 Wichpertus
951 2191 1098 2245 hunc
1126 2189 1302 2245 virum
1326 2190 1441 2244 suis
1479 2192 1824 2261 temporibus
1850 2210 1880 2247 a
1911 2196 2019 2250 Deo

408 2283 744 2338 destinatum
776 2280 844 2336 ad
875 2282 1086 2336 animas
1117 2281 1428 2347 lucrandas,
1461 2289 1514 2336 et
1552 2282 1697 2337 bene
1760 2293 2019 2353 exliertus

408 2372 568 2446 dirigi
595 2388 626 2426 a
655 2370 886 2427 Domino
926 2386 1024 2441 per
1052 2370 1238 2425 omnia
1293 2370 1443 2424 illius
1496 2371 1633 2437 vias,
1683 2388 1781 2442 pro
1821 2374 2018 2430 collato

407 2462 513 2519 sibi
535 2462 754 2518 caelitus
789 2460 1040 2517 subsidio
1082 2461 1425 2516 incessantes
1482 2462 1760 2517 Divinitati
1825 2466 2022 2537 agebat

406 2556 628 2629 gratias.
664 2553 816 2610 Unde
880 2554 1088 2609 salubri
1140 2553 1381 2609 directus
1420 2555 1676 2623 consilio,
1727 2564 1894 2611 totum
1961 2576 2022 2613 se

405 2645 525 2713 ejus
561 2644 817 2700 submisit
842 2644 1182 2717 magisterio,
1239 2660 1482 2715 eumque
1511 2644 1768 2700 abbatem
1815 2646 2023 2719 delegit

404 2748 460 2795 et
490 2739 739 2811 praefecit
763 2738 868 2794 sibi
897 2738 1238 2810 fratrumque
1264 2754 1487 2794 suorum
1503 2740 1761 2813 collegio,
1785 2742 2019 2808 ut,omni

405 2832 698 2887 mundana:
758 2830 1149 2885 sollicitudinis
1204 2845 1373 2885 onere
1405 2831 1685 2902 deposito,
1718 2832 1834 2903 ipse
1866 2850 2021 2889 secu-

402 2924 519 2978 rius
548 2929 603 2978 et
631 2922 895 2978 intentius
923 2921 1362 2992 contemplativa}
1400 2923 1526 2978 vitae
1560 2924 2019 2997 invigilaretpro-

403 3012 603 3084 posito.
1938 3014 1943 3019 ’

2126 1910 2328 1975 fatum,
2356 1911 2533 1965 calore
2561 1915 2813 1968 succendi
2838 1916 3167 1985 conspiciens
3190 1920 3321 1971 avia
3357 1934 3460 1973 sua
3488 1920 3645 1974 Gisla
3666 1936 3760 1977 no-

2128 2004 2360 2065 minata,
2398 2003 2660 2071 praesidio
2716 2008 3131 2060 constructionis
3182 2006 3419 2075 ejusdem
3477 2010 3761 2066 Gemblau-

2130 2096 2299 2147 censis
2325 2096 2545 2149 ccenobii
2584 2110 2669 2149 res
2706 2096 2879 2150 eidem
2910 2100 3093 2166 nepoti
3135 2113 3231 2153 suo
3261 2100 3426 2166 legali
3464 2101 3758 2157 traditione

2120 2188 2349 2241 contulit
2381 2189 2765 2255 hereditarios,
2806 2205 2942 2258 quas
2968 2191 3075 2244 sibi
3120 2193 3207 2244 vir
3235 2207 3365 2247 suus
3408 2197 3630 2248 nomine
3653 2198 3755 2251 Ro-

2122 2282 2337 2347 thingus
2378 2282 2644 2350 impendit
2696 2282 2837 2335 dotis
2887 2285 3076 2350 gratia
3132 2286 3191 2338 in
3239 2288 3503 2340 comitatu
3554 2289 3756 2343 scilicet

2121 2374 2432 2427 Lomacensi
2462 2378 2621 2443 atque
2647 2376 2973 2440 Darnuensi,
2990 2376 3436 2446 villamjvidelicet
3464 2379 3751 2436 Gemblaus

2123 2481 2240 2518 cum
2279 2465 2525 2519 omnibus
2565 2466 2640 2519 ad
2669 2467 2889 2521 eandem
2915 2469 3335 2536 pertinentibus.
3365 2470 3432 2524 In
3460 2472 3748 2541 eodemqne

2118 2576 2262 2631 pago
2292 2562 2479 2616 villam
2506 2562 2705 2632 Buﬁols
2733 2564 2936 2616 dictam
2966 2578 3085 2617 cum
3129 2565 3469 2634 appenditiis
3515 2570 3655 2621 suis.
3688 2569 3753 2622 Et

2124 2652 2178 2702 in
2204 2650 2336 2704 villa
2349 2651 2625 2717 Asnatgia
2664 2651 2925 2720 quicquid
2947 2653 3061 2721 ipse
3072 2652 3205 2721 jure
3233 2656 3410 2708 tenuit
3435 2655 3520 2709 vel
3546 2656 3608 2709 hi
3628 2672 3759 2726 quos

2117 2740 2363 2807 propriis
2395 2738 2481 2792 hic
2512 2742 2701 2792 notare
2738 2739 3053 2793 studuimus
3081 2742 3434 2797 nominibus:
3496 2743 3758 2799 Robertus

2122 2830 2389 2895 videlicet,
2444 2831 2715 2898 Angerus,
2766 2832 3074 2895 Fulcoldus,
3134 2830 3343 2897 Emme,
3410 2836 3746 2905 Hericindis,

2116 2928 2314 2991 prater
2342 2922 2631 2977 dimidium
2648 2937 2895 2977 mansum
2925 2923 3070 2993 quod
3097 2927 3274 2979 sorori
3309 2940 3423 2980 suae
3442 2941 3545 2995 pro
3575 2927 3750 2983 salute

2120 3014 2344 3069 contulit
2371 3015 2566 3067 animle
2592 3028 2715 3067 suae.
2763 3016 2834 3068 Et
2861 3014 3012 3083 apud
3054 3015 3280 3069 eundem
3306 3031 3514 3085 pagum
3551 3018 3743 3074 villam

471 3101 527 3155 5.
556 3098 747 3172 Itaque
770 3098 853 3156 vir
898 3098 1021 3155 vitae
1071 3097 1451 3155 memorabilis
1491 3100 1750 3157 Erluinus
1778 3101 1847 3137 τοο
1903 3118 2012 3157 non
2037 3120 2085 3188 ρ
2109 3110 2447 3172 salvenerias
2465 3123 2582 3161 cum
2606 3108 2748 3161 inibi
2766 3109 3173 3177 aspicientibus,
3189 3125 3467 3181 unumque
3490 3128 3742 3168 mansum

401 3196 667 3251 honorem
692 3194 790 3249 sed
818 3208 960 3249 onus
1007 3193 1315 3263 suscipiens
1368 3195 1658 3251 monastici
1703 3196 2008 3268 regiminis,

402 3302 470 3343 eo
498 3286 802 3342 ferventius
853 3285 1026 3357 coepit
1081 3285 1340 3340 insudare
1391 3287 1657 3359 regularis
1705 3288 2011 3359 disciplima

400 3379 617 3441 studiis.
658 3394 768 3451 quo
797 3378 1005 3435 sciebat
1068 3394 1129 3433 se
1160 3379 1270 3433 Deo
1324 3379 1591 3435 rationem
1642 3381 2009 3451 redditurum,

401 3484 513 3524 non
552 3474 763 3523 tantum
802 3467 874 3522 de
905 3466 1041 3532 suis,
1082 3465 1181 3522 sed
1212 3466 1377 3521 etiam
1410 3467 1479 3523 de
1504 3468 1608 3522 sibi
1635 3469 2009 3539 subjectorum

403 3560 728 3617 ratiociniis.
764 3560 838 3614 De
864 3559 1022 3630 cujus
1049 3559 1173 3614 vitae
1200 3559 1534 3616 insinuando
1559 3568 1841 3629 statu,non
1872 3578 2014 3635 Opus

400 3660 486 3711 est
524 3666 686 3726 agere
716 3651 889 3707 multo
930 3651 1223 3707 verborum
1258 3651 1488 3713 ambitu.
1525 3654 1594 3709 de
1635 3668 1743 3726 quo
1799 3663 2015 3710 constat

398 3761 510 3802 non
533 3744 640 3800 alia
669 3744 852 3820 egisse
874 3744 980 3800 nisi
1018 3761 1140 3816 quae
1168 3744 1366 3815 placita
1403 3752 1589 3800 essent
1626 3746 1682 3800 in
1714 3746 1827 3801 veri
1850 3746 2010 3815 judi-

399 3839 477 3895 cis
529 3847 849 3910 conspectu.
907 3838 1020 3893 Nec
1073 3838 1302 3893 dubium
1354 3839 1448 3910 qui
1503 3846 1610 3893 tam
1668 3840 1905 3915 gratuite
1944 3840 2015 3875 ⁷¹⁰

399 3933 512 3989 Deo
540 3932 793 4004 placebat
813 3945 913 4004 pro
945 3931 1106 3987 bonae
1134 3931 1651 3999 intentionisoculo,
1676 3932 1823 4004 quod
1848 3933 2009 3987 etiam

397 4025 491 4080 Dei
521 4023 861 4081 amatoribus
892 4023 1157 4095 placuerit
1183 4038 1280 4093 pro
1328 4022 1489 4077 bonae
1521 4024 1753 4079 actionis
1782 4024 1966 4080 studio
1992 4042 2007 4091 ;

396 4125 451 4174 et
488 4119 582 4190 qui
625 4117 787 4173 bonis
806 4122 924 4172 erat
951 4124 1165 4170 amatus
1192 4122 1246 4170 et
1273 4115 1631 4183 reverendus,
1662 4131 1773 4171 non
1806 4117 2005 4171 mirum

397 4210 546 4283 quod
578 4208 867 4266 contrariis
924 4208 989 4244 ⁷¹¹
1056 4210 1167 4264 Deo
1206 4214 1323 4262 erat
1352 4215 1738 4277 suspectuset
1784 4217 2008 4263 contra-

395 4302 527 4358 rius.
562 4302 796 4357 Interius
826 4316 959 4376 ergo
989 4300 1296 4355 animarum
1354 4301 1655 4357 consulens
1694 4303 1879 4368 saluti,
1917 4320 2016 4359 ex-

398 4393 566 4447 terius
594 4398 777 4447 autem
809 4406 1100 4462 corporum
1127 4390 1427 4446 intendens
1485 4392 1630 4457 usui,
1658 4400 1717 4446 ut
1766 4393 2012 4464 prudens

396 4490 450 4541 et
479 4483 659 4540 ﬁdelis
706 4482 1100 4556 paterfamilias
1156 4482 1444 4555 utriusque
1500 4483 1743 4538 hominis
1787 4484 2009 4557 prospi-

394 4578 575 4634 ciebat
600 4576 842 4633 utilitati.
876 4576 974 4641 Qui
1002 4575 1182 4632 sciens
1236 4575 1590 4631 insolentiam
1620 4577 1883 4632 secularis
1914 4593 2010 4649 po-

394 4670 579 4725 tentiae
598 4669 776 4725 solere
807 4667 1085 4723 adversari
1114 4667 1519 4723 eeoclesiasticaa
1568 4668 1762 4740 quieti,
1824 4670 2012 4725 omnia

394 4777 515 4833 qua!
540 4762 735 4817 beatus
766 4759 1116 4832 Wicbpertus
1159 4758 1321 4834 legali
1358 4765 1687 4815 testamento
1717 4760 2009 4835 delegave-

395 4860 479 4908 rat
514 4853 821 4908 commissae
838 4851 942 4907 sibi
981 4851 1247 4908 aecclesia:
1278 4851 1395 4917 Dei,
1444 4851 1744 4922 imperialis
1783 4858 1836 4906 et
1873 4868 2010 4924 apo-

394 4938 601 4995 stolica:
628 4956 826 4995 manus
877 4940 1265 5011 astipulatione
1306 4939 1433 4995 fecit
1463 4939 1861 5012 perpetualiter
1885 4955 2009 4995 cor-

396 5029 665 5085 roborari.
697 5030 841 5094 Quas
867 5037 1044 5084 cartas
1082 5045 1194 5085 non
1226 5029 1411 5102 pigeat
1432 5028 1803 5095 hicinserere,
1837 5037 2010 5085 uteas

395 5124 663 5181 tenaciter
692 5131 1038 5196 pusterorum
1078 5125 1536 5182 commendemus
1575 5124 1875 5180 memoriae.
1909 5125 2012 5180 lm-

393 5218 617 5291 pcrialis
645 5233 779 5294 ergo
813 5225 960 5274 carta
988 5226 1069 5274 est
1094 5219 1413 5291 liujusmodi
1443 5238 1457 5275 :

462 5311 516 5367 6.
575 5314 642 5368 In
677 5312 889 5367 nomine
945 5311 1151 5367 domini
1189 5315 1289 5369 Dei
1332 5318 1382 5369 et
1446 5313 1747 5369 Saluatoris
1798 5314 2003 5368 arterni.

2112 3204 2257 3276 quod
2294 3204 2423 3255 emit
2449 3200 2707 3254 vocabulo
2733 3202 2900 3266 Ruoz,
2935 3200 3271 3271 alterumque
3328 3218 3581 3259 mansum
3607 3207 3754 3274 ﬁsca-

2113 3304 2211 3357 lem
2227 3304 2281 3355 in
2304 3301 2411 3353 loco
2437 3300 2535 3368 qui
2571 3297 2779 3350 dicitur
2815 3298 2989 3353 Vilcrs
3022 3300 3329 3368 antiquitus
3359 3302 3745 3370 appendentem

2112 3393 2187 3446 ad
2211 3392 2384 3445 altare
2404 3390 2581 3443 sancti
2601 3389 2744 3441 Petri
2768 3389 3041 3457 principis
3082 3391 3471 3457 apostolorum.
3527 3392 3735 3448 Simili-

2115 3485 2197 3535 ter
2216 3484 2274 3535 in
2294 3494 2435 3549 pago
2452 3477 2665 3533 Asbain
2694 3476 2816 3547 (893
2823 3490 2834 3543 )
2861 3478 3009 3545 apud
3027 3479 3219 3533 villam
3245 3477 3470 3534 Herines
3491 3497 3739 3538 mansum

2116 3586 2302 3633 unum,
2338 3567 2483 3637 quod
2511 3566 2813 3633 Rothingus
2834 3570 2884 3621 et
2913 3566 3155 3637 conjunct:
3181 3567 3298 3636 ejus
3316 3574 3575 3625 emerunt.
3614 3573 3746 3627 Vita

2115 3659 2345 3727 denique
2385 3659 2699 3711 monasticae
2730 3672 2974 3711 normam
3016 3661 3108 3726 pio
3130 3661 3499 3729 multiplicare
3526 3678 3742 3718 cernens

2113 3754 2316 3806 intuitu
2343 3752 2574 3820 pissima
2598 3748 2751 3803 Gisla
2772 3763 2945 3819 supra
2960 3755 3274 3817 memorata,
3305 3767 3427 3806 vere
3448 3754 3583 3820 ﬁdei
3610 3755 3746 3809 dici-

2114 3842 2261 3893 nitus
2292 3838 2487 3893 ardore
2513 3852 2788 3903 succensa,
2829 3839 2983 3891 dedit
3021 3841 3397 3894 amantissimo
3435 3844 3625 3910 nepoti
3650 3858 3741 3897 suo

2121 3931 2403 3999 Vichpcrto
2430 3929 2613 3983 crebro
2638 3933 2926 3983 memorato
2946 3931 3127 3983 omnia
3152 3930 3251 3984 sub
3273 3946 3335 3983 ea
3349 3931 3575 3986 datione
3598 3935 3740 4003 quic-

2110 4030 2247 4099 quid
2276 4030 2549 4099 prccfatus
2578 4029 2668 4081 vir
2730 4027 3028 4095 Rothingus
3068 4027 3214 4083 datis
3270 4030 3459 4095 gratia
3497 4030 3738 4098 legaliter

2109 4119 2403 4171 donaverat
2461 4119 2519 4170 in
2578 4118 2836 4171 comitatu
2903 4117 3238 4180 Wastenaco,
3302 4118 3472 4173 villas
3540 4121 3738 4173 scilicet

2115 4215 2303 4271 Naslei
2333 4218 2382 4267 et
2421 4213 2652 4276 Corbeis,
2685 4216 2734 4266 et
2770 4213 3070 4278 Avoncurt,
3106 4217 3155 4266 et
3186 4212 3424 4268 Curceles
3462 4230 3737 4269 mansum-

2117 4319 2218 4372 quc
2245 4317 2411 4355 unum
2442 4302 2513 4354 ad
2543 4305 2741 4355 cariem
2771 4303 3023 4357 Romenei
3048 4301 3267 4369 dictum,
3303 4301 3602 4373 villamque
3628 4304 3736 4357 Mo-

2115 4400 2223 4452 lins
2289 4397 2576 4449 vocitatam
2630 4396 2929 4464 silvamque
2986 4397 3248 4464 Boisotgis
3303 4397 3624 4462 vocitatam,
3688 4400 3735 4449 et

2108 4487 2297 4542 villam
2326 4484 2521 4538 Ailant
2545 4489 2593 4538 et
2620 4486 2763 4539 Urei.
2804 4487 2873 4541 Et
2899 4501 3147 4541 mansum
3182 4502 3350 4541 unum
3377 4488 3436 4541 in
3476 4488 3619 4541 villa
3645 4486 3734 4541 Λί-

2110 4577 2244 4631 lant.
2278 4574 2349 4627 Et
2394 4573 2760 4628 molendinum
2789 4589 2957 4629 unum
2988 4589 3150 4644 super
3176 4577 3412 4643 ﬂuvium
3452 4577 3733 4630 Fontlaine

2108 4666 2169 4717 in
2205 4664 2461 4717 comitatu
2500 4663 2774 4717 Lazcnsis.
2813 4666 2883 4718 Et
2920 4664 3191 4719 clibanum
3228 4665 3501 4734 quendam
3527 4667 3588 4718 in
3611 4663 3735 4719 civi-

2110 4757 2219 4807 tate
2247 4754 2380 4808 Sens
2406 4756 2744 4821 nuncupata,
2798 4767 2902 4822 per
2937 4769 3107 4808 annos
3156 4755 3442 4810 sol-ventem
3495 4753 3733 4823 singulos

2109 4844 2179 4898 30
2208 4843 2407 4897 solidos
2427 4857 2788 4897 nummorum.
2819 4845 2890 4897 Et
2927 4848 3124 4899 cortem
3155 4842 3427 4900 Herhardi
3464 4848 3523 4900 et
3556 4843 3732 4900 Cade-

2109 4939 2273 4991 raita.
2303 4935 2573 4992 Similiter
2599 4934 2944 5005 inzeomitatu
2971 4936 3251 5006 Stampais
3274 4938 3469 4995 villam
3499 4939 3735 5000 Maison:

2110 5026 2332 5092 dictum,
2357 5028 2407 5079 et
2424 5023 2612 5078 villam
2640 5026 2859 5093 Algeldi
2902 5025 3051 5081 Gisla
3071 5031 3193 5097 post
3222 5028 3330 5083 hac
3360 5045 3535 5102 supra
3559 5037 3735 5106 sepius

2107 5122 2400 5175 memorata
2430 5117 2632 5173 divina
2668 5120 3050 5190 inspirationis
3078 5122 3139 5175 in
3163 5135 3226 5175 ea
3255 5125 3428 5192 magis
3468 5141 3532 5181 ac
3560 5130 3732 5197 magis

2108 5212 2368 5264 crescente
2395 5207 2677 5261 clementia
2718 5209 3100 5263 monachorum
3143 5211 3514 5281 multiplicare
3548 5216 3731 5271 videns

2109 5313 2378 5365 catervam
2408 5349 2422 5376 ,
2462 5320 2619 5376 seque
2653 5305 2839 5360 divino
2896 5307 3215 5375 mancipans
3270 5306 3547 5379 obsequio,
3586 5310 3730 5367 dedit

1744 5422 1964 5477 VARUE
1998 5417 2376 5476 LECTIONES.

461 5518 532 5593 Ψ
561 5535 607 5575 s.
659 5518 784 5590 jam
822 5532 1035 5573 erasum
1073 5520 1169 5573 est.
1247 5517 1316 5555 70°
1354 5517 1607 5575 Elluinus
1645 5534 1693 5574 c.
1771 5517 1842 5553 ⁷¹⁰
1881 5518 2122 5593 gratuito
2162 5530 2302 5571 corr.
2346 5512 2582 5587 gratuito
2623 5527 2668 5567 c.
2747 5511 2810 5544 7“
2854 5508 3177 5567 contrarius.
3256 5510 3327 5546 ⁷η
3365 5510 3419 5567 in
3463 5514 3524 5570 in
3559 5529 3724 5582 marg.

394 5591 527 5648 add.

1953 5684 2160 5741 NOTAE.

460 5793 614 5868 (893)
663 5786 963 5848 Hasbanio.
