3930 6204
186 323 292 382 601
1287 322 1492 378 GESTA
1534 321 1840 379 ABBATUM
1881 321 2449 379 GEMBLACENSIUM.
3425 328 3533 385 602

185 461 390 526 etim,
415 461 617 527 praeter
640 470 706 511 ea
734 470 854 526 quae
895 460 1022 526 jam
1046 470 1213 525 supra
1240 460 1566 524 notavimus,
1606 471 1676 511 ex
1693 472 1823 527 pro-
1848 458 1896 530 Α
1920 457 2137 513 condita
2162 464 2292 512 sunt
2319 459 2515 513 honore
2536 460 2816 515 salventur
2842 466 3081 532 ;Deoque
3093 463 3433 530 famulantes
3463 468 3531 523 ab

182 551 319 618 prta
349 546 644 602 hereditate
669 547 730 600 in
757 547 1016 600 comitatu
1039 547 1277 601 videlicet
1325 549 1546 613 Maisou,
1604 550 1663 601 in
1689 548 1819 601 villa
1919 550 2069 602 omni
2089 552 2447 617 protegantur
2472 547 2811 615 adversitate,
2842 550 3128 620 nullusque
3162 552 3312 606 nobis
3349 569 3531 610 succe—

188 652 320 707 quae
348 636 552 691 dicitur
587 637 810 703 Masuic,
840 636 1118 705 quandam
1147 640 1303 690 terra?
1331 642 1565 705 partem,
1599 637 1819 707 compli-

189 743 421 798 cemque
444 729 675 783 navium
696 741 793 796 per
816 742 988 783 annos
1010 728 1295 783 solventem
1321 728 1558 797 singulos
1583 731 1819 799 quinque

188 821 385 879 solidos
426 820 812 892 ;denariorum.
871 824 937 874 In
982 822 1262 891 eodemque
1314 824 1575 877 comitatu
1633 821 1820 881 villam

189 932 317 987 qua:
345 915 551 970 dicitur
572 916 803 969 Biettine
828 916 889 968 in
942 930 1051 984 qua
1107 915 1334 971 habetur
1396 915 1653 984 (ecclesia,
1702 929 1816 971 me-

191 1010 399 1063 dietate
420 1008 637 1076 quidem
684 1013 891 1074 nostra,
931 1022 1157 1063 mansus
1204 1008 1642 1077 indominicatus,
1698 1024 1816 1065 mo-

193 1100 508 1167 lendinum,
541 1101 753 1166 camba,
786 1104 1119 1169 capturaque
1174 1102 1423 1169 piscium.
1450 1104 1515 1153 In
1556 1104 1816 1157 comitatu

190 1208 318 1249 vero
352 1197 553 1247 Rewers
577 1193 765 1246 villam
792 1193 1027 1247 Molivort
1082 1194 1281 1248 dictam
1333 1209 1460 1248 cum
1488 1194 1625 1247 inibi
1646 1198 1816 1263 perti-

190 1283 474 1349 nentibus,
514 1297 580 1336 ac
598 1284 658 1336 in
685 1283 923 1352 quadam
948 1283 1078 1336 villa
1107 1282 1344 1353 ejusdem
1367 1286 1655 1338 comitatus
1693 1288 1818 1338 Ber—

192 1386 325 1442 gam
354 1373 647 1426 vocitatam
674 1385 832 1440 super
866 1373 1098 1437 ﬂuvium
1129 1371 1499 1443 RimZvineam
1535 1374 1811 1429 obtimam.

193 1470 436 1521 Domnus
460 1466 667 1519 interea
691 1466 957 1533 prce/atus
1015 1467 1337 1535 Wichpertus
1383 1468 1446 1521 de
1467 1470 1709 1536 paternis
1738 1466 1817 1521 vel

195 1560 465 1613 maternis
507 1556 664 1611 rebus
711 1558 815 1612 sibi
856 1562 985 1626 jure
1040 1546 1345 1613 hereditatis
1371 1558 1561 1627 legales
1610 1561 1815 1626 faciens

195 1651 537 1716 traditiones,
567 1648 708 1703 dedit
745 1650 996 1718 quicquid
1034 1652 1253 1717 jurium
1302 1654 1448 1706 visus
1492 1658 1569 1706 est
1625 1652 1819 1707 habere

1917 639 2045 692 dens
2072 652 2172 691 rex
2195 639 2254 691 in
2282 641 2547 691 aeternum
2571 638 2785 706 aliquod
2831 637 3030 693 audeat
3090 653 3157 694 ea:
3201 641 3380 697 eodem
3424 643 3533 700 loco

1920 734 2163 797 expetere
2187 729 2416 782 sortium
2455 732 2655 796 praeter
2706 729 2905 782 munia
2933 730 3261 797 orationum,
3306 731 3374 785 ab
3415 747 3533 787 om-

1918 820 2083 887 nique
2115 817 2457 886 subjectionis
2476 830 2730 873 excussus
2761 832 2918 874 onere
2937 816 3008 852 7“
3033 831 3224 887 regum
3274 827 3535 890 perpetua

1916 916 2167 980 ﬁrmetur
2195 916 2466 981 tuitione;
2498 927 2595 968 nec
2622 916 2805 983 quovis
2856 913 3007 971 modo
3043 914 3238 984 aliquis
3266 918 3535 987 episcopus

1916 1008 1977 1059 in
2003 1008 2161 1073 cujus
2185 1004 2379 1058 diocesi
2402 1004 2540 1058 idem
2564 1005 2747 1058 existit
2764 1004 2905 1059 locus
2951 1004 3193 1074 aliquam
3216 1007 3327 1060 vim
3346 1011 3534 1061 contra

1914 1099 2247 1153 voluntatem
2272 1096 2480 1150 abbatis
2510 1096 2723 1163 habeat,
2755 1112 2853 1151 nec
2876 1098 3138 1166 synodum
3156 1112 3536 1167 peragere,nec

1918 1187 2091 1242 ullam
2118 1187 2335 1241 omnino
2364 1201 2479 1242 rem
2494 1200 2774 1245 exornare.
2801 1189 2911 1242 nisi
2935 1189 3308 1243 tantummodo
3333 1204 3530 1245 mona-

1917 1280 2037 1334 chos
2063 1276 2300 1347 ejusdem
2352 1276 2560 1331 abbatis
2616 1276 2910 1344 ordinare;
2939 1283 3056 1347 post
3110 1277 3533 1348 mortemque”

1916 1377 2032 1443 ejus
2062 1374 2350 1427 accersitus
2372 1374 2540 1441 juxta
2579 1373 2821 1440 regulam
2850 1376 3027 1427 sancti
3071 1374 3341 1429 Benedicti
3358 1378 3534 1431 consi-

1917 1466 1988 1520 lio
2011 1468 2400 1519 monachorum
2421 1469 2836 1534 cwterorumque
2864 1468 3396 1535 comprovincialium
3424 1482 3528 1523 no-

1915 1571 2041 1611 men
2068 1558 2161 1609 Dei
2190 1556 2519 1620 timentium,
2545 1558 2861 1626 imperioque
2884 1560 3023 1626 regis
3061 1559 3288 1613 electum
3316 1557 3532 1614 benedi-

1918 1654 2007 1704 cat
2035 1647 2284 1701 abbatem
2306 1664 2325 1714 ;
2346 1649 2525 1715 sicque
2552 1648 2755 1701 nullius
2778 1651 3021 1703 muneris
3052 1655 3266 1719 accepto
3318 1654 3532 1706 servitio

190 1747 355 1798 ἅτινα
382 1743 874 1808 fratrum‘suorum
900 1745 1206 1796 societatem
1239 1743 1352 1798 sub'
1379 1748 1597 1799 nomine
1645 1750 1737 1801 Dei
1764 1756 1815 1802 et

1922 1746 2111 1810 prwter
2133 1740 2485 1794 constitutam
2512 1739 2851 1808 praebendam
2878 1744 3038 1808 panis
3072 1744 3252 1797 sancti
3293 1744 3534 1799 Salvato-

193 1832 495 1887 Saluatoris
519 1833 690 1885 nostri
722 1833 1003 1900 sanctique
1031 1835 1175 1886 Petri
1236 1837 1389 1903 regni
1419 1836 1672 1890 caelorum
1700 1838 1812 1893 cla-

190 1922 383 1990 vigeri,
410 1920 676 1987 fratribus
702 1922 762 1974 in
791 1921 969 1975 eodem
1000 1921 1107 1977 loco
1135 1924 1416 1979 Gemblaus
1446 1926 1545 1980 sub
1573 1929 1815 1996 regulari

187 2013 496 2068 viventibus
522 2013 825 2082 disciplina,
874 2028 1000 2083 quos
1038 2015 1232 2069 ibidem
1285 2020 1374 2071 Dei
1413 2018 1813 2074 coadunaverat

187 2106 560 2170 miseratione,
587 2106 649 2157 in
675 2106 936 2160 comitatu
962 2108 1161 2160 scilicet
1201 2108 1456 2162 Breibant
1485 2111 1546 2163 in
1572 2110 1681 2165 loco
1707 2115 1817 2167 Me-

192 2195 274 2248 lin
301 2194 620 2261 cecclesiam,
646 2209 902 2249 mansum
963 2196 1416 2251 indominicatum
1454 2214 1581 2253 cum
1615 2216 1821 2271 appen-

188 2284 342 2338 ditiis
369 2286 505 2349 suis,
535 2283 805 2352 cambam,
858 2284 1250 2351 molendinum,
1307 2292 1360 2341 et
1396 2290 1677 2344 culturam
1714 2297 1819 2346 Ar-

191 2378 408 2447 nulphi.
438 2380 504 2431 Et
539 2377 718 2431 decem
737 2392 955 2433 mansos
1004 2379 1068 2432 de
1096 2381 1368 2447 Lietzinis,
1432 2396 1558 2450 quos
1588 2384 1700 2447 ﬁlio
1724 2401 1820 2440 suo

193 2470 481 2524 karissimo
511 2468 812 2538 Wichperto
869 2476 1048 2525 mater
1099 2472 1423 2529 solummodo
1466 2490 1594 2529 cum
1644 2479 1820 2544 fratre

190 2574 293 2615 suo
321 2557 533 2614 Oidoldo
559 2559 802 2627 legaliter
832 2561 1070 2614 tradidit.
1128 2566 1194 2616 Et
1246 2577 1420 2616 unam
1472 2565 1713 2619 insulam
1759 2569 1817 2620 in

193 2648 384 2703 eadem
403 2649 556 2703 villa.
584 2652 653 2701 Et
678 2649 823 2717 apud
845 2651 1077 2704 eundem
1099 2667 1306 2720 pagum
1324 2654 1663 2708 medietatem
1712 2657 1814 2709 vil-

192 2742 263 2796 ιω
288 2742 514 2807 Putiau,
564 2739 1007 2809 medietatemque
1056 2746 1312 2798 Beurene.
1361 2748 1427 2798 In
1454 2748 1818 2814 comitataque

190 2833 503 2888 Damuensi
522 2830 859 2886 medietatem
889 2832 1032 2887 villae
1071 2835 1268 2889 Curtils
1304 2835 1480 2904 dictae,
1518 2853 1582 2891 ac
1620 2839 1817 2893 medie-

195 2928 366 2977 tatem
382 2920 523 2975 villaa
558 2918 844 2975 Walaham
860 2921 1034 2990 dictce,
1064 2924 1507 2996 medietatemque
1546 2928 1818 2983 Wasmont

193 3017 257 3068 in
280 3026 420 3084 pago
441 3010 661 3067 Asbain.
692 3013 962 3082 Siquidem
986 3019 1040 3067 et
1093 3017 1156 3068 in
1205 3017 1301 3071 hoc
1330 3017 1521 3072 habuit
1548 3018 1817 3074 doctorem

190 3114 247 3164 et
264 3114 565 3179 patronum
588 3109 857 3177 quendam
881 3109 1237 3164 venerabilem
1292 3115 1475 3167 virum
1498 3113 1809 3181 Erluinum,

193 3205 292 3273 qui
312 3206 366 3256 et
381 3204 493 3271 ipse
518 3204 861 3270 canonicam,
883 3218 985 3271 quo
1010 3203 1239 3271 vivebat,
1262 3206 1507 3273 regulam
1531 3209 1728 3260 avertit
1745 3206 1815 3259 ad

194 3298 559 3352 monasticam
583 3299 774 3351 vitam.
825 3298 1009 3366 Ipsum
1056 3314 1276 3368 prorsus
1304 3302 1348 3354 is
1386 3302 1650 3371 prcefatus
1708 3302 1815 3357 Wi-

195 3390 451 3459 chpertus
501 3394 619 3458 post
692 3389 1020 3455 ludiﬁcatam
1093 3392 1390 3446 (ecclesiam
1463 3400 1513 3447 et
1565 3396 1812 3460 officinas

194 3482 447 3547 claustri,
478 3495 613 3550 quas
639 3482 805 3535 simul
843 3488 1281 3552 construxerant,
1329 3485 1435 3538 sibi
1462 3486 1618 3554 elegit
1647 3485 1814 3539 abba-

197 3578 328 3639 tem,
382 3576 435 3626 et
486 3585 542 3626 se
589 3586 716 3626 cum
771 3572 1017 3626 omnibus
1093 3588 1220 3642 quos
1296 3578 1617 3629 accersierat
1698 3590 1814 3630 mo-

194 3665 389 3719 nachis
440 3666 703 3719 commisit
766 3664 1059 3734 regendum
1086 3706 1100 3729 ,
1166 3667 1250 3720 illi
1302 3669 1479 3736 potius
1538 3682 1594 3721 se
1650 3682 1816 3736 quam

193 3755 415 3810 sibimet
478 3756 582 3822 ipsi
662 3754 898 3809 credens.
1001 3755 1173 3824 Igitur
1259 3758 1388 3824 quia
1463 3756 1611 3811 bonis
1672 3757 1820 3812 debe-

192 3860 323 3901 mus
384 3846 797 3900 amminiculari
856 3848 1007 3914 viris,
1068 3852 1130 3902 ut
1184 3854 1369 3903 nostra
1428 3849 1649 3903 valeant
1713 3852 1827 3904 tui-

194 3942 345 3994 tione
360 3938 595 4005 defendi,
625 3942 773 4007 regia
820 3941 1228 4007 magniﬁcentia
1277 3956 1343 3995 ac
1393 3944 1596 3996 virtute
1633 3948 1818 3997 nostra

196 4034 516 4089 roboramus
572 4034 914 4100 auctoritate,
980 4035 1235 4103 quicquid
1298 4038 1407 4104 ipse
1457 4036 1686 4089 contulit
1738 4036 1821 4089 illi

193 4123 453 4178 (ecclesia:
468 4121 708 4176 videlicet
760 4123 821 4174 in
872 4121 1174 4189 Gemblaus,
1216 4138 1280 4178 ac
1339 4125 1592 4193 quicquid
1626 4125 1820 4180 exinde

192 4214 595 4271 uenerabilium
616 4217 857 4270 virorum
895 4215 1183 4284 largitione
1216 4220 1317 4273 Deo
1344 4220 1514 4285 fuerit
1542 4224 1821 4273 annuente

195 4322 531 4374 concessum,
554 4312 616 4361 ut
644 4307 826 4361 nullus
854 4306 1156 4372 inﬁdelium
1179 4308 1260 4363 vel
1287 4310 1481 4378 aliquis
1511 4314 1625 4379 ejus
1669 4311 1817 4365 here-

194 4403 337 4456 dum
361 4399 547 4468 aliqua
571 4400 869 4452 temeritate
906 4399 1208 4467 infringere
1243 4400 1460 4466 audeat,
1518 4400 1608 4455 sed
1641 4403 1818 4470 potius

1913 1835 2009 1899 ris,
2041 1832 2308 1886 adsatum
2333 1830 2513 1885 redeat
2551 1834 2777 1901 propria:
2816 1833 2969 1887 sedis.
3003 1837 3069 1887 Et
3113 1835 3243 1903 quia
3292 1835 3392 1889 sub
3420 1850 3523 1892 no-

1911 1928 2025 1977 stra
2053 1923 2293 1976 consistit
2325 1922 2548 1989 ditione,
2580 1923 2874 1975 annuimus
2911 1921 3095 1975 abbati
3143 1922 3531 1979 cancellarium

1914 2018 2019 2073 sibi
2047 2018 2370 2071 constituere
2389 2029 2784 2085 quemcumque
2810 2016 3034 2071 voluerit
3078 2030 3146 2071 ea:
3167 2019 3298 2072 suis.
3329 2018 3532 2073 Simili-

1923 2115 2003 2164 ter
2024 2113 2348 2175 mercatum,
2386 2122 2765 2177 percussurcm
2791 2112 3034 2174 monetw,
3086 2110 3413 2163 matheriam
3437 2107 3527 2163 ⁷η.

1918 2205 2020 2254 Nec
2032 2213 2132 2268 per
2179 2212 2376 2267 gyrum
2414 2200 2581 2267 ipsius
2628 2195 2887 2250 abbathice
2936 2197 3182 2265 quislibet
3209 2212 3379 2253 comes
3421 2200 3532 2254 sive

1919 2290 2127 2357 legatus
2152 2288 2456 2342 dominicus
2493 2286 2606 2340 ulla
2655 2289 2840 2339 utatur
2881 2289 3139 2353 potestate
3164 2287 3283 2339 sine
3299 2287 3531 2353 permis-

1918 2382 2065 2434 sione
2126 2378 2338 2433 abbatis
2363 2382 2414 2431 et
2451 2376 2704 2431 advoca'i.
2761 2375 3032 2443 Isdemque
3081 2374 3225 2429 locus
3252 2375 3527 2431 absolutus

1917 2476 1988 2529 sit
2016 2473 2083 2526 ab
2107 2473 2256 2528 omni
2290 2470 2524 2524 theloneo
2547 2486 2566 2535 ;
2603 2481 2693 2522 nee
2720 2468 2780 2520 in
2816 2469 3051 2535 civitate,
3080 2481 3179 2522 nec
3206 2469 3265 2521 in
3290 2468 3521 2531 castello,

1918 2580 2018 2620 nec
2046 2567 2107 2617 in
2134 2563 2285 2628 villa,
2316 2577 2417 2616 nec
2439 2575 2599 2631 super
2623 2574 2805 2627 (quas,
2827 2572 2927 2614 nec
2946 2561 3007 2613 in
3033 2559 3302 2627 pontibus,
3333 2574 3431 2615 nec
3466 2563 3527 2615 in

1919 2658 2085 2713 ullius
2110 2655 2323 2724 imperii
2345 2656 2518 2708 nostri
2540 2654 2637 2707 loco
2664 2651 2931 2705 tributum
2956 2653 3187 2707 solvant.
3214 2649 3306 2722 (Et
3334 2653 3527 2722 hujus-

1914 2748 2059 2802 modi
2078 2760 2175 2814 per
2201 2744 2541 2799 succedentia
2571 2747 2797 2809 tempora
2833 2741 2978 2796 locus
3027 2742 3117 2796 ille
3141 2755 3331 2809 regum
3369 2747 3527 2797 tuea-

1918 2847 2009 2895 tur
2049 2838 2311 2907 regimine
2338 2850 2404 2890 ac
2424 2834 2739 2901 defensone,
2796 2838 2859 2887 ut
2902 2839 2953 2887 et
2976 2847 3071 2889 nos
3098 2839 3147 2887 et
3190 2833 3526 2889 succedentes

1915 2944 2060 2998 reges
2073 2942 2259 2983 eorum
2282 2930 2621 2996 protegamur
2671 2925 2931 2978 oratione.
2988 2928 3150 2979 Porro
3178 2924 3274 2979 hoc
3302 2926 3386 2979 uti
3404 2939 3520 2980 ma-

1916 3024 2044 3075 neat
2062 3024 2251 3073 ratum
2274 3022 2325 3071 et
2350 3030 2444 3085 per
2465 3012 2793 3069 succedentia
2839 3019 3075 3084 tempora
3119 3016 3521 3083 inconvulsum,

1914 3108 2073 3163 anuli
2091 3109 2263 3164 nostri
2286 3107 2618 3176 impressione
2662 3103 2893 3174 sigillari
2913 3107 3182 3174 jussimus
3233 3120 3299 3160 ac
3346 3119 3523 3161 manu

1914 3206 2100 3257 nostra
2124 3199 2313 3255 subtus
2350 3199 2697 3263 ﬁrmavinus.

1985 3296 2211 3362 Signum
2239 3291 2360 3347 dom
2389 3290 2467 3362 (L.
2515 3288 2589 3355 Μ)
2630 3290 2692 3342 ni
2739 3291 3317 3365 0ttonis_serenissimi
3362 3292 3520 3359 regis.

1915 3387 2068 3437 Brun
2094 3381 2453 3438 cancellarius
2483 3379 2554 3434 ad
2584 3380 2755 3433 vicem
2784 3378 3055 3434 Fridurici
3101 3380 3526 3450 archicapellani

1911 3474 2215 3541 recognovi.

1982 3566 2122 3617 Data
2153 3558 2241 3615 12.
2273 3561 2387 3613 Kal.
2420 3557 2656 3613 Octolris.
2692 3559 2897 3612 Actum
2920 3572 3069 3613 anno
3124 3561 3522 3615 incarnationis

1914 3655 2126 3709 Domini
2161 3651 2286 3720 946,
2318 3653 2596 3707 indictioce
2627 3650 2676 3704 1.
2706 3649 2774 3685 τίτ
2805 3666 2953 3706 anno
2979 3651 3166 3706 damni
3195 3655 3400 3708 Ottonis
3434 3654 3519 3710 11.

1922 3747 2119 3800 Actum
2132 3746 2193 3797 in
2220 3742 2419 3797 Leodio.
2453 3744 2522 3803 (S.
2538 3740 2625 3811 R.)
2653 3740 2816 3811 (894).

1995 3836 2052 3907 7)
2080 3834 2409 3907 Apostolicw
2428 3838 2594 3888 auten
2626 3833 2965 3887 auctoritatis
2994 3832 3141 3889 cafta
3170 3834 3292 3889 haec
3313 3842 3397 3890 est
3429 3849 3447 3891 :

1994 3928 2034 3995 -ί-
2088 3926 2399 3981 Benedictus
2453 3925 2704 3995 epicopus
2757 3938 2942 3980 servus
2994 3940 3269 3981 servorum
3303 3928 3398 3981 Dei
3449 3925 3521 3961 ⁷η

1916 4017 2158 4085 religioso
2184 4016 2369 4070 abbati
2394 4014 2672 4071 venetabili
2698 4014 2767 4049 7"
2799 4019 3114 4071 monasterii
3134 4020 3315 4074 sancti
3334 4018 3519 4074 salva-

1921 4109 2047 4163 toris
2083 4107 2289 4161 domini
2315 4108 2486 4161 nostri
2531 4109 2666 4163 Iesus
2695 4107 2891 4162 Christi
2926 4122 2992 4162 ac
3047 4110 3227 4164 sancti
3250 4112 3396 4163 Petri
3422 4123 3520 4164 no-

1916 4204 2055 4255 viter
2081 4200 2156 4254 ibi
2182 4203 2482 4271 constituti,
2531 4203 2734 4269 tuisque
2767 4202 3155 4258 successoribus
3229 4204 3290 4256 in
3330 4215 3520 4273 perpe-

1920 4299 2095 4348 tuum.
2129 4297 2263 4347 Cum
2290 4308 2492 4362 magna
2519 4292 2651 4349 iobis
2712 4295 3071 4350 sollicitudine
3128 4297 3331 4351 insistit
3385 4310 3521 4350 cura

1914 4401 2011 4455 pro
2062 4387 2325 4440 universis
2385 4388 2476 4439 Dei
2518 4386 2750 4440 ecclesiis
2800 4401 2867 4441 ac
2886 4389 2993 4456 piis
3048 4388 3176 4443 locis
3211 4389 3521 4456 invigilan-

194 4488 581 4544 inconvulsum
608 4501 813 4556 semper
836 4494 1156 4557 permaneat
1183 4487 1252 4522 ⁷¹³
1296 4489 1542 4544 Habeant
1569 4504 1701 4543 sane
1721 4505 1815 4559 po-

1922 4478 2050 4531 dum
2078 4475 2169 4544 ⁷²⁰,
2208 4490 2279 4531 ne
2304 4477 2489 4546 aliqua
2514 4480 2813 4533 iecessitate
2860 4482 3143 4548 jacturam
3186 4481 3517 4548 sustineant,

1922 4568 2010 4596 ,ΛΑ
2032 4570 2204 4596 manh-
2227 4570 2455 4596 ..καις-ἕης
2482 4570 2718 4596 ..ἐμοι-κ..
2778 4571 3036 4596 ,οδω-...κη
3086 4578 3481 4596 ρ-..--,...,...ι....
3504 4588 3516 4596 .

198 4583 471 4642 testatem,
495 4578 638 4631 sicut
661 4578 767 4644 ipsi
793 4592 828 4630 a
855 4576 1006 4631 nobis
1031 4580 1389 4647 expetierunt,
1413 4579 1642 4648 eligendi
1658 4594 1817 4649 regu-

194 4671 374 4725 larem
398 4668 483 4723 vel
510 4670 571 4722 in
594 4667 684 4723 illo
709 4667 816 4722 loco
843 4670 925 4723 vel
954 4669 1276 4740 ubicumque
1304 4673 1379 4725 eis
1404 4671 1596 4726 melius
1642 4674 1823 4727 visum

196 4761 371 4825 fuerit
387 4756 638 4812 abbatem
664 4763 717 4812 et
735 4758 1073 4825 advocatum,
1114 4762 1208 4827 qui
1260 4759 1398 4814 inibi
1424 4758 1581 4815 datas
1604 4775 1688 4815 res
1713 4762 1823 4829 lege

195 4849 442 4903 detineat
491 4852 678 4901 nostra
724 4848 806 4901 vel
856 4850 1116 4902 comitum
1144 4853 1450 4903 nostrorum
1496 4850 1821 4916 defensione.

198 4941 402 5005 Quibus
416 4940 599 4995 eodem
613 4941 874 5010 jussionis
922 4955 1056 4995 mea’
1094 4943 1315 5009 imperio
1365 4942 1603 5008 faciendi
1638 4943 1826 4996 castel-

199 5031 318 5086 lum
341 5030 672 5086 concedatur
721 5035 973 5100 potestas,
1005 5045 1039 5084 a
1084 5031 1238 5097 falsis
1265 5032 1525 5099 quatinus
1562 5033 1821 5086 christia-

198 5127 286 5181 nis
337 5124 421 5181 vel
444 5126 680 5194 paganis
711 5125 942 5193 pignora
991 5131 1303 5180 sanctorum
1340 5140 1460 5194 qua:
1488 5125 1623 5180 inibi
1663 5127 1823 5196 digno

1918 4568 2010 4622 sed
2030 4570 2204 4636 magis
2223 4570 2455 4637 propria:
2482 4570 2718 4624 uilitatis
2772 4571 3040 4639 stipendia
3080 4578 3516 4640 consequantur:

1920 4662 2034 4717 ideo
2060 4664 2425 4717 convenitnos
2478 4667 2569 4717 taa
2618 4665 2905 4732 pastoralis
2959 4667 3158 4720 mentis
3208 4667 3524 4734 integritate

1920 4752 2212 4807 eorundem
2232 4752 2605 4807 venerabilum
2632 4754 2871 4809 locorum
3153 4757 3523 4825 integritatem

1921 4850 1974 4897 et
2000 4843 2351 4898 stabilitatem
2368 4858 2662 4913 proctrare,
2695 4851 2746 4899 et
2769 4846 2949 4901 sedule
2974 4861 3162 4902 eorum
3192 4846 3521 4903 utilitatibus

1920 4934 2159 4990 subsidia
2188 4935 2299 4989 illic
2334 4936 2574 5001 confero,
2604 4941 2667 4990 ut
2721 4940 2821 4991 Deo
2872 4941 3053 4994 nostro
3088 4939 3442 5007 omnipotenti
3468 4938 3524 4993 id

1923 5030 2060 5099 quod
2083 5045 2181 5100 pro
2208 5034 2321 5099 ejus
2345 5035 2519 5085 sancti
2530 5033 2764 5086 nominis
2790 5032 2985 5088 honore
3009 5035 3177 5088 etiam
3212 5033 3283 5087 ad
3304 5032 3521 5105 laudem

1923 5132 2084 5196 atque
2107 5128 2336 5196 gloriam
2374 5130 2488 5197 ejus
2519 5126 2703 5181 livinw
2738 5130 3037 5199 majestatis
3088 5143 3215 5185 cum
3240 5127 3521 5185 venerabi-

1558 5253 1780 5311 VARUE
1805 5253 2181 5311 LECTIONES.

268 5346 599 5428 minanegt
624 5363 764 5428 corr.
799 5364 971 5428 perm,
1035 5350 1121 5428 _"‘
1152 5352 1364 5408 honore
1384 5367 1755 5428 ιῖρτςνρ-ςπξεὶιιβἒ
1774 5354 2159 5428 _:‘_§_r_r_nortem
2189 5370 2327 5410 corr.
2358 5324 2701 5428 mortanque.
2780 5357 2850 5393 ⁷¹⁶
2870 5374 2972 5413 rec.
3008 5374 3200 5414 manus
3230 5357 3400 5423 add.;
3437 5357 3521 5414 fav-

200 5418 415 5482 ciendi,
510 5418 580 5452 7"
611 5420 720 5473 alia
749 5418 916 5476 manu
943 5424 1002 5476 in
1032 5423 1140 5478 loco
1167 5439 1310 5480 raso.

201 5492 642 5562 transpunctum.

1407 5423 1475 5457 ⁷¹⁸
1503 5424 1569 5478 1N
1599 5425 1999 5481 PERPETUUM
2025 5428 2266 5495 primum
2290 5428 2497 5497 scripta
2521 5423 2698 5486 leinde
2726 5444 2901 5487 erasa.

3003 5430 3072 5465 7"
3122 5432 3202 5486 ita
3231 5442 3277 5485 ι.
3362 5428 3433 5463 ⁷²⁰
3462 5428 3519 5484 in

1768 5567 1981 5625 ΝΟΤᾹΞ.

270 5661 422 5746 (δεμ)
464 5660 722 5743 Diploma
759 5663 833 5718 ita
869 5663 1136 5746 scribitur
1179 5673 1241 5725 ut
1278 5663 1659 5723 authenticum
1686 5684 1802 5739 prae
1855 5666 2031 5725 oculis
2076 5666 2248 5724 fuisse
2295 5665 2552 5727 videatut.
2594 5668 3007 5745 Monogramma
3062 5676 3120 5727 et
3175 5670 3397 5746 signum
3426 5681 3520 5724 re-

202 5732 544 5808 cognitionis
584 5732 757 5792 minio
788 5736 990 5808 scripta
1018 5743 1161 5795 sunt.
