3930 6204
437 301 542 357 603
1647 316 1989 375 SIGEBERTI
2029 318 2538 378 GEMBLACENS-IS.
3657 337 3769 393 604

438 425 578 532 libus
603 442 700 483 nos
725 434 934 532 certum
1081 433 1367 532 contulisse
1413 435 1540 494 locis
1583 443 1656 496 sit
1707 445 2046 515 acceptabile,
2073 451 2128 520 Α
2149 447 2301 503 ribus
2323 453 2595 504 mercatus
2621 454 2849 520 (eterna,
2873 455 2983 522 egit
3027 469 3150 524 qua:
3193 459 3296 514 Deo
3344 467 3506 516 erant
3540 463 3769 532 placito.

711 518 784 625 ab
839 522 954 624 ejus
1009 521 1420 625 locupletissima
1461 530 1826 588 misericordia
1881 536 2047 604 digna
2073 515 2128 520 ﬂ
2147 543 2416 612 Siquidem
2434 547 2595 613 jussu
2623 515 2976 602 illustrissimi
3015 515 3226 608 abbatis
3270 515 3362 608 sui
3395 515 3768 625 Erluirnijc-u:

439 607 745 676 hujusmodi
795 613 876 679 pii
923 615 1091 681 operis
1128 615 1188 667 in
1241 615 1454 672 sidereis
1491 621 1808 688 conferatur
1833 627 2047 682 arcibus

438 703 822 757 remuneratio.
849 706 1026 772 Igitur
1075 709 1204 775 quia
1232 705 1297 742 ⁷²¹
1348 712 1635 778 postulatis
1655 731 1689 770 a
1726 717 1876 774 nobis
1900 736 2044 789 qua—

442 792 590 847 tinus
608 808 708 861 pro
736 797 827 848 Dei
871 801 1244 867 omnipotentis
1296 819 1480 859 amore
1525 821 1591 861 ac
1625 808 1810 864 damni
1844 815 2046 870 Ottonis

436 883 914 951 prwcellentissimi
959 887 1313 962 [imperatoris
1375 899 1648 967 nostrique
1707 901 1886 958 dilecti
1943 905 2048 969 ﬁlii

441 974 842 1032 concederemus
865 984 1024 1048 atque
1050 984 1493 1048 conﬁrmaremus
1545 989 1696 1046 nobis
1743 995 2045 1062 predictu-m

441 1073 828 1126 monasterium
855 1075 914 1128 in
939 1077 1133 1132 honore
1179 1083 1357 1135 sancti
1414 1083 1704 1140 Saluatoris
1758 1103 1824 1143 ac
1869 1093 2048 1145 sancti

443 1162 588 1214 Petri
621 1167 1008 1234 constructum,
1077 1183 1203 1222 cum
1255 1172 1502 1227 omnibus
1554 1174 1710 1231 rebus
1763 1179 2044 1237 mobilibus

439 1259 600 1322 atque
628 1257 982 1313 immobilibus
1034 1276 1153 1330 qua:
1201 1263 1298 1316 sub
1325 1265 1502 1320 eodem
1539 1274 1862 1328 monasterio
1885 1273 2044 1342 adja-

440 1359 555 1398 cere
577 1362 642 1402 ac
665 1351 934 1416 pertinere
955 1353 1226 1420 videntur,
1283 1361 1395 1408 tam
1438 1361 1646 1415 mansis
1674 1377 1840 1430 quam
1877 1367 2044 1420 etiam

435 1437 646 1501 castris,
673 1439 810 1493 villis
839 1446 1000 1509 atque
1025 1444 1311 1510 casalibus,
1344 1451 1458 1500 tam
1485 1451 1580 1516 qui
1601 1459 1888 1518 prtesentes
1913 1460 2044 1508 sunt

434 1543 700 1598 quamque
725 1533 890 1584 etiam
919 1548 1083 1603 usque
1111 1538 1166 1588 in
1205 1538 1366 1600 ﬁnem
1411 1555 1520 1594 esse
1565 1541 1848 1612 debebunt,
1875 1549 2042 1615 posito

433 1621 493 1673 in
523 1620 630 1676 loco
652 1625 746 1690 qui
768 1630 992 1678 vocatur
1046 1626 1334 1695 Gcmblaos,
1365 1633 1702 1689 concedimus
1731 1641 1892 1706 atque
1914 1653 2042 1694 con-

432 1709 717 1772 firmamus
747 1715 1030 1780 apostolica
1071 1720 1388 1773 auctoritate
1425 1724 1487 1773 ut
1537 1721 1600 1775 de
1636 1724 1744 1777 alio
1773 1733 2042 1784 monaste-

2137 636 2233 704 jus
2260 634 2435 690 locum
2461 651 2676 692 omnem
2715 637 2816 693 sub
2842 642 3106 708 regimine
3131 647 3560 716 commendarat,
3589 651 3770 718 precio

2146 723 2511 780 meclesiastico
2533 728 2841 795 impetravit
2859 729 2920 782 in
2959 745 3092 799 pago
3120 735 3329 800 Masau,
3363 736 3609 790 mediam
3627 753 3769 806 par-

2149 821 2256 871 tem
2277 818 2524 872 aecclesia:
2551 833 2717 888 quam
2743 833 2856 874 non
2879 820 3091 877 tenebat
3132 822 3225 880 ⁷³³.
3281 829 3415 880 Erat
3460 830 3612 883 enim
3649 831 3766 899 ipsa

2146 908 2261 963 edes
2300 909 2612 978 supradicta
2653 914 2955 967 communis
3002 916 3146 970 inter
3195 920 3375 974 locum
3417 927 3676 977 nostrum
3715 931 3771 979 et

2144 996 2416 1066 quendam
2459 997 2690 1052 nobilem
2741 1001 2925 1054 virum
2969 1002 3340 1058 Lantbertum.
3390 1009 3615 1074 Accepto
3641 1020 3768 1075 ergo

2135 1085 2332 1153 precio,
2364 1089 2426 1139 ut
2445 1100 2608 1154 supra
2639 1086 2899 1154 diximus,
2949 1089 3090 1143 idem
3132 1095 3232 1145 Deo
3253 1099 3504 1147 sacratus
3534 1094 3768 1148 contulit

2137 1179 2376 1244 pretium
2399 1181 2450 1230 et
2479 1180 2699 1245 expetiit
2744 1184 2959 1248 partem
2992 1178 3266 1236 residuam
3317 1184 3503 1252 templi
3525 1181 3770 1254 [vidente

2141 1270 2253 1333 ﬁlio
2301 1273 2416 1339 ejus
2468 1270 2736 1338 Ansfrido.
2797 1279 2932 1327 Nam
2970 1273 3110 1328 idem
3139 1276 3452 1332 Lambertus
3505 1278 3766 1334 advocato

2141 1373 2264 1412 eam
2293 1359 2534 1424 tradidit,
2565 1364 2726 1429 atque
2776 1363 2854 1416 ita
2901 1363 3266 1432 consolidavit,
3319 1370 3382 1420 ut
3434 1369 3658 1436 penitus
3707 1370 3765 1421 in

2141 1465 2299 1505 eoum
2349 1467 2460 1506 non
2499 1456 2663 1522 possit
2708 1457 2936 1509 mutari.
2969 1456 3067 1511 Sed
3118 1471 3186 1512 ne
3237 1460 3354 1526 ipsa
3405 1462 3766 1515 conmututio

2141 1543 2454 1609 auferretur
2533 1543 2594 1598 in
2653 1558 2810 1599 evum
2869 1547 3035 1614 ipsius
3091 1548 3367 1604 Lantberti
3417 1551 3482 1604 in
3543 1550 3765 1606 cartula

2139 1631 2334 1686 exinde
2354 1637 2575 1700 peracta
2607 1635 2862 1701 imposuit
2883 1636 3120 1703 signum.

2212 1719 2265 1776 9.
2291 1721 2445 1777 Curta
2471 1722 2541 1776 de
2578 1723 2787 1794 praedio
2818 1723 2874 1778 in
2901 1725 3031 1780 villa
3061 1726 3228 1798 Dorp,
3271 1727 3419 1798 quod
3449 1727 3762 1800 Fulquinus

433 1800 514 1852 rio
539 1799 704 1853 abbas
733 1775 807 1854 ibi
832 1817 943 1856 non
967 1807 1347 1872 constituatur,
1375 1807 1466 1862 sed
1515 1811 1619 1880 ipsi
1955 1775 2040 1870 se-
2069 1775 2118 1843 Β
2141 1811 2365 1884 quidam
2394 1775 2592 1868 sanclo‘
2615 1814 2774 1869 Petro
2803 1815 3049 1884 tradidit,
3089 1824 3144 1872 et
3171 1775 3242 1874 {rid
3273 1775 3625 1874 ‘memoria‘m
3655 1835 3762 1892 po-

437 1889 678 1943 cundum
698 1893 944 1959 regulam
966 1895 1146 1947 sancti
1168 1896 1429 1951 Benedicti
1445 1899 1763 1955 viventerex
1787 1918 1890 1958 sua
1914 1921 2038 1974 pro-

434 1979 560 2046 pria
587 1983 994 2049 congregatione
1040 1989 1348 2052 potestatem
1401 1987 1630 2056 eligendi
1665 1991 1913 2048 abbatem
1939 1996 2038 2049 ha-

2139 1908 2409 1956 stcrorum
2441 1901 2640 1957 litteris
2682 1905 2895 1960 exarari
2939 1921 3160 1961 causam
3215 1907 3390 1978 ipsam
3421 1906 3576 1964 fecit.
3609 1913 3763 1974 Quis-

2139 1996 2257 2063 quis
2285 1995 2416 2050 bene
2443 1996 2702 2064 possideat
2725 2011 2808 2052 res
2838 1999 2894 2051 in
2932 2003 3185 2068 presenti
3230 2000 3408 2056 seculo
3438 2001 3762 2072 adquisitus,

441 2073 618 2128 beant.
649 2075 820 2129 Abbas
843 2079 1133 2146 privilegiis
1161 2079 1288 2136 sedis
1339 2086 1634 2152 apostolicae
1677 2089 1868 2155 infulis
1891 2091 2042 2146 deco-
2143 2085 2232 2140 t'lle
2252 2089 2434 2156 utique
2461 2091 2657 2156 optime
2674 2090 2922 2158 possidet,
2949 2093 3043 2160 qui
3064 2091 3128 2146 de
3165 2095 3391 2148 terrenis
3427 2109 3496 2149 ac
3546 2095 3765 2150 caducis

440 2168 620 2229 ratur,
672 2171 736 2219 ut
785 2167 884 2221 sub
925 2171 1294 2237 jurisdictione
1341 2182 1545 2230 sanctae
1601 2184 1798 2232 nostra:
1825 2185 1916 2235 cui
1942 2187 2040 2238 Deo

2142 2177 2244 2232 sibi
2266 2185 2541 2233 mereatur
2563 2185 2784 2236 aeterna.
2838 2184 3010 2245 Quam
3057 2183 3121 2238 ob
3150 2199 3264 2238 rem
3315 2199 3408 2253 ego
3464 2188 3526 2240 in
3554 2189 3648 2240 Dei
3671 2202 3766 2242 no-

441 2258 660 2308 auctore
685 2255 1007 2312 deseruimus
1045 2261 1286 2314 (ecclesia
1324 2268 1680 2321 constitutum
1733 2271 1938 2325 nullius
1959 2273 2041 2327 al-
2141 2275 2290 2326 mine
2306 2273 2602 2343 F-ulquinus
2645 2290 2772 2330 cum
2825 2279 3044 2332 consilio
3089 2279 3171 2332 vel
3197 2293 3366 2334 suasu
3389 2279 3765 2349 benignissimi

441 2347 607 2400 terius
643 2349 869 2402 ecclesia:
915 2352 1350 2418 jurisdicionibus
1391 2358 1766 2427 submittatur,
1825 2369 1876 2418 et
1931 2365 2041 2420 ideo
2144 2365 2424 2420 Faraberti
2449 2368 2676 2436 episcopi
2695 2381 2794 2437 pro
2837 2369 3015 2424 salute
3062 2372 3264 2424 anima
3300 2370 3470 2426 beata
3493 2377 3765 2429 memoria

439 2438 722 2506 cujuslibet
749 2441 991 2496 (ecclesia:
1013 2445 1308 2512 episcopum
1335 2450 1395 2500 in
1445 2452 1676 2518 prin/ato
1720 2459 2044 2511 monasterio
2145 2461 2381 2513 Richarii
2407 2462 2652 2530 episcopi,
2681 2464 2850 2530 ipsius
2897 2467 3066 2518 etiam
3115 2465 3417 2534 Faraberti,
3466 2483 3566 2536 pro
3591 2469 3766 2524 salute

437 2531 660 2587 dicionis
685 2536 977 2602 quamlibet
1027 2539 1219 2593 habere
1265 2547 1633 2599 auctoritatem
1679 2548 2039 2616 prohibemus,
2142 2550 2523 2604 nichilominus
2575 2555 2777 2605 animo:
2827 2567 2961 2607 mea:
3019 2555 3361 2623 ﬁliorumque
3417 2570 3484 2610 ac
3519 2558 3765 2622 fratrum

439 2623 549 2677 nisi
576 2628 795 2678 tantum
822 2626 1163 2682 benedicendi
1193 2629 1376 2686 habeat
1404 2633 1716 2701 licentiam;
1745 2641 2041 2691 statuentes
2141 2654 2403 2708 meorum,
2446 2644 2558 2697 sive
2609 2658 2814 2713 quoque
2881 2647 3063 2713 gratia
3112 2646 3238 2700 Oila:
3286 2647 3482 2702 salutis
3533 2649 3690 2703 trado
3713 2654 3764 2704 et

439 2719 724 2786 apostolica
751 2735 980 2777 censura
1005 2729 1166 2792 atque
1189 2731 1500 2784 auchritate
1545 2730 1689 2784 beati
1713 2735 1857 2786 Petri
1903 2747 2037 2801 apo-

2142 2729 2519 2797 perpetualiter
2567 2730 2742 2786 tribuo
2789 2733 3033 2786 (ecclesiae
3085 2739 3289 2788 sancta:
3332 2737 3427 2790 Dei
3484 2739 3762 2805 genitricis

438 2809 696 2863 stolorum
718 2815 1000 2882 principis,
1029 2816 1129 2869 sub
1156 2817 1327 2871 divini
1352 2821 1552 2889 judicii
1586 2822 1933 2878 obtestatione
1975 2839 2041 2878 ac
2139 2819 2319 2871 Maria!
2357 2817 2600 2888 beatique
2655 2823 2802 2874 Petri
2855 2823 3076 2890 apostoli
3095 2824 3454 2892 apostolorum
3494 2828 3758 2894 principis

438 2896 629 2950 validis
655 2905 814 2967 atque
839 2904 1183 2958 atrotioribus
1239 2911 1592 2963 ancthematis
1647 2913 2038 2968 interdictioni—

2142 2910 2300 2976 atque
2333 2909 2513 2961 sancti
2560 2911 2840 2977 Exuperii,
2893 2912 2955 2964 in
2999 2911 3106 2965 loco
3155 2911 3410 2966 vocabulo
3470 2913 3755 2970 Gemblaus

442 2987 539 3043 bus
567 2995 628 3043 ut
662 2991 846 3044 nullus
873 3009 1115 3062 unquam
1145 3003 1438 3055 nostrorum
1469 3017 1835 3058 successorum
1864 3007 2039 3073 ponti-

2142 2997 2232 3052 ubi
2263 3012 2484 3067 praeesse
2536 2999 2836 3055 dinoscitur
2891 3002 3116 3056 illustris
3169 3003 3334 3058 abbas
3378 3005 3636 3060 Elluinus
3693 3005 3759 3040 τίδ

440 3079 608 3145 ﬁcum
633 3079 714 3132 vel
739 3082 853 3135 alia
877 3098 896 3151 1
917 3099 1050 3138 arva
1073 3101 1365 3156 magnaque
1371 3106 1598 3160 persona
1625 3095 1832 3163 aliquid
1859 3097 1922 3150 de
1951 3112 2038 3152 re-
2070 3099 2118 3166 Ο
2138 3093 2404 3162 quoddam
2421 3097 2568 3165 juris
2595 3099 2704 3150 mei
2757 3097 3026 3166 prwdium
3067 3101 3126 3152 in
3175 3113 3310 3167 pago
3346 3100 3674 3155 Braimbant
3702 3104 3758 3154 in

443 3171 541 3226 bus
576 3173 659 3225 vel
684 3176 1090 3240 possessionibus
1128 3179 1198 3231 ad
1233 3181 1373 3234 idem
1400 3186 1794 3251 pertinentibus
1847 3203 2036 3243 mona-

441 3264 668 3318 sterium
693 3267 911 3331 auferre
928 3268 1008 3320 vel
1036 3269 1276 3324 alienare
1297 3280 1598 3340 praesumat.
1615 3279 1672 3330 Si
1689 3280 1808 3346 quis
1831 3285 2033 3347 autem,

440 3357 578 3426 quod
604 3373 716 3413 non
734 3360 1019 3430 credimus,
1040 3365 1250 3430 nefario
1265 3381 1392 3425 ausi
1405 3385 1578 3438 parva
1601 3387 1906 3443 magnaque
1917 3391 2034 3445 per-

437 3462 571 3503 sona
613 3456 801 3506 contra
845 3454 941 3508 hoc
992 3461 1242 3511 nostrum
1316 3462 1644 3528 apcstolicum
1690 3467 2035 3536 privilegium

437 3553 595 3607 agere
620 3546 972 3611 temptaverit,
1011 3549 1150 3602 sciat
1192 3563 1248 3604 se
1285 3553 1642 3610 andhamutis
1692 3559 1906 3614 vinculo
1927 3573 2036 3614 esse

436 3633 779 3704 innodatum,
811 3653 878 3694 ac
903 3655 938 3694 a
965 3655 1126 3709 regno
1150 3645 1244 3698 Dei
1269 3644 1497 3701 alierum
1521 3663 1586 3702 ac
1631 3665 1758 3704 cum
1787 3651 2034 3706 omnibus

438 3728 616 3796 impiis
661 3733 858 3785 mtemo
893 3733 1131 3788 incendii
1173 3737 1416 3806 supplicio
1467 3739 1938 3812 condempnatum.
1967 3746 2037 3798 At

437 3833 560 3875 vero
603 3822 700 3890 qui
738 3821 1038 3880 observator
1086 3829 1325 3883 extiterit
1362 3835 1616 3902 puecepti,
1681 3837 1922 3904 gratiam
1971 3851 2037 3890 ac

437 3909 861 3966 misericordiam
884 3915 1158 3985 vitamque
1201 3922 1448 3974 aeternan
1472 3937 1506 3975 a
1548 3923 2038 3979 misericordissima

441 4001 656 4057 domino
681 4007 780 4058 Deo
805 4006 1179 4076 multipliciter
1227 4018 1586 4080 conseqtatur.
1617 4016 1889 4084 Scriptum
1935 4030 2038 4084 per

2137 3186 2246 3239 loco
2270 3188 2362 3255 qui
2387 3187 2588 3241 dicitur
2640 3191 2777 3258 Dorp
2825 3204 2951 3242 cum
3007 3189 3234 3243 dimidia
3262 3191 3522 3258 (ecclesia,
3553 3197 3605 3246 et
3629 3207 3750 3246 cum

2135 3291 2248 3332 una
2277 3277 2488 3345 cumba,
2518 3285 2569 3332 et
2592 3280 2817 3334 sedecim
2863 3283 3090 3345 mansis,
3145 3286 3197 3336 et
3245 3297 3373 3336 cum
3401 3283 3638 3351 quodam
3665 3284 3752 3337 ho-

2134 3368 2283 3421 mine
2308 3368 2526 3422 nomine
2549 3371 2676 3434 Iser,
2706 3382 2801 3424 seu
2827 3385 2954 3423 cum
2981 3369 3230 3424 omnibus
3260 3369 3458 3424 ibidem
3485 3373 3753 3438 aspicien-

2137 3458 2296 3524 tibus,
2317 3473 2443 3512 cum
2465 3459 2707 3514 domibus
2753 3463 2808 3514 et
2856 3460 3112 3527 aediﬁciis,
3169 3462 3395 3530 campis,
3449 3464 3609 3516 terris
3639 3468 3748 3516 tam

2135 3549 2292 3604 cultis
2321 3552 2736 3622 quamincultis,
2765 3553 2934 3618 silvis,
2962 3554 3158 3622 pratis,
3203 3555 3424 3622 pascuis
3452 3556 3754 3609 communi-

2136 3639 2232 3695 bus
2256 3645 2308 3696 et
2330 3645 2544 3712 perviis,
2587 3645 2742 3712 aquis
2792 3659 3128 3714 aquarumve
3171 3645 3506 3713 decursibus,
3547 3646 3754 3700 mobili-

2137 3727 2232 3784 bus
2259 3735 2312 3784 et
2341 3729 2718 3798 immobilibus,
2770 3733 3054 3802 prasidiis,
3105 3734 3350 3802 peculiis,
3403 3737 3592 3788 omnia
3611 3739 3664 3790 et
3691 3749 3754 3788 ea:

2135 3825 2382 3882 omnibus
2402 3827 2659 3895 quicquid
2707 3830 2769 3882 in
2817 3831 2926 3897 ipso
2957 3827 3064 3884 loco
3110 3834 3295 3884 nostra
3320 3829 3540 3885 videtur
3559 3845 3753 3900 posscs-

2134 3920 2214 3972 sio
2245 3915 2327 3971 vel
2357 3916 2672 3986 dominatio,
2725 3933 2840 3974 rem
2888 3923 3214 3989 exquisitam
3261 3926 3312 3976 et
3339 3923 3748 3992 imquisitam,

2138 4015 2310 4066 totum
2337 4016 2388 4066 et
2409 4010 2478 4064 ad
2503 4013 2774 4080 integrum
2801 4017 2917 4066 tam
2942 4013 3005 4068 de
3035 4014 3187 4069 alodo
3214 4012 3283 4048 "5
3313 4030 3483 4083 quam
3507 4016 3572 4070 de
3600 4031 3741 4072 com-

441 4109 677 4151 manum
724 4099 994 4165 Boni/acii
1043 4105 1250 4156 notarii
1313 4107 1592 4172 regonarii
1642 4122 1707 4161 ac
1759 4110 2038 4162 scriniarii

2142 4105 2327 4169 parato
2343 4115 2438 4154 seu
2457 4099 2765 4169 dequolibet
2793 4106 3108 4168 attrectatu,
3131 4103 3201 4156 ad
3235 4115 3332 4156 nos
3367 4103 3570 4158 ibidem
3598 4104 3745 4160 dino-

441 4189 656 4240 sanctae
677 4189 932 4242 Romam
950 4189 1218 4258 (εοειεεέω,
1248 4193 1310 4245 in
1334 4207 1500 4248 me
1529 4197 1735 4261 Martio,
1781 4197 2039 4252 indutam
2135 4193 2308 4246 scitur
2329 4193 2650 4260 pervenisse,
2703 4191 2767 4246 de
2812 4198 2992 4248 nostra
3009 4196 3139 4263 jure
3165 4199 3217 4249 et
3239 4194 3617 4252 dominatione
3641 4199 3753 4266 jam

445 4273 752 4328 undecima.
779 4278 919 4331 Bene
951 4278 1141 4334 valete.
1175 4281 1214 4347 -ι-
1256 4283 1431 4334 Datu-n
1469 4281 1520 4336 8.
1557 4282 1817 4338 Kalendas
1871 4287 2034 4354 Apri-
2137 4280 2277 4337 dicto
2302 4285 2628 4338 mnasterio
2660 4297 2755 4352 per
2797 4285 2940 4338 hanc
2991 4285 3265 4340 cartalam
3309 4286 3626 4343 donationis
3653 4291 3753 4342 sive

446 4364 512 4418 lis
562 4379 661 4434 per
711 4381 910 4422 manus
957 4367 1218 4438 Stephani
1279 4373 1488 4442 episapi
1537 4388 1603 4428 ac
1655 4374 2044 4430 bibliothecarii
2137 4390 2234 4445 per
2273 4377 2540 4444 festucam
2592 4383 2750 4446 atque
2777 4378 3104 4448 andelagum
3149 4379 3220 4434 ad
3263 4395 3397 4450 opus
3445 4388 3754 4439 sanctorum

449 4463 654 4513 sancta:
701 4459 838 4514 sedis
884 4461 1201 4530 apostolicae,
1264 4479 1411 4518 anno
1443 4467 1792 4534 pontiﬁcatus
1858 4464 2042 4521 damni
2063 4503 2122 4574 Β
2140 4479 2370 4534 quorum
2387 4468 2714 4521 mentionem
2735 4482 2906 4536 supra
2953 4469 3180 4535 fecimus
3205 4484 3240 4522 a
3263 4469 3350 4524 die
3387 4475 3648 4540 praesenti
3671 4471 3754 4526 do-

455 4553 627 4574 ---t...’
660 4551 921 4574 n-_-J:_A:
946 4557 1271 4574 __--_A:-_!_--3
1331 4559 1515 4574 A_,-p.,,-
1684 4572 1714 4574 η
1747 4573 1768 4574 ,,
1793 4571 1873 4574 κη-
1940 4559 1999 4574 9,,
2153 4573 2179 4574 η
2199 4571 2298 4574 in---
2329 4571 2343 4574 _
2383 4557 2598 4574 adhjsu,
2629 4571 2642 4574 Α
2671 4563 2717 4574 κν.
2761 4573 2766 4574 ,
2809 4573 2816 4574 ,
2885 4573 2894 4574 κ
2980 4565 3014 4574 κ.
3099 4559 3182 4574 In,
3235 4563 3246 4573 ι
3451 4561 3481 4574 -ι
3584 4568 3596 4574 -

454 4553 627 4606 nostri
651 4551 921 4608 Benedicti
940 4557 1271 4608 sanctissimi
1321 4559 1515 4626 sepimi
1558 4572 1715 4626 papa:
1737 4571 1899 4624 nono,
1932 4559 2041 4612 im—
2063 4551 2120 4574 ν
2146 4571 2364 4624 namus,
2379 4557 2644 4611 tradimus
2659 4563 2820 4626 atque
2829 4559 3215 4627 perpetualiter
3225 4563 3288 4614 in
3305 4561 3562 4617 omnibus
3575 4568 3752 4617 trans-

453 4649 682 4712 perante
703 4645 895 4700 domno
919 4651 1098 4701 nostra
1137 4650 1322 4702 Ottone
1365 4663 1400 4702 a
1420 4651 1522 4704 Deo
1574 4654 1826 4704 coronato
1851 4665 2049 4719 magno
2145 4647 2467 4711 firmam-us;
2487 4659 2551 4700 ea
2590 4660 2711 4700 vero
2755 4649 2968 4702 ratione
3022 4652 3083 4702 ut
3128 4655 3479 4718 praeceptores
3527 4651 3756 4720 praedicti

456 4751 524 4792 ac
568 4738 795 4806 paciﬁca
847 4739 1167 4807 imperatore
1217 4755 1364 4796 anno
1413 4740 1486 4796 ΰο
1538 4743 1600 4796 in
1656 4755 1838 4798 meme
1881 4757 2048 4812 supra
2145 4736 2460 4789 monasterii
2473 4734 2541 4788 ab
2565 4736 2668 4789 hac
2693 4735 2777 4789 die
2803 4737 2899 4791 hoc
2917 4736 3171 4804 habeant,
3203 4742 3428 4794 teneant
3449 4747 3617 4809 atque
3638 4753 3754 4808 pas-

454 4831 650 4897 scripto
673 4843 738 4884 ac
774 4829 1042 4886 iudicione
1069 4831 1355 4887 undecima
1383 4831 1479 4902 (ει.
1516 4832 1663 4902 988.)
2145 4825 2376 4890 sideant,
2433 4824 2516 4878 vel
2557 4825 2811 4894 quicquid
2861 4826 2985 4880 inde
3033 4827 3211 4893 facere
3237 4828 3516 4884 voluerint
3539 4830 3754 4884 liberam

527 4917 580 4972 8.
615 4918 874 4976 Praefatus
927 4929 1272 4979 constructor
1310 4923 1753 4985 Gemnelacensis
1805 4926 2040 4982 cmuobii

2147 4933 2212 4973 ac
2236 4919 2609 4984 ﬁrmissimam
2630 4921 2833 4975 Christo
2875 4923 3100 4990 propitio
3142 4923 3203 4976 in.
3231 4923 3486 4978 omnibus
3531 4925 3753 4978 habeant

459 5007 592 5060 emit
623 5007 975 5067 medietatem
1028 5014 1292 5070 ecclesiae
1347 5015 1402 5072 in
1425 5015 1557 5070 villa
1616 5015 1848 5080 Bietine.
1890 5017 2040 5086 cujus

2143 5012 2476 5076 potestatem.
2530 5011 2596 5062 Et
2639 5010 2690 5062 si
2741 5011 2859 5078 quis
2887 5009 3150 5079 deinceps,
3199 5011 3340 5080 quod
3368 5013 3629 5080 futurum
3655 5024 3752 5066 esse

457 5098 682 5153 alteram
715 5101 1083 5169 medietatem,
1117 5123 1240 5178 qum
1270 5125 1370 5164 sua
1388 5107 1566 5176 ﬂerat,
1591 5117 1793 5165 nostra;
1809 5109 2047 5166 tradide-
2145 5113 2255 5152 ηοη
2275 5098 2446 5164 credo:
2474 5101 2637 5168 81090
2661 5102 2788 5170 ipse,
2817 5102 2955 5168 quod
2973 5101 3132 5168 αθείιι
3155 5107 3256 5156 “ut
3283 5105 3578 5172 ιιιιίςιιιιαηι
3604 5103 3754 5157 dab"

458 5193 540 5240 rat
599 5185 883 5254 aecclcsiae,
942 5199 1002 5248 ut
1061 5202 1276 5251 constat
1339 5212 1404 5252 ex
1442 5197 1819 5270 descriptione
1882 5198 2040 5268 hujus

2143 5186 2356 5240 redibus
2390 5189 2522 5240 meis
2548 5201 2643 5242 seu
2680 5188 2920 5255 quaelibet
2948 5195 3132 5242 extera
3152 5204 3386 5258 persona
3423 5207 3546 5260 qua:
3572 5197 3744 5247 contra

456 5283 619 5332 eartu:
647 5292 660 5329 :
2145 5282 2288 5336 hanc
2305 5287 2578 5337 cartutam
2604 5281 2906 5338 donationis
2927 5286 3108 5338 venire
3133 5291 3232 5338 aut
3258 5287 3606 5341 catumniare
3640 5297 3750 5340 eam

527 5371 566 5437 1-
590 5370 866 5439 Agnoscat
909 5371 981 5407 m
1035 5347 1430 5448 quemcumque
1448 5383 1541 5436 Dei
1588 5381 1818 5452 possidet
1865 5385 2043 5451 timor,
2141 5382 2560 5450 prwsumpserit,
2587 5387 2638 5436 et
2663 5395 2718 5436 se
2744 5380 2936 5435 exinde
2957 5394 3068 5434 non
3093 5379 3456 5450 subtraxerit,
3489 5398 3524 5436 a
3554 5379 3750 5435 limini-

453 5465 585 5534 quia
611 5463 843 5519 domnus
875 5469 1196 5536 Wichpertus
1223 5475 1322 5528 Deo
1355 5473 1561 5544 delitus,
1603 5478 1813 5532 amissis
1834 5477 2047 5532 sccula-
2147 5476 2244 5530 bus
2270 5480 2472 5529 sancite
2507 5478 2599 5532 Dei
2626 5476 2872 5532 cecclesite
2915 5477 3418 5531 excommunicatus
3469 5482 3523 5531 et
3568 5475 3754 5551 divisus

1787 5573 2010 5630 VARUE
2031 5572 2414 5640 LECTIONES,

435 5661 824 5742 ἰηπῖβηᾸοθο
850 5677 992 5718 "15°-
1035 5665 1072 5742 ἶ,
1089 5663 1158 5742 ⁷ῗ²
1186 5667 1362 5742 816m
1388 5685 1578 5726 rasum
1594 5679 1687 5728 est.
1778 5674 1848 5710 ’³³³
1875 5691 2043 5733 manu
2070 5678 2270 5734 recenti
2297 5676 2518 5742 illitum,
2579 5681 2636 5732 at
2686 5681 2746 5734 ut
2785 5677 2908 5734 alia
2935 5675 3203 5731 nonnullae
3224 5689 3395 5732 voces.

453 5734 524 5769 ⁷³⁵
551 5730 758 5788 allodio
797 5735 1163 5803 superscripto
1183 5730 1267 5791 {ei
1296 5739 1435 5796 alod)
1462 5757 1506 5795 c.

3493 5675 3561 5710 ἠδ
3590 5675 3667 5729 ειη
3702 5685 3740 5724 ο,
