3930 6204
221 321 330 379 605

1349 324 1553 378 GESTA
1597 325 1898 380 ΛΒΒΛἹἙΜ
1944 325 2515 380 GEMBIACENSIUM.

3451 325 3558 382 606

218 449 445 511 existat,
471 452 517 501 et
548 450 776 516 insuper
805 448 861 502 in
885 448 973 503 die
998 426 1246 503 trementi
1268 448 1476 518 judicii
1494 456 1715 520 propter
1749 452 1844 507 hoc
1873 455 1919 523 Α
1944 450 2220 522 quandam
2253 450 2439 504 villam
2475 450 2700 504 nomine
2730 450 3035 506 Sotlieiam.
3092 450 3367 522 Diripiens
3407 451 3554 505 enim

215 543 485 595 rationem
512 539 729 593 reddat.
767 539 965 593 Contra
990 556 1143 609 quem
1189 556 1311 596 vero
1354 542 1719 611 calumpniam
1760 546 1844 599 in-

219 634 429 697 tulerit,
479 633 608 686 auri
656 634 848 686 uncias
902 631 1023 693 100,
1087 636 1299 699 argenti
1355 649 1478 688 vero
1516 635 1684 689 libras
1737 634 1842 690 300

217 730 437 782 coactus
457 724 719 789 exsolvat,
738 728 788 778 et
808 725 953 793 quod
972 728 1166 793 repetit
1185 726 1337 780 nullo
1358 726 1515 781 modo
1529 728 1842 782 evindicare

215 819 528 889 ῃνωυαιεαι.
563 817 671 874 Sed
695 833 931 887 prasens
970 818 1078 873 hazc
1116 820 1331 875 donatio
1367 824 1518 885 meis,
1561 827 1610 876 et
1645 838 1729 877 me
1752 838 1841 877 ro-

214 915 394 980 gante,
431 911 692 965 bonorum
719 910 993 965 hominum
1029 914 1279 968 manibus
1308 914 1579 979 roborata,
1611 929 1841 984 quorum

215 1007 440 1059 nomina
489 1004 573 1057 vel
615 1006 776 1071 signa
823 1004 1005 1058 subter
1038 1009 1288 1060 tenentur
1327 1008 1552 1073 inserta,
1604 1009 1840 1077 stipula-

218 1099 356 1151 tione
383 1096 629 1151 subnixa
654 1097 977 1151 diuturnum
1009 1101 1216 1166 tempus
1254 1103 1470 1152 maneat
1506 1100 1842 1162 inconvulsa,

1945 555 2067 593 eam
2108 537 2349 594 reddidit
2389 538 2611 604 Bosoui,
2666 538 2804 593 dans
2860 539 2911 593 ei
2966 540 3021 594 in
3061 549 3413 614 augmentum
3472 540 3557 595 sui

1942 629 2170 684 sceleris
2198 629 2361 683 binos
2386 629 2534 684 viros
2566 628 2836 698 prmlibati
2868 630 2994 684 loci.
3032 631 3362 685 Franeoncm
3391 629 3557 685 vide-

1942 719 2071 775 licet
2100 727 2154 775 et
2199 720 2531 783 lluboldum,
2566 720 2661 791 qui
2695 721 3059 775 substantiam
3089 721 3425 787 auferentes,
3464 736 3557 775 ac-

1942 825 2141 879 cepere
2191 824 2303 865 non
2344 809 2627 865 minimam
2688 810 2925 881 przedam
2990 812 3151 866 boum
3207 812 3466 867 videlicet
3503 818 3559 867 et

1941 918 2251 969 vaccarum,
2285 919 2578 973 porcorum
2614 920 2837 976 quoque
2897 921 3129 961 numero
3171 905 3294 971 100,
3349 905 3558 976 absque

1942 994 2123 1064 capris
2143 1001 2197 1049 et
2229 995 2446 1062 ovibus,
2479 996 2675 1065 apibus
2706 1005 2759 1050 et
2789 997 2921 1051 satis
2950 1003 3129 1062 terrae,
3185 998 3330 1052 unde
3364 1013 3559 1053 nume-

1947 1101 2041 1140 rus
2070 1084 2315 1139 funditus
2344 1084 2647 1159 ignoratur.
2712 1087 2818 1142 Hac
2859 1103 2991 1160 ergo
3052 1086 3342 1142 insistente
3394 1103 3557 1142 causa

216 1188 444 1252 Signum
497 1185 805 1240 eodm-anni
881 1186 1151 1240 αάι-οςιιιί,
1208 1188 1431 1255 Signum
1480 1190 1745 1259 Ρηιηηίηε
1796 1188 1845 1245 ει
1945 1176 2279 1230 venerabilis
2305 1176 2475 1231 abbas
2500 1176 2755 1233 Erluinus
2780 1187 2962 1234 rector
2989 1178 3043 1233 in
3079 1179 3197 1235 loco
3226 1179 3555 1252 degentium

212 1276 558 1344 reliquorum.
621 1276 740 1329 Otto
796 1292 914 1329 rex.
965 1279 1111 1332 Cuno
1162 1278 1292 1332 dar.
1351 1282 1667 1334 Iv‘arabertus
1716 1283 1831 1351 epi-

215 1382 419 1435 scopus.
456 1367 794 1421 Aletrannus
820 1370 1199 1423 rancellarius.

284 1456 367 1508 10.
396 1456 548 1509 inter
572 1456 947 1509 venerabilem
981 1457 1237 1511 abbatem
1266 1459 1545 1515 Erluinum
1579 1468 1633 1517 et
1653 1478 1830 1534 quen-

215 1549 334 1602 dam
376 1547 782 1601 Erment‘ridum
815 1548 885 1602 de
941 1551 1369 1607 commutatione
1416 1554 1823 1623 possessionum

211 1637 486 1702 convenit,
519 1652 643 1708 quae
672 1638 910 1708 qualiter
938 1637 1086 1693 facta
1109 1640 1201 1707 sit,
1244 1649 1392 1697 carta
1424 1643 1550 1698 inde
1581 1646 1827 1701 conscri-

213 1733 301 1796 pta
329 1725 593 1783 ostendit.

274 1816 339 1870 In
365 1816 584 1869 nomine
622 1820 818 1871 sancto:
856 1821 906 1873 et
952 1818 1255 1875 indiuiduae
1297 1821 1583 1877 Trinitatis
1621 1839 1682 1878 ac
1710 1824 1830 1879 Sal-

209 1906 403 1958 eatoris
432 1906 602 1959 totius
644 1906 853 1959 mundi.
890 1906 1164 1978 Quicquid
1209 1912 1448 1965 cernitur
1477 1914 1828 1970 minuendum

210 1997 346 2065 quod
378 2001 600 2052 econtra
637 2001 899 2068 recipitur
928 2004 986 2055 in
1025 2007 1398 2070 augmentum,
1451 2006 1661 2060 nullum
1689 2009 1830 2075 facit

213 2088 610 2154 detrimentum,
639 2091 798 2144 immo
844 2106 1101 2158 magnum
1128 2095 1324 2147 animai
1364 2100 1585 2161 generat
1622 2099 1824 2153 emolu-

211 2184 450 2236 mentum.
504 2182 718 2235 Placuit
754 2182 912 2243 {inter
960 2186 1310 2240 venerabilem
1356 2192 1553 2242 sanctce
1582 2190 1827 2247 Gembloo

213 2275 375 2329 censis
399 2274 652 2329 tecclesiee
680 2274 924 2330 abbatem
978 2279 1196 2332 nomine
1246 2279 1554 2345 Erluinum,
1599 2297 1691 2335 nec
1718 2298 1824 2337 non

214 2368 260 2417 et
281 2364 556 2433 quendam
588 2364 796 2433 ﬁdelem
837 2365 1045 2419 Christi
1094 2368 1350 2422 uocabulo
1394 2372 1818 2439 Ermenfridum,

213 2461 411 2511 mutare
438 2458 713 2527 quasdam
740 2473 824 2512 res
877 2460 1019 2513 inter
1048 2474 1122 2525 se,
1156 2461 1301 2529 quod
1356 2464 1436 2515 ita
1480 2467 1528 2515 et
1555 2464 1817 2529 fecerunt.

213 2549 410 2603 Idcirco
445 2550 700 2605 omnibus
724 2556 928 2606 sanctas
966 2554 1061 2607 Dei
1091 2555 1335 2608 (ecclesiae
1363 2555 1611 2623 ﬁdelibus
1641 2560 1826 2611 notum

214 2643 295 2706 sit,
326 2643 472 2711 quod
512 2642 858 2711 supradictus
886 2643 1053 2697 abbas
1084 2646 1349 2699 Erluinus
1398 2646 1676 2714 quandam
1725 2662 1827 2700 we-

215 2738 418 2794 clesiam
446 2742 512 2793 in
557 2738 692 2792 uilla
722 2753 843 2807 qua:
882 2743 1232 2808 nuncupatur
1270 2740 1645 2807 Agioniscurta
1680 2740 1826 2795 dedit

214 2828 361 2897 ﬁrma
391 2827 1027 2897 stabilitatesupradicto
1054 2830 1205 2898 ﬁdeli
1237 2829 1445 2887 Christi
1482 2829 1827 2896 Erntenfrido

214 2923 420 2988 propter
474 2919 667 2974 uillam
709 2935 827 2991 quos
873 2921 1089 2990 adjacet
1142 2926 1202 2975 in
1249 2924 1507 2977 comitatu
1561 2924 1824 2989 Asbanio,

216 3021 425 3077 quisque
463 3008 540 3062 ab
568 3009 914 3064 incolentibus
939 3014 1165 3064 vocatur
1190 3010 1721 3067 Steria-monticula.
1755 3014 1827 3066 De

217 3114 315 3168 qua
362 3101 503 3155 villa
561 3104 796 3170 quatuor
839 3101 1057 3170 quidem
1103 3117 1314 3157 mansos
1368 3109 1591 3174 propter
1619 3120 1822 3175 supra-

218 3190 407 3247 dictam
452 3193 752 3248 aecclesiam
782 3236 797 3260 ,
861 3196 912 3247 et
987 3208 1155 3248 unum
1208 3212 1305 3264 pro
1378 3198 1549 3252 salute
1632 3201 1827 3253 animae

219 3299 336 3352 suae,
380 3291 601 3354 tresque
636 3293 857 3355 propter
903 3291 1016 3340 octo
1060 3288 1228 3343 libras
1266 3293 1494 3357 argenti,
1527 3291 1625 3345 sub
1676 3294 1827 3346 testi-

220 3373 308 3429 bus
345 3377 681 3444 firmissimis
726 3375 964 3430 tradidit
1008 3382 1189 3430 sancto
1250 3378 1407 3433 Petro
1465 3381 1826 3449 apostolorum

219 3467 444 3519 omnium
480 3466 733 3535 principi
771 3470 1058 3537 sanctoque
1109 3471 1383 3538 Eruperio
1434 3473 1677 3539 martyri
1720 3472 1827 3541 glo-

217 3558 343 3611 rioso
360 3560 417 3613 in
438 3558 567 3628 jam
594 3558 736 3613 dicto
764 3562 1092 3614 monasterio
1130 3559 1431 3629 Gemblaus,
1483 3579 1600 3618 cum
1650 3566 1827 3619 omni-

220 3646 398 3702 busad
423 3648 650 3702 eundem
690 3648 861 3703 locum
895 3652 1305 3718 pertinentibus,
1350 3653 1576 3718 famulis
1628 3654 1824 3708 videli-

219 3741 306 3804 cet,
344 3740 598 3806 culturis,
635 3740 810 3805 silvis,
842 3742 1021 3807 terris,
1070 3741 1230 3795 cultis
1257 3746 1307 3794 et
1357 3743 1595 3805 incultis,
1624 3746 1822 3812 pratis,

1944 1267 2246 1338 prelibato,
2304 1268 2651 1323 clementiam
2697 1270 3043 1325 serenissimi
3104 1271 3241 1326 adiit
3300 1271 3444 1342 regis
3498 1271 3553 1325 in

1930 1367 2067 1416 nutu
2122 1362 2271 1416 sedis
2310 1362 2431 1431 ejus
2472 1363 2863 1419 Franconet‘ort
2899 1372 3114 1430 vocato,
3161 1374 3216 1420 et
3256 1365 3404 1437 quod
3456 1381 3557 1437 per

1929 1451 2085 1506 nefas
2135 1453 2321 1509 amisit
2352 1453 2662 1523 infandum,
2706 1473 2805 1527 per
2852 1457 2933 1511 fas
2981 1474 3044 1512 ac
3078 1458 3260 1531 regale
3316 1457 3555 1529 sumpsit

1929 1546 2275 1612 mandatum;
2330 1563 2520 1601 verum
2574 1549 2816 1618 praedam
2885 1549 2954 1603 ab
3008 1549 3224 1604 infestis
3278 1558 3551 1622 arreptam

1928 1637 2177 1707 recipere
2206 1638 2375 1692 valuit
2407 1655 2729 1710 numquam.
2769 1640 3045 1695 Pastorale
3073 1641 3261 1713 itaque
3303 1640 3554 1716 regimen

1852 1729 2198 1835 Bmcclesias
2250 1729 2580 1804 Tungressis
2627 1730 2698 1765 ⁷²⁶
2748 1731 3041 1787 obtinebat
3083 1732 3365 1788 Baldricus
3422 1740 3555 1789 tunc

1930 1823 2220 1895 temporis,
2254 1824 2507 1880 advocati
2538 1839 2667 1880 vero
2712 1823 2957 1880 ofﬁcium
3007 1826 3063 1880 in
3102 1827 3300 1882 crebro
3340 1842 3554 1884 memo-

1929 1918 2045 1968 rato
2100 1914 2222 1969 loco
2267 1908 2652 1968 Gemlaucensi
2707 1914 2935 1985 gerebat
2987 1912 3278 1968 Anst‘ridus
3315 1927 3550 1970 consan-

1929 2007 2171 2082 guineus
2197 2008 2432 2064 senioris
2462 2008 2633 2064 nostri
2678 2009 3000 2079 Wicbperti.

2002 2099 2084 2153 12.
2130 2100 2202 2155 De
2244 2100 2345 2155 hac
2392 2100 2521 2156 villa
2580 2100 2806 2156 Sotheia
2848 2101 2976 2156 fecit
3018 2101 3168 2155 idem
3204 2102 3546 2158 venerabilis

1922 2191 2093 2245 abbas
2146 2189 2402 2246 Erluinus
2441 2192 2847 2262 prmstationem
2908 2208 3029 2247 cum
3088 2192 3445 2260 Goderanno,
3492 2210 3529 2248 u

1923 2285 2191 2333 monstrat
2218 2278 2384 2347 hujus
2423 2286 2585 2334 cartae
2618 2279 2951 2349 subscriptio
2984 2296 2999 2331 :

2039 2372 2207 2424 Verus
2240 2384 2394 2423 amor
2417 2370 2635 2439 junctos
2662 2386 2791 2440 quos
2830 2372 3055 2424 continet
3091 2374 3251 2439 atque
3286 2371 3549 2440 globatos,

2033 2459 2264 2514 Numine
2292 2457 2477 2525 divino
2505 2459 2750 2514 Christus
2779 2462 3049 2512 conservet
3090 2457 3302 2527 ubique.

1928 2553 2192 2621 Quisquis
2217 2566 2345 2618 ergo
2382 2553 2595 2619 fructus
2625 2552 2927 2606 dulcedinis
2958 2560 3001 2606 et
3036 2555 3231 2606 amoris
3259 2553 3553 2610 inviolabi»

1930 2645 2002 2698 les
2040 2644 2385 2712 illibatosque
2411 2647 2562 2711 gestit
2596 2645 2791 2697 habere
2821 2645 2952 2713 jure
2990 2646 3078 2698 sui
3106 2644 3346 2712 beneﬁcii
3376 2662 3411 2699 a
3446 2649 3553 2702 Deo

1928 2735 2041 2788 sibi
2078 2734 2219 2800 dati,
2248 2738 2407 2802 prout
2432 2733 2766 2803 possibilitas
2805 2736 3013 2803 appetit
3040 2734 3134 2788 hoc
3173 2735 3352 2804 ipsum
3394 2733 3555 2785 certet

1928 2840 2144 2891 augere.
2195 2826 2340 2882 Nam
2370 2823 2500 2878 dare
2525 2830 2569 2877 et
2602 2824 2835 2892 accipere
2886 2828 2946 2878 ut
2993 2827 3274 2893 scripturae
3301 2823 3555 2877 assertio-

1928 2916 2086 2971 nibus
2116 2918 2517 2986 comprobatur,
2551 2918 2919 2983 gralissimum
2959 2931 3050 2969 nec
3081 2930 3185 2969 non
3217 2919 3265 2969 et
3292 2915 3552 2984 placatis-

1928 3007 2120 3059 simam
2159 3009 2390 3060 constat.
2438 3005 2605 3073 Cujus
2645 3007 2725 3058 rei
2776 3006 3053 3059 ueritatem
3083 3010 3285 3058 certam
3331 3018 3439 3057 esse
3468 3017 3552 3057 co-

1927 3100 2253 3164 gnoscentes,
2295 3098 2637 3151 decreverunt
2678 3098 2818 3149 inter
2846 3111 2901 3149 se
2944 3095 3255 3149 venerabilis
3294 3094 3552 3148 Erluinus

1855 3145 1903 3213 Ο
1927 3145 2311 3242 Eiemblacensis
2363 3186 2589 3241 camobii
2632 3186 2821 3252 abbas,
2863 3191 2912 3240 et
2956 3186 3173 3239 inclitus
3202 3188 3291 3239 vir
3321 3183 3553 3254 quidam

1930 3280 2279 3336 Goderannus
2331 3281 2435 3335 loci
2497 3280 2744 3351 prwdicti
2810 3285 3007 3334 extans
3073 3279 3399 3344 advocatus,
3467 3293 3552 3333 res

1929 3372 2196 3441 quasdam
2245 3373 2618 3442 prastationis
2658 3374 2981 3426 auctoritate
3036 3370 3367 3435 condonare;
3408 3371 3553 3440 quod

1928 3465 1977 3516 et
2024 3462 2267 3527 fecerunt
2312 3462 2529 3515 uinculo
2585 3461 2766 3530 utique
2827 3476 2929 3513 non
2987 3461 3207 3521 modica:
3250 3459 3551 3515 dilectionis

1927 3558 2133 3609 conari.
2166 3554 2532 3609 Postulatione
2565 3556 2833 3623 siquidem
2856 3555 3053 3608 nobilis
3082 3556 3193 3608 viri
3230 3553 3545 3608 Goderanni

1924 3647 2073 3701 dedit
2102 3648 2190 3700 illi
2226 3650 2547 3700 memoratus
2573 3647 2736 3701 abbas
2768 3646 2953 3700 uillam
2988 3646 3223 3714 Sotejam
3257 3660 3546 3715 nuncupa-

1925 3743 2036 3793 tam
2076 3740 2129 3791 in
2156 3740 2411 3791 comitatu
2452 3740 2761 3791 Darnuensi
2811 3753 2929 3791 cum
2967 3739 3212 3792 omnibus
3256 3737 3331 3792 ad
3374 3740 3550 3807 ipsam

218 3835 365 3903 aquis
401 3849 783 3905 aquarumque
810 3834 1145 3890 decursibus.
1185 3834 1333 3890 Hanc
1381 3847 1560 3891 autem
1598 3854 1825 3892 comma-
1919 3829 2336 3900 pertinentibus,
2376 3844 2625 3883 mansum
2662 3829 2909 3883 videlicet
2937 3828 3408 3894 indominicatum,
3448 3844 3547 3884 ωο-

217 3925 456 3979 tationem
501 3924 848 3993 supradictus
900 3924 1064 3978 abbas
1140 3927 1403 3981 Erluinus
1447 3931 1497 3981 et
1551 3934 1824 3999 compater
1924 3919 2142 3973 clesiam
2175 3917 2373 3986 absque
2423 3917 2632 3972 telluris
2686 3918 2966 3983 famulatu
3014 3920 3063 3969 ct
3116 3930 3382 3984 nusquam
3427 3918 3552 3971 sub-

214 4028 332 4070 suus
366 4016 757 4082 Ermenfridus
786 4031 906 4070 cum
934 4032 1106 4071 umore
1136 4033 1237 4071 sua
1260 4020 1523 4073 Reinsede
1551 4034 1609 4075 eo
1646 4025 1823 4077 tenore

1936 4009 2137 4075 lectam,
2200 4008 2565 4063 molendinum
2607 4023 2812 4077 quoque
2868 4013 2916 4062 et
2966 4006 3231 4061 cumbam.
3291 4007 3552 4063 Ecclesia

216 4105 465 4174 fecerunt,
485 4111 547 4161 ut
575 4107 626 4161 si
643 4108 766 4177 quis
791 4107 1114 4177 aliquando,
1142 4108 1353 4164 diabolo
1383 4111 1663 4179 suadente,
1685 4112 1823 4167 hanc
1924 4106 2035 4160 hac
2072 4104 2319 4172 singulos
2357 4118 2458 4174 per
2479 4118 2653 4158 annos
2676 4103 2918 4171 eulogias
2951 4102 3132 4168 binas,
3176 4100 3237 4154 id
3261 4105 3339 4156 est
3363 4105 3551 4157 sexta-

215 4196 428 4252 uoluerit
455 4200 660 4251 nostra:
684 4198 999 4251 mutationis
1042 4196 1314 4251 destruere
1349 4202 1636 4268 cartalam,
1676 4216 1819 4255 ana-
1924 4200 2036 4252 rios
2075 4198 2198 4251 vini
2236 4196 2391 4261 duos,
2424 4196 2616 4262 gallos,
2676 4196 2998 4264 gallinacios
3038 4193 3195 4259 duos,
3230 4198 3279 4246 et
3308 4193 3549 4248 modium

218 4289 587 4346 thematizatus
612 4306 730 4345 cum
781 4294 931 4345 omni
957 4290 1327 4346 maledictione
1362 4297 1411 4347 et
1446 4297 1818 4349 eccoommuni-
1921 4306 2102 4345 avenae
2157 4306 2330 4344 unum
2369 4290 2567 4344 reddit.
2623 4289 2989 4344 Molendinum
3037 4286 3241 4342 modios
3297 4286 3367 4343 20
3407 4289 3547 4343 inter

220 4387 361 4436 catus
396 4387 493 4447 sit,
525 4385 637 4437 nisi
662 4386 789 4437 ante
817 4384 944 4437 solis
975 4398 1218 4438 cccasum
1249 4384 1322 4438 ad
1356 4388 1712 4454 penitentiam
1742 4403 1822 4442 re-
1845 4453 1862 4454 γ
1921 4399 2193 4438 annonam
2244 4387 2292 4435 et
2324 4382 2523 4447 bracis,
2551 4383 2737 4437 cumba
2784 4397 2990 4451 quoque
3026 4395 3128 4451 per
3166 4394 3374 4433 annum
3407 4381 3549 4434 inte-

214 4485 385 4527 uersus
412 4474 737 4540 ingemuerit
763 4473 825 4526 ob
871 4473 1081 4540 culpam
1109 4488 1220 4528 sua:
1265 4453 1424 4528 malai
1478 4478 1815 4532 intentionis.
1843 4453 1896 4521 D
1918 4491 2076 4543 grum
2113 4477 2319 4530 eminas
2358 4477 2535 4529 Sicera:
2569 4472 2689 4529 100.
2728 4476 2902 4529 Ter-rae
2930 4472 3288 4528 nihilominus
3309 4472 3541 4527 arabilis

218 4560 401 4617 Actum
440 4567 502 4617 in
536 4563 672 4617 uilla
710 4564 953 4619 Namuco
985 4564 1037 4617 3.
1090 4564 1218 4618 Idus
1258 4564 1473 4633 Aprilis
1524 4568 1622 4622 961
1679 4583 1822 4623 anno
1925 4565 2210 4619 bonuarios
2239 4562 2330 4628 67,
2355 4564 2640 4633 pratorum
2665 4563 3080 4633 amplitudinem
3110 4575 3218 4614 non
3256 4561 3543 4627 modicam,
3621 4589 3640 4610 .

219 4651 593 4707 incarnationis
622 4655 858 4721 Domini,
888 4653 1179 4708 indictrone
1207 4655 1261 4721 4,
1295 4660 1554 4723 regnante
1570 4659 1822 4726 piissimo
1915 4656 2241 4726 piscationes
2281 4667 2550 4723 aquarum
2577 4667 2698 4707 cum
2738 4652 3050 4706 decursibus
3103 4666 3307 4716 earum,
3355 4652 3549 4707 silvam

1920 4744 1995 4799 ad
2007 4758 2195 4815 porcos
2221 4743 2475 4798 ducentos
2497 4743 2826 4811 saginandos
2844 4783 2857 4809 ,
2900 4758 3018 4798 cum
3047 4743 3279 4798 exitibus
3324 4747 3375 4797 et
3399 4742 3547 4798 redi-

1920 4836 2083 4901 tibus,
2114 4836 2384 4903 familiam
2430 4850 2638 4907 quoque
2686 4837 2756 4889 ad
2799 4836 2975 4890 locum
3015 4835 3340 4906 praedictum
3375 4837 3550 4905 perti-

1919 4934 2150 4996 nentem,
2202 4943 2375 4983 omnes
2403 4943 2623 4982 numero
2675 4926 2764 4991 42,
2818 4943 3044 4996 quorum
3098 4930 3263 4983 etiam
3317 4926 3547 4997 quidam

1921 5030 2048 5081 sunt
2077 5024 2152 5078 ad
2180 5038 2335 5079 omne
2382 5024 2661 5078 servitium
2698 5025 3041 5093 pertinentes.
3096 5022 3299 5090 Quodsi
3338 5022 3410 5077 ab
3447 5022 3548 5077 hac

1924 5118 2034 5186 lege
2055 5120 2333 5173 seniitutis
2360 5116 2671 5174 subtrahere
2698 5131 2753 5172 se
2776 5118 3101 5187 permissum
3137 5118 3330 5184 fuerit,
3370 5115 3543 5170 dena-

1922 5212 2036 5265 rios
2091 5210 2157 5265 12
2204 5210 2444 5278 singulis
2487 5211 2686 5265 solvere
2748 5210 2935 5264 debent
2981 5211 3163 5264 annis.
3215 5213 3342 5265 Ηωο
3395 5208 3547 5263 datio

1922 5303 2408 5373 praecellentissimi
2432 5319 2494 5359 ac
2529 5307 2629 5359 Deo
2660 5304 2822 5372 digni
2849 5304 3063 5359 abbatis
3094 5303 3330 5359 Erluini.

1999 5396 2100 5453 Cui
2128 5401 2341 5449 econtra
2388 5396 2632 5451 reddidit
2678 5397 2913 5452 illustris
2961 5398 3050 5451 vir
3088 5396 3439 5453 Goderannus
3482 5392 3549 5450 de

218 4760 330 4813 rege
362 4747 574 4803 Ottone.
606 4745 727 4800 Otto
755 4760 873 4799 rem.
908 4746 1057 4802 Cum
1089 4746 1225 4799 dum.
1259 4746 1587 4802 Farabertus
1613 4750 1820 4817 episco-

215 4854 329 4907 pus.
364 4841 639 4895 Rotbertus
655 4852 839 4893 comes.
866 4838 1203 4892 Aletrannus
1229 4838 1606 4895 cancellarius.

286 4931 490 4987 tt.lllo
529 4937 776 5002 tempore
829 4929 1084 4984 Brunone
1132 4928 1550 5001 archiepiscopo
1600 4930 1820 4988 uterino

222 5016 374 5075 fratre
406 5020 619 5076 Ottonis
641 5020 789 5092 regis
831 5018 1126 5090 prmvisore
1170 5019 1323 5094 regni
1356 5018 1818 5090 Lothariensium,

219 5105 399 5164 deerat
427 5110 554 5177 dux,
588 5108 688 5164 sed
721 5109 774 5163 in
810 5109 931 5165 loco
976 5108 1134 5164 ducis
1166 5109 1437 5183 regnabat
1468 5111 1823 5168 antichristus

222 5205 519 5261 contrarius
551 5205 661 5260 Deo
692 5212 747 5260 et
793 5203 959 5260 bonis
1002 5204 1339 5261 hominibus.
1377 5204 1526 5262 Cano
1564 5207 1825 5264 videlicet

222 5299 530 5360 persecutor
557 5294 759 5349 summi
801 5293 946 5368 regis
1000 5292 1054 5347 in
1102 5308 1233 5367 rege
1281 5309 1382 5349 suo
1428 5293 1625 5351 Ottone
1658 5312 1822 5368 quem

220 5381 395 5455 elegit.
427 5384 634 5457 Nempe
681 5400 1031 5457 nequaquam
1064 5392 1149 5440 est
1176 5385 1490 5440 mirandum
1532 5387 1579 5441 si
1638 5404 1824 5459 perse-

219 5483 371 5532 cutus
395 5486 480 5534 est
518 5479 800 5536 hominem
844 5495 1057 5554 regem,
1099 5478 1196 5550 qui
1228 5493 1336 5533 non
1369 5478 1654 5549 pertimuit
1720 5480 1826 5538 ob-

221 5565 405 5626 sistere
429 5570 784 5643 rcgicoelesti
818 5570 875 5626 in
912 5570 1033 5627 loco
1086 5569 1401 5636 Gemblaus,
1460 5570 1718 5628 auferens
1769 5574 1822 5629 ei

1925 5487 2073 5538 terra
2107 5483 2315 5538 arabili
2353 5483 2643 5539 bonuarios
2698 5487 2916 5553 viginti,
2956 5486 3153 5540 siluam
3189 5483 3547 5538 nihilominus

1923 5574 1998 5631 ad
2021 5590 2211 5646 porcos
2243 5579 2499 5629 trecentos
2528 5576 2887 5643 saginandos,
2935 5581 2984 5630 et
3037 5589 3259 5645 quaeque
3305 5576 3431 5627 sunt
3472 5568 3548 5624 ad

1548 5699 1769 5757 νΑειιΑς
1809 5699 2083 5760 LECTION
2093 5701 2191 5755 ES.

288 5765 354 5802 ’⁸⁸
391 5768 474 5824 Ita
499 5783 544 5826 c.
575 5770 685 5827 loco
712 5767 1069 5845 Tungrensis.
