3930 6204
380 315 484 370 607

1600 307 1942 366 SIGEBERTI
1983 305 2494 365 GEMBLACENSIS.

3600 316 3729 372 608

380 449 556 515 ipsam
585 445 739 512 infra
781 448 832 498 et
872 445 1033 497 extra
1075 442 1425 513 pertinentia.
1459 443 1768 497 Immutatio
1808 443 1993 511 itaque
2019 441 2070 511 Α
2095 437 2305 493 nullum
2361 437 2609 505 referret,
2657 454 2785 495 cum
2826 446 3012 496 tamen
3067 442 3313 515 agricola
3370 446 3578 503 laboris
3618 448 3731 504 sui

377 533 742 604 praestationis
771 530 935 601 hujus
976 545 1033 584 eo
1059 534 1284 599 peracta
1310 533 1387 585 est
1422 535 1619 597 tenore,
1659 534 1720 584 ut
1741 530 1994 600 quandiu

381 622 656 676 advimerit
701 620 975 690 praefatus
1018 618 1371 673 Goderannus
1413 618 1666 684 illustris,
1698 634 1816 688 qum
1852 632 1997 688 pm-

384 712 527 766 stitit
558 715 609 765 et
659 725 783 780 qua:
808 710 1011 779 recepit
1047 713 1222 763 teneat
1279 712 1329 763 et
1380 708 1653 778 possideat
1703 708 1804 762 sub
1834 707 1997 761 tertia

380 817 569 868 manu,
606 804 796 857 umoris
820 801 1192 856 sumvidelicet
1222 800 1540 866 Adelendis,
1593 804 1641 854 et
1664 800 1769 869 ﬁlii
1800 799 1995 855 solum-

383 892 535 946 modo
563 894 727 946 unius
765 892 1117 958 Ermcnfridi.
1154 891 1280 946 Post
1317 906 1548 960 quorum
1587 892 1756 945 trium
1786 889 1992 956 defun-

385 985 583 1037 ctiones
621 983 777 1038 diem.
816 984 925 1037 loco
953 985 1200 1052 superius
1248 985 1536 1036 memorato
1577 985 1817 1050 utraeque
1848 979 1997 1033 deve-

386 1076 542 1128 niant
565 1079 771 1144 partes,
801 1078 852 1128 et
898 1074 1024 1143 jure
1050 1076 1305 1143 ﬁnetenus
1356 1076 1547 1127 teneat.
1578 1075 1666 1127 Ea:
1690 1080 1848 1140 parte
1874 1085 1995 1124 uero

387 1166 743 1237 quorumlibet
771 1167 959 1220 horum
986 1182 1052 1220 ne
1080 1167 1262 1236 aliquo
1288 1165 1443 1221 modo
1464 1166 1572 1219 lucc
1600 1168 1925 1234 pervagotur
1946 1167 1997 1217 et

390 1256 747 1323 infrangctur
766 1257 1064 1324 praestatio,
1105 1256 1405 1310 testimonio
1457 1255 1772 1310 roboratam
1799 1257 1879 1307 est
1906 1253 1994 1306 bo-

384 1361 574 1401 norum
594 1348 853 1401 virorum.

452 1479 648 1534 Actum
678 1481 737 1534 in
784 1480 1067 1536 Gemblaus
1094 1482 1344 1547 caanobio,
1403 1496 1543 1536 anno
1596 1481 1997 1535 incarnationis

387 1570 596 1622 Domini
623 1570 728 1623 964
776 1569 1047 1625 iudicione
1103 1571 1191 1637 11,
1222 1572 1441 1642 imperii
1476 1585 1597 1625 vero
1628 1570 1810 1625 domni
1849 1571 1999 1626 Otto-

378 1662 466 1717 nis
504 1678 646 1718 anno
671 1662 919 1719 secundo.

2094 527 2330 585 fructum
2352 544 2462 583 non
2501 527 2779 600 perderet.
3546 594 3556 611 ,

2167 617 2255 672 15.
2310 615 2440 673 Cum
2488 633 2642 692 ergo,
2688 625 2748 675 ut
2785 617 2990 675 dictum
3038 628 3140 688 est,
3184 629 3336 679 tanta
3385 623 3725 682 eiferaretur

2098 707 2334 779 insania,
2376 718 2565 767 sancto
2605 716 2789 766 tamen
2829 712 2948 768 viro
2999 728 3059 769 se
3103 714 3487 784 submittebat,
3542 725 3599 775 et
3655 726 3726 775 ut

2097 803 2303 857 cultum
2335 810 2539 859 sancta)
2566 801 2852 876 religionis
2881 818 3165 862 exerceret
3197 808 3253 862 in
3284 810 3437 865 omni
3466 809 3589 867 loco
3619 810 3728 867 di-

2098 891 2267 948 tionis
2296 908 2411 947 suae
2455 892 2506 947 ei
2537 892 2884 964 permiserat.
2926 894 3081 950 Unde
3128 898 3403 954 commisit
3432 899 3487 955 ei
3515 916 3728 956 mona-

2096 986 2319 1042 sterium
2351 985 2526 1042 sancti
2553 986 2824 1042 Yincentii
2854 988 2911 1043 in
2942 989 3063 1046 loco
3102 990 3371 1064 Sonegias
3409 994 3560 1050 dicto
3613 992 3725 1049 ubi

2095 1077 2364 1134 clericalis
2390 1078 2604 1134 ordinis
2632 1079 2823 1156 regula
2852 1080 3038 1154 vigere
3077 1082 3334 1147 debebat,
3378 1092 3441 1140 ut
3474 1085 3551 1141 ibi
3584 1103 3717 1144 mo-

2096 1168 2341 1224 nachicae
2378 1168 2501 1224 vitae
2532 1168 2782 1223 ordinem
2820 1169 3151 1227 instituerat.
3205 1172 3315 1228 Sed
3347 1173 3400 1228 id
3432 1174 3720 1247 importu-

2097 1259 2265 1314 nitate
2307 1259 2385 1313 rei
2415 1269 2470 1314 et
2508 1261 2772 1331 temporis
2818 1261 3083 1317 infectum
3128 1265 3390 1320 remansit
3452 1267 3722 1339 Preposi-

2096 1356 2274 1402 turam
2303 1347 2465 1404 ctiam
2501 1348 2788 1404 Lobiensis
2829 1349 3065 1406 abbatite
3097 1353 3218 1421 ejus
3273 1356 3551 1411 commisit
3588 1372 3723 1412 ma-

2098 1439 2286 1507 nibus,
2317 1447 2377 1496 ut
2406 1448 2612 1512 quanto
2673 1443 2778 1497 sibi
2826 1443 3130 1501 adherebat
3159 1446 3507 1515 familiarius,
3549 1454 3720 1505 tanto

2100 1529 2207 1585 sibi
2247 1531 2547 1586 deserviret
2577 1531 2813 1596 fidelius,
2870 1539 2926 1588 et
2970 1543 3177 1607 quanto
3221 1543 3337 1591 erat
3377 1538 3724 1612 religiosior,

2100 1625 2251 1674 tanto
2279 1619 2347 1673 ad
2401 1618 2596 1674 fratres
2626 1620 2747 1688 ejus
2800 1621 2904 1677 loci
2952 1625 3277 1700 regulariter
3312 1626 3724 1704 gubernandos

2100 1715 2245 1763 esset
2301 1709 2582 1764 intentior.
2644 1710 2795 1775 Quod
2836 1712 2966 1784 quia
2996 1713 3181 1769 invitis
3213 1714 3473 1771 fratribus
3504 1715 3721 1773 factum

457 1813 544 1869 ‘3.
580 1814 688 1869 sed
716 1815 786 1867 ad
826 1813 1169 1885 propositum
1201 1814 1387 1885 ορειίε
1434 1812 1747 1881 redeamus,
1780 1821 1834 1868 ει
1860 1800 2069 1886 ςυλ,Β
2094 1807 2233 1865 erat,
2268 1796 2496 1853 fratrum
2518 1799 2867 1856 unanimitati
2905 1801 3040 1856 satis
3070 1803 3422 1874 displicebat,
3473 1806 3572 1877 qui
3618 1821 3726 1877 per

388 1904 474 1958 les
502 1909 557 1958 et
594 1910 825 1974 quantas
857 1904 1274 1974 persecutiones
1306 1904 1631 1959 sustinuerit
1660 1904 1743 1960 vir
1773 1905 1998 1980 religio-

386 2011 480 2049 sus
521 1994 797 2061 Erluinus,
840 1995 933 2067 qui
980 1996 1144 2049 etiam
1178 1997 1491 2067 martyrium
1548 2012 1645 2067 pro
1685 1996 1781 2051 Dei
1812 2012 1997 2055 amore

388 2084 571 2138 subire
603 2090 719 2138 erat
760 2090 1001 2155 paratus,
1046 2085 1235 2156 paucis
1275 2086 1608 2157 aperiamus.
1658 2086 1814 2151 Quod
1864 2087 1993 2158 qui-

388 2176 512 2230 dem
557 2176 862 2247 Fulquinus
909 2177 1083 2232 abbas
1125 2193 1235 2233 non
1288 2178 1458 2233 tacuit
1500 2178 1553 2232 in
1595 2178 1783 2233 libello
1832 2195 1994 2251 quem

387 2264 455 2319 de
509 2264 683 2337 gestis
728 2264 987 2320 abbatum
1044 2266 1394 2321 Lobiensium
1443 2266 1687 2337 scripsit,
1738 2268 1835 2321 sed
1889 2284 1998 2339 qua

389 2355 699 2412 intentione
739 2357 1023 2427 scripserit
1074 2358 1119 2412 si
1154 2358 1619 2431 quisdiligenter
1669 2358 1991 2429 inspexerit,

388 2447 548 2521 plane
590 2448 900 2523 intelligere
940 2450 1141 2519 poterit
1170 2450 1318 2521 quod
1346 2450 1629 2505 veritatem
1661 2451 1883 2522 quidem
1917 2452 1994 2505 rei

386 2547 554 2615 gestae
585 2540 896 2613 digesserit,
929 2557 1149 2595 causam
1193 2549 1375 2596 tamen
1409 2541 1485 2595 rei
1536 2541 1710 2615 magis
1750 2558 1818 2597 ex
1844 2548 1994 2597 motu

386 2628 552 2683 animi
583 2645 746 2700 quam
778 2644 841 2683 ex
870 2643 999 2684 vero
1029 2628 1418 2700 interpretatus
1447 2628 1537 2684 sit.

460 2721 530 2775 14
601 2721 651 2775 Is
697 2719 951 2779 Erluilus
989 2721 1236 2775 omnium
1287 2721 1561 2777 bonorum
1615 2722 1856 2777 amicitia
1899 2723 1994 2777 di—

386 2825 528 2884 gnus
557 2817 749 2879 utpote
781 2809 836 2863 in
868 2826 934 2864 eo
974 2810 1319 2881 adquirenda
1345 2812 1553 2866 utiliter
1591 2812 1827 2869 idoneus
1856 2821 1911 2868 et
1938 2813 1994 2867 iu

388 2900 766 2956 conservando
811 2900 1050 2956 fideliter
1074 2902 1397 2967 industrius,
1439 2903 1705 2978 singulari
1752 2904 1991 2960 amicitia

388 2988 777 3044 confederatus
803 2998 920 3045 erat
952 2991 1221 3064 Raginero
1252 2991 1459 3058 comiti,
1500 2992 1593 3063 qui
1634 2992 1705 3047 ob
1751 2993 1998 3063 proceri-

390 3088 552 3138 tatem
611 3083 858 3153 corparis
923 3083 1417 3156 cognominabatur
1474 3084 1843 3159 Longicollus,
1901 3087 1992 3157 qui
2020 3116 2068 3184 Ο

390 3170 680 3227 nobilitate
721 3177 774 3225 et
803 3172 1051 3242 potentia
1089 3172 1288 3236 clarus,
1326 3179 1457 3227 tunc
1494 3173 1760 3243 temporis
1790 3174 1997 3244 prisci-

388 3259 622 3331 pabatur
652 3260 1089 3335 Haginoeusibus
1117 3261 1206 3314 "7.
1233 3261 1328 3315 Hic
1346 3259 1508 3332 primi
1550 3262 1781 3317 Baldrici
1803 3263 1998 3318 Leodi-

391 3352 639 3408 censium
673 3352 921 3423 episc0pi
968 3352 1272 3408 avunculus
1312 3353 1434 3420 fuit,
1479 3360 1532 3407 at
1574 3354 1703 3426 quia
1754 3370 1852 3409 sua
1898 3371 1995 3426 po-

388 3445 559 3501 tentia
589 3445 644 3499 in
675 3444 936 3500 omnibus
961 3446 1148 3515 nepoti
1178 3461 1278 3501 suo
1316 3446 1580 3516 episcopo
1620 3447 1997 3517 patrocinaba-

389 3544 496 3604 tur,
539 3536 816 3592 abbatiam
874 3536 1201 3593 Lobiensem
1241 3538 1297 3592 in
1348 3536 1623 3593 beneficio
1662 3540 1893 3609 accepit.
1936 3541 1998 3595 Et

386 3625 584 3680 mirum
616 3626 674 3680 in
715 3625 937 3680 modum
969 3626 1061 3697 qui
1092 3626 1356 3682 secularis
1394 3627 1657 3698 potentias
1704 3629 1994 3699 tyrannide

384 3713 481 3769 toti
535 3714 771 3785 imperio
800 3713 1195 3771 formidolosus
1227 3723 1363 3783 erat,
1410 3716 1746 3771 venerabilis
1787 3717 1991 3773 Erluini

380 3802 606 3858 monitis
648 3802 959 3857 salubribus
988 3802 1228 3858 libenter
1262 3804 1562 3860 obediebat
1608 3812 1664 3860 et
1707 3805 1895 3861 audito
1922 3821 1988 3862 eo

382 3897 557 3952 multa
580 3897 834 3965 faciebat,
875 3907 934 3953 ut
962 3898 1013 3954 ei
1040 3899 1434 3954 convenienter
1472 3901 1610 3955 illud
1651 3901 1826 3971 aptari
1856 3916 1988 3971 pos-

373 3988 446 4043 sit
477 3990 625 4061 quod
672 3990 842 4046 lsalas
870 3991 1198 4046 vaticinatus
1222 3991 1328 4046 ait:
1377 3998 1472 4048 Leo
1498 3997 1655 4062 quasi
1696 3994 1783 4049 bos
1803 3995 1986 4062 paleas

375 4080 641 4146 comedet;
675 4087 726 4136 et
748 4082 1099 4137 delectabitur
1124 4085 1313 4150 infans
1355 4084 1425 4138 ab
1454 4083 1615 4140 ubere
1648 4099 1808 4153 super
1834 4087 1984 4151 fora-

2096 1886 2413 1942 facilitatem
2459 1887 2791 1958 prelatorum
2835 1889 3060 1945 licentia
3119 1890 3314 1947 illicita
3364 1892 3722 1961 deteriorati,

2097 1977 2348 2049 plerique
2385 1977 2550 2032 etiam
2599 1978 2900 2052 gloriantes
2944 1994 3009 2034 ex
3040 1980 3332 2038 nobilitate
3362 1985 3630 2053 seculari,
3665 1993 3724 2041 et

2095 2084 2159 2123 ex
2187 2085 2547 2140 personarum
2570 2071 2898 2141 acceptione
2924 2073 3101 2145 magis
3132 2091 3298 2146 quam
3332 2092 3399 2131 ex
3422 2076 3721 2153 religionis

2095 2162 2397 2218 sanctitate
2450 2178 2562 2218 rem
2602 2178 2823 2218 omnem
2875 2164 3134 2221 estimare
3181 2169 3384 2224 assueti
3439 2169 3533 2236 πθ,
3583 2186 3725 2245 egre

2097 2255 2345 2312 ferebant
2373 2258 2527 2313 illum
2571 2273 2636 2313 ex
2676 2258 2873 2316 humili
2901 2260 3230 2327 fconditione
3261 2269 3317 2319 et
3355 2280 3423 2318 ex
3453 2264 3562 2320 alio
3591 2265 3722 2321 loco

2097 2345 2205 2400 sibi
2238 2346 2487 2417 preferri,
2519 2357 2575 2403 et
2598 2364 2763 2424 grave
2794 2356 2849 2406 et
2872 2350 3224 2407 intolerabile
3250 2353 3334 2407 eis
3363 2354 3665 2410 videbatur
3690 2371 3723 2410 a

2097 2437 2418 2495 fortitudine
2457 2456 2670 2496 morum
2730 2458 2953 2498 suorum
3014 2444 3079 2498 ad
3130 2460 3380 2501 normam
3444 2447 3725 2521 regularis

2096 2527 2220 2583 vitae
2251 2536 2357 2582 tam
2387 2529 2576 2584 subito
2608 2547 2705 2601 per
2737 2531 2889 2586 illum
2950 2535 3215 2590 revocari.
3264 2534 3515 2591 Profecto
3549 2536 3596 2591 si
3631 2554 3725 2592 re-

2098 2636 2217 2675 rum
2250 2621 2639 2676 convenientia
2678 2623 3020 2693 inspiciatur,
3054 2642 3166 2681 non
3198 2627 3363 2683 nimis
3397 2629 3719 2685 mirandum

2096 2711 2375 2767 videbitur
2398 2713 2547 2784 quod
2568 2713 2761 2769 fratres
2778 2716 2873 2787 qui
2901 2718 3397 2786 perremissionem
3418 2723 3721 2791 pastoralis

2095 2802 2488 2858 sollicitudinis
2511 2820 2610 2876 per
2632 2810 2709 2860 tot
2725 2821 2901 2861 annos
2920 2822 2950 2861 a
2966 2806 3261 2879 disciplina
3280 2811 3519 2884 regulari
3533 2812 3721 2867 desci-

2095 2902 2306 2963 verant,
2353 2903 2457 2951 tam
2489 2895 2788 2952 difﬁculter
2824 2900 2893 2953 ad
2926 2900 3313 2955 rectitudinem
3344 2902 3473 2957 vita:
3522 2905 3716 2960 reduci

2098 2991 2368 3055 poterant.
2408 2984 2526 3040 Non
2550 2985 2797 3056 inquam,
2820 2987 3042 3055 mirum,
3082 2988 3129 3043 si
3151 2989 3395 3045 lenitatis
3423 2992 3721 3049 dissolutio

2098 3090 2194 3131 eos
2214 3074 2596 3142 eﬂ'renaverat,
2620 3078 2822 3150 quibus
2838 3096 2937 3150 per
2960 3096 3138 3135 annos
3151 3082 3354 3153 plus90
3370 3083 3523 3139 nulla
3545 3085 3723 3142 abba-

2098 3180 2211 3226 tum
2245 3172 2574 3247 regularium
2598 3175 2907 3244 paternitas
2922 3175 3308 3245 excubaverat,
3334 3178 3433 3234 sed
3462 3196 3722 3237 mercen-

2098 3260 2239 3314 narii
2270 3270 2325 3315 et
2352 3261 2447 3333 qui
2480 3277 2589 3317 non
2619 3270 2778 3318 erant
2819 3272 3094 3334 pastores,
3126 3282 3362 3338 quorum
3407 3283 3519 3325 non
3552 3281 3718 3325 erant

2096 3366 2228 3407 oves
2254 3354 2512 3425 propriae,
2551 3353 2891 3410 dominicum
2921 3357 3065 3413 ovile
3104 3357 3531 3430 dissipaverunt,
3584 3362 3717 3417 dum

2096 3461 2220 3516 quas
2246 3462 2345 3500 sua
2385 3453 2439 3502 et
2480 3463 2591 3502 non
2640 3464 2763 3519 quas
2798 3449 2892 3504 Dei
2952 3457 3110 3506 erant
3147 3460 3484 3523 quaerentes.
3525 3455 3717 3510 omnia

2095 3539 2310 3593 venalia
2342 3539 2643 3606 habebant,
2683 3547 2739 3595 et
2768 3541 2825 3595 in
2863 3542 3114 3599 aacclesia
3152 3544 3250 3600 Dei
3300 3545 3610 3609 columnas,
3656 3549 3713 3604 id

2096 3636 2179 3682 est
2216 3629 2417 3703 gratias
2441 3629 2678 3701 Spiritus
2701 3631 2902 3699 sancti,
2953 3632 3283 3700 vendentes,
3334 3634 3564 3690 domum
3615 3638 3712 3693 Dei

2091 3719 2411 3789 speluncam
2440 3719 2715 3776 latronum
2745 3720 3059 3777 effecerant.
3102 3723 3254 3789 Quod
3285 3725 3491 3780 malum
3520 3726 3577 3780 in
3618 3743 3709 3782 ca-

2097 3814 2194 3879 put
2240 3808 2459 3865 illorum
2502 3810 2842 3866 redundasse
2880 3810 3147 3879 creditur,
3180 3813 3272 3884 qui
3329 3819 3389 3867 ut
3438 3815 3566 3870 mali
3618 3833 3712 3887 pa-

2087 3905 2264 3953 stores
2295 3898 2433 3953 lacte
2469 3897 2652 3955 ovium
2694 3900 2788 3953 Dei
2822 3900 3153 3973 inpinguati,
3199 3901 3345 3956 lanis
3375 3918 3568 3959 eorum
3601 3921 3708 3961 ve-

2087 3990 2221 4056 stiti,
2253 3989 2673 4061 vilipendebant
2697 3991 2922 4065 abigere
2950 3994 3109 4064 lupos
3138 3993 3208 4048 ab
3234 3994 3364 4049 ovili
3396 3994 3615 4064 Christi;
3648 4007 3707 4052 et

2086 4080 2244 4152 quasi
2286 4096 2452 4136 canes
2480 4081 2618 4136 muti
2651 4097 2761 4137 non
2792 4082 3041 4138 valentes
3071 4083 3290 4149 latrare,
3320 4085 3536 4140 animas
3574 4086 3703 4141 sub-

369 4176 519 4229 mine
545 4175 779 4245 aspidis;
815 4182 868 4231 et
895 4179 956 4230 in
982 4191 1216 4232 caverna
1242 4178 1418 4246 reguli
1463 4179 1558 4246 qui
1585 4177 1890 4233 ablactatus
1914 4178 1981 4213 ⁷³⁷
2078 4172 2350 4242 jectorum
2380 4172 2732 4244 patiebantur
2760 4174 3000 4230 interire.
3035 4175 3170 4239 Quis
3208 4178 3358 4230 enim
3413 4192 3530 4233 non
3571 4194 3704 4234 exe-

371 4268 541 4333 fucrit
565 4272 745 4325 mittet
772 4285 1007 4341 manum
1031 4286 1193 4325 suam
1221 4270 1348 4341 (Isa.
1383 4287 1434 4324 χι
1464 4271 1517 4339 7)
1549 4271 1639 4322 "3.
1673 4271 1863 4325 Mirum
1896 4271 1982 4326 in-

366 4376 527 4432 quam
560 4369 692 4417 erat.
728 4362 876 4434 quod
915 4377 1103 4417 comes
1129 4371 1349 4434 potens,
1380 4362 1473 4435 qui
1528 4362 1852 4419 fortitudine
1880 4380 1980 4419 sua

365 4454 522 4526 quasi
579 4455 666 4511 leo
714 4463 944 4512 cunctos
994 4457 1258 4523 terrebat,
1312 4457 1498 4528 paleas
1550 4457 1704 4512 verbi
1736 4458 1832 4513 Dei
1871 4459 1976 4514 sub

2082 4266 2307 4323 eretur?
2336 4268 2483 4341 quis,
2531 4268 2779 4340 inquam,
2821 4284 2931 4325 non
2961 4270 3332 4327 abominetur.
3368 4272 3520 4344 quod
3553 4280 3701 4329 tanta

2084 4354 2317 4423 incuria,
2341 4372 2412 4411 ne
2441 4356 2618 4413 dicam
2650 4356 2901 4424 avaritia,
2932 4358 3148 4413 animos
3177 4358 3573 4430 episcoporum
3608 4361 3698 4415 in-

2081 4448 2331 4515 cesserit,
2363 4450 2512 4521 quod
2539 4450 2608 4505 ab
2647 4464 2793 4506 anno
2823 4449 3040 4507 Domini
3084 4450 3211 4513 863,
3255 4452 3407 4523 quod
3470 4452 3698 4507 odibilis

368 4562 531 4602 manu
562 4547 825 4619 pauperis
856 4547 1051 4603 Christi
1081 4550 1432 4615 comedebat;
1466 4558 1523 4604 et
1559 4549 1654 4622 qui
1702 4551 1859 4622 quasi
1888 4542 2047 4606 εις-⁸⁷
2075 4544 2187 4599 Deo
2229 4542 2500 4599 Hubertus
2522 4544 2653 4611 dux,
2687 4543 2853 4599 frater
2886 4545 3092 4618 reginae
3143 4544 3470 4617 Tietbergae,
3505 4545 3691 4620 fugato

365 4634 450 4704 pis
473 4642 530 4690 et
558 4637 783 4711 regulus
814 4637 999 4692 omnia
1027 4637 1352 4709 depopulari
1379 4639 1573 4695 solitus
1601 4646 1737 4708 erat,
1772 4640 1827 4694 in
1857 4640 1977 4710 ejus
2077 4635 2361 4706 Hartperto
2389 4635 2611 4704 abbate,
2657 4636 2937 4692 abbatiam
2967 4636 3297 4693 Lobiensem
3346 4638 3569 4705 invasit,
3609 4654 3694 4693 us-

364 4741 619 4795 caverna,
659 4728 715 4782 id
745 4738 830 4784 est
871 4730 924 4784 in
974 4730 1157 4785 cordis
1192 4730 1313 4800 ejus
1354 4732 1717 4800 conscientia,
1751 4748 1974 4788 manum
2076 4742 2185 4798 que
2217 4727 2286 4782 ad
2328 4743 2534 4783 annum
2568 4728 2785 4785 Domini
2814 4729 2940 4798 955,
2980 4744 3090 4801 quo
3131 4729 3413 4784 Baldricus
3462 4730 3694 4800 expulso

365 4833 520 4873 suam
559 4820 810 4877 mittebat
839 4821 940 4878 iste
970 4822 1062 4894 qui
1093 4822 1305 4878 malitia
1329 4838 1468 4894 puer
1495 4830 1633 4888 erat,
1667 4832 1722 4880 et
1752 4840 1783 4879 a
1835 4825 1973 4881 lacte
2079 4816 2336 4873 Nalhet‘io
2383 4819 2702 4874 cathedram
2750 4819 3015 4875 8300185“?
3058 4819 3418 4875 Ῑιθοάίϐθηείε
3455 4820 3691 4891 accepit.

366 4908 657 4963 mundanae
686 4909 998 4965 dulcedinis
1027 4911 1333 4968 ablactatus
1364 4920 1501 4967 erat.
1551 4914 1681 4967 Cum
1713 4928 1845 4986 ergo
1874 4930 1971 4970 se-
2073 4909 2228 4965 locus
2278 4910 2373 4965 ille
2426 4917 2591 4967 tantae
2634 4912 2900 4968 hactenus
2954 4912 3261 4968 nobilitatis
3298 4922 3355 4968 et
3404 4912 3693 4984 religionis

367 5013 500 5051 mea
525 4997 675 5052 verbi
702 4998 800 5054 Dei
825 4999 879 5053 in
906 5000 1073 5055 corde
1101 5000 1221 5069 ejus
1244 5000 1402 5072 quasi
1445 5016 1614 5072 supra
1643 5008 1855 5072 petram
1886 5002 1972 5058 vel
2073 5002 2284 5059 honore
2313 5004 2549 5079 insignis
2572 5004 2695 5059 sine
2725 5004 2941 5060 abbatis
2970 5005 3278 5075 prelatione
3326 5003 3689 5077 perduravit?

364 5104 534 5159 supra
565 5088 754 5159 spinas
781 5091 1022 5161 caderet,
1045 5094 1402 5166 contingebat
1428 5093 1734 5150 secundum
1759 5093 1976 5150 Domini
2076 5091 2209 5147 Nam
2251 5099 2538 5165 postquam
2598 5092 2878 5164 predictus
2917 5093 3190 5150 Hubertus
3245 5094 3419 5150 abbas
3472 5101 3528 5150 et
3583 5092 3685 5151 dux

366 5183 720 5252 sententiam,
751 5193 811 5240 ιιι
839 5185 993 5241 illum
1025 5204 1148 5243 cum
1177 5189 1383 5261 gaudio
1414 5180 1638 5260 quidem
1667 5188 1978 5259 susciperet
2070 5180 2219 5250 justo
2248 5181 2342 5238 Dei
2376 5182 2588 5254 judicio
2619 5182 2675 5238 in
2719 5183 2863 5239 bello
2928 5183 3201 5238 extinctus
3228 5183 3457 5252 interiit,
3486 5181 3688 5238 France

368 5274 467 5328 sed
480 5273 612 5345 quia
628 5274 864 5330 radicem
877 5276 1121 5332 karitatis
1134 5293 1244 5334 non
1260 5277 1517 5342 habebat,
1533 5278 1664 5333 dum
1675 5277 1744 5333 ad
1758 5284 1976 5349 tempus
2076 5273 2172 5346 qui
2202 5274 2253 5329 ei
2285 5274 2341 5328 in
2367 5275 2640 5348 regimine
2659 5276 2950 5345 successit,
2974 5283 3027 5332 et
3045 5275 3164 5347 ipse
3188 5276 3542 5347 postmodum
3576 5273 3687 5344 epi-

366 5366 619 5423 crederet
646 5366 715 5401 7"
742 5374 797 5423 et
825 5368 881 5423 in
908 5374 1152 5439 tempore
1193 5370 1574 5441 temptationis
1604 5370 1912 5438 recederet,
1943 5386 1975 5425 a
2075 5382 2278 5439 scepus
2305 5367 2498 5434 factus,
2552 5367 2830 5425 abbatiam
2872 5368 3199 5424 Labiensem
3229 5368 3391 5423 subdi
3415 5368 3527 5439 juri
3567 5364 3683 5437 epi-

365 5456 514 5514 curis
560 5465 617 5514 et
672 5455 879 5513 divitiis
934 5456 1104 5512 seculi
1161 5455 1423 5514 suﬁ'ocato
1459 5458 1671 5515 semine
1737 5457 1972 5514 fructum
2073 5457 2249 5529 scepii
2281 5457 2633 5514 Leodicensis
2683 5474 2747 5515 ex
2778 5456 3153 5514 muniﬁcentia
3198 5457 3547 5529 imperatoris
3596 5457 3684 5510 Ar-

1714 5584 1934 5640 VARUE
1956 5585 2330 5645 LECTIOIES.

434 5693 503 5731 ⁷³⁸
533 5711 604 5753 no
627 5695 917 5752 detentum.
996 5692 1064 5727 ἠδ
1087 5693 1210 5762 jam
1237 5689 1504 5749 ablatatus
1543 5711 1709 5750 manu
1731 5698 2038 5767 posteriori.
2115 5695 2184 5731 "9
2216 5697 2300 5752 hic
2361 5697 2545 5751 littera
2572 5711 2687 5751 una
2734 5696 2969 5751 alterave
2997 5695 3215 5750 abrasa.
3298 5693 3368 5727 73°
3408 5689 3604 5748 assueti
3628 5707 3673 5744 c.
