3930 6204
211 343 338 398 609

1301 338 1506 392 GESTA
1548 335 1854 392 ABBATUM
1895 334 2464 392 GEMBLACENSIUM.

3462 347 3569 402 610

220 465 372 523 nulﬁ
402 464 734 536 impetravit,
770 471 824 520 et
857 471 978 536 post
1023 480 1150 519 eum
1191 463 1531 534 Stephanus,
1583 461 1713 517 inde
1763 460 1857 516 Ri-
1880 466 1931 534 Α
1956 457 2220 524 bellione,
2262 459 2307 513 si
2357 459 2550 514 tradita
2602 461 2905 517 venerabili
2938 464 3052 520 viro
3091 465 3398 522 animarum
3437 482 3568 522 cura

220 555 480 622 charius,
510 561 631 625 post
659 569 786 608 eum
826 553 1014 625 Uhogo
1041 561 1096 608 et
1133 552 1478 618 Farabertus,
1515 565 1730 617 omnes,
1772 550 1851 603 in-

221 660 422 716 quam,
460 643 546 698 isti
578 643 705 695 dum
738 641 949 713 magnis
970 641 1204 696 abbatize
1231 640 1497 695 reditibus
1527 655 1712 695 carere
1749 654 1852 694 no-

223 732 430 788 lebant
477 739 531 785 et
560 731 941 804 proposituras
992 747 1127 802 quas
1169 729 1272 785 sub
1304 730 1530 784 nomine
1556 735 1611 784 et
1656 727 1854 783 merito

225 824 576 880 obedientiaa
609 823 883 897 religiosis
924 829 978 878 et
1025 822 1292 878 timoratis
1329 822 1461 879 viris
1509 822 1854 877 committere

230 920 539 986 debebant,
582 919 739 991 quasi
783 918 1090 974 rusticanas
1126 917 1496 973 villicationes
1535 916 1601 950 73‘
1645 930 1855 970 annua-

232 1013 336 1068 tim
378 1012 565 1084 precio
605 1012 808 1067 dabant
847 1018 902 1066 et
942 1011 1306 1076 redimebant,
1349 1009 1536 1066 omnia
1578 1007 1762 1063 divina
1802 1015 1856 1061 et

237 1105 488 1159 humana
537 1104 613 1158 ibi
655 1103 1037 1171 confuderant,
1079 1103 1264 1158 omnia
1311 1109 1499 1156 sancta
1532 1109 1587 1154 et
1628 1097 1857 1170 profana

237 1195 558 1268 promiscua
592 1195 781 1250 haberi
815 1195 1083 1262 fecerant,
1115 1203 1170 1251 et
1225 1196 1300 1249 ita
1329 1192 1631 1248 miserabili
1693 1191 1857 1246 modo

239 1303 371 1360 quae
399 1287 506 1342 sibi
527 1287 680 1343 lucro
711 1303 835 1342 esse
861 1287 1150 1358 putabant,
1200 1286 1268 1341 ad
1298 1285 1604 1340 animarum
1661 1283 1861 1337 damna

240 1379 383 1438 verti
413 1379 852 1451 vilipendebant.
887 1378 984 1434 Ubi
1007 1379 1156 1434 enim
1185 1379 1362 1450 primo
1390 1376 1680 1448 pecuniam
1710 1391 1863 1446 quae-

245 1471 480 1528 rendam
521 1487 644 1527 esse
674 1471 1114 1543 pr0ponebatur.
1143 1471 1251 1526 scis
1300 1469 1548 1541 profecto
1581 1469 1711 1540 quia
1757 1468 1861 1522 vir-

246 1569 339 1615 tus
385 1566 510 1632 post
555 1575 810 1615 nummos
862 1559 1188 1631 ponebatur.
1222 1558 1478 1630 (Ηοιιλτ.)
1529 1558 1629 1612 Ubi
1682 1556 1863 1611 nullus

244 1648 429 1704 honor
454 1649 638 1704 virtuti
663 1655 802 1716 erat,
834 1665 959 1721 quae
986 1664 1118 1720 spes
1147 1648 1293 1704 bona
1317 1663 1439 1704 esse
1467 1646 1724 1720 poterat?
1755 1647 1865 1722 lgi-

1954 545 2056 600 sub
2088 546 2302 601 abbatis
2332 547 2557 603 nomine
2605 549 2800 604 Christi
2833 552 2980 607 vices
3013 555 3163 609 illnm
3199 558 3251 611 in
3290 565 3569 612 monaste-

1956 637 2038 691 rio
2071 637 2321 692 viderent
2347 655 2533 712 agere,
2579 641 2982 697 communicato
3023 645 3252 700 consilio
3282 663 3406 701 cum
3439 648 3566 702 Bal-

1957 726 2110 783 drico
2165 729 2428 800 episcopo
2478 737 2532 784 et
2572 730 2986 788 Cameracensis
3032 733 3271 790 diosesis
3311 737 3568 806 praesule,

1957 836 2119 892 quem
2153 822 2306 893 prius
2336 823 2698 878 honoraverat
2736 825 2840 879 sub
2878 827 3099 895 majoris
3143 828 3410 898 prcpositi
3461 843 3568 882 no-

1957 913 2128 978 mine,
2157 913 2372 968 abbatis
2403 914 2454 969 ei
2490 931 2674 971 curam
2708 928 2762 973 et
2802 918 3203 989 providentiam
3237 935 3348 976 non
3390 920 3572 974 timuit

1956 1006 2320 1062 committere.
2365 1008 2491 1072 Quae
2535 1025 2621 1064 res
2671 1026 2830 1066 secus
2877 1028 2939 1066 ac
2983 1021 3132 1066 ratus
3183 1017 3299 1065 erat
3346 1011 3566 1068 accidit.

1961 1095 2112 1151 Unde
2140 1097 2285 1150 enim
2317 1099 2553 1154 credidit
2604 1117 2664 1155 se
2707 1103 2775 1136 ⁷³³
2819 1103 3004 1173 sepire
3037 1103 3150 1158 odii
3182 1112 3236 1157 et
3268 1101 3570 1158 inimicitiae

1960 1181 2226 1249 flammas,
2257 1184 2386 1240 inde
2416 1187 2650 1257 majores
2689 1196 2743 1242 et
2782 1191 3207 1260 periculosiores
3253 1191 3387 1246 aluit
3443 1191 3569 1246 mali

1960 1270 2245 1325 scintillas.
2279 1273 2521 1328 Tandem
2566 1275 2658 1330 ille
2689 1275 2757 1330 ad
2785 1276 3000 1332 abbatis
3031 1279 3210 1334 locum
3266 1285 3566 1349 promotus,

1961 1374 2156 1414 omnes
2182 1371 2368 1432 preter
2391 1379 2638 1433 paueosa
2656 1367 2990 1422 monasterio
3013 1368 3245 1425 eductos
3268 1369 3434 1425 alium
3465 1369 3571 1422 alia

1961 1451 2239 1523 dispersit.
2288 1455 2439 1519 Quod
2481 1456 2703 1527 quidem
2763 1458 2963 1514 fecerat
3023 1460 3328 1516 secundum
3379 1477 3569 1516 eorum

1963 1551 2376 1607 extimationem
2433 1570 2534 1624 pro
2572 1571 2638 1610 eo
2667 1557 2816 1627 quod
2849 1574 2944 1612 eos
2985 1568 3271 1630 suSpectos
3315 1560 3571 1628 habebat,

1966 1657 2070 1697 nec
2105 1643 2232 1698 vitae
2264 1660 2377 1699 suae
2406 1647 2537 1699 satis
2576 1647 2833 1702 credulus
2875 1659 3010 1716 erat,
3043 1652 3347 1706 secundum
3390 1658 3573 1706 autem

249 1746 341 1794 tur
370 1737 565 1794 fratres
593 1754 716 1793 cum
749 1738 962 1793 nollent
991 1738 1060 1792 ad
1090 1737 1448 1793 correctionis
1476 1735 1863 1791 rectitudinem
1895 1761 1942 1829 Β
1966 1731 2045 1786 rei
2077 1732 2361 1787 veritatem
2396 1750 2495 1804 pro
2526 1751 2592 1788 eo
2619 1743 2675 1791 ut
2711 1735 2768 1790 in
2801 1736 2924 1792 aliis
2955 1738 3090 1793 locis
3118 1740 3377 1809 paulatim
3400 1738 3578 1794 asueti

252 1827 480 1893 reverti,
538 1843 638 1898 per
675 1827 862 1882 omnia
899 1833 954 1882 et
1011 1827 1068 1881 in
1125 1826 1385 1881 omnibus
1438 1825 1871 1880 adversabantur

251 1916 488 1987 predicti
539 1916 641 1974 viri
694 1916 984 1984 voluntati,
1034 1916 1336 1973 clamantes
1383 1924 1438 1972 et
1466 1921 1876 1987 conquerentes

251 2027 342 2067 res
372 2027 501 2066 suas
521 2009 589 2065 ab
619 2024 685 2065 eo
715 2008 946 2081 prodige
969 2007 1259 2079 dilapidari
1288 2006 1728 2062 etsubsmnliam
1755 2021 1876 2061 mo-

252 2098 862 2156 nasteriiimmoderate
890 2114 944 2152 in
974 2097 1222 2152 obsoniis
1251 2097 1577 2152 secularium
1609 2111 1876 2168 persona-

253 2208 374 2248 rum
424 2191 734 2261 exstirpari,
767 2199 822 2245 et
860 2190 1097 2246 maxime
1137 2190 1192 2244 in
1238 2189 1462 2246 servitio
1493 2191 1713 2246 comitis
1772 2190 1876 2244 Ra-

253 2283 456 2360 gineri.
491 2283 600 2340 Hoc
639 2283 864 2339 nomine
895 2282 1262 2356 protegebant
1299 2283 1515 2354 culpam
1564 2299 1744 2351 suam,
1776 2281 1877 2338 ob-

257 2374 342 2429 liti
389 2373 537 2428 illam
571 2372 926 2440 sententiam,
970 2389 1079 2444 qua
1115 2380 1337 2428 sanctus
1391 2372 1728 2429 Benedictus
1778 2388 1879 2429 nos

260 2467 590 2543 regulariter
617 2467 901 2522 informat:
936 2473 1063 2522 ante
1095 2468 1283 2524 omnia
1313 2484 1382 2523 ne
1420 2468 1876 2524 murmurationis

255 2561 462 2618 malum
506 2561 896 2633 qualicumque
926 2559 1098 2615 verbo
1131 2567 1222 2615 aut
1257 2561 1416 2632 signo
1448 2568 1732 2633 appareat.
1767 2558 1872 2615 Sed

257 2655 344 2711 vir
396 2653 494 2710 Dei
555 2654 753 2710 doctus
810 2655 868 2709 in
915 2655 1178 2726 patientia
1222 2671 1321 2710 sua
1368 2654 1574 2709 habere
1630 2653 1870 2708 animam

258 2761 438 2812 suam,
469 2752 625 2800 scuto
657 2744 981 2800 humilitatis
1013 2752 1068 2800 et
1098 2743 1380 2815 patientize
1414 2751 1717 2814 protectus,
1751 2757 1875 2798 om-

260 2849 387 2891 nem
419 2833 810 2888 adversitatum
833 2833 1145 2889 sustinebat
1172 2832 1497 2888 molestiam.
1533 2831 1640 2886 Sed
1671 2838 1874 2902 quanta

259 2935 314 2983 et
353 2927 537 2998 qualia
557 2926 762 2981 fuerint
791 2941 912 2997 qua:
933 2925 1238 2996 pertulerit,
1272 2941 1338 2980 ex
1367 2923 1584 2996 scriptis
1615 2923 1872 2995 Fulquini

261 3016 479 3072 abbatis
499 3015 733 3087 intelligi
765 3015 983 3086 poterit.
1021 3014 1262 3088 Contigit
1291 3015 1530 3070 instante
1558 3013 1871 3069 vindemia-

263 3125 381 3164 rum
414 3115 684 3179 tempcre,
717 3107 1185 3178 conquerentibus
1216 3107 1284 3162 de
1317 3121 1384 3162 eo
1415 3105 1675 3161 fratribus
1696 3113 1751 3160 et
1777 3105 1877 3159 tri-
1900 3136 1950 3202 C

257 3207 343 3255 ste
382 3199 572 3254 nescio
593 3198 725 3269 quid
750 3197 1254 3265 confabulantibus,
1307 3198 1668 3270 supervenire
1699 3197 1876 3252 Erlui-

261 3305 417 3358 num,
446 3304 609 3359 quem
633 3294 784 3342 tanta
811 3287 964 3342 caede
986 3286 1210 3342 fustium
1241 3287 1454 3342 multati
1486 3294 1638 3355 sunt,
1662 3293 1722 3342 ut
1749 3302 1876 3342 om-

263 3381 397 3436 nino
426 3378 771 3434 exanimatus
810 3379 1150 3435 crederetur.
1183 3379 1293 3434 Sed
1332 3379 1427 3434 ubi
1462 3379 1735 3450 persensit
1759 3378 1883 3434 illos

263 3471 622 3538 abscessisse,
649 3472 934 3542 paululum
974 3472 1252 3542 respirans
1293 3480 1348 3526 et
1392 3471 1571 3528 oculis
1601 3470 1880 3543 palpitans

263 3561 527 3618 subduxit
557 3577 636 3616 se.
671 3561 779 3616 Nec
806 3562 976 3617 multo
996 3568 1119 3634 post
1151 3561 1443 3634 insperatis
1465 3561 1723 3618 omnibus
1752 3577 1874 3616 cum

265 3650 542 3720 adjutorio
602 3650 862 3705 Bernardi
929 3651 1140 3707 avocati
1196 3652 1265 3707 ad
1317 3651 1502 3707 villam
1559 3650 1876 3706 monasterii

268 3743 607 3799 Hercliaeum
656 3742 854 3798 dictam
906 3743 1290 3814 proficiscitur.
1325 3745 1454 3800 Post
1503 3744 1622 3799 haec
1646 3741 1881 3812 Ragine-

268 3850 388 3907 rum
422 3833 678 3889 comitem
710 3849 832 3890 cum
875 3833 1120 3890 Baldrico
1154 3834 1416 3906 episcopo
1457 3843 1516 3889 ut
1542 3832 1880 3889 nativitatem

267 3922 487 3980 Domini
515 3922 702 3978 Lobiis
732 3923 1014 3979 celebrent
1035 3924 1294 3996 precibus
1323 3924 1498 3997 cogit;
1532 3925 1682 3997 quod
1707 3932 1762 3980 et
1781 3939 1880 3996 op-

271 4011 456 4066 tinuit.
516 4011 668 4076 Quod
718 4011 977 4068 fratribus
1010 4013 1272 4069 omnibus
1299 4013 1534 4070 omnino
1574 4013 1752 4069 visum
1803 4019 1886 4068 est

270 4104 440 4160 nimis
477 4104 859 4176 vituperabile,
893 4113 948 4160 et
979 4105 1036 4160 in
1073 4106 1320 4162 obsoniis
1363 4122 1556 4164 eorum
1583 4121 1683 4162 sua
1722 4107 1888 4161 nimis

271 4195 504 4250 distrahi
544 4195 914 4264 intolerabile,
955 4203 1011 4252 et
1040 4197 1159 4253 loca
1207 4204 1395 4253 sancta
1424 4197 1806 4254 indifferenter
1857 4215 1887 4252 a

270 4290 619 4347 secularibus
653 4289 986 4363 frequentari
1017 4293 1153 4348 satis
1203 4293 1578 4367 importabile.
1637 4282 1889 4350 Percele-

272 4386 430 4440 brata
478 4385 660 4457 itaque
700 4387 1015 4442 natalicium
1066 4387 1282 4443 dierum
1327 4396 1515 4444 sancta
1563 4388 1888 4445 celebritate

1975 1825 2286 1897 disciplime
2322 1827 2588 1897 regularis
2609 1828 2766 1900 jugo,
2790 1845 2818 1883 a
2859 1840 3136 1886 consueta:
3165 1831 3403 1888 levitatis
3428 1833 3586 1887 vani-

1976 1927 2086 1976 tate
2113 1920 2502 1976 desuescerent
2531 1923 2904 1993 aliquomodo.
2949 1925 3057 1980 Sed
3099 1927 3250 1983 nullo
3298 1928 3461 1984 modo
3494 1945 3589 1984 eos

1976 2010 2157 2081 potuit
2193 2010 2277 2066 vel
2311 2010 2408 2065 Dei
2459 2011 2623 2066 timor
2654 2011 2952 2085 subjugare
2999 2015 3084 2070 vel
3129 2031 3230 2072 suo
3275 2033 3371 2072 eos
3409 2019 3584 2073 amori

1974 2101 2272 2173 applicare.
2307 2102 2404 2156 Alii
2439 2103 2533 2173 qui
2564 2103 2619 2157 in
2655 2103 2776 2160 loco
2817 2115 2976 2160 erant
3007 2108 3237 2175 residui,
3266 2109 3590 2185 intelligen-

1977 2201 2061 2249 tes
2087 2194 2225 2248 nihil
2257 2194 2361 2249 loci
2394 2195 2640 2250 relictum
2672 2212 2794 2251 esse
2827 2214 2942 2252 suae
2975 2199 3204 2255 desidiae
3236 2209 3290 2256 et
3311 2210 3590 2258 consuetae

1979 2282 2075 2338 diu
2104 2283 2364 2349 licentiae,
2422 2283 2614 2340 irritati
2659 2285 2780 2356 ipsa
2811 2287 3216 2358 desperationis
3269 2290 3590 2360 acerbitate,

1982 2387 2092 2427 non
2146 2371 2448 2427 timuerunt
2478 2373 2639 2427 etiam
2693 2374 2762 2427 de
2799 2375 2918 2445 ejus
2973 2384 3147 2432 morte
3201 2385 3454 2434 tractare.
3508 2380 3584 2434 Ne

1981 2463 2200 2536 longius
2237 2478 2548 2518 sermonem
2609 2465 2948 2534 protraham,
2991 2476 3101 2521 tres
3153 2483 3342 2523 eorum
3392 2469 3596 2541 quibus

1981 2554 2288 2610 nobilitatis
2317 2555 2529 2610 vanitas
2560 2561 2613 2609 et
2637 2555 2882 2624 juventae
2925 2557 3115 2628 robur,
3153 2559 3592 2632 propinquorum

1975 2649 2137 2704 etiam
2169 2665 2429 2703 assensus
2460 2651 2875 2720 promptiorem,
2922 2652 3227 2724 ingesserat
3287 2654 3594 2722 audaciam,

1974 2758 2097 2797 cum
2129 2757 2330 2816 magno
2378 2749 2434 2796 et
2480 2743 2612 2796 satis
2657 2744 2808 2816 gravi
2863 2745 3073 2800 ordinis
3117 2755 3171 2802 et
3221 2746 3589 2818 professionis

1975 2831 2221 2903 periculo
2267 2829 2650 2886 dormitorium
2711 2833 2852 2887 nocti
2923 2834 3336 2907 aggrediuntur,
3408 2835 3590 2905 ipsum

1975 2923 2288 2989 extrahunt,
2315 2928 2368 2976 et
2391 2930 2722 2992 protractum
2756 2931 2904 2978 extra
2934 2926 3202 2980 ambitum
3233 2926 3458 2981 claustri
3502 2927 3595 2982 in-

1975 3013 2219 3070 humane
2259 3017 2512 3076 tractant,
2545 3012 2720 3066 oculis
2761 3012 2996 3082 privant,
3039 3023 3251 3084 partem
3283 3015 3448 3070 etiam
3489 3015 3597 3070 lin-

1975 3118 2096 3177 guae
2141 3108 2445 3170 amputant,
2497 3118 2607 3158 non
2643 3109 2824 3158 tamen
2856 3104 3120 3175 loquendi
3151 3104 3334 3162 officio
3374 3113 3429 3161 et
3493 3121 3598 3160 usu

1936 3186 1952 3199 ⁸
1980 3211 2105 3250 eum
2139 3194 2374 3266 privant.
2416 3193 2526 3250 Hoc
2579 3201 2756 3250 actum
2795 3203 2878 3251 est
2907 3198 2972 3252 13
3055 3197 3324 3253 Kalendas
3364 3198 3601 3254 Novem-

1983 3285 2093 3340 bris
2137 3284 2266 3341 951°
2305 3297 2450 3338 anno
2497 3282 2789 3340 dominlca
2817 3285 3212 3341 incarnationis
3268 3285 3436 3358 (895).
3495 3285 3590 3342 llle

1983 3368 2164 3423 taliter
2192 3371 2574 3442 martyrizatus
2602 3379 2660 3427 ut
2689 3373 2826 3427 nihil
2857 3373 3017 3430 bonze
3043 3375 3160 3446 spei
3194 3375 3339 3431 inter
3365 3391 3461 3432 eos
3487 3376 3596 3431 sibi

1983 3476 2274 3531 superesse
2319 3478 2441 3517 sero
2497 3463 2792 3532 intellexit,
2837 3467 3057 3523 tandem
3097 3468 3280 3523 cessit.
3329 3467 3461 3523 Nam
3520 3469 3592 3523 ita

1981 3550 2185 3607 debilis
2217 3559 2273 3607 et
2308 3554 2625 3609 exoculatus
2676 3556 2800 3612 navi
2860 3557 3183 3628 imponitur.
3237 3559 3593 3615 Genmelaus

1977 3645 2248 3700 evehitur.
2284 3645 2395 3700 Nec
2422 3653 2603 3700 tamen
2636 3646 2724 3701 hic
2755 3647 2910 3702 labor
2957 3649 3092 3716 justi
3133 3650 3236 3704 viri
3271 3667 3370 3721 per
3407 3651 3594 3706 omnia

1981 3734 2354 3792 infructuosus
2395 3737 2516 3803 fuit,
2561 3738 2657 3792 sed
2691 3737 2886 3794 Christi
2920 3739 3099 3795 bonus
3149 3741 3308 3808 odor,
3341 3759 3437 3814 qui
3472 3742 3597 3797 aliis

1983 3825 2122 3882 odor
2155 3825 2346 3881 mortis
2382 3826 2449 3880 ad
2497 3832 2749 3888 mortem,
2809 3825 2932 3881 aliis
2963 3827 3098 3884 odor
3128 3829 3252 3884 vitae
3301 3831 3371 3884 ad
3424 3830 3597 3885 vitam

1983 3916 2106 3985 fuit,
2136 3917 2246 3974 vim
2265 3915 2668 3973 benevolentiae
2695 3925 2748 3973 et
2765 3917 3104 3974 fortitudinis
3121 3935 3232 3975 suae
3257 3921 3460 3992 passim
3491 3922 3602 3977 dif-

1986 4005 2144 4062 fudit.
2200 4005 2334 4078 Nam
2404 4013 2694 4077 postquam
2747 4022 2845 4077 per
2894 4007 3330 4082 incorrigibilem
3372 4009 3600 4067 fratrum

1987 4095 2266 4151 levitatem
2299 4095 2478 4167 palam
2514 4101 2597 4150 est
2651 4095 3062 4167 deprehensum
3116 4096 3310 4153 fratres
3339 4098 3460 4153 sine
3502 4099 3605 4155 ab-

1989 4189 2133 4244 batis
2159 4188 2469 4259 prelatione
2500 4187 2704 4262 degere
2729 4205 2890 4261 quam
2916 4192 2988 4244 sit
3014 4190 3409 4260 periculosum,
3439 4193 3603 4249 dein-

1988 4297 2118 4352 ceps
2150 4281 2251 4335 sub
2282 4280 2482 4335 abbate
2514 4296 2609 4337 eos
2640 4297 2803 4354 agere
2835 4283 3163 4353 permissum
3194 4292 3297 4348 est,
3340 4291 3393 4339 et
3421 4286 3605 4342 restri-

1989 4381 2074 4427 cta
2121 4371 2341 4427 levitate
2377 4370 2601 4426 fratrum
2634 4378 2806 4427 status
2860 4381 3062 4429 sanctae
3116 4374 3402 4449 religionis
3432 4376 3607 4431 refor-

273 4473 372 4530 ubi
406 4473 709 4529 discessum
748 4482 855 4542 est,
887 4475 1085 4531 fratres
1113 4477 1222 4531 sibi
1253 4493 1352 4532 sua
1367 4477 1542 4532 minui
1571 4476 1892 4532 etsubtrahi
1925 4445 2170 4521 I)matlls
2197 4472 2311 4533 est;
2369 4484 2458 4522 res
2495 4467 2661 4523 ﬁliam
2690 4483 2880 4522 eorum
2931 4482 3053 4538 qua?
3102 4484 3200 4540 ρθν
3239 4468 3520 4523 avaritiam
3554 4477 3609 4524 οι

274 4568 332 4623 in
389 4581 680 4622 commune
724 4567 1031 4638 deplorant.
1096 4569 1388 4640 Assumpta
1447 4568 1616 4642 igitur
1665 4569 1894 4625 audacia

274 4655 555 4712 Fontanus
583 4656 789 4722 villam,
817 4673 978 4728 quam
1015 4655 1245 4713 Sambra
1274 4659 1447 4713 alluit.
1496 4666 1711 4731 petunt,
1764 4659 1896 4715 inde

273 4759 543 4823 quantum
577 4750 687 4806 vini
721 4753 797 4806 ibi
827 4753 1110 4809 inventum
1157 4760 1240 4811 est
1267 4754 1568 4812 abducunt.
1607 4754 1889 4812 Profectus

277 4850 412 4896 tunc
441 4838 622 4896 fuerat
655 4838 911 4897 Erluinus
955 4843 1024 4899 ad
1071 4844 1252 4900 villam
1303 4845 1694 4901 Bormeriacas.
1725 4847 1891 4911 Quem

278 4927 478 4985 fratres
515 4945 640 4984 cum
681 4931 830 4986 omni
873 4930 1080 4988 familia
1123 4940 1179 4989 et
1216 4934 1453 4990 maxima
1483 4935 1675 5007 populi
1707 4935 1896 4990 multi-

277 5022 472 5078 tudine
512 5023 896 5096 insequlntur.
935 5025 1011 5080 lbi
1045 5040 1235 5081 rursus
1273 5026 1328 5081 in
1361 5044 1485 5082 eum
1549 5034 1698 5084 tanta
1745 5028 1895 5082 caede

278 5111 681 5178 debachantur,
706 5114 985 5169 utmirum
1015 5113 1182 5172 fuerit
1221 5115 1370 5188 quod
1421 5123 1652 5173 mortem
1697 5132 1893 5172 evase-

281 5204 372 5258 rit.
401 5204 512 5260 Nec
538 5212 718 5260 tamen
749 5205 876 5262 ideo
907 5205 1117 5263 destitit
1155 5207 1370 5264 comitis
1407 5208 1666 5284 Ragineri
1696 5218 1896 5280 poten-

277 5293 378 5359 tia,
407 5309 512 5350 nes
542 5295 846 5350 constantis
876 5297 933 5351 in
958 5297 1065 5352 Deo
1097 5297 1197 5353 viri
1229 5299 1658 5369 perseverantia.
1694 5298 1896 5354 Putans

276 5385 429 5443 enim
461 5387 611 5458 quod
649 5388 917 5444 malesani
947 5389 1142 5448 fratres
1179 5390 1510 5448 desisterent
1550 5409 1582 5448 a
1620 5400 1779 5464 cepta
1810 5408 1898 5448 re-

1996 4556 2352 4611 ambitionem
2385 4557 2654 4627 majorum
2710 4554 3102 4626 dissipabatur,
3144 4556 3212 4611 ad
3258 4572 3607 4614 communem

1997 4651 2225 4708 fratrum
2262 4650 2552 4706 utilitatem
2585 4649 2897 4706 ordinatius
2923 4649 3166 4706 stabilita
3204 4658 3306 4707 est.

2073 4744 2142 4799 16
2223 4745 2404 4800 Liceat
2455 4743 2546 4798 hic
2594 4743 2873 4814 paululum
2930 4758 3111 4799 rerum
3169 4744 3608 4801 convenientiam

1996 4839 2372 4908 considerare,
2404 4845 2458 4893 et
2496 4854 2611 4894 rem
2651 4839 2727 4894 rei
2770 4854 3113 4910 comparare.
3147 4839 3239 4895 Vir
3269 4839 3374 4896 iste
3402 4840 3470 4896 de
3499 4857 3610 4914 quo

1997 4932 2212 5008 agimus
2251 4930 2460 5003 aliquid
2491 4931 2670 4986 simile
2702 4947 2826 4986 cum
2871 4930 3188 5005 legislatore
3233 4940 3446 5000 nostro,
3479 4951 3612 4989 san-

1997 5028 2083 5077 cto
2113 5021 2325 5077 scilicet
2366 5021 2691 5088 Benedicto,
2724 5020 2878 5086 fecit,
2933 5019 3145 5092 aliquid
3177 5022 3357 5078 simile
3387 5025 3614 5095 pertulit

1997 5123 2052 5169 et
2081 5114 2206 5169 ideo
2228 5119 2288 5168 ut
2314 5112 2611 5181 credimus,
2636 5113 2680 5167 si
2723 5129 2891 5183 parva
2918 5114 3136 5186 magnis
3177 5130 3515 5186 componere
3547 5115 3614 5169 li-

1997 5206 2166 5272 cebit,
2195 5205 2360 5262 etiam
2417 5204 2472 5258 in
2514 5204 2958 5260 remuneratione
2996 5203 3242 5260 laborum
3287 5206 3496 5277 aliquid
3543 5205 3615 5260 si-

1997 5298 2130 5354 mile
2169 5314 2292 5353 cum
2326 5296 2420 5351 illo
2461 5294 2709 5359 habebit,
2764 5296 2922 5365 cujus
2953 5295 3072 5366 ipse
3101 5297 3329 5352 sedulus
3374 5297 3616 5353 imitator

1997 5389 2193 5445 extitit.
2230 5385 2519 5456 Exemplar
2568 5383 2636 5417 733
2679 5383 2807 5440 vitze
2851 5391 3051 5440 nostra
3102 5393 3325 5442 sanctus
3377 5385 3614 5442 Benedi-

1641 5493 1860 5549 νΑΒΙιΕ
1894 5489 2285 5546 LECTIONES.

353 5587 421 5622 ⁷³³
447 5586 616 5643 villic.
633 5603 659 5642 ε
685 5603 821 5645 corr.

912 5589 982 5625 ⁷³³
1013 5606 1073 5646 se
1100 5607 1330 5649 erasum.
1413 5593 1484 5628 ⁷³³
1504 5592 1717 5666 mplare
1745 5608 1894 5650 corr.

1851 5685 2065 5744 NOTAE.

357 5780 511 5852 (895)
534 5780 747 5838 Auctar.
776 5781 1168 5842 Gemblacense
1199 5803 1247 5846 a.
1275 5789 1379 5850 958
1405 5788 1616 5859 scribit,
1656 5789 1756 5847 sed
1782 5794 1970 5847 nostro
1996 5787 2172 5857 major
2209 5783 2370 5842 Ides.
