3930 6204
358 305 456 363 611

1569 284 1912 343 SIGEBERTI
1958 283 2470 339 GEMBLALENSIS.

3583 277 3684 332 612

350 450 471 497 ctus
499 439 630 495 olim
651 437 816 493 unius
847 431 1170 490 monasterii
1197 430 1393 485 fratres
1421 428 1488 483 ad
1516 424 1820 500 regendum
1849 439 1970 477 sus-
1996 424 2045 491 A
2074 420 2296 475 lationis
2321 419 2547 490 sepiens
2577 417 2881 489 peccatoris
2910 417 3079 483 viam,
3113 431 3212 486 per
3241 414 3469 469 invitam
3501 426 3693 467 neces-

350 532 516 603 cepit,
559 546 699 603 quos
730 525 1103 583 exorbitantes
1135 538 1163 577 a
1197 519 1433 597 regulari
1462 518 1567 583 via,
1600 517 1728 589 quia
1768 515 1836 571 ad
1866 515 1969 569 iter

345 620 574 688 justitiaa
606 618 880 673 retrahere
921 630 1031 670 non
1054 613 1253 685 potuit,
1286 609 1466 683 quoad
1491 608 1669 678 potuit
1696 607 1966 671 toleravit,

353 724 516 780 quam
545 705 813 762 intentius
853 703 1022 759 valuit
1070 702 1346 775 corrigere
1396 696 1683 751 laboravit.
1728 694 1967 760 Quorum

354 797 535 867 putria
561 796 746 850 ulcera
766 793 858 847 ubi
890 791 1061 846 sensit
1083 790 1233 844 nullo
1265 785 1553 842 medicina:
1597 784 1841 840 fomento
1882 798 1970 837 sa-

355 887 497 954 nari,
527 885 625 941 sed
666 899 762 939 eos
795 881 1104 938 econtrario
1145 880 1212 934 ad
1256 878 1512 933 frenesim
1556 891 1733 948 usque
1766 875 1841 930 ita
1872 891 1971 929 ex-

354 979 619 1052 asperari,
652 987 711 1033 ut
752 976 913 1031 etiam
970 982 1200 1030 tractare
1237 987 1349 1027 non
1389 971 1647 1025 timerent
1692 968 1761 1023 de
1796 977 1970 1023 morte

356 1070 580 1136 medici,
612 1069 735 1123 illos
762 1066 1021 1121 dimissos
1053 1062 1305 1135 permisit
1344 1062 1485 1116 viam
1526 1076 1677 1115 suam
1713 1058 1926 1134 ingredi
1953 1075 1967 1123 ;

358 1161 477 1232 ipse
526 1175 712 1214 secum
756 1157 1010 1211 habitans
1057 1152 1293 1225 quesivit
1342 1151 1436 1206 ubi
1495 1150 1843 1206 fructuosiori
1886 1148 1971 1203 in-

357 1256 527 1307 staret
555 1246 749 1302 labori.
787 1247 864 1301 lla
893 1245 1054 1300 etiam
1086 1244 1188 1297 iste
1219 1248 1408 1297 noster
1433 1250 1722 1312 susceptos
1753 1240 1970 1306 fratres,

358 1358 499 1415 quos
516 1347 707 1397 contra
729 1340 1111 1395 se'unanimes
1143 1337 1200 1392 in
1234 1339 1376 1393 malo
1407 1337 1561 1403 vidit,
1596 1335 1842 1408 quandiu
1872 1349 1973 1405 po-

357 1433 464 1489 tuit
500 1433 664 1488 etiam
696 1448 818 1488 cum
846 1432 1047 1485 damno
1067 1436 1121 1485 et
1148 1428 1391 1500 periculo
1423 1442 1520 1482 suo
1544 1425 1821 1497 patienter
1854 1440 1973 1479 sus-

357 1526 539 1582 tinuit.
572 1526 635 1580 At
670 1524 765 1580 ubi
810 1523 1082 1595 persensit
1118 1521 1241 1577 illos
1280 1522 1441 1576 etiam
1489 1526 1720 1573 mortem
1762 1517 1973 1571 anima-

356 1636 475 1676 rum
514 1635 735 1674 suarum
776 1616 1142 1687 vilipendere,
1203 1613 1503 1669 dummodo
1544 1612 1694 1666 illum
1748 1616 1973 1682 possent

359 1712 699 1777 interimere,
729 1709 833 1764 sibi
862 1709 991 1763 licet
1022 1723 1143 1763 sero
1174 1705 1470 1771 consuluit,
1504 1711 1559 1759 et
1585 1704 1693 1758 illis
1723 1703 1977 1775 aliquan-

361 1806 531 1861 tulum
575 1802 840 1875 pepercit.
865 1799 1087 1872 quando
1129 1814 1197 1853 ne
1228 1798 1415 1851 denuo
1466 1795 1534 1850 ab
1573 1794 1653 1848 eis
1693 1794 1976 1865 impetitus

361 1894 632 1958 interiret,
656 1891 724 1947 ab
754 1905 947 1946 eorum
978 1887 1233 1942 manibus
1272 1902 1332 1941 se
1363 1884 1640 1940 subduxit.
1672 1884 1752 1938 illi
1783 1889 1974 1937 sancto

363 1984 661 2041 Benedicto
688 1982 960 2038 occultum
989 1978 1189 2035 veneni
1212 1977 1529 2049 ingerentes
1560 1974 1844 2047 poculum,
1876 1973 1976 2029 ob-

358 2075 541 2132 vclare
570 2074 861 2129 voluerunt
900 2068 1141 2123 infamiae
1184 2066 1573 2137 opprobrium;
1616 2066 1842 2120 istorum
1873 2065 1977 2118 im-

363 2168 563 2240 pudica
589 2167 816 2220 libertas
869 2171 1058 2233 aperto
1085 2160 1303 2216 crimini
1333 2159 1542 2213 nullum
1580 2157 1829 2230 quaesivit
1849 2174 1975 2211 um-

359 2257 666 2317 braeulum.
696 2253 804 2310 Nos
844 2254 962 2308 hzec
992 2250 1371 2322 relinquamus
1411 2248 1464 2302 in
1506 2247 1707 2314 medio,
1737 2247 1970 2302 aliorum

363 2348 673 2403 estimanda
691 2347 925 2416 judicio.

436 2442 521 2498 17.
555 2442 756 2496 Servus
798 2441 888 2494 Dei
949 2439 1017 2494 ad
1074 2439 1468 2495 monasterium
1524 2437 1973 2492 Gemmelaeense

361 2547 639 2595 reversus,
668 2547 724 2585 re
763 2530 882 2600 ipsa
920 2535 1180 2600 expertus
1215 2545 1311 2599 per
1351 2528 1549 2582 multas
1590 2525 1975 2581 tribulationes

363 2638 595 2696 regnum
622 2622 715 2675 Dei
750 2620 927 2691 parari
957 2617 1235 2684 fidelibus,
1269 2615 1719 2686 contemplationi
1760 2624 1813 2670 et
1845 2612 1975 2668 reli-

362 2710 544 2785 gionis
568 2708 757 2780 pietati
790 2723 856 2763 eo
899 2708 1125 2762 vacabat
1165 2706 1515 2776 propensius,
1548 2721 1657 2776 quo
1708 2703 1844 2758 nihil
1880 2718 1977 2773 pe-

365 2817 436 2857 ne
466 2800 517 2856 ei
545 2800 823 2855 arridebat
852 2799 1114 2865 exterius,
1148 2815 1247 2868 per
1275 2798 1421 2870 quod
1457 2799 1570 2869 jam
1600 2796 1790 2851 mundi
1817 2796 1976 2849 blan-

366 2894 520 2950 ditiis
568 2900 753 2963 posset
786 2890 1118 2947 commoveri
1161 2891 1532 2961 aliquatenus.
1576 2891 1685 2944 Nec
1744 2889 1976 2943 multum

369 2988 668 3045 dolendum
703 3003 824 3041 esse
866 2986 969 3040 sibi
1005 2985 1315 3052 videbatur,
1347 2986 1494 3056 quod
1534 2984 1643 3039 illis
1687 2984 1861 3040 oculis
1893 2999 1983 3038 ca-

368 3081 600 3137 rendum
632 3086 769 3146 erat,
811 3078 1012 3149 quibus
1050 3077 1212 3131 etiam
1270 3077 1476 3131 culices
1524 3084 1576 3132 et
1606 3076 1830 3131 cimices
1860 3075 1982 3149 glo—
2010 3120 2054 3149 ι,

370 3174 601 3236 riantur,
635 3187 756 3226 cum
810 3168 1040 3223 interior
1082 3184 1215 3221 suus
1272 3167 1436 3222 homo
1488 3167 1597 3221 illis
1637 3165 1811 3222 oculis
1857 3162 2056 3237 per-u

371 3264 511 3321 fecte
542 3263 924 3327 delectaretur,
956 3259 1160 3332 quibus
1186 3259 1378 3314 mundi
1408 3260 1605 3314 eordes
1632 3259 1806 3313 Deum
1855 3274 1987 3314 con-

373 3366 482 3414 tem
492 3357 729 3429 piantur.

452 3447 535 3503 18.
607 3445 754 3500 Hanc
815 3444 1081 3498 malorum
1137 3442 1486 3497 acerbitatem
1551 3441 1899 3515 exaggeravit
1956 3457 1985 3496 e

374 3537 626 3611 proximo
665 3552 850 3591 comes
879 3534 1204 3608 Raginerus,
1249 3532 1341 3605 qui
1375 3534 1426 3588 ei
1486 3532 1901 3605 precordialiter
1929 3532 1985 3586 in

377 3629 617 3685 amicitia
646 3625 1049 3691 confederatus,
1094 3632 1306 3681 scutum
1332 3625 1381 3680 ei
1414 3640 1535 3680 esse
1568 3624 1991 3680 solebatcontra

378 3718 752 3774 infestantium
793 3716 1064 3771 incursus.
1110 3714 1263 3769 Hunc
1302 3715 1429 3786 quia
1483 3714 1765 3769 nimietate
1820 3713 1992 3767 tiran-

378 3811 525 3867 nidis
551 3825 663 3865 suae
694 3803 1058 3864 intolerabilis
1080 3805 1177 3860 toti
1211 3805 1387 3860 fuerat
1426 3804 1679 3875 imperio,
1721 3802 1993 3857 Valentia-

378 3917 478 3957 nas
517 3900 648 3956 fisco
674 3905 958 3955 evocatum
1005 3904 1060 3951 et
1088 3896 1301 3950 hostem
1345 3894 1420 3949 rei
1463 3893 1700 3964 publica;
1740 3891 1991 3965 prejudi-

379 3999 557 4048 catum
604 3988 847 4045 omnium
875 3985 1110 4056 judicio,
1140 3984 1415 4055 deportari
1449 3982 1581 4038 fecit
1627 3979 1988 4037 inrevocabili

383 4088 544 4144 exilio
567 4084 910 4143 Coloniensis
933 4081 1384 4152 archiepiscopus
1405 4081 1609 4147 Bruno,
1643 4078 1736 4151 qui
1766 4083 1989 4132 strenue

382 4185 437 4234 et
466 4178 746 4249 sapienter
772 4172 1047 4228 secundas
1076 4179 1258 4241 partes
1279 4167 1700 4223 administrabat
1719 4167 1775 4221 in
1809 4165 1992 4221 fratris

383 4268 469 4323 sui
520 4263 732 4322 Ottonis
768 4260 1021 4332 imperio.
1059 4259 1119 4314 Et
1147 4257 1397 4314 fortassis
1446 4256 1686 4313 cordatis
1713 4256 1844 4310 viris
1875 4270 1991 4309 rem

385 4356 549 4414 altius
580 4349 1063 4411 considerantibus
1115 4345 1383 4403 credibile
1412 4346 1617 4417 poterit
1664 4344 1838 4400 videri
1889 4344 1994 4398 hoc

2070 514 2286 568 sitatem
2329 510 2507 567 trahat
2535 511 2603 565 ad
2639 510 3007 565 voluntariam
3037 506 3447 579 pmnitentiam.
3499 503 3693 559 Simile

2070 602 2201 674 quid
2233 602 2399 657 etiam
2448 601 2517 656 de
2548 599 2808 655 Mauricio
2841 600 3174 670 imperatore
3224 601 3569 666 compertum
3605 593 3701 645 ha-

2069 692 2263 747 bemus
2313 692 2406 760 (Ex
2460 690 2816 755 FREDEGARO.)
2856 687 2964 760 {qui
3001 686 3272 757 judicium
3318 691 3375 739 et
3419 680 3692 752 justitiam

2071 784 2219 855 quod
2258 783 2570 854 preparatio
2603 789 2764 837 rectm
2793 781 2941 836 sedis
2966 786 3048 834 est
3085 793 3309 848 semper
3336 790 3557 840 exosus,
3592 786 3695 843 per

2070 873 2343 929 occultum
2375 874 2470 928 Dei
2511 874 2783 942 judicium
2814 873 2961 928 circa
3006 870 3356 925 undecimam
3409 867 3537 923 vitae
3576 882 3694 920 suae

2072 962 2261 1017 horam
2289 961 2358 1016 ab
2391 961 2504 1017 otio
2533 961 2769 1017 carnalis
2795 961 2922 1017 vitae
2962 967 3248 1026 retractus,
3283 974 3383 1030 per
3407 958 3699 1012 interven-

2072 1061 2186 1110 tum
2226 1064 2538 1110 sanctorum
2578 1055 2817 1110 virorum
2864 1063 2921 1108 et
2951 1053 3193 1131 maxime
3232 1050 3467 1121 piissimi
3494 1049 3701 1122 Grego-

2074 1147 2139 1201 rii
2163 1164 2319 1219 papae
2344 1148 2448 1202 hoc
2476 1146 2730 1213 emeruit,
2754 1153 2815 1201 ut
2835 1146 3028 1200 saltem
3056 1159 3179 1199 sero
3205 1140 3550 1214 paenitentiae
3578 1138 3700 1194 fru-

2070 1249 2217 1299 ctum
2245 1243 2337 1297 liic
2368 1242 2583 1313 cperari
2629 1241 2887 1311 potuerit,
2918 1240 3047 1294 dum
3081 1239 3130 1293 ei
3159 1255 3190 1292 a
3222 1239 3333 1293 Deo
3378 1251 3478 1307 pro
3507 1233 3697 1306 poeni-

2073 1329 2248 1385 tentia
2292 1335 2595 1399 reputatur,
2638 1329 2787 1400 quod
2838 1329 2959 1400 ipse
3015 1343 3140 1383 cum
3185 1326 3337 1382 omni
3368 1325 3534 1381 domo
3592 1336 3701 1378 sua

2074 1420 2370 1475 crudeliter
2394 1419 2718 1474 trucidatur.

2150 1513 2232 1567 19.
2268 1511 2386 1567 Non
2417 1511 2589 1566 multo
2621 1517 2744 1582 post
2772 1509 3155 1583 superaddidit
3210 1509 3297 1563 bis
3330 1522 3553 1579 gravem
3593 1521 3699 1560 cu-

2074 1601 2283 1658 mulum
2316 1600 2767 1672 incomparabilis
2808 1600 3015 1656 doloris
3045 1598 3287 1665 occasio,
3333 1596 3551 1653 scilicet
3600 1612 3703 1651 ve-

2077 1691 2342 1747 nerabilis
2392 1706 2457 1745 ac
2508 1692 2620 1746 Deo
2651 1691 2809 1765 digni
2853 1689 3043 1745 domui
3074 1687 3338 1760 Wicperti
3397 1684 3699 1756 depositio,

2077 1800 2198 1857 quas
2252 1800 2434 1839 rerum
2474 1791 2783 1838 nostrarum
2826 1779 3162 1837 miserabilis
3214 1779 3317 1835 fuit
3374 1778 3698 1835 commotio.

2075 1873 2282 1928 Ventus
2311 1872 2521 1944 quippe
2553 1873 2856 1927 vehemens
2887 1871 3105 1926 irruens
3149 1887 3180 1924 a
3208 1869 3437 1944 regione
3471 1867 3701 1934 deserti,

2078 1966 2132 2020 id
2163 1972 2246 2019 est
2272 1972 2469 2019 ventus
2499 1963 2874 2018 tribulationis
2926 1977 3226 2032 erumpens
3261 1960 3329 2015 ab
3356 1959 3702 2015 infructuose

2078 2057 2427 2113 inimicorum
2473 2062 2719 2127 pectore,
2753 2055 3034 2111 concussit
3066 2063 3306 2126 quatuor
3337 2054 3577 2126 angulos
3604 2051 3705 2108 do-

2075 2162 2199 2201 mus
2256 2151 2476 2211 nostrae,
2509 2160 2630 2215 quae
2684 2143 2874 2215 utique
2936 2150 3127 2199 contra
3164 2151 3373 2199 tantum
3418 2141 3699 2197 turbinem

2074 2251 2356 2308 nunquam
2386 2235 2456 2269 ⁷³⁸
2482 2234 2786 2289 subsistere
2817 2233 3103 2305 quivisset,
3133 2233 3240 2288 nisi
3288 2248 3456 2304 supra
3488 2238 3701 2304 petram

2077 2324 2305 2381 fundata
2335 2325 2543 2379 fuisset.
2588 2323 2962 2379 Heribrandus
2995 2324 3145 2379 enim
3197 2322 3289 2391 ⁷³³,
3339 2323 3426 2379 vir
3450 2320 3705 2394 potentia

2078 2424 2134 2473 et
2163 2417 2446 2474 nobilitate
2470 2418 2765 2487 praeclarus
2793 2422 2847 2471 et
2871 2416 3108 2471 maxime
3129 2414 3399 2471 affinitate
3425 2412 3505 2485 pii
3531 2412 3705 2484 patris

2079 2508 2249 2565 nostri
2280 2508 2543 2579 Wicperti
2593 2508 2884 2583 gloriosus,
2945 2537 3017 2548 —
3072 2512 3189 2562 erat
3218 2506 3426 2578 quippe
3469 2504 3703 2559 maritus

2080 2598 2367 2655 Reinuidis
2394 2613 2671 2670 germanae
2702 2598 2843 2666 ejus,
2875 2627 2947 2637 -—
2987 2596 3251 2651 malitiam
3283 2611 3448 2667 quam
3477 2593 3703 2649 vivente

2079 2691 2287 2745 domno
2326 2689 2600 2759 Wicperto
2631 2695 2982 2759 conceperat,
3027 2688 3124 2743 sed
3162 2702 3261 2759 pro
3302 2682 3612 2742 reverentia
3640 2683 3705 2739 il-

2077 2781 2186 2837 lius
2216 2781 2519 2843 distulerat,
2565 2781 2785 2836 tandem
2827 2782 2947 2835 sine
2995 2780 3182 2852 aliquo
3218 2779 3444 2849 iustitiae
3502 2776 3703 2833 intuitu

2079 2869 2315 2941 aperuit,
2348 2877 2401 2925 et
2431 2870 2683 2944 neglecta
2713 2869 3019 2940 imperialis
3049 2868 3488 2926 conﬁrmationis
3521 2875 3707 2923 aucto-

2081 2962 2259 3029 ritate,
2285 2969 2339 3017 et
2370 2962 2687 3033 posthabito
2714 2961 3037 3033 apostolicae
3059 2977 3311 3017 censurae
3324 2961 3703 3026 anathemate,

2084 3054 2359 3110 abbatiam
2406 3053 2677 3109 violenter
2706 3053 2935 3115 invadit,
2993 3070 3081 3109 res
3111 3053 3374 3109 zecclesiae
3400 3052 3707 3108 insolenter

2086 3147 2297 3219 diripit,
2328 3154 2383 3202 et
2420 3147 2682 3220 quicquid
2713 3146 2835 3218 pius
2883 3146 3143 3203 fundator
3173 3146 3276 3202 loci
3330 3145 3507 3201 nostri
3539 3140 3702 3201 nobis

2088 3241 2413 3308 contulerat,
2450 3239 2506 3293 id
2536 3239 2641 3294 sibi
2670 3240 2795 3308 jure
2841 3238 3161 3295 hereditatis
3187 3237 3364 3313 magis
3395 3253 3565 3309 quam
3603 3251 3705 3291 aec-

2086 3333 2268 3389 etesiae
2298 3338 2614 3404 competere
2645 3331 2865 3388 clamat.
2916 3332 3109 3388 Omnia
3135 3341 3291 3388 erant
3337 3332 3702 3397 conturbata;

2087 3432 2282 3481 cuncta
2309 3442 2430 3497 quae
2462 3425 2615 3497 prius
2644 3431 2759 3480 tuta
2782 3426 3116 3481 videbantur
3143 3434 3200 3482 et
3225 3424 3555 3498 ‘tranquilla,
3587 3434 3708 3480 tur-

2088 3517 2218 3573 bine
2265 3517 2566 3587 repentinae
2612 3518 2956 3588 tempestatis
3004 3517 3141 3574 ﬁunt
3174 3517 3489 3590 periculosa
3537 3524 3592 3573 et
3621 3516 3711 3572 in-

2090 3618 2258 3663 certa.
2309 3607 2498 3662 Nullus
2545 3615 2660 3662 erat
2698 3608 2793 3679 qui
2843 3621 2942 3678 pro
2978 3607 3090 3662 Deo
3134 3607 3341 3673 aderat,
3391 3606 3577 3663 nullus
3615 3606 3710 3679 qui

2090 3698 2341 3771 partibus
2363 3699 2590 3768 justitiae
2621 3698 2847 3755 faveret.
2882 3697 3082 3753 Omnes
3114 3698 3169 3753 in
3210 3714 3380 3753 unum
3412 3698 3705 3770 conspira-

2094 3797 2312 3856 verant;
2345 3805 2539 3845 omnes
2569 3806 2843 3861 pauperes
2875 3788 3071 3845 Christi
3104 3789 3449 3864 affligebant,
3495 3795 3588 3847 aut
3634 3788 3710 3845 af-

2094 3882 2414 3956 ﬁigentibus
2461 3882 2897 3937 consentiebant.
2967 3882 3141 3951 llujus
3196 3882 3451 3953 exemplo
3502 3881 3711 3937 inducti

2094 3972 2280 4029 caeteri
2311 3971 2504 4027 fratres
2549 3980 2603 4027 et
2628 3979 2863 4042 nepotes
2900 3971 2976 4042 pii
3005 3972 3173 4042 patris
3224 3972 3417 4037 nostri,
3452 3971 3550 4045 qui
3572 3972 3715 4027 mul-

2089 4061 2263 4133 tiplici
2294 4062 2664 4136 generositate
2697 4078 2796 4133 per
2824 4068 2993 4118 totam
3045 4063 3459 4137 Lotharingiam
3509 4065 3713 4136 premi-

2091 4151 2319 4220 nabant,
2342 4150 2578 4223 singulis
2604 4152 2658 4206 in
2686 4152 2824 4207 locis
2849 4152 2955 4207 sibi
2986 4152 3314 4224 Opportunis
3335 4170 3422 4208 res
3444 4154 3712 4210 ecclesias

2091 4253 2294 4301 nostrae
2341 4250 2435 4299 aut
2462 4243 2797 4301 invadebant
2852 4251 2946 4300 aut
2984 4244 3344 4317 diripiebant,
3391 4245 3712 4303 hominibus

2092 4338 2359 4394 azcclesiae
2390 4335 2529 4389 nihil
2560 4336 2758 4408 reliqui
2788 4336 3084 4393 faciebant.

384 4412 653 4506 accidisse
683 4443 763 4499 illi
793 4442 1150 4512 dispensante
1178 4439 1292 4494 Deo
1322 4412 1532 4493 meritis
1568 4437 1744 4493 sancti
1775 4435 1876 4491 viri
1906 4412 2077 4489 Er-D
2164 4431 2253 4486 20.
2290 4432 2490 4488 Horum
2536 4445 2736 4503 magna
2779 4445 2905 4500 pars
2957 4428 3060 4485 fuit
3115 4429 3431 4497 Rotbertus,
3473 4429 3710 4485 fortissi-

386 4536 547 4605 luini,
587 4550 656 4589 ne
696 4532 895 4587 frustra
925 4528 1067 4584 foret
1093 4527 1243 4599 quod
1283 4526 1493 4582 amicus
1523 4527 1686 4595 hujus
1734 4524 1907 4580 seculi
1938 4540 2000 4579 se

385 4625 889 4702 quomodocunque
934 4614 1244 4675 crediderat
1288 4616 1467 4671 amico
1507 4616 1622 4679 Dei,
1672 4612 1870 4669 similis
1914 4612 2001 4667 ni-

385 4720 585 4776 mirum
612 4715 723 4773 illis
748 4714 819 4769 de
840 4712 1042 4785 quibus
1068 4711 1125 4765 in
1143 4708 1412 4766 Christum
1438 4706 1799 4763 credentibus
1825 4720 1999 4761 evan-

384 4814 582 4889 gelista
629 4812 789 4869 dicit:
845 4808 1156 4865 Dilexerunt
1186 4805 1441 4876 Jgloriam
1496 4802 1768 4857 hominum
1822 4801 1996 4868 magis

388 4922 550 4977 quam
595 4907 694 4961 Dei
730 4904 889 4976 (Joan
948 4917 1043 4966 xu,
1092 4898 1204 4966 43).
1256 4895 1391 4961 Quia
1424 4893 1571 4949 enim
1608 4909 1738 4948 vera
1777 4898 1859 4947 est
1904 4890 1997 4945 illa

386 4994 581 5052 Jacobi
611 4991 914 5048 sententia:
946 4989 1182 5046 Multum
1209 4987 1355 5040 valet
1409 4983 1689 5052 deprecato
1720 4982 1869 5051 justi
1896 4996 1996 5036 as-

387 5088 551 5143 sidua
580 5084 719 5156 (Jac.
763 5098 816 5149 v,
845 5081 952 5152 16),
984 5080 1108 5152 quis
1154 5076 1370 5132 dubitet
1401 5074 1652 5130 oratione
1683 5072 1841 5127 istius
1861 5072 1998 5142 justi

390 5179 497 5237 hoc
524 5194 558 5233 a
604 5177 715 5231 Deo
756 5172 1034 5244 impetrari
1069 5169 1336 5242 potuisse,
1367 5174 1430 5223 ut
1465 5166 1516 5221 ei
1556 5166 1612 5221 in
1645 5164 1805 5237 penis
1834 5165 2001 5235 hujus

388 5275 515 5331 vitae
553 5268 765 5345 peccati
806 5265 1065 5321 redderet
1091 5263 1291 5330 vicem,
1338 5260 1495 5331 cujus
1532 5260 1711 5315 hic‘in
1745 5259 1888 5315 votis
1917 5264 2000 5315 te-

389 5362 510 5419 nuit
535 5354 912 5418 voluntatem?
942 5354 1040 5419 Qui
1073 5351 1220 5408 enim
1252 5351 1386 5406 dicit
1415 5366 1515 5421 per
1551 5348 1727 5404 Naum
1759 5349 1998 5420 prophe-

387 5463 533 5513 tam:
566 5454 686 5512 Non
730 5450 1012 5514 consurget
1060 5445 1263 5513 duplam
1317 5443 1591 5498 tribulatio
1624 5440 1787 5512 (Nah.
1841 5457 1882 5505 ι,
1921 5441 1998 5509 9),

386 5540 549 5600 facile
571 5542 715 5596 banc
742 5532 1044 5592 miserandi
1084 5530 1296 5608 invenit
1332 5531 1497 5597 viam,
1522 5536 1582 5585 ut
1619 5528 1798 5600 spinis
1826 5528 2001 5584 tribu-

2098 4541 2224 4582 mus
2260 4540 2449 4581 comes
2486 4521 2864 4590 Namucensis,
2898 4521 3012 4594 qui,
3060 4538 3184 4577 cum
3225 4521 3477 4592 potentia
3509 4520 3716 4593 premi-

2102 4624 2259 4673 neret
2287 4617 2519 4685 cunctis,
2559 4630 2672 4671 non
2706 4613 2883 4670 solum
2915 4614 3054 4669 nihil
3095 4613 3328 4669 subsidii
3366 4614 3491 4671 tulit
3540 4613 3720 4671 fratri-

2100 4707 2206 4762 bus
2220 4705 2629 4762 tribulationum
2644 4703 2790 4758 mole
2805 4703 3111 4774 oppressis,
3137 4703 3305 4759 immo
3317 4710 3549 4775 accepta
3566 4718 3717 4759 occa-

2097 4798 2253 4855 sione
2287 4814 2353 4853 ex
2373 4795 2747 4869 oportunitate
2770 4794 3054 4866 temporis,
3089 4798 3202 4850 tota
3240 4794 3491 4867 potentia
3519 4812 3623 4850 sua
3659 4794 3714 4849 in

2099 4909 2196 4950 eos
2234 4892 2383 4948 abuti
2410 4892 2609 4963 erepit;
2660 4898 2715 4946 et
2746 4890 3145 4945 immunitatem
3193 4894 3513 4955 comitatus,
3550 4906 3709 4963 quam

2096 4983 2267 5059 regali
2296 4981 2621 5037 auctoritate
2664 4979 2918 5035 collatam
2955 4977 3224 5034 aacclesiae
3270 4987 3475 5033 nostrae
3523 4984 3713 5033 aucto-

2098 5072 2226 5128 ralis
2255 5077 2402 5127 carta
2430 5068 2646 5134 asserit,
2684 5066 2930 5123 violenta
2966 5066 3245 5135 injustitia
3286 5066 3554 5123 ecclesiae
3592 5066 3716 5121 abs-

2100 5166 2241 5234 tulit,
2276 5173 2331 5221 et
2360 5164 2612 5237 partibus
2641 5161 2756 5217 suis
2770 5160 3105 5235 :applicavit.
3136 5161 3391 5217 Preterea
3432 5163 3629 5235 quales
3664 5166 3717 5215 et

2101 5265 2319 5330 quantae
2341 5256 2772 5326 circumquaque
2815 5252 3022 5307 fiebant
3047 5251 3255 5308 cotidie
3294 5251 3484 5324 predaa
3519 5259 3574 5308 et
3602 5251 3715 5307 dire

2099 5348 2322 5421 ptioncs
2350 5353 2659 5402 nostrarum
2702 5360 2908 5411 rerum,
2954 5359 3077 5415 quas
3124 5343 3445 5398 invasioaes
3489 5343 3715 5415 predio-

2101 5454 2242 5504 rum,
2282 5451 2445 5509 quam
2472 5433 2816 5490 miserabiles
2863 5431 3254 5504 Oppressiones
3286 5430 3540 5498 fratrum,
3588 5436 3717 5502 quot

2101 5527 2280 5584 caedes
2298 5533 2351 5582 et
2370 5523 2661 5596 captiones
2675 5519 3188 5578 aecclesiasticorum
3212 5518 3480 5586 virorum,
3514 5524 3715 5592 quanta

1740 5636 1962 5692 YARl/E
1989 5635 2362 5692 LECTlONES.

457 5752 526 5789 ⁷³³
556 5760 837 5820 nunquam
860 5757 906 5797 c.
979 5738 1046 5774 ⁷³⁸
1068 5735 1313 5807 quwdam
1343 5740 1709 5806 superscripta
1738 5738 1832 5791 sed
1853 5742 1976 5806 post
2005 5751 2163 5792 erasa
2187 5739 2332 5791 sunt.
