3930 6204
161 328 280 387 613

1263 319 1462 370 (ὶὲὶὸτλ
1507 315 1808 370 AltitATUM
1853 312 2419 368 GEltllll..\(‘.ENSll‘;‘vl.

3395 314 3500 369 6M

165 454 341 511 fuerit
375 448 727 506 imbecillitas
757 448 842 502 vel
872 446 1168 501 infidelitas
1189 442 1796 513 advocatorum,quales
1818 445 1874 510 Α
1901 441 2150 512 Augusti,
2194 439 2444 508 sepultus
2470 445 2552 492 est
2583 438 2637 492 in
2673 439 2920 493 accclesia
2945 441 3122 495 sancti
3164 442 3330 508 Petri,
3365 440 3506 496 tide-

169 551 228 597 et
257 549 393 613 quot
419 536 842 592 reclamationes
872 551 1039 604 super
1069 533 1155 586 his
1218 531 1477 586 omnibus
1502 530 1796 586 mitteban-

168 643 262 690 tur
295 634 349 686 in
379 631 498 684 dies
547 630 612 682 ad
657 644 818 681 aurrs
873 625 1208 697 principum,
1266 623 1414 695 quod
1460 623 1596 677 nihil
1645 621 1793 675 aliud

170 731 293 778 erat
321 721 429 775 nisi
462 718 753 773 verberare
776 732 904 770 aera
942 721 1169 777 tantum,
1204 714 1250 768 si
1290 713 1412 785 quis
1461 713 1580 767 haec
1611 709 1794 766 omnia

168 817 244 871 de
285 813 518 869 diversis
547 809 791 865 scedulis
843 808 1073 862 collecta
1121 806 1252 860 velit
1309 820 1607 874 congerere
1655 803 1789 858 etin

171 919 346 958 unum
379 899 757 971 compingerc,
791 897 989 970 integri
1023 895 1192 950 libelli
1218 911 1358 965 opus
1377 893 1658 949 videbitur
1684 891 1790 945 sibi

171 1005 480 1045 assumere.
520 988 577 1041 Et
606 1000 1006 1056 supervacuum
1053 993 1137 1038 est
1189 984 1310 1037 sine
1360 999 1459 1053 spe
1488 981 1794 1036 fructusla-

172 1083 396 1148 borare,
456 1079 583 1151 quia
649 1078 862 1148 perdita
923 1091 1284 1130 annumerare
1343 1075 1479 1130 nihil
1510 1084 1594 1129 est
1642 1073 1792 1128 aliud

174 1190 344 1246 quam
377 1188 546 1242 super
585 1169 814 1240 perditis
830 1168 1080 1223 dolorem
1113 1183 1398 1222 renovare.
1434 1167 1562 1231 Quae
1612 1173 1796 1220 tamen

175 1265 636 1322 reclamationum
664 1262 988 1334 improbitas
1045 1277 1153 1316 non
1181 1267 1305 1315 ante
1336 1260 1590 1325 cessavit,
1620 1260 1799 1315 donec

176 1362 307 1426 post
346 1353 548 1408 multos
578 1367 754 1406 annos
795 1350 916 1406 Otto
952 1349 1254 1422 imperator
1301 1349 1484 1405 Ottoni
1511 1348 1640 1404 duci
1682 1363 1800 1420 pre-

177 1447 350 1517 cepit,
384 1453 443 1500 ut
473 1443 616 1498 inter
635 1442 940 1498 zecclesiam
982 1449 1036 1497 et
1082 1441 1366 1496 invasores
1419 1441 1800 1496 (ecclesizeha-

177 1535 297 1590 bita
331 1535 564 1600 ratione,
596 1538 793 1587 statum
821 1531 1144 1586 reformaret
1169 1531 1457 1595 zecclesize,
1488 1529 1627 1585 facta
1658 1530 1802 1584 inter

183 1641 284 1680 eos
312 1623 600 1695 aequaliter
622 1638 804 1677 rerum
827 1621 1228 1675 dimidiatione.
1250 1622 1377 1685 Quae
1404 1620 1626 1692 quidem
1647 1619 1804 1676 dimi-

181 1715 356 1771 diatio
388 1715 531 1769 inter
563 1712 964 1768 lleribrandum
983 1712 1401 1783 Dratuspantem
1423 1711 1801 1766 etaecclesiam

186 1808 468 1872 convenit,
498 1806 567 1860 ab
597 1806 720 1859 aliis
745 1820 877 1859 vero
939 1804 1333 1874 pervasoribus
1377 1803 1626 1858 :ecclesia
1668 1803 1808 1858 nihil
1835 1763 1882 1830 Β

181 1899 410 1970 recepit.
437 1897 783 1970 Raginardus
805 1911 935 1951 vero
961 1894 1127 1950 frater
1157 1893 1621 1966 domniWicperti
1654 1895 1813 1949 dedit

183 1997 378 2044 sancto
411 1987 840 2058 Petroquicquid
877 1987 932 2042 in
989 1985 1290 2041 Gandrinul
1352 1986 1543 2040 habuit
1599 1985 1808 2040 allodii.

257 2081 348 2136 2i.
383 2081 444 2134 At
485 2080 717 2150 pusillus
751 2080 971 2132 fratrum
1023 2094 1154 2150 grex
1212 2079 1267 2132 in
1301 2093 1412 2149 quo
1481 2077 1813 2148 complacuit

187 2171 300 2226 Deo
333 2170 470 2240 patri
495 2169 623 2222 dare
653 2169 734 2222 eis
790 2183 1042 2242 regnum,
1097 2166 1192 2238 qui
1224 2167 1278 2220 in
1314 2167 1475 2220 terris
1505 2165 1640 2220 nihil
1671 2182 1815 2237 qua:-

187 2257 591 2326 rebatdiaberc
645 2257 950 2328 pr0prium,
984 2256 1167 2310 sciens
1209 2256 1338 2326 quia
1379 2254 1517 2309 nihil
1558 2255 1715 2309 deest
1751 2253 1814 2308 ti-

188 2350 471 2406 mentibus
495 2352 681 2415 Deum,
711 2365 836 2404 cum
880 2349 1130 2419 undique
1172 2349 1471 2402 destitutus
1525 2364 1646 2402 esse
1688 2345 1816 2402 sub-

187 2443 331 2498 sidio
364 2442 671 2505 hominum,
699 2442 907 2495 bonum
939 2441 1178 2494 ducebat
1210 2440 1278 2494 ad
1315 2456 1440 2495 eum
1509 2441 1684 2494 solum
1737 2439 1814 2495 fa-

187 2548 317 2589 cere
345 2531 685 2604 confugium,
742 2532 837 2604 qui
868 2531 1012 2586 fidus
1059 2539 1141 2585 est
1189 2531 1407 2600 adjutor
1455 2531 1806 2602 pupillorum.

189 2627 323 2682 Nam
355 2626 459 2680 sub
476 2625 567 2696 pio
601 2633 818 2696 pastore
853 2625 1072 2680 Erluino
1099 2625 1405 2692 constituti,
1432 2625 1709 2680 dominico
1750 2641 1809 2678 se

189 2715 509 2770 tutabantur
534 2715 686 2779 ovili,
720 2731 789 2768 ne
836 2714 1184 2786 aliquetenus
1249 2720 1502 2784 paterent
1533 2714 1812 2769 morsibus

192 2807 330 2877 lupi.
365 2804 426 2859 Et
446 2805 578 2860 satis
610 2805 888 2860 habebant
914 2821 1075 2876 quam
1119 2805 1360 2859 tenuiter
1391 2805 1556 2860 vitam
1585 2805 1809 2872 ducere,

194 2899 499 2953 dummodo
543 2904 768 2969 possent
823 2897 1158 2953 benedicere
1210 2897 1500 2951 Dominum
1560 2895 1614 2950 in
1668 2897 1819 2952 omni

197 2997 470 3060 tempore,
505 2996 557 3043 et
582 3004 803 3059 semper
855 2988 972 3043 laus
1016 2989 1108 3043 Dei
1154 2989 1209 3042 in
1266 3004 1458 3043 eorum
1510 2995 1654 3042 esset
1702 3003 1817 3043 ore.

201 3085 322 3155 ipse
347 3083 430 3137 vir
457 3083 552 3138 Dei
588 3083 840 3137 Erluinus
876 3082 1072 3138 nolens
1128 3082 1219 3138 hic
1247 3083 1452 3137 habere
1504 3091 1818 3138 manentem

201 3179 500 3242 civitatem,
534 3178 629 3232 ubi
654 3178 878 3232 videbat
907 3177 1165 3251 ingruere
1223 3183 1329 3231 tam
1381 3177 1740 3248 multiplicem
1771 3184 1826 3231 et

203 3280 314 3326 tam
347 3271 676 3325 contrariam
712 3269 979 3324 malorum
1007 3268 1397 3335 calamitatem,
1447 3269 1682 3324 futuram
1715 3284 1824 3323 non

209 3361 578 3417 manufactam
619 3361 714 3415 sed
770 3367 1034 3414 aeternam
1089 3359 1197 3414 sibi
1248 3361 1472 3432 suisque
1512 3361 1830 3432 inquirebat

208 3457 582 3512 mansionem.
624 3455 689 3510 Et
728 3455 1060 3526 intellegens
1100 3454 1324 3509 nullare
1354 3456 1495 3510 hanc
1519 3455 1719 3510 melius
1750 3455 1832 3508 in-

205 3549 419 3613 venire,
451 3565 615 3619 quam
679 3563 780 3618 per
837 3546 1192 3602 concordiam
1244 3545 1499 3601 fraternae
1557 3547 1834 3601 unanimi-

212 3642 362 3707 tatis,
387 3642 610 3712 adopus
650 3641 798 3711 pacis
863 3641 1253 3711 exequendum
1283 3641 1561 3704 {animum
1598 3641 1836 3696 intendit

214 3736 572 3791 omnimodis.
608 3735 752 3806 Opus
792 3735 938 3790 enim
992 3737 1104 3790 Deo
1137 3735 1399 3804 placitum
1455 3741 1510 3790 et
1552 3735 1838 3790 lucrandis

218 3827 510 3882 animabus
533 3826 665 3880 utile
695 3843 724 3880 a
766 3826 868 3896 pia;
895 3825 1177 3880 memoriae
1202 3826 1406 3881 domno
1446 3825 1727 3896 Wicperto
1762 3825 1841 3879 in-

215 3927 435 3978 coatum
463 3921 733 3995 sagaciter
762 3921 1030 3991 implevit,
1083 3921 1296 3976 scilicet
1341 3918 1478 3974 illud
1540 3919 1838 3994 collegium

215 4013 576 4069 fraternitatis
596 4012 878 4077 adunavit,
913 4029 1010 4082 per
1029 4013 1176 4083 quod
1209 4027 1402 4067 omnes
1429 4011 1523 4066 Dei
1558 4011 1842 4066 timoratos

217 4117 319 4174 per
351 4107 518 4156 totam
553 4115 706 4169 prene
740 4099 1147 4173 Lotharingiam
1180 4111 1234 4155 et
1253 4101 1523 4155 Frantiam
1549 4116 1661 4156 uno
1693 4099 1842 4172 pacis

221 4199 276 4248 et
301 4191 620 4246 dilectionis
643 4191 862 4246 vinculo
888 4191 943 4245 in
968 4192 1202 4246 invicem
1222 4192 1519 4267 colligavit,
1559 4199 1619 4249 ut
1647 4209 1844 4248 omnes

226 4283 283 4337 in
317 4281 534 4336 Christo
577 4297 748 4335 unum
798 4288 1078 4351 saperent,
1125 4298 1292 4336 unum
1334 4283 1650 4354 diligerent,
1682 4299 1852 4337 unum

224 4374 456 4437 vellent,
484 4388 655 4427 unum
671 4372 901 4439 nollent,
927 4373 1062 4427 nihil
1089 4373 1341 4430 intereos
1363 4375 1853 4445 perversum,nihil

1896 534 2017 588 liter
2062 536 2115 583 et
2165 527 2484 593 efﬁcaciter,
2542 535 2600 582 ut
2641 528 2915 582 credimus
2947 530 3305 602 interpellans
3346 545 3506 586 aures

1895 622 2294 692 Omnipotentis
2326 635 2425 691 pro
2442 619 2592 674 omni
2620 620 2826 674 familia
2849 623 3023 676 sancti
3057 623 3218 678 Petri.

2285 716 2367 769 DE
2414 714 2672 769 HERIWA
2686 714 2813 769 RDO
2843 714 3113 771 ABBATE.

1966 805 2054 862 23.
2093 804 2574 860 Gemmelacenses
2603 804 2779 857 orbati
2822 811 2994 874 patre,
3027 803 3094 858 ad
3126 804 3332 860 curiam
3367 807 3511 882 regis

1897 917 1995 970 pro
2019 900 2374 974 subrogando
2414 899 2519 954 sibi
2550 906 2766 969 pastore
2797 899 3107 954 deliberant
3142 900 3260 965 ire;
3301 917 3406 957 nec
3440 909 3514 957 ta-

1895 1010 2021 1048 men
2061 993 2168 1047 hoc
2209 993 2330 1046 sine
2368 991 2598 1046 consilio
2627 991 2872 1062 episc0pi
2910 992 3199 1047 dioceseos
3231 1001 3422 1064 putant
3445 993 3517 1050 fa-

1896 1082 2154 1138 ciendum
2179 1096 2318 1134 esse.
2353 1079 2623 1134 Notkerus
2646 1087 2774 1134 tunc
2809 1079 3073 1150 temporis
3110 1081 3518 1155 Tungrensibus

1899 1171 2210 1236 antistabat,
2244 1169 2336 1240 qui
2371 1168 2642 1238 sapientia
2677 1177 2731 1222 et
2774 1169 3060 1223 nobilitate
3089 1171 3220 1223 satis
3244 1173 3520 1242 prepolle-

1899 1258 2009 1313 bat.
2047 1258 2146 1323 Qui
2174 1273 2284 1312 non
2341 1272 2552 1330 negans
2581 1256 2871 1310 consilium
2927 1258 3325 1328 quaerentibus,
3381 1259 3520 1313 insi-

1900 1367 2072 1406 nuare
2100 1350 2179 1404 eis
2203 1349 2350 1420 cepit
2382 1366 2544 1420 quam
2589 1350 2766 1420 potuit
2806 1349 3179 1420 eloquentius,
3223 1367 3385 1422 quam
3433 1352 3524 1406 in-

1900 1444 2034 1498 utile
2057 1443 2127 1497 sit
2149 1459 2420 1513 pauperes
2442 1443 2666 1516 regibus
2687 1442 2994 1510 subjacerc,
3022 1460 3184 1514 quam
3215 1446 3443 1499 arduum
3470 1453 3526 1500 et

1903 1534 2129 1589 difﬁcile
2189 1534 2492 1588 humilibus
2535 1533 2730 1588 Christi
2783 1535 2986 1589 solium
3027 1536 3174 1608 regis
3229 1535 3524 1609 attingere,

1903 1642 2064 1698 quam
2108 1625 2476 1697 incongruum
2513 1624 2768 1678 alienatis
2799 1641 2829 1678 a
2868 1625 3054 1680 seculo
3087 1626 3370 1682 laicalibus
3393 1645 3526 1699 per-

1904 1717 2055 1771 sonis
2084 1715 2364 1770 deservire
2394 1733 2408 1781 ;
2443 1730 2538 1770 eos
2570 1715 2720 1785 ipsos
2763 1716 2931 1770 multo
2959 1717 3071 1783 jam
3104 1723 3353 1788 tempore
3396 1720 3530 1775 satis

1910 1812 2165 1876 expertos
2219 1819 2340 1858 esse
2398 1820 2561 1874 quam
2605 1820 2795 1873 parum
2835 1804 3055 1858 concilii
3095 1806 3181 1859 vel
3230 1806 3422 1860 auxilii
3463 1809 3530 1861 ab

1912 1899 2268 1970 imperatoria
2297 1898 2591 1952 altitudine
2626 1898 2681 1951 in
2711 1899 3056 1953 necessitatis
3099 1907 3345 1970 tempore
3375 1917 3532 1957 acce-

1913 1988 2117 2058 perint,
2163 1987 2367 2058 quibus
2398 2002 2592 2041 omnes
2647 1987 2835 2041 omnia
2887 1988 3007 2041 sine
3037 1988 3224 2060 aliquo
3276 1998 3530 2060 respectu

1915 2078 2246 2149 imperatore
2280 2079 2622 2143 reverentiae,
2675 2078 2826 2134 nullo
2859 2079 3268 2135 contradicente
3308 2082 3394 2136 vel
3437 2083 3536 2137 dc-

1916 2170 2196 2235 fendente,
2241 2169 2589 2233 abstulerint,
2641 2185 2761 2224 cum
2819 2170 2887 2224 ab
2933 2171 3137 2226 auxilio
3204 2187 3392 2227 eorum
3440 2187 3535 2227 cor

1916 2262 2060 2337 regis
2099 2269 2303 2316 avertat
2350 2269 2442 2315 aut
2468 2271 2734 2316 terrarum
2789 2262 3189 2334 longinquitas,
3235 2272 3326 2318 aut
3358 2265 3534 2319 acrio-

1917 2369 2036 2406 rum
2065 2367 2340 2417 curarum,
2382 2367 2504 2421 quae
2535 2366 2757 2421 semper
2792 2351 2943 2422 regio
2984 2350 3139 2405 lateri
3185 2351 3532 2419 incumbunt,

1914 2440 2328 2510 multiplicitas;
2358 2454 2480 2493 cum
2513 2439 2706 2494 curiali
2741 2437 3015 2508 superbiae
3041 2439 3239 2509 probro
3269 2439 3538 2494 habeatur

1915 2533 2031 2605 ipsa
2053 2539 2364 2603 paupertas.
2391 2532 2530 2585 Satis
2560 2530 2667 2585 sibi
2695 2537 2884 2585 notum
2913 2546 3033 2584 esse
3066 2547 3230 2602 quam
3271 2532 3534 2602 palatinis

1915 2623 2145 2678 canibus
2173 2622 2245 2675 sit
2276 2619 2560 2674 familiaris
2599 2619 2889 2690 rapacitas,
2922 2635 3084 2690 quam
3121 2619 3423 2675 domestica
3454 2620 3536 2676 eis

1911 2717 1981 2772 sit
2017 2716 2287 2771 voracitas
2311 2715 2470 2782 ;_sed
2500 2713 2546 2767 si
2589 2728 2690 2768 suo
2722 2712 2956 2767 consilio
3005 2713 3211 2767 vellent
3243 2729 3532 2769 assensum

1913 2809 2166 2881 prebere,
2221 2806 2395 2862 videri
2428 2805 2535 2859 sibi
2587 2805 2817 2859 multum
2867 2803 2973 2858 illis
3003 2819 3122 2858 esse
3149 2804 3306 2871 utile,
3354 2805 3399 2860 si
3427 2806 3534 2876 juri

1920 2897 2279 2952 Deodicensis
2320 2893 2572 2966 episcopi
2607 2893 2885 2963 patiantur
2921 2893 3238 2960 subjacere;
3276 2895 3426 2948 unde
3457 2896 3540 2950 eis

1922 2985 2102 3041 omnis
2127 2985 2269 3038 absit
2297 2982 2606 3054 oppressio,
2641 2981 2808 3036 immo
2835 2988 3026 3036 contra
3064 2996 3257 3036 omnes
3289 2991 3540 3054 prompta

1924 3081 2066 3136 adsit
2113 3079 2394 3142 defensio;
2453 3077 2610 3132 facile
2639 3075 2736 3131 sed
2772 3076 2825 3129 id
2867 3076 3285 3146 impetraturum
3318 3094 3349 3132 a
3389 3077 3541 3152 regia

1926 3167 2325 3232 munificentia,
2359 3167 2403 3221 si
2437 3174 2647 3221 tantum
2688 3164 2794 3218 sibi
2837 3164 2979 3218 adsit
3006 3164 3227 3220 fratrum
3269 3165 3541 3234 subjectio

1927 3260 2255 3317 voluntaria.
2302 3259 2427 3312 Haec
2472 3265 2528 3311 et
2565 3262 2763 3310 caetera
2801 3253 2856 3308 id
2897 3270 3075 3326 genus
3115 3255 3376 3326 episcopo
3419 3271 3542 3326 per-

1931 3363 2142 3419 orante,
2175 3369 2457 3407 assensum
2490 3359 2573 3406 est
2606 3351 2708 3405 sibi
2742 3366 2771 3404 a
2800 3350 3024 3404 fratrum
3054 3351 3313 3406 concordi
3346 3351 3545 3406 unani-

1933 3445 2139 3500 mitate.
2189 3444 2326 3514 Ergo
2356 3441 2635 3497 communi
2665 3440 2897 3496 consilio
2950 3441 3324 3496 Heriwardum
3369 3442 3544 3498 virum

1934 3536 2249 3609 religiosum
2292 3543 2346 3587 et
2403 3533 2728 3586 industrium
2772 3531 3003 3603 eligunt,
3064 3539 3117 3587 et
3165 3549 3264 3603 per
3320 3550 3544 3589 manum

1937 3627 2180 3698 episc0pi
2212 3623 2563 3679 Leodicensis
2593 3638 2716 3676 eum
2748 3621 2855 3674 sibi
2879 3621 3136 3675 abbatem
3165 3623 3424 3678 substitui
3465 3624 3550 3679 fa—

1937 3719 2109 3774 ciunt.
2145 3716 2241 3769 Hic
2287 3714 2632 3769 Heriwardus
2687 3713 2852 3766 frater
2895 3712 3071 3767 fuerat
3108 3715 3392 3784 saepedicti
3448 3717 3548 3771 Er-

1941 3812 2079 3867 luini
2110 3809 2346 3875 abbatis,
2397 3808 2696 3862 monachus
2725 3814 2907 3860 autem
2950 3805 3051 3860 fuit
3095 3809 3332 3862 coenobii
3379 3810 3552 3865 sancti

1940 3900 2224 3957 Michaelis
2250 3897 2565 3972 archangeli
2607 3897 2674 3950 de
2722 3895 2965 3966 periculo
3015 3895 3213 3962 maris;
3255 3899 3352 3952 sed
3403 3899 3554 3953 fratri

1944 3995 2039 4050 diu
2089 3993 2402 4048 convixerat
2443 3988 2734 4043 Gemelaus
2779 4002 2916 4056 puro
2965 3987 3242 4043 desiderio
3295 3989 3558 4045 ferventis

1946 4082 2022 4138 ibi
2070 4088 2273 4136 sancta
2328 4076 2636 4152 religionis.
2692 4075 2961 4130 Notkerus
3001 4075 3296 4147 episcopus
3341 4087 3554 4152 gratum

1944 4178 2154 4233 habens
2183 4185 2289 4230 tam
2323 4173 2654 4228 obedientcr
2681 4186 2793 4225 suae
2824 4171 3092 4225 voluntati
3119 4171 3299 4226 favere
3332 4172 3559 4227 fratrum

1955 4271 2397 4335 unanimitatem,
2425 4267 2652 4338 dignum
2677 4265 2829 4320 duxit
2864 4265 2943 4319 eis
2969 4265 3200 4320 reddere
3231 4267 3426 4321 vicem.
3461 4267 3563 4342 lgi-

1956 4372 2045 4419 tur
2073 4367 2256 4432 preter
2275 4358 2382 4412 alia
2404 4372 2525 4427 quae
2557 4355 2667 4409 illis
2686 4353 2940 4420 contulit,
2971 4354 3153 4408 villam
3187 4355 3448 4425 Templus
3479 4355 3565 4409 di-

225 4468 605 4530 inhonestum,
640 4466 779 4521 nihil
809 4467 1082 4524 diabolica
1112 4443 1449 4525 emulatione
1483 4476 1819 4525 contractum

1944 4460 2088 4514 ctam
2119 4447 2382 4503 aecclesize
2411 4444 2845 4499 Gemmelacensi
2889 4443 3064 4506 dedit,
3101 4443 3248 4498 unde
3278 4445 3564 4500 annuatim

224 4558 354 4615 odio
383 4557 613 4631 dignum
643 4557 730 4611 vel
761 4558 1302 4613 contrarietateesset
1328 4559 1694 4624 diversum,ut
1715 4575 1842 4615 vere

223 4647 448 4722 pacifici
470 4647 569 4702 filii
600 4649 693 4703 Dei
723 4656 1067 4714 vocarentur,
1087 4657 1140 4705 et
1167 4649 1495 4706 confitentes
1521 4652 1842 4707 alterutrum

228 4748 461 4816 peccata
489 4758 606 4806 sua,
671 4743 879 4798 orando
920 4759 1017 4813 pro
1059 4743 1295 4799 invicem
1355 4745 1847 4812 salvarentur,ele-

230 4831 490 4897 mosinis,
539 4831 793 4900 jejuniis,
834 4833 1092 4930 psalmis.
1109 4835 1513 4905 spiritualibus,
1546 4837 1748 4906 ymnis,
1784 4837 1852 4891 ad

231 4921 341 4977 hoc
368 4920 656 4986 institutis,
677 4937 843 4991 supra
866 4920 1098 4994 pensum
1116 4922 1406 4978 cotidiana.-
1427 4923 1725 4978 servitutis.

305 5014 400 5068 22.
433 5011 616 5067 Talem
659 5012 822 5068 vitam
855 5014 1068 5086 degens
1108 5014 1193 5069 vix
1225 5015 1408 5089 magni
1466 5015 1708 5070 nominis
1760 5015 1855 5069 Er-

234 5104 450 5170 lninus,
479 5104 668 5158 multis
707 5112 899 5176 postea
922 5106 1083 5160 annis
1115 5107 1428 5178 exemplum
1459 5106 1603 5162 bene
1632 5107 1851 5162 vivendi

238 5193 658 5253 fuit'omnibus.
691 5197 756 5250 At
785 5204 1075 5269 postquam
1107 5199 1163 5252 in
1193 5199 1411 5255 camino
1435 5199 1662 5254 diutinae
1694 5198 1871 5254 tribu-

233 5271 466 5343 1ationis
503 5292 732 5342 excocta
782 5294 864 5341 est
908 5288 977 5343 ad
1033 5306 1230 5359 purum
1286 5291 1463 5347 scuria
1510 5294 1870 5360 peccatorum

237 5381 384 5450 ejus,
420 5379 645 5433 tandem
679 5384 936 5448 tanquam
976 5397 1168 5436 aurum
1210 5383 1490 5453 probatus,
1523 5381 1592 5436 de
1642 5380 1870 5437 fornace

240 5474 429 5530 carnis
461 5479 543 5527 est
576 5477 870 5537 extractus,
908 5484 982 5540 et,
1016 5475 1164 5546 quod
1201 5476 1390 5530 tandiu
1423 5482 1728 5547 optaverat,
1763 5475 1868 5530 de-

239 5581 391 5620 mum
427 5561 685 5634 pervenit
712 5561 777 5614 ad
804 5563 1048 5618 bravium
1084 5582 1337 5636 supernae
1371 5565 1694 5629 vocationis,
1729 5573 1784 5618 et
1814 5564 1870 5618 in

238 5669 411 5727 regno
450 5651 544 5706 Dei
575 5649 858 5719 duplicem
884 5655 1095 5724 accepit
1125 5654 1354 5710 calicem
1387 5653 1617 5708 martirii
1664 5660 1718 5709 et
1745 5668 1873 5708 con-

243 5745 522 5803 fessionis.
556 5741 855 5800 Transiens
875 5761 1006 5819 ergo
1039 5748 1108 5802 ab
1138 5749 1246 5804 hoc
1291 5746 1500 5802 mundo
1523 5753 1720 5817 quarto
1745 5745 1876 5801 ldus

1944 4551 2166 4602 centum
2193 4539 2494 4594 solidorum
2526 4537 2738 4590 reditus
2778 4535 2917 4602 exit;
2972 4543 3026 4590 et
3057 4535 3114 4590 in
3153 4535 3282 4590 villa
3324 4537 3566 4592 Namuco

1946 4632 2343 4708 aliquantulum
2374 4630 2570 4694 vineae,
2615 4643 2739 4682 cum
2771 4635 2914 4682 terra
2953 4629 3021 4682 ad
3061 4627 3329 4683 culturam
3389 4630 3566 4685 vinem

1956 4729 2287 4803 pertinente.
2321 4725 2414 4780 Hic
2443 4721 2790 4778 Heriwardus
2834 4738 2865 4776 a
2908 4723 3131 4777 ftadone
3171 4723 3408 4793 quodam
3439 4723 3574 4778 emit

1955 4817 2231 4890 quandam
2257 4814 2470 4879 silvam,
2527 4818 2580 4866 et
2625 4828 2655 4865 a
2704 4811 2943 4882 quodam
3005 4811 3280 4882 Wicperto
3322 4813 3572 4882 predium

1957 4928 2079 4967 cum
2105 4908 2314 4964 familia
2341 4907 2396 4960 in
2412 4905 2540 4960 villa
2572 4904 2874 4971 \Valaham,
2889 4910 2943 4958 et
2964 4904 3094 4959 inde
3116 4904 3278 4959 talem
3297 4904 3575 4961 conscribi

1956 4999 2085 5055 fecit
2116 4998 2410 5054 cartulam:

2133 5092 2443 5158 Quicunque
2505 5089 2760 5142 karitatis
2827 5087 3277 5154 conglutinantur
3348 5087 3577 5150 unitate,

1975 5188 2117 5242 binis
2155 5189 2415 5240 virtutum
2449 5186 2663 5254 pariter
2699 5183 2803 5237 alis
2839 5183 3015 5248 erecti,
3057 5196 3295 5251 superna
3335 5181 3584 5236 caelorum

1971 5289 2256 5354 penetrare
2281 5282 2626 5351 prevalebunt
2653 5280 2914 5345 archana,
2941 5295 3074 5348 pars
3099 5293 3307 5348 quoque
3333 5277 3588 5346 beneﬁcia

1971 5389 2076 5427 non
2105 5372 2332 5437 denegat
2356 5372 2510 5439 parti
2538 5372 2822 5437 oportuna.
2859 5370 2968 5421 Hac
2985 5383 3108 5435 ergo
3139 5368 3300 5435 quasi
3316 5368 3587 5420 convictus

1971 5468 2144 5536 specie
2172 5465 2393 5534 quidam
2419 5465 2506 5516 vir
2523 5463 2715 5516 nobilis
2737 5478 2943 5528 genere,
2983 5463 3126 5515 Ratio
3143 5463 3320 5516 dictus
3351 5463 3588 5527 nomine,

1972 5559 2182 5614 conscia
2210 5557 2437 5625 propria
2476 5554 2702 5621 conjuge
2728 5554 3042 5619 Engelrada
3082 5557 3412 5621 nuncupata,
3460 5551 3592 5619 pari

1975 5653 2195 5710 consilio
2222 5652 2486 5706 venientes
2515 5664 2636 5703 cum
2664 5649 2921 5703 comitatu
2947 5650 3184 5717 ﬁliorum
3213 5648 3414 5702 scilicet
3441 5647 3592 5697 viro—

1974 5757 2200 5812 rumque
2239 5738 2577 5809 cognationis
2615 5735 2924 5805 eorundem,
2975 5737 3050 5790 ad
3086 5737 3378 5791 coenobium
3418 5729 3593 5784 sancti
