3930 6204
404 326 510 381 615
1631 318 1975 375 Sl-GEBERTI
2018 318 2037 374 (

2141 318 2525 377 [BLACENSIS
2948 338 2955 346 '
3640 327 3763 382 616

403 446 728 513 Saluatoris,
758 448 935 502 sancti
961 460 1169 516 quoque
1192 448 1336 502 Petri
1348 448 1668 516 pigneribus
1690 451 1963 518 comptum
1983 463 2019 500 a
2040 450 2096 518 Α
2121 465 2282 521 quam
2326 448 2445 519 ipse
2486 452 2661 504 tactus
2703 446 2796 503 Dei
2845 462 3031 505 amore
3061 446 3311 521 legaliter
3350 447 3582 506 tradidit
3618 466 3763 506 san-

406 537 600 593 domno
635 538 903 608 Wicperto
940 539 1040 593 Dei
1077 539 1290 605 cultore,
1339 540 1671 609 Erluinoque
1721 539 2019 593 venerabili
2118 546 2204 597 cto
2235 541 2411 606 Petro,
2444 543 2498 592 et
2551 537 2681 591 hinc
2707 552 2805 608 per
2849 553 3049 592 manus
3089 537 3296 594 lrluini
3343 537 3566 595 abbatis
3620 540 3762 595 talis

401 631 634 698 patrono
677 629 779 682 loci
803 627 1057 696 ejusdem.
1115 628 1319 683 Deinde
1368 630 1695 682 voluntatem
1730 630 2016 698 propriam
2116 635 2258 694 facta
2287 635 2371 682 est
2399 625 2778 697 conscriptio:

398 719 956 789 pariterostendentes
981 719 1172 774 domno
1202 720 1389 775 abbati
1406 720 1748 783 Ileriwardo,
1772 721 2018 774 convenit
2181 736 2222 789 τ
2249 717 2505 774 Omnibus
2563 719 2764 770 sauctw
2802 716 2899 770 Dei
2958 717 3209 772 ecclesia
3258 717 3536 787 ﬁdelibus,
3591 734 3755 789 prs-

405 815 587 866 mutuo
616 812 1061 881 complacuitque,
1091 828 1194 882 quo
1223 813 1416 866 sil-ram
1443 813 1736 881 quamlibet
1763 812 2017 866 obtimam
2112 807 2353 862 sentibus
2391 806 2639 860 videlicet
2683 821 2745 860 ac
2780 807 3010 872 futuris,
3050 808 3207 874 longe
3257 808 3467 879 lateque
3504 824 3761 864 comma-

404 900 645 955 traderet
683 899 792 954 loco
817 903 1073 970 presenti,
1101 903 1305 970 partim
1330 902 1533 956 divinae
1557 903 1780 969 pietatis
1805 903 2010 969 gratia,
2111 900 2359 954 nentibus
2385 904 2573 954 notum
2600 901 2720 968 ﬁeri
2745 904 2849 954 toto
2869 900 3047 954 cordis
3075 906 3322 970 Optamus
3347 901 3569 971 affectu,
3601 903 3764 973 quod

399 992 705 1062 plurimum
728 1007 828 1061 pro
854 1008 1133 1047 munerum
1157 993 1445 1060 beneﬁciis,
1469 993 1740 1047 voluntate
1755 994 2022 1062 siquidem
2124 988 2335 1042 abbatis
2374 989 2598 1043 Erluini
2625 990 2837 1042 nomine
2865 988 3001 1043 dicti
3037 989 3245 1058 diebus,
3286 991 3482 1061 quibus
3511 993 3763 1047 cienobio

408 1081 592 1136 domui
627 1082 863 1142 abbatis,
907 1083 1148 1149 fratrum
1180 1096 1388 1150 quoque
1411 1084 1628 1150 pariter
1668 1082 1803 1136 inibi
1829 1084 2021 1149 degen-
2124 1076 2529 1131 Gemmelacensi
2566 1082 2874 1147 nuncupato
2911 1080 3121 1132 nouiter
3147 1085 3363 1149 praeest,
3414 1083 3763 1147 consangui-

408 1175 564 1239 tium,
584 1174 926 1241 virorumque
955 1172 1177 1226 consilio
1214 1172 1461 1239 ﬁdelium
1490 1173 1698 1227 ordinis
1722 1176 2024 1242 utriusque,
2127 1182 2254 1224 neus
2277 1172 2503 1241 patroni
2540 1172 2739 1240 prioris
2769 1174 3031 1241 equivoci,
3073 1174 3300 1243 quidam
3336 1176 3427 1228 vir
3469 1179 3625 1230 ortus
3654 1190 3763 1229 no—

407 1265 591 1316 sancto
630 1261 903 1316 Saluatori
953 1261 1117 1328 legali
1161 1261 1396 1315 tradidit
1438 1265 1759 1316 auctoritate
1809 1263 2025 1328 silvam,
2130 1261 2230 1316 bili
2262 1264 2525 1332 prosapia
2562 1263 2839 1317 Arnoldus
2879 1266 3192 1320 nominatus
3244 1265 3592 1335 ejusdemque
3622 1281 3759 1320 con-

408 1354 684 1421 obtimam,
738 1357 798 1409 in
838 1371 997 1424 quam
1045 1357 1161 1422 fere
1216 1361 1437 1410 centena
1478 1358 1775 1410 consistunt
1823 1357 2029 1411 bonua-
2121 1353 2273 1423 juna:
2309 1354 2584 1410 Rieheldis
2608 1353 2678 1389 ⁷³⁵
2705 1357 2961 1423 vocitata,
3011 1359 3224 1426 pariter
3247 1361 3308 1413 in
3363 1358 3571 1413 divinis
3599 1360 3760 1414 ince-

405 1447 516 1513 ria,
559 1460 719 1515 super
762 1447 986 1514 fluvium
1026 1447 1190 1500 Dions
1242 1448 1403 1514 vulgo
1426 1451 1822 1518 nuncupatum.
1856 1450 2028 1517 Equi-
2130 1442 2305 1497 dentis
2338 1442 2701 1513 jussionibus,
2751 1444 2928 1513 deiﬁci
2975 1447 3189 1501 timoris
3246 1449 3649 1502 reminiscentes
3708 1450 3759 1501 et

407 1536 526 1592 dem
554 1553 678 1592 mea:
715 1539 963 1607 utrisque
995 1553 1296 1592 concessum
1324 1540 1442 1606 fore
1467 1538 1777 1608 dinoscitur,
1798 1555 1832 1593 a
1874 1540 2030 1595 nobis

2141 1534 2351 1599 amoris,
2384 1534 2519 1601 pari
2563 1536 2870 1588 statuerunt
2898 1534 3169 1590 divinitus
3210 1538 3459 1604 consilio,
3490 1539 3760 1607 quatinus

408 1634 613 1685 centum
639 1631 804 1686 solidi
830 1646 1173 1685 nummorum
1204 1633 1263 1684 in
1289 1646 1425 1686 auro
1466 1632 1669 1686 scilicet
1698 1636 2032 1701 argentoque
2127 1641 2229 1698 pro
2281 1626 2455 1680 salute
2481 1627 2794 1681 animarum
2830 1641 3057 1682 suarum
3086 1632 3467 1699 cunctipotenti
3503 1633 3612 1685 Deo
3648 1631 3764 1686 sal-

409 1735 790 1790 equorumque,
830 1722 968 1775 sicut
998 1734 1176 1774 eorum
1215 1720 1464 1775 voluntas
1517 1722 1719 1774 extitit.
1755 1721 1931 1789 Hujus
1961 1722 2034 1775 si—
2130 1717 2309 1771 vatori
2344 1720 2670 1782 cunctorum,
2702 1720 2885 1772 sancto
2940 1732 3149 1788 quoque
3196 1721 3350 1775 Petro
3396 1722 3554 1789 regni
3599 1720 3763 1776 calo-

411 1811 625 1880 quidem
678 1810 999 1866 traditionis
1023 1814 1146 1879 post
1198 1810 1307 1864 haec
1361 1812 1651 1881 composita
1687 1816 1763 1865 est
1792 1811 2024 1874 cartala,
2053 1793 2104 1860 Β
2128 1821 2255 1860 rum
2288 1806 2573 1873 clavigero,
2622 1820 2742 1861 cum
2796 1809 3000 1862 caeteris
3047 1812 3356 1863 sanctorum
3405 1810 3756 1879 pigneribus,

411 1902 510 1958 sub
548 1904 790 1957 virorum
830 1904 1125 1957 testimonio
1175 1903 1416 1971 ﬁdelium
1462 1904 1747 1971 utriusque
1799 1903 2031 1970 ordinis,
2134 1913 2252 1967 qua:
2269 1898 2693 1967 prasentialiter
2741 1899 2888 1967 apud
2940 1914 3037 1953 nos
3078 1896 3349 1967 coluntur,
3397 1903 3563 1957 totius
3604 1902 3762 1957 here-

414 2009 646 2065 quorum
674 1993 922 2049 manibus
960 1995 1121 2047 etiam
1159 1994 1390 2048 traditio
1425 1998 1653 2063 peracta
1689 1999 1784 2049 est.
1829 1995 1890 2050 Si
1914 1997 2035 2064 quis
2135 1990 2326 2044 ditatis
2365 1990 2772 2059 possessionem,
2822 2006 2986 2060 quam
3036 1993 3192 2060 infra
3226 1996 3421 2048 nostm
3469 1997 3761 2064 potestatis

412 2099 556 2151 vero,
605 2084 751 2153 quod
786 2084 949 2146 absit,
997 2089 1195 2155 contra,
1231 2085 1368 2139 hanc
1424 2085 1690 2140 cartalam
1738 2086 2032 2155 quamlibet

413 2162 669 2241 generare
709 2176 1099 2243 presumpserit
1138 2174 1487 2237 calumniam,
1528 2178 1581 2229 si
1617 2191 1670 2229 se
1707 2176 1904 2230 exinde
1927 2192 2032 2231 non

412 2262 664 2328 correxit,
724 2266 964 2315 sanctum
1034 2262 1367 2317 Salvatorcm
1435 2268 1622 2318 contra
1701 2280 1754 2319 se
1810 2267 2033 2320 ultorem

319 2391 327 2399 .
414 2349 655 2414 sentiat;
705 2350 859 2403 nobis
897 2359 1110 2420 quoque
1156 2351 1353 2419 quibus
1394 2352 1542 2406 litem
1596 2355 1857 2420 intulerit,
1909 2355 2036 2408 auri

412 2443 601 2496 uncias
630 2441 699 2496 3O
730 2446 779 2495 et
810 2444 1021 2510 argenti
1034 2443 1277 2512 pondera
1305 2449 1516 2499 coactus
1532 2446 1791 2511 exsolvat,
1821 2448 1871 2499 et
1894 2446 2035 2515 quod

409 2534 606 2602 repetit
640 2533 923 2587 vindicare
975 2534 1127 2588 nullo
1176 2535 1331 2589 modo
1365 2540 1661 2604 presumat.
1725 2538 1940 2600 Verum,
1972 2540 2033 2590 ut

409 2639 632 2695 presens
648 2626 885 2691 cartula,
913 2628 1075 2694 ﬁrma
1085 2627 1399 2697 stabilisque
1412 2628 1719 2697 perpet-uali
1722 2631 1801 2682 ter
1810 2644 1999 2697 perma
2010 2657 2030 2670 -

411 2720 558 2783 neat,
597 2717 1049 2786 constipulatione
1102 2720 1449 2787 interposita,
1486 2719 1747 2774 diuturno
1802 2723 2033 2789 tempore

410 2805 780 2861 corroboretur
804 2807 1138 2861 inconvulsa.
1187 2806 1448 2861 Caeterum
1475 2808 1825 2876 praesentibus
1851 2812 2033 2863 notum

412 2897 487 2954 sit
508 2900 558 2951 et
586 2897 916 2963 absentibus,
945 2896 1196 2952 dominum
1225 2898 1467 2952 abbatem
1497 2899 1885 2954 Heriwardum
1912 2915 2032 2954 cum

411 2987 687 3054 fratribus
723 2989 896 3043 simili
937 2991 1110 3058 pretio
1148 3005 1485 3044 nummorum
1524 2994 1715 3046 emisse
1769 2991 2035 3062 quicquid

2128 2080 2405 2151 possident
2431 2080 2732 2148 abbatiam,
2762 2082 2924 2148 legali
2952 2083 3225 2139 traderent
3276 2084 3582 2140 donatione.
3638 2086 3762 2153 Igi-

2133 2174 2226 2224 tur
2253 2170 2529 2224 amborum
2572 2170 2841 2226 divinitus
2878 2173 3149 2243 inspirata
3180 2173 3556 2241 benivolentia,
3613 2190 3760 2245 qua-

2134 2264 2261 2319 dam
2291 2264 2398 2331 die,
2425 2264 2823 2336 sollempnitate
2851 2267 3054 2322 scilicet
3090 2268 3232 2323 beati
3258 2269 3512 2325 Medardi
3532 2272 3761 2341 pontifi-

2133 2359 2231 2423 cis,
2247 2359 2378 2426 pari
2387 2357 2766 2413 concordantes
2778 2360 3004 2415 consilio
3020 2367 3394 2429 convenerunt,
3412 2366 3759 2432 congregatis

2135 2463 2344 2518 quoque
2376 2449 2623 2518 ﬁdelium
2651 2451 2872 2505 testibus
2921 2455 3164 2507 virorum
3214 2456 3397 2524 partis
3445 2459 3758 2527 utriusque,

2132 2545 2325 2595 cuncta
2360 2557 2479 2611 quia
2498 2542 2776 2611 possidere
2799 2550 3089 2599 cernuntur
3115 2547 3271 2613 infra
3306 2551 3503 2603 nostrae
3529 2548 3762 2604 ditionis

2132 2635 2191 2685 ut
2223 2632 2584 2700 praediximus
2623 2633 2959 2702 abbathiam,
2999 2636 3246 2703 legaliter
3272 2637 3616 2695 tradiderunt
3642 2642 3753 2695 Deo

2132 2722 2397 2778 salvatori
2432 2728 2637 2792 nostro,
2668 2726 2824 2795 cujus
2854 2727 3052 2783 honore
3078 2729 3326 2784 conditus
3356 2734 3435 2786 est
3464 2732 3610 2787 locus
3632 2732 3758 2801 jam

2134 2817 2330 2885 dictus,
2357 2823 2539 2874 saneto
2572 2836 2777 2891 quoque
2825 2825 2981 2879 Petro
3018 2827 3265 2896 principi
3292 2828 3494 2884 scilicet
3538 2832 3759 2900 aposto-

2134 2909 2329 2976 lorum,
2363 2913 2464 2965 tali
2497 2913 2744 2968 videlicet
2772 2918 3001 2986 ratione,
3034 2934 3138 2988 quo
3188 2921 3464 2976 vitatenus
3493 2937 3599 2977 usu
3628 2924 3758 2989 fru-

2134 3004 2296 3053 antur
2322 3001 2655 3070 fructuario,
2679 3020 2773 3060 nec
2799 3021 2909 3061 non
2927 3012 3048 3076 post
3072 3011 3372 3065 communis
3397 3011 3526 3064 vitis
3573 3008 3759 3064 deces-

421 3078 763 3148 Wichpertus
795 3079 1051 3135 hactenus
1081 3080 1269 3135 habuit
1303 3083 1359 3135 in
1395 3082 1531 3135 villa
1564 3083 1853 3139 Walaham
1878 3084 2035 3155 vulgo
2063 3122 2111 3191 C
2134 3104 2256 3144 sum
2292 3092 2512 3147 canobii
2540 3095 2709 3147 nostri
2733 3095 3104 3164 subjiciuntur
3146 3098 3402 3154 dominio.
3440 3100 3585 3155 Sane
3610 3114 3751 3169 pars

416 3169 581 3237 dicta,
614 3185 733 3224 cum
759 3170 979 3237 familia
998 3174 1213 3238 cognita
1235 3174 1641 3242 perpetualiter.

491 3258 664 3313 Annis
699 3274 832 3334 ergo
859 3260 985 3330 plus
1039 3260 1295 3317 minusve
1325 3259 1505 3315 tribus
1543 3262 1597 3316 in
1633 3263 1902 3337 regimine
1924 3265 2037 3319 cla-

417 3353 554 3426 psis,
587 3353 933 3410 Heriwardus
960 3354 1129 3411 abbas
1174 3356 1421 3413 debitum
1462 3358 1628 3414 solvit
1654 3359 2034 3427 humanitatis,

420 3448 477 3499 et
512 3443 547 3499 5
577 3441 693 3498 Non
723 3443 845 3499 Maii
878 3444 1167 3516 appositus
1192 3447 1259 3501 ad
1307 3448 1570 3519 pepulum
1611 3465 1793 3517 suum,
1836 3450 1891 3505 in
1931 3466 2038 3507 aec-

421 3536 590 3594 clesia
617 3539 795 3593 sancti
832 3538 975 3593 Petri
1005 3540 1217 3611 accepit
1248 3542 1540 3599 tumulum.

733 3627 818 3682 DE
838 3627 1123 3684 EBLUINO
1151 3629 1429 3686 JUNIOBE
1452 3631 1727 3687 ABBATE.

491 3718 586 3776 24.
621 3718 747 3790 (An.
781 3718 876 3775 991
892 3722 929 3789 .)
967 3720 1181 3777 Tertius
1216 3721 1283 3777 ad
1324 3723 1703 3794 praelationem
1735 3724 2041 3780 Gemmela—

421 3810 606 3867 censis
642 3809 885 3868 cumobii
913 3812 1122 3868 electus
1151 3819 1236 3870 est
1273 3813 1554 3884 Erluinus,
1600 3816 1801 3887 prioris
1830 3815 2039 3873 Erluini

421 3903 892 3978 consanguineus,
941 3911 995 3961 et
1033 3905 1250 3963 decimo
1284 3906 1397 3962 Kal.
1445 3896 1691 3964 Januarii
1737 3907 1910 3964 abbas
1962 3914 2046 3965 est

422 3997 724 4055 ordinatus.
768 4000 817 4054 Is
847 4006 1112 4071 quantum
1159 4000 1227 4054 ad
1281 4001 1552 4070 seculum,
1594 4001 1789 4059 liberis
1846 4018 2046 4078 proge—

424 4090 702 4147 nitoribus
744 4099 831 4148 est
872 4101 1048 4160 ortus,
1100 4107 1224 4148 nam
1259 4093 1516 4149 Erluinus
1566 4094 2043 4152 Cameracensium

423 4189 557 4239 tunc
582 4185 846 4255 temporis
873 4184 1172 4256 episcOpus
1199 4185 1319 4254 ejus
1348 4184 1450 4241 fuit
1490 4187 1824 4253 avunculus;
1858 4204 2042 4259 quan-

425 4277 538 4326 tum
585 4288 717 4328 vero
748 4273 816 4327 ad
864 4274 1036 4329 Deum
1069 4273 1126 4327 in
1166 4273 1451 4329 Gorziensi
1504 4275 1763 4332 cmuobio
1803 4276 2043 4349 regulari

426 4364 768 4422 monachica:
793 4365 920 4421 vitae
951 4365 1251 4436 disciplina
1288 4366 1541 4438 adprime
1586 4369 1945 4435 exercitatus,
1975 4369 2046 4424 ad

424 4474 547 4515 eam
616 4460 880 4516 vivuciter
933 4460 1312 4532 exequendum
1373 4461 1583 4517 utinam
1643 4468 1754 4518 tam
1807 4462 2045 4518 idoneus

425 4563 589 4621 quam
643 4546 987 4604 sufﬁcienter
1041 4549 1372 4617 instructus;
1435 4550 1606 4622 Hujus
1645 4558 1895 4624 tempore
1946 4552 2043 4608 Ar-

2138 3186 2298 3239 totius
2322 3188 2677 3254 possessionis
2704 3188 2812 3243 haec
2844 3193 2952 3244 est:
2985 3192 3245 3261 quicquid
3282 3193 3478 3248 habere
3505 3194 3755 3251 dinosci-

2137 3280 2227 3331 tur
2263 3279 2323 3331 in
2349 3278 2578 3344 famulis
2625 3284 2675 3334 et
2719 3282 3032 3348 famulabus
3082 3287 3446 3353 communiter,
3486 3300 3609 3342 cum
3646 3302 3757 3341 mo-

2137 3364 2352 3420 lendino
2384 3370 2597 3436 pariter
2623 3373 2672 3422 et
2685 3371 2894 3438 cumba,
2935 3372 3180 3443 deinceps
3207 3376 3267 3428 in
3297 3378 3469 3445 agris,
3498 3378 3748 3446 culturis,

2137 3455 2295 3509 cultis
2336 3460 2384 3511 et
2412 3458 2657 3525 incultis,
2697 3461 2873 3529 silvis,
2892 3466 3096 3532 pratis,
3122 3468 3362 3535 pascuis,
3395 3469 3557 3537 aquis
3590 3483 3759 3538 aqua-

2136 3562 2320 3603 rumve
2348 3548 2685 3615 decursibus,
2724 3553 2959 3609 ewitibus
2996 3557 3235 3620 viarum,
3280 3557 3513 3612 thelanei
3551 3574 3759 3629 quoque

2135 3646 2293 3712 parte
2320 3644 2532 3699 sibimet
2570 3645 2860 3714 accidente,
2905 3664 3026 3705 cum
3057 3652 3262 3707 caeteris
3289 3652 3445 3707 rebus
3479 3654 3756 3723 pradicta

2136 3736 2467 3794 possessioni
2484 3735 2743 3791 subditis.

2206 3820 2295 3879 25.
2328 3822 2443 3878 Sub
2475 3824 2579 3881 hoc
2614 3825 2837 3882 Erluino
2885 3828 3086 3885 molliri
3127 3831 3294 3903 οωρῆ
3325 3829 3636 3905 disciplinae
3666 3848 3754 3890 re-

2144 3915 2353 3990 gularis
2382 3916 2551 3991 rigor,
2581 3924 2637 3975 et
2662 3919 2925 3990 paulatim
2970 3929 3258 3995 tepescere
3297 3933 3503 3982 sach
3532 3940 3761 3983 conver-

2145 4008 2377 4067 sationis
2402 4011 2603 4083 fervor,
2631 4015 2760 4086 quia
2790 4031 2902 4072 non
2920 4018 3127 4075 multus
3156 4019 3214 4075 in
3238 4036 3306 4077 eo
3339 4028 3459 4077 erat
3480 4021 3647 4092 justas
3671 4038 3762 4078 se-

2146 4099 2392 4155 veritatis
2437 4100 2613 4177 vigor.
2670 4102 2804 4158 Nam
2855 4106 3249 4163 ecclesiasticis
3279 4108 3483 4179 :rebus,
3527 4117 3589 4165 ut
3631 4124 3760 4181 sepe

2147 4188 2352 4244 dictum
2380 4197 2485 4256 est,
2525 4190 2776 4264 undique
2802 4192 3104 4265 dissipatis,
3150 4206 3206 4252 et
3242 4198 3517 4255 reditibus
3568 4209 3625 4255 et
3666 4198 3765 4255 sti-

2145 4278 2366 4349 pendiis
2418 4279 2725 4349 minoratis,
2792 4285 3182 4342 attenuabatur
3236 4288 3401 4344 nimis
3443 4304 3638 4345 eorum
3673 4305 3759 4346 res

2147 4370 2454 4429 familiaris.
2479 4373 2669 4447 Itaque
2699 4375 2804 4432 sub
2824 4384 3057 4449 aptentu
3090 4383 3426 4453 paupertatis
3448 4383 3581 4439 dum
3608 4385 3755 4458 quis-

2145 4475 2255 4533 que
2314 4461 2421 4516 sibi
2452 4463 2736 4532 consulit,
2784 4472 2840 4521 et
2893 4468 3203 4538 posthabita
3267 4472 3583 4528 communis
3636 4483 3756 4530 me

2147 4549 2434 4609 honestate
2467 4570 2581 4610 rem
2604 4556 2930 4615 tamiliarem
2950 4572 3153 4634 augere
3180 4562 3539 4633 peculiariter
3558 4566 3759 4638 querit,

424 4640 625 4697 noldus
644 4641 892 4714 quidam,
921 4640 1006 4697 vir
1035 4642 1261 4711 nobilis,
1294 4650 1503 4715 partem
1549 4644 1742 4715 pmdii
1790 4645 2047 4701 Gemme-
2145 4647 2408 4705 vivebant
2439 4650 2590 4720 justo
2617 4652 2907 4723 licentius;
2941 4657 3089 4728 quod
3128 4662 3356 4716 omnlno
3387 4674 3500 4716 non
3544 4660 3760 4733 expedit

422 4731 682 4801 lacensis,
723 4750 847 4807 quae
876 4749 942 4790 ex
976 4734 1101 4804 jure
1129 4735 1316 4791 uxoris
1354 4751 1468 4792 suae
1510 4736 1794 4793 Richeldis
1824 4753 1884 4793 se
1912 4752 2048 4793 con-
2147 4738 2543 4795 monachorum
2585 4741 2896 4800 animabus.
2928 4745 3007 4799 Ita
3036 4745 3105 4802 de
3133 4749 3447 4805 sanctuario
3486 4750 3584 4805 Dei
3616 4731 3757 4807 unde

422 4819 693 4897 tingebat,
708 4830 909 4879 sancto
939 4822 1098 4879 Petro
1127 4823 1385 4879 reddidit.
1444 4824 1725 4898 Siquidem
1758 4826 2049 4882 ﬁeribran-
2147 4828 2325 4900 primo
2355 4847 2422 4886 ex
2467 4839 2657 4888 sancta
2698 4833 2754 4888 in
2808 4836 3171 4936 halgtantium
3209 4842 3635 4899 conversatione
3663 4844 3757 4899 de-

423 4913 548 4983 dus,
593 4917 689 4988 qui
756 4933 939 4974 rerum
1003 4928 1315 4975 nostrarum
1376 4920 1590 4993 primus
1648 4921 1871 4978 invasor
1916 4921 2039 4989 fuit,
2146 4916 2422 4975 lectabilis
2464 4922 2647 4978 exibat
2697 4923 2852 4988 odor,
2882 4913 2996 4994 iam
3027 4944 3175 4984 nunc
3206 4929 3434 4986 sinister
3474 4930 3753 4989 diffunde-

424 5004 745 5073 Hubertum,
792 5006 887 5078 qui
918 5006 1080 5079 vulgo
1125 5008 1344 5065 llubezo
1373 5009 1695 5079 vocabatur,
1727 5027 1796 5066 ex
1824 5009 2039 5066 Renui-
2141 5006 2306 5064 batur
2337 5025 2543 5080 rumor,
2577 5012 2671 5084 qui
2703 5027 3102 5087 nonnunquam
3144 5018 3291 5088 apud
3329 5034 3496 5075 aures
3546 5022 3756 5077 secula-

421 5094 514 5163 de,
541 5110 732 5152 sorore
761 5097 950 5153 domui
982 5098 1315 5172 Wichperti,
1355 5101 1568 5175 genuit,
1609 5108 1665 5158 et
1707 5101 1850 5157 ﬁlias
1879 5102 2037 5171 duas,
2142 5098 2281 5155 rium
2310 5100 2378 5155 ad
2410 5100 2783 5158 infamandam
2842 5104 3008 5160 vitam
3040 5113 3282 5162 nostram
3326 5107 3470 5165 solet
3510 5125 3639 5166 esse
3667 5110 3756 5165 in-

424 5189 745 5246 Richeldcm
772 5198 827 5247 et
856 5192 1018 5249 aliam
1071 5196 1229 5265 cujus
1261 5213 1465 5254 nomen
1505 5197 1726 5256 excidit.
1769 5199 1937 5256 Porro
1968 5200 2039 5256 de
2141 5194 2484 5253 clementior.
2517 5196 2656 5271 Ergo
2712 5198 2968 5254 Erluinus
3009 5199 3200 5271 junior
3229 5206 3537 5274 postquam
3591 5186 3758 5260 annos

376 5304 379 5305 ν
422 5281 720 5338 medietate
751 5281 1215 5343 Gemmelacensis
1254 5286 1394 5357 ﬁsci,
1426 5304 1614 5361 quam,
1660 5296 1721 5345 ut
1759 5306 1925 5362 supra
1954 5290 2038 5346 di-
2141 5284 2267 5355 Plus
2291 5300 2457 5357 quam
2494 5286 2564 5341 23
2614 5286 2715 5342 80b
2760 5287 2984 5342 nomine
3038 5290 3424 5360 βαδιοΓδῙίῑειίδ
3463 5293 3670 5369 exegit.
3705 5293 3753 5346 7-

422 5370 622 5439 ximus,
683 5371 1054 5429 Heribraudus
1093 5374 1297 5447 injuste
1353 5377 1674 5449 repetierat,
1733 5379 1820 5434 his
1865 5379 2042 5435 tribus
2144 5376 2370 5431 Kalend.
2393 5377 2542 5433 Junii
2572 5379 2681 5435 vita
2705 5379 2944 5437 decessit
2974 5381 3308 5455 (An.1012),
3342 5394 3398 5440 et
3427 5384 3485 5440 in
3508 5386 3754 5442 iecclesia

421 5459 583 5516 tertia
610 5459 843 5535 singulis
874 5477 1002 5534 pars
1030 5463 1086 5519 in
1116 5464 1388 5520 divisione
1418 5473 1769 5537 provenerat.
1805 5466 1931 5523 Haec
1962 5475 2045 5524 est
2143 5469 2318 5525 sancti
2345 5469 2488 5526 Petri
2507 5472 2660 5541 juxta
2688 5473 3160 5543 praedecessorum
3185 5491 3349 5531 suum
3383 5476 3750 5537 Heriwardum

422 5552 585 5610 tertia
607 5568 730 5629 qua:
752 5569 818 5609 ex
841 5553 967 5624 jure
990 5555 1179 5613 uxoris
1211 5555 1482 5613 Richildis
1512 5568 1753 5616 cesserat
1773 5560 2039 5629 Arnoldo,
2144 5561 2407 5619 tumulari
2438 5564 2658 5621 meruit.

1781 5667 1999 5725 νΑΒιΑε
2039 5667 2417 5726 LECTIONES.

491 5754 563 5794 ⁷³⁸
602 5754 875 5815 Richildis
909 5770 1073 5815 corr..
1109 5756 1392 5816 Richeldis
1427 5772 1474 5813 c.
