  <div class='ocr_page' id='page_1' title='image "/cluster/home/n/w/nwhite01/storage/ocr_20150623/160/uva.x000829802/314.png"; bbox 0 0 3930 6204; ppageno 0'>
   <div class='ocr_carea' id='block_1_1' title="bbox 149 306 262 372">
    <p class='ocr_par' dir='ltr' id='par_1_1' title="bbox 149 306 262 372">
     <span class='ocr_line' id='line_1_1' title="bbox 149 306 262 372; baseline 0.08 -10"><span class='ocrx_word' id='word_1_1' title='bbox 149 306 262 372; x_wconf 75' lang='grc'><strong>617</strong></span> 
     </span>
    </p>
   </div>
   <div class='ocr_carea' id='block_1_2' title="bbox 612 432 1333 489">
    <p class='ocr_par' dir='ltr' id='par_1_2' title="bbox 612 432 1333 489">
     <span class='ocr_line' id='line_1_2' title="bbox 612 432 1333 489; baseline 0.003 -2"><span class='ocrx_word' id='word_1_2' title='bbox 612 432 695 488; x_wconf 87' lang='lat' dir='ltr'><strong>DE</strong></span> <span class='ocrx_word' id='word_1_3' title='bbox 727 432 1023 489; x_wconf 77' lang='lat' dir='ltr'><strong>OLPEBTO</strong></span> <span class='ocrx_word' id='word_1_4' title='bbox 1061 434 1333 489; x_wconf 83' lang='lat' dir='ltr'><strong>ABBATE.</strong></span> 
     </span>
    </p>
   </div>
   <div class='ocr_carea' id='block_1_3' title="bbox 226 524 1783 582">
    <p class='ocr_par' dir='ltr' id='par_1_3' title="bbox 226 524 1783 582">
     <span class='ocr_line' id='line_1_3' title="bbox 226 524 1783 582; baseline 0.001 -2"><span class='ocrx_word' id='word_1_5' title='bbox 226 526 321 582; x_wconf 78' lang='lat'><strong>26.</strong></span> <span class='ocrx_word' id='word_1_6' title='bbox 370 524 479 580; x_wconf 91' lang='lat' dir='ltr'><strong>Sed</strong></span> <span class='ocrx_word' id='word_1_7' title='bbox 531 524 823 581; x_wconf 90' lang='lat' dir='ltr'><strong>miserator</strong></span> <span class='ocrx_word' id='word_1_8' title='bbox 870 525 1135 580; x_wconf 86' lang='lat' dir='ltr'><strong>Dominus</strong></span> <span class='ocrx_word' id='word_1_9' title='bbox 1189 526 1298 581; x_wconf 92' lang='lat' dir='ltr'><strong>cito</strong></span> <span class='ocrx_word' id='word_1_10' title='bbox 1337 526 1530 582; x_wconf 88' lang='lat' dir='ltr'><strong>oculos</strong></span> <span class='ocrx_word' id='word_1_11' title='bbox 1569 528 1783 582; x_wconf 89' lang='lat' dir='ltr'><strong>miseri-</strong></span> 
     </span>
    </p>
   </div>
   <div class='ocr_carea' id='block_1_4' title="bbox 158 616 1785 687">
    <p class='ocr_par' dir='ltr' id='par_1_4' title="bbox 158 616 1785 687">
     <span class='ocr_line' id='line_1_4' title="bbox 158 616 1785 687; baseline -0.001 -14"><span class='ocrx_word' id='word_1_12' title='bbox 158 618 370 674; x_wconf 76' lang='lat' dir='ltr'><strong>cordiae</strong></span> <span class='ocrx_word' id='word_1_13' title='bbox 400 633 514 672; x_wconf 63' lang='lat' dir='ltr'><strong>suae</strong></span> <span class='ocrx_word' id='word_1_14' title='bbox 540 617 774 687; x_wconf 89' lang='lat' dir='ltr'><strong>aperuit,</strong></span> <span class='ocrx_word' id='word_1_15' title='bbox 799 616 1202 682; x_wconf 83' lang='lat' dir='ltr'><strong>etinterventu,</strong></span> <span class='ocrx_word' id='word_1_16' title='bbox 1221 624 1281 673; x_wconf 88' lang='lat' dir='ltr'><strong>ut</strong></span> <span class='ocrx_word' id='word_1_17' title='bbox 1308 617 1607 683; x_wconf 85' lang='lat' dir='ltr'><strong>credimus,</strong></span> <span class='ocrx_word' id='word_1_18' title='bbox 1641 618 1785 672; x_wconf 84' lang='lat' dir='ltr'><strong>servi</strong></span> 
     </span>
    </p>
   </div>
   <div class='ocr_carea' id='block_1_5' title="bbox 155 707 1785 781">
    <p class='ocr_par' dir='ltr' id='par_1_5' title="bbox 155 707 1785 781">
     <span class='ocr_line' id='line_1_5' title="bbox 155 707 1785 781; baseline -0.001 -16"><span class='ocrx_word' id='word_1_19' title='bbox 155 710 246 766; x_wconf 90' lang='lat' dir='ltr'><strong>sui</strong></span> <span class='ocrx_word' id='word_1_20' title='bbox 302 708 606 779; x_wconf 86' lang='lat' dir='ltr'><strong>Wicbperti</strong></span> <span class='ocrx_word' id='word_1_21' title='bbox 661 708 888 781; x_wconf 85' lang='lat' dir='ltr'><strong>dignum</strong></span> <span class='ocrx_word' id='word_1_22' title='bbox 929 707 1120 764; x_wconf 87' lang='lat' dir='ltr'><strong>domui</strong></span> <span class='ocrx_word' id='word_1_23' title='bbox 1176 725 1288 764; x_wconf 71' lang='lat' dir='ltr'><strong>suae</strong></span> <span class='ocrx_word' id='word_1_24' title='bbox 1340 709 1785 780; x_wconf 76' lang='lat' dir='ltr'><strong>dispensatorem</strong></span> 
     </span>
    </p>
   </div>
   <div class='ocr_carea' id='block_1_6' title="bbox 157 798 1786 871">
    <p class='ocr_par' dir='ltr' id='par_1_6' title="bbox 157 798 1786 871">
     <span class='ocr_line' id='line_1_6' title="bbox 157 798 1786 871; baseline -0.002 -15"><span class='ocrx_word' id='word_1_25' title='bbox 157 798 429 871; x_wconf 80' lang='lat' dir='ltr'><strong>providit.</strong></span> <span class='ocrx_word' id='word_1_26' title='bbox 482 798 712 865; x_wconf 88' lang='lat' dir='ltr'><strong>Revera,</strong></span> <span class='ocrx_word' id='word_1_27' title='bbox 746 799 991 870; x_wconf 90' lang='lat' dir='ltr'><strong>inquam,</strong></span> <span class='ocrx_word' id='word_1_28' title='bbox 1042 798 1477 855; x_wconf 89' lang='lat' dir='ltr'><strong>misericordiam</strong></span> <span class='ocrx_word' id='word_1_29' title='bbox 1528 801 1650 855; x_wconf 80' lang='lat' dir='ltr'><strong>cceli</strong></span> <span class='ocrx_word' id='word_1_30' title='bbox 1698 800 1786 854; x_wconf 90' lang='lat' dir='ltr'><strong>di-</strong></span> 
     </span>
    </p>
   </div>
   <div class='ocr_carea' id='block_1_7' title="bbox 157 889 1786 962">
    <p class='ocr_par' dir='ltr' id='par_1_7' title="bbox 157 889 1786 962">
     <span class='ocr_line' id='line_1_7' title="bbox 157 889 1786 962; baseline 0 -17"><span class='ocrx_word' id='word_1_31' title='bbox 157 890 535 956; x_wconf 88' lang='lat' dir='ltr'><strong>stillaverunt,</strong></span> <span class='ocrx_word' id='word_1_32' title='bbox 564 889 786 960; x_wconf 88' lang='lat' dir='ltr'><strong>quando</strong></span> <span class='ocrx_word' id='word_1_33' title='bbox 836 889 1119 960; x_wconf 86' lang='lat' dir='ltr'><strong>Olpertum</strong></span> <span class='ocrx_word' id='word_1_34' title='bbox 1178 891 1340 945; x_wconf 92' lang='lat' dir='ltr'><strong>nobis</strong></span> <span class='ocrx_word' id='word_1_35' title='bbox 1386 899 1643 962; x_wconf 90' lang='lat' dir='ltr'><strong>quartum</strong></span> <span class='ocrx_word' id='word_1_36' title='bbox 1686 892 1786 945; x_wconf 88' lang='lat' dir='ltr'><strong>ab-</strong></span> 
     </span>
    </p>
   </div>
   <div class='ocr_carea' id='block_1_8' title="bbox 157 979 1788 1054">
    <p class='ocr_par' dir='ltr' id='par_1_8' title="bbox 157 979 1788 1054">
     <span class='ocr_line' id='line_1_8' title="bbox 157 979 1788 1054; baseline 0.001 -19"><span class='ocrx_word' id='word_1_37' title='bbox 157 981 347 1036; x_wconf 91' lang='lat' dir='ltr'><strong>batem</strong></span> <span class='ocrx_word' id='word_1_38' title='bbox 373 979 636 1036; x_wconf 91' lang='lat' dir='ltr'><strong>substitui</strong></span> <span class='ocrx_word' id='word_1_39' title='bbox 667 979 1013 1054; x_wconf 87' lang='lat' dir='ltr'><strong>delegerunt.</strong></span> <span class='ocrx_word' id='word_1_40' title='bbox 1040 982 1116 1035; x_wconf 91' lang='lat' dir='ltr'><strong>De</strong></span> <span class='ocrx_word' id='word_1_41' title='bbox 1146 997 1212 1037; x_wconf 90' lang='lat' dir='ltr'><strong>eo</strong></span> <span class='ocrx_word' id='word_1_42' title='bbox 1241 997 1416 1053; x_wconf 90' lang='lat' dir='ltr'><strong>pauca</strong></span> <span class='ocrx_word' id='word_1_43' title='bbox 1445 982 1611 1037; x_wconf 91' lang='lat' dir='ltr'><strong>nobis</strong></span> <span class='ocrx_word' id='word_1_44' title='bbox 1642 999 1788 1053; x_wconf 73' lang='lat' dir='ltr'><strong>prae-</strong></span> 
     </span>
    </p>
   </div>
   <div class='ocr_carea' id='block_1_9' title="bbox 157 1071 1787 1149">
    <p class='ocr_par' dir='ltr' id='par_1_9' title="bbox 157 1071 1787 1149">
     <span class='ocr_line' id='line_1_9' title="bbox 157 1071 1787 1149; baseline 0.001 -21"><span class='ocrx_word' id='word_1_45' title='bbox 157 1072 392 1128; x_wconf 90' lang='lat' dir='ltr'><strong>libanda</strong></span> <span class='ocrx_word' id='word_1_46' title='bbox 427 1079 575 1128; x_wconf 92' lang='lat' dir='ltr'><strong>sunt.</strong></span> <span class='ocrx_word' id='word_1_47' title='bbox 611 1073 661 1127; x_wconf 89' lang='lat' dir='ltr'><strong>ls</strong></span> <span class='ocrx_word' id='word_1_48' title='bbox 700 1072 753 1127; x_wconf 91' lang='lat' dir='ltr'><strong>in</strong></span> <span class='ocrx_word' id='word_1_49' title='bbox 794 1071 1037 1129; x_wconf 85' lang='lat' dir='ltr'><strong>confinio</strong></span> <span class='ocrx_word' id='word_1_50' title='bbox 1092 1073 1434 1129; x_wconf 88' lang='lat' dir='ltr'><strong>Sambrensis</strong></span> <span class='ocrx_word' id='word_1_51' title='bbox 1480 1075 1605 1149; x_wconf 85' lang='lat' dir='ltr'><strong>pagi</strong></span> <span class='ocrx_word' id='word_1_52' title='bbox 1659 1074 1787 1130; x_wconf 87' lang='lat' dir='ltr'><strong>villa</strong></span> 
     </span>
    </p>
   </div>
   <div class='ocr_carea' id='block_1_10' title="bbox 159 1162 1784 1236">
    <p class='ocr_par' dir='ltr' id='par_1_10' title="bbox 159 1162 1784 1236">
     <span class='ocr_line' id='line_1_10' title="bbox 159 1162 1784 1236; baseline 0.001 -17"><span class='ocrx_word' id='word_1_53' title='bbox 159 1178 290 1236; x_wconf 75' lang='lat' dir='ltr'><strong>quae</strong></span> <span class='ocrx_word' id='word_1_54' title='bbox 322 1162 571 1219; x_wconf 88' lang='lat' dir='ltr'><strong>Lederna</strong></span> <span class='ocrx_word' id='word_1_55' title='bbox 595 1168 820 1218; x_wconf 91' lang='lat' dir='ltr'><strong>vocatur</strong></span> <span class='ocrx_word' id='word_1_56' title='bbox 848 1169 1009 1218; x_wconf 89' lang='lat' dir='ltr'><strong>natus</strong></span> <span class='ocrx_word' id='word_1_57' title='bbox 1028 1169 1131 1228; x_wconf 87' lang='lat' dir='ltr'><strong>est,</strong></span> <span class='ocrx_word' id='word_1_58' title='bbox 1167 1163 1487 1233; x_wconf 89' lang='lat' dir='ltr'><strong>parentibus</strong></span> <span class='ocrx_word' id='word_1_59' title='bbox 1518 1171 1784 1235; x_wconf 90' lang='lat' dir='ltr'><strong>quantum</strong></span> 
     </span>
    </p>
   </div>
   <div class='ocr_carea' id='block_1_11' title="bbox 162 1252 1789 1328">
    <p class='ocr_par' dir='ltr' id='par_1_11' title="bbox 162 1252 1789 1328">
     <span class='ocr_line' id='line_1_11' title="bbox 162 1252 1789 1328; baseline -0.001 -17"><span class='ocrx_word' id='word_1_60' title='bbox 162 1255 235 1311; x_wconf 90' lang='lat' dir='ltr'><strong>ad</strong></span> <span class='ocrx_word' id='word_1_61' title='bbox 256 1255 508 1311; x_wconf 90' lang='lat' dir='ltr'><strong>seculum</strong></span> <span class='ocrx_word' id='word_1_62' title='bbox 540 1270 650 1310; x_wconf 91' lang='lat' dir='ltr'><strong>non</strong></span> <span class='ocrx_word' id='word_1_63' title='bbox 676 1252 882 1309; x_wconf 86' lang='lat' dir='ltr'><strong>infimis</strong></span> <span class='ocrx_word' id='word_1_64' title='bbox 907 1272 921 1320; x_wconf 89' lang='lat'><strong>;</strong></span> <span class='ocrx_word' id='word_1_65' title='bbox 954 1261 1220 1326; x_wconf 89' lang='lat' dir='ltr'><strong>quantum</strong></span> <span class='ocrx_word' id='word_1_66' title='bbox 1251 1254 1320 1310; x_wconf 88' lang='lat' dir='ltr'><strong>ad</strong></span> <span class='ocrx_word' id='word_1_67' title='bbox 1347 1255 1535 1324; x_wconf 92' lang='lat' dir='ltr'><strong>Deum,</strong></span> <span class='ocrx_word' id='word_1_68' title='bbox 1561 1255 1789 1328; x_wconf 89' lang='lat' dir='ltr'><strong>religio-</strong></span> 
     </span>
    </p>
   </div>
   <div class='ocr_carea' id='block_1_12' title="bbox 162 1346 1788 1418">
    <p class='ocr_par' dir='ltr' id='par_1_12' title="bbox 162 1346 1788 1418">
     <span class='ocr_line' id='line_1_12' title="bbox 162 1346 1788 1418; baseline 0 -14"><span class='ocrx_word' id='word_1_69' title='bbox 162 1347 262 1404; x_wconf 93' lang='lat' dir='ltr'><strong>sis.</strong></span> <span class='ocrx_word' id='word_1_70' title='bbox 300 1347 360 1401; x_wconf 90' lang='lat' dir='ltr'><strong>In</strong></span> <span class='ocrx_word' id='word_1_71' title='bbox 383 1347 640 1403; x_wconf 76' lang='lat' dir='ltr'><strong>coenobio</strong></span> <span class='ocrx_word' id='word_1_72' title='bbox 670 1346 966 1402; x_wconf 87' lang='lat' dir='ltr'><strong>Laubiensi</strong></span> <span class='ocrx_word' id='word_1_73' title='bbox 991 1346 1220 1418; x_wconf 80' lang='lat' dir='ltr'><strong>a‘puero</strong></span> <span class='ocrx_word' id='word_1_74' title='bbox 1250 1347 1306 1402; x_wconf 93' lang='lat' dir='ltr'><strong>in</strong></span> <span class='ocrx_word' id='word_1_75' title='bbox 1346 1347 1640 1418; x_wconf 85' lang='lat' dir='ltr'><strong>disciplina</strong></span> <span class='ocrx_word' id='word_1_76' title='bbox 1669 1364 1788 1404; x_wconf 89' lang='lat' dir='ltr'><strong>mo-</strong></span> 
     </span>
    </p>
   </div>
   <div class='ocr_carea' id='block_1_13' title="bbox 160 1435 1785 1508">
    <p class='ocr_par' dir='ltr' id='par_1_13' title="bbox 160 1435 1785 1508">
     <span class='ocr_line' id='line_1_13' title="bbox 160 1435 1785 1508; baseline -0.001 -15"><span class='ocrx_word' id='word_1_77' title='bbox 160 1436 397 1493; x_wconf 89' lang='lat' dir='ltr'><strong>nachica</strong></span> <span class='ocrx_word' id='word_1_78' title='bbox 435 1435 765 1508; x_wconf 82' lang='lat' dir='ltr'><strong>regulariter</strong></span> <span class='ocrx_word' id='word_1_79' title='bbox 794 1436 1055 1500; x_wconf 88' lang='lat' dir='ltr'><strong>nutritus,</strong></span> <span class='ocrx_word' id='word_1_80' title='bbox 1088 1442 1144 1491; x_wconf 89' lang='lat' dir='ltr'><strong>et</strong></span> <span class='ocrx_word' id='word_1_81' title='bbox 1175 1436 1228 1490; x_wconf 88' lang='lat' dir='ltr'><strong>in</strong></span> <span class='ocrx_word' id='word_1_82' title='bbox 1257 1436 1457 1491; x_wconf 91' lang='lat' dir='ltr'><strong>studiis</strong></span> <span class='ocrx_word' id='word_1_83' title='bbox 1480 1435 1785 1492; x_wconf 90' lang='lat' dir='ltr'><strong>litterarum</strong></span> 
     </span>
    </p>
   </div>
   <div class='ocr_carea' id='block_1_14' title="bbox 163 1527 1789 1600">
    <p class='ocr_par' dir='ltr' id='par_1_14' title="bbox 163 1527 1789 1600">
     <span class='ocr_line' id='line_1_14' title="bbox 163 1527 1789 1600; baseline 0 -16"><span class='ocrx_word' id='word_1_84' title='bbox 163 1528 418 1600; x_wconf 85' lang='lat' dir='ltr'><strong>adprime</strong></span> <span class='ocrx_word' id='word_1_85' title='bbox 458 1527 729 1590; x_wconf 90' lang='lat' dir='ltr'><strong>eruditus,</strong></span> <span class='ocrx_word' id='word_1_86' title='bbox 763 1544 829 1582; x_wconf 87' lang='lat' dir='ltr'><strong>ex</strong></span> <span class='ocrx_word' id='word_1_87' title='bbox 850 1534 1113 1598; x_wconf 88' lang='lat' dir='ltr'><strong>provectu</strong></span> <span class='ocrx_word' id='word_1_88' title='bbox 1146 1542 1261 1583; x_wconf 71' lang='lat' dir='ltr'><strong>suae</strong></span> <span class='ocrx_word' id='word_1_89' title='bbox 1294 1528 1496 1583; x_wconf 89' lang='lat' dir='ltr'><strong>indolis</strong></span> <span class='ocrx_word' id='word_1_90' title='bbox 1523 1537 1789 1584; x_wconf 85' lang='lat' dir='ltr'><strong>monstra-</strong></span> 
     </span>
    </p>
   </div>
   <div class='ocr_carea' id='block_1_15' title="bbox 166 1617 1785 1693">
    <p class='ocr_par' dir='ltr' id='par_1_15' title="bbox 166 1617 1785 1693">
     <span class='ocr_line' id='line_1_15' title="bbox 166 1617 1785 1693; baseline 0 -19"><span class='ocrx_word' id='word_1_91' title='bbox 166 1618 263 1674; x_wconf 86' lang='lat' dir='ltr'><strong>bat</strong></span> <span class='ocrx_word' id='word_1_92' title='bbox 293 1617 473 1690; x_wconf 85' lang='lat' dir='ltr'><strong>qualis</strong></span> <span class='ocrx_word' id='word_1_93' title='bbox 509 1624 654 1673; x_wconf 87' lang='lat' dir='ltr'><strong>esset</strong></span> <span class='ocrx_word' id='word_1_94' title='bbox 709 1617 948 1673; x_wconf 88' lang='lat' dir='ltr'><strong>futurus.</strong></span> <span class='ocrx_word' id='word_1_95' title='bbox 991 1617 1088 1673; x_wconf 81' lang='lat' dir='ltr'><strong>Hic</strong></span> <span class='ocrx_word' id='word_1_96' title='bbox 1141 1617 1235 1673; x_wconf 90' lang='lat' dir='ltr'><strong>ubi</strong></span> <span class='ocrx_word' id='word_1_97' title='bbox 1283 1635 1349 1674; x_wconf 89' lang='lat' dir='ltr'><strong>ex</strong></span> <span class='ocrx_word' id='word_1_98' title='bbox 1392 1634 1489 1674; x_wconf 90' lang='lat' dir='ltr'><strong>ore</strong></span> <span class='ocrx_word' id='word_1_99' title='bbox 1542 1619 1785 1693; x_wconf 83' lang='lat' dir='ltr'><strong>Hcrigeri</strong></span> 
     </span>
    </p>
   </div>
   <div class='ocr_carea' id='block_1_16' title="bbox 1256 306 2420 367">
    <p class='ocr_par' dir='ltr' id='par_1_16' title="bbox 1256 306 2420 367">
     <span class='ocr_line' id='line_1_16' title="bbox 1256 306 2420 367; baseline 0.003 -7"><span class='ocrx_word' id='word_1_100' title='bbox 1256 307 1461 362; x_wconf 80' lang='lat' dir='ltr'><strong>GESTA</strong></span> <span class='ocrx_word' id='word_1_101' title='bbox 1504 306 1807 364; x_wconf 81' lang='lat' dir='ltr'><strong>ARBATUM</strong></span> <span class='ocrx_word' id='word_1_102' title='bbox 1850 306 2420 367; x_wconf 82' lang='lat' dir='ltr'><strong>GEMBLACENSIUM.</strong></span> 
     </span>
    </p>
   </div>
   <div class='ocr_carea' id='block_1_17' title="bbox 3395 313 3504 370">
    <p class='ocr_par' dir='ltr' id='par_1_17' title="bbox 3395 313 3504 370">
     <span class='ocr_line' id='line_1_17' title="bbox 3395 313 3504 370; baseline 0.009 -1"><span class='ocrx_word' id='word_1_103' title='bbox 3395 313 3504 370; x_wconf 76' lang='grc'><strong>618</strong></span> 
     </span>
    </p>
   </div>
   <div class='ocr_carea' id='block_1_18' title="bbox 1811 438 3504 510">
    <p class='ocr_par' dir='ltr' id='par_1_18' title="bbox 1811 438 3504 510">
     <span class='ocr_line' id='line_1_18' title="bbox 1811 438 3504 510; baseline 0.006 -17"><span class='ocrx_word' id='word_1_104' title='bbox 1811 440 1861 510; x_wconf 83' lang='grc' dir='ltr'>Α</span> <span class='ocrx_word' id='word_1_105' title='bbox 1888 438 1973 506; x_wconf 90' lang='lat' dir='ltr'><strong>tit,</strong></span> <span class='ocrx_word' id='word_1_106' title='bbox 2004 440 2153 510; x_wconf 93' lang='lat' dir='ltr'><strong>quod</strong></span> <span class='ocrx_word' id='word_1_107' title='bbox 2190 440 2284 495; x_wconf 90' lang='lat' dir='ltr'><strong>illa</strong></span> <span class='ocrx_word' id='word_1_108' title='bbox 2313 445 2472 496; x_wconf 82' lang='lat' dir='ltr'><strong>aetate</strong></span> <span class='ocrx_word' id='word_1_109' title='bbox 2494 440 2551 495; x_wconf 90' lang='lat' dir='ltr'><strong>in</strong></span> <span class='ocrx_word' id='word_1_110' title='bbox 2572 440 2964 510; x_wconf 86' lang='lat' dir='ltr'><strong>scripturarum</strong></span> <span class='ocrx_word' id='word_1_111' title='bbox 2994 442 3308 501; x_wconf 90' lang='lat' dir='ltr'><strong>eruditione</strong></span> <span class='ocrx_word' id='word_1_112' title='bbox 3340 446 3504 503; x_wconf 90' lang='lat' dir='ltr'><strong>unice</strong></span> 
     </span>
    </p>
   </div>
   <div class='ocr_carea' id='block_1_19' title="bbox 1887 528 3503 605">
    <p class='ocr_par' dir='ltr' id='par_1_19' title="bbox 1887 528 3503 605">
     <span class='ocr_line' id='line_1_19' title="bbox 1887 528 3503 605; baseline 0.006 -23"><span class='ocrx_word' id='word_1_113' title='bbox 1887 528 2200 584; x_wconf 85' lang='lat' dir='ltr'><strong>elarueruit.</strong></span> <span class='ocrx_word' id='word_1_114' title='bbox 2235 528 2388 594; x_wconf 85' lang='lat' dir='ltr'><strong>Quod</strong></span> <span class='ocrx_word' id='word_1_115' title='bbox 2427 529 2514 585; x_wconf 89' lang='lat' dir='ltr'><strong>vel</strong></span> <span class='ocrx_word' id='word_1_116' title='bbox 2570 529 2624 585; x_wconf 92' lang='lat' dir='ltr'><strong>in</strong></span> <span class='ocrx_word' id='word_1_117' title='bbox 2665 530 2772 586; x_wconf 89' lang='lat' dir='ltr'><strong>hoc</strong></span> <span class='ocrx_word' id='word_1_118' title='bbox 2826 531 2961 587; x_wconf 87' lang='lat' dir='ltr'><strong>satis</strong></span> <span class='ocrx_word' id='word_1_119' title='bbox 3017 531 3239 605; x_wconf 88' lang='lat' dir='ltr'><strong>probari</strong></span> <span class='ocrx_word' id='word_1_120' title='bbox 3279 535 3503 605; x_wconf 88' lang='lat' dir='ltr'><strong>poterit,</strong></span> 
     </span>
    </p>
   </div>
   <div class='ocr_carea' id='block_1_20' title="bbox 1888 620 3505 697">
    <p class='ocr_par' dir='ltr' id='par_1_20' title="bbox 1888 620 3505 697">
     <span class='ocr_line' id='line_1_20' title="bbox 1888 620 3505 697; baseline 0.006 -21"><span class='ocrx_word' id='word_1_121' title='bbox 1888 620 2036 691; x_wconf 92' lang='lat' dir='ltr'><strong>quod</strong></span> <span class='ocrx_word' id='word_1_122' title='bbox 2062 637 2202 691; x_wconf 89' lang='lat' dir='ltr'><strong>epus</strong></span> <span class='ocrx_word' id='word_1_123' title='bbox 2239 629 2443 677; x_wconf 68' lang='lat' dir='ltr'><strong>sanctae</strong></span> <span class='ocrx_word' id='word_1_124' title='bbox 2473 621 2736 678; x_wconf 68' lang='lat' dir='ltr'><strong>:ecclesiaa</strong></span> <span class='ocrx_word' id='word_1_125' title='bbox 2793 622 2958 679; x_wconf 89' lang='lat' dir='ltr'><strong>nimis</strong></span> <span class='ocrx_word' id='word_1_126' title='bbox 3009 625 3143 681; x_wconf 88' lang='lat' dir='ltr'><strong>utile</strong></span> <span class='ocrx_word' id='word_1_127' title='bbox 3183 624 3505 697; x_wconf 76' lang='lat' dir='ltr'><strong>elaboravit,</strong></span> 
     </span>
    </p>
   </div>
   <div class='ocr_carea' id='block_1_21' title="bbox 1888 712 3502 793">
    <p class='ocr_par' dir='ltr' id='par_1_21' title="bbox 1888 712 3502 793">
     <span class='ocr_line' id='line_1_21' title="bbox 1888 712 3502 793; baseline 0.005 -26"><span class='ocrx_word' id='word_1_128' title='bbox 1888 712 2016 768; x_wconf 89' lang='lat' dir='ltr'><strong>dum</strong></span> <span class='ocrx_word' id='word_1_129' title='bbox 2049 714 2271 771; x_wconf 91' lang='lat' dir='ltr'><strong>Olberto</strong></span> <span class='ocrx_word' id='word_1_130' title='bbox 2297 715 2539 772; x_wconf 85' lang='lat' dir='ltr'><strong>dictante</strong></span> <span class='ocrx_word' id='word_1_131' title='bbox 2567 722 2622 772; x_wconf 90' lang='lat' dir='ltr'><strong>et</strong></span> <span class='ocrx_word' id='word_1_132' title='bbox 2670 715 3024 791; x_wconf 89' lang='lat' dir='ltr'><strong>magistrante</strong></span> <span class='ocrx_word' id='word_1_133' title='bbox 3063 730 3323 793; x_wconf 83' lang='lat' dir='ltr'><strong>magnum</strong></span> <span class='ocrx_word' id='word_1_134' title='bbox 3363 718 3502 775; x_wconf 88' lang='lat' dir='ltr'><strong>illud</strong></span> 
     </span>
    </p>
   </div>
   <div class='ocr_carea' id='block_1_22' title="bbox 1889 806 3502 880">
    <p class='ocr_par' dir='ltr' id='par_1_22' title="bbox 1889 806 3502 880">
     <span class='ocr_line' id='line_1_22' title="bbox 1889 806 3502 880; baseline 0.003 -20"><span class='ocrx_word' id='word_1_135' title='bbox 1889 821 2162 861; x_wconf 86' lang='lat' dir='ltr'><strong>canonum</strong></span> <span class='ocrx_word' id='word_1_136' title='bbox 2210 806 2469 862; x_wconf 89' lang='lat' dir='ltr'><strong>volumen</strong></span> <span class='ocrx_word' id='word_1_137' title='bbox 2518 808 2903 873; x_wconf 88' lang='lat' dir='ltr'><strong>centonizavit,</strong></span> <span class='ocrx_word' id='word_1_138' title='bbox 2957 815 3015 863; x_wconf 90' lang='lat' dir='ltr'><strong>et</strong></span> <span class='ocrx_word' id='word_1_139' title='bbox 3056 807 3213 880; x_wconf 91' lang='lat' dir='ltr'><strong>quasi</strong></span> <span class='ocrx_word' id='word_1_140' title='bbox 3252 809 3502 865; x_wconf 90' lang='lat' dir='ltr'><strong>collectis</strong></span> 
     </span>
    </p>
   </div>
   <div class='ocr_carea' id='block_1_23' title="bbox 1890 893 3501 972">
    <p class='ocr_par' dir='ltr' id='par_1_23' title="bbox 1890 893 3501 972">
     <span class='ocr_line' id='line_1_23' title="bbox 1890 893 3501 972; baseline 0.002 -23"><span class='ocrx_word' id='word_1_141' title='bbox 1890 893 2119 951; x_wconf 88' lang='lat' dir='ltr'><strong>ﬂoribus</strong></span> <span class='ocrx_word' id='word_1_142' title='bbox 2150 896 2494 952; x_wconf 87' lang='lat' dir='ltr'><strong>omniformis</strong></span> <span class='ocrx_word' id='word_1_143' title='bbox 2532 897 2755 972; x_wconf 90' lang='lat' dir='ltr'><strong>generis</strong></span> <span class='ocrx_word' id='word_1_144' title='bbox 2795 896 2864 952; x_wconf 89' lang='lat' dir='ltr'><strong>de</strong></span> <span class='ocrx_word' id='word_1_145' title='bbox 2912 903 3069 969; x_wconf 89' lang='lat' dir='ltr'><strong>prato</strong></span> <span class='ocrx_word' id='word_1_146' title='bbox 3106 897 3501 967; x_wconf 86' lang='lat' dir='ltr'><strong>scripturarum</strong></span> 
     </span>
    </p>
   </div>
   <div class='ocr_carea' id='block_1_24' title="bbox 1888 984 3502 1057">
    <p class='ocr_par' dir='ltr' id='par_1_24' title="bbox 1888 984 3502 1057">
     <span class='ocr_line' id='line_1_24' title="bbox 1888 984 3502 1057; baseline 0.003 -20"><span class='ocrx_word' id='word_1_147' title='bbox 1888 998 2148 1040; x_wconf 90' lang='lat' dir='ltr'><strong>coronam</strong></span> <span class='ocrx_word' id='word_1_148' title='bbox 2178 984 2547 1056; x_wconf 89' lang='lat' dir='ltr'><strong>preciosorem</strong></span> <span class='ocrx_word' id='word_1_149' title='bbox 2579 1001 2713 1042; x_wconf 89' lang='lat' dir='ltr'><strong>auro</strong></span> <span class='ocrx_word' id='word_1_150' title='bbox 2753 994 2808 1040; x_wconf 90' lang='lat' dir='ltr'><strong>et</strong></span> <span class='ocrx_word' id='word_1_151' title='bbox 2834 986 3051 1057; x_wconf 88' lang='lat' dir='ltr'><strong>topazio</strong></span> <span class='ocrx_word' id='word_1_152' title='bbox 3102 985 3161 1042; x_wconf 89' lang='lat' dir='ltr'><strong>in</strong></span> <span class='ocrx_word' id='word_1_153' title='bbox 3191 985 3358 1042; x_wconf 65' lang='lat' dir='ltr'><strong>redito</strong></span> <span class='ocrx_word' id='word_1_154' title='bbox 3386 1001 3502 1043; x_wconf 70' lang='lat' dir='ltr'><strong>tec-</strong></span> 
     </span>
    </p>
   </div>
   <div class='ocr_carea' id='block_1_25' title="bbox 1888 1075 3503 1150">
    <p class='ocr_par' dir='ltr' id='par_1_25' title="bbox 1888 1075 3503 1150">
     <span class='ocr_line' id='line_1_25' title="bbox 1888 1075 3503 1150; baseline 0.004 -19"><span class='ocrx_word' id='word_1_155' title='bbox 1888 1075 2073 1131; x_wconf 86' lang='lat' dir='ltr'><strong>clesiae</strong></span> <span class='ocrx_word' id='word_1_156' title='bbox 2127 1078 2434 1133; x_wconf 88' lang='lat' dir='ltr'><strong>collocavit.</strong></span> <span class='ocrx_word' id='word_1_157' title='bbox 2495 1079 2797 1150; x_wconf 87' lang='lat' dir='ltr'><strong>Episcopus</strong></span> <span class='ocrx_word' id='word_1_158' title='bbox 2832 1079 2927 1134; x_wconf 90' lang='lat' dir='ltr'><strong>ubi</strong></span> <span class='ocrx_word' id='word_1_159' title='bbox 2992 1078 3137 1135; x_wconf 90' lang='lat' dir='ltr'><strong>votis</strong></span> <span class='ocrx_word' id='word_1_160' title='bbox 3179 1080 3295 1137; x_wconf 90' lang='lat' dir='ltr'><strong>suis</strong></span> <span class='ocrx_word' id='word_1_161' title='bbox 3342 1079 3503 1137; x_wconf 89' lang='lat' dir='ltr'><strong>satis-</strong></span> 
     </span>
    </p>
   </div>
   <div class='ocr_carea' id='block_1_26' title="bbox 1888 1162 3504 1246">
    <p class='ocr_par' dir='ltr' id='par_1_26' title="bbox 1888 1162 3504 1246">
     <span class='ocr_line' id='line_1_26' title="bbox 1888 1162 3504 1246; baseline 0.007 -27"><span class='ocrx_word' id='word_1_162' title='bbox 1888 1162 2089 1221; x_wconf 80' lang='lat' dir='ltr'><strong>factum</strong></span> <span class='ocrx_word' id='word_1_163' title='bbox 2145 1181 2267 1222; x_wconf 90' lang='lat' dir='ltr'><strong>esse</strong></span> <span class='ocrx_word' id='word_1_164' title='bbox 2319 1168 2534 1237; x_wconf 90' lang='lat' dir='ltr'><strong>sensit,</strong></span> <span class='ocrx_word' id='word_1_165' title='bbox 2599 1169 2862 1245; x_wconf 85' lang='lat' dir='ltr'><strong>magistro</strong></span> <span class='ocrx_word' id='word_1_166' title='bbox 2916 1169 3199 1241; x_wconf 86' lang='lat' dir='ltr'><strong>optionem</strong></span> <span class='ocrx_word' id='word_1_167' title='bbox 3261 1175 3504 1246; x_wconf 83' lang='lat' dir='ltr'><strong>optulit,</strong></span> 
     </span>
    </p>
   </div>
   <div class='ocr_carea' id='block_1_27' title="bbox 1888 1257 3504 1320">
    <p class='ocr_par' dir='ltr' id='par_1_27' title="bbox 1888 1257 3504 1320">
     <span class='ocr_line' id='line_1_27' title="bbox 1888 1257 3504 1320; baseline 0.007 -11"><span class='ocrx_word' id='word_1_168' title='bbox 1888 1261 2073 1310; x_wconf 89' lang='lat' dir='ltr'><strong>utrum</strong></span> <span class='ocrx_word' id='word_1_169' title='bbox 2107 1257 2292 1312; x_wconf 89' lang='lat' dir='ltr'><strong>mallet</strong></span> <span class='ocrx_word' id='word_1_170' title='bbox 2330 1275 2515 1313; x_wconf 87' lang='lat' dir='ltr'><strong>secum</strong></span> <span class='ocrx_word' id='word_1_171' title='bbox 2543 1258 2598 1313; x_wconf 90' lang='lat' dir='ltr'><strong>in</strong></span> <span class='ocrx_word' id='word_1_172' title='bbox 2624 1259 2840 1315; x_wconf 89' lang='lat' dir='ltr'><strong>honore</strong></span> <span class='ocrx_word' id='word_1_173' title='bbox 2871 1264 2925 1314; x_wconf 88' lang='lat' dir='ltr'><strong>et</strong></span> <span class='ocrx_word' id='word_1_174' title='bbox 2953 1259 3193 1316; x_wconf 87' lang='lat' dir='ltr'><strong>amicitia</strong></span> <span class='ocrx_word' id='word_1_175' title='bbox 3217 1277 3504 1320; x_wconf 89' lang='lat' dir='ltr'><strong>remanere</strong></span> 
     </span>
    </p>
   </div>
   <div class='ocr_carea' id='block_1_28' title="bbox 1889 1345 3507 1425">
    <p class='ocr_par' dir='ltr' id='par_1_28' title="bbox 1889 1345 3507 1425">
     <span class='ocr_line' id='line_1_28' title="bbox 1889 1345 3507 1425; baseline 0.006 -27"><span class='ocrx_word' id='word_1_176' title='bbox 1889 1359 1958 1398; x_wconf 90' lang='lat' dir='ltr'><strong>an</strong></span> <span class='ocrx_word' id='word_1_177' title='bbox 1986 1345 2055 1399; x_wconf 91' lang='lat' dir='ltr'><strong>ad</strong></span> <span class='ocrx_word' id='word_1_178' title='bbox 2081 1360 2211 1401; x_wconf 90' lang='lat' dir='ltr'><strong>suos</strong></span> <span class='ocrx_word' id='word_1_179' title='bbox 2236 1348 2554 1417; x_wconf 89' lang='lat' dir='ltr'><strong>repatriare.</strong></span> <span class='ocrx_word' id='word_1_180' title='bbox 2580 1347 2677 1403; x_wconf 88' lang='lat' dir='ltr'><strong>Ille</strong></span> <span class='ocrx_word' id='word_1_181' title='bbox 2703 1348 2872 1421; x_wconf 91' lang='lat' dir='ltr'><strong>elegit</strong></span> <span class='ocrx_word' id='word_1_182' title='bbox 2892 1349 3209 1421; x_wconf 88' lang='lat' dir='ltr'><strong>repatriare,</strong></span> <span class='ocrx_word' id='word_1_183' title='bbox 3241 1352 3374 1423; x_wconf 89' lang='lat' dir='ltr'><strong>quia</strong></span> <span class='ocrx_word' id='word_1_184' title='bbox 3392 1352 3507 1425; x_wconf 90' lang='lat' dir='ltr'><strong>pla-</strong></span> 
     </span>
    </p>
   </div>
   <div class='ocr_carea' id='block_1_29' title="bbox 1888 1437 3506 1520">
    <p class='ocr_par' dir='ltr' id='par_1_29' title="bbox 1888 1437 3506 1520">
     <span class='ocr_line' id='line_1_29' title="bbox 1888 1437 3506 1520; baseline 0.005 -27"><span class='ocrx_word' id='word_1_185' title='bbox 1888 1438 2002 1493; x_wconf 87' lang='lat' dir='ltr'><strong>cuit</strong></span> <span class='ocrx_word' id='word_1_186' title='bbox 2039 1437 2151 1494; x_wconf 91' lang='lat' dir='ltr'><strong>Deo</strong></span> <span class='ocrx_word' id='word_1_187' title='bbox 2182 1438 2256 1494; x_wconf 88' lang='lat' dir='ltr'><strong>ita</strong></span> <span class='ocrx_word' id='word_1_188' title='bbox 2296 1456 2396 1511; x_wconf 91' lang='lat' dir='ltr'><strong>pro</strong></span> <span class='ocrx_word' id='word_1_189' title='bbox 2440 1440 2604 1497; x_wconf 89' lang='lat' dir='ltr'><strong>nobis</strong></span> <span class='ocrx_word' id='word_1_190' title='bbox 2632 1440 2977 1513; x_wconf 88' lang='lat' dir='ltr'><strong>dispensare.</strong></span> <span class='ocrx_word' id='word_1_191' title='bbox 3017 1442 3159 1518; x_wconf 82' lang='lat' dir='ltr'><strong>Ergo</strong></span> <span class='ocrx_word' id='word_1_192' title='bbox 3196 1459 3322 1499; x_wconf 90' lang='lat' dir='ltr'><strong>cum</strong></span> <span class='ocrx_word' id='word_1_193' title='bbox 3377 1461 3506 1520; x_wconf 83' lang='lat' dir='ltr'><strong>gra-</strong></span> 
     </span>
    </p>
   </div>
   <div class='ocr_carea' id='block_1_30' title="bbox 1888 1528 3511 1606">
    <p class='ocr_par' dir='ltr' id='par_1_30' title="bbox 1888 1528 3511 1606">
     <span class='ocr_line' id='line_1_30' title="bbox 1888 1528 3511 1606; baseline 0.006 -22"><span class='ocrx_word' id='word_1_194' title='bbox 1888 1528 2085 1584; x_wconf 91' lang='lat' dir='ltr'><strong>tiarum</strong></span> <span class='ocrx_word' id='word_1_195' title='bbox 2143 1530 2359 1587; x_wconf 88' lang='lat' dir='ltr'><strong>actione</strong></span> <span class='ocrx_word' id='word_1_196' title='bbox 2403 1532 2667 1604; x_wconf 90' lang='lat' dir='ltr'><strong>episcopo</strong></span> <span class='ocrx_word' id='word_1_197' title='bbox 2708 1533 2958 1590; x_wconf 91' lang='lat' dir='ltr'><strong>Baldrico</strong></span> <span class='ocrx_word' id='word_1_198' title='bbox 2996 1535 3308 1606; x_wconf 89' lang='lat' dir='ltr'><strong>remittitur,</strong></span> <span class='ocrx_word' id='word_1_199' title='bbox 3367 1538 3511 1593; x_wconf 74' lang='lat' dir='ltr'><strong>emi~</strong></span> 
     </span>
    </p>
   </div>
   <div class='ocr_carea' id='block_1_31' title="bbox 1889 1621 3511 1700">
    <p class='ocr_par' dir='ltr' id='par_1_31' title="bbox 1889 1621 3511 1700">
     <span class='ocr_line' id='line_1_31' title="bbox 1889 1621 3511 1700; baseline 0.008 -26"><span class='ocrx_word' id='word_1_200' title='bbox 1889 1621 2078 1676; x_wconf 90' lang='lat' dir='ltr'><strong>nentia</strong></span> <span class='ocrx_word' id='word_1_201' title='bbox 2107 1622 2275 1678; x_wconf 91' lang='lat' dir='ltr'><strong>studii</strong></span> <span class='ocrx_word' id='word_1_202' title='bbox 2298 1632 2352 1679; x_wconf 88' lang='lat' dir='ltr'><strong>et</strong></span> <span class='ocrx_word' id='word_1_203' title='bbox 2378 1623 2667 1700; x_wconf 79' lang='lat' dir='ltr'><strong>religionis</strong></span> <span class='ocrx_word' id='word_1_204' title='bbox 2686 1624 2807 1695; x_wconf 87' lang='lat' dir='ltr'><strong>ejus</strong></span> <span class='ocrx_word' id='word_1_205' title='bbox 2836 1626 3185 1698; x_wconf 77' lang='lat' dir='ltr'><strong>praedicatur,</strong></span> <span class='ocrx_word' id='word_1_206' title='bbox 3212 1636 3267 1684; x_wconf 90' lang='lat' dir='ltr'><strong>et</strong></span> <span class='ocrx_word' id='word_1_207' title='bbox 3297 1645 3367 1686; x_wconf 88' lang='lat' dir='ltr'><strong>ne</strong></span> <span class='ocrx_word' id='word_1_208' title='bbox 3392 1630 3511 1687; x_wconf 87' lang='lat' dir='ltr'><strong>vice</strong></span> 
     </span>
    </p>
   </div>
   <div class='ocr_carea' id='block_1_32' title="bbox 171 1711 3508 1802">
    <p class='ocr_par' dir='ltr' id='par_1_32' title="bbox 171 1711 3508 1802">
     <span class='ocr_line' id='line_1_32' title="bbox 171 1711 3508 1802; baseline 0.003 -34"><span class='ocrx_word' id='word_1_209' title='bbox 171 1711 529 1802; x_wconf 65' lang='lat' dir='ltr'><strong>hobiensium</strong></span> <span class='ocrx_word' id='word_1_210' title='bbox 559 1711 796 1802; x_wconf 78' lang='lat' dir='ltr'><strong>abbatis,</strong></span> <span class='ocrx_word' id='word_1_211' title='bbox 827 1711 930 1767; x_wconf 91' lang='lat' dir='ltr'><strong>viri</strong></span> <span class='ocrx_word' id='word_1_212' title='bbox 969 1727 1070 1768; x_wconf 92' lang='lat' dir='ltr'><strong>suo</strong></span> <span class='ocrx_word' id='word_1_213' title='bbox 1112 1719 1359 1783; x_wconf 91' lang='lat' dir='ltr'><strong>tempore</strong></span> <span class='ocrx_word' id='word_1_214' title='bbox 1392 1713 1789 1779; x_wconf 89' lang='lat' dir='ltr'><strong>dissertissimi,</strong></span> <span class='ocrx_word' id='word_1_215' title='bbox 1820 1712 1964 1802; x_wconf 63' lang='lat' dir='ltr'><strong>B733</strong></span> <span class='ocrx_word' id='word_1_216' title='bbox 2020 1713 2228 1770; x_wconf 91' lang='lat' dir='ltr'><strong>laboris</strong></span> <span class='ocrx_word' id='word_1_217' title='bbox 2272 1714 2357 1771; x_wconf 90' lang='lat' dir='ltr'><strong>sui</strong></span> <span class='ocrx_word' id='word_1_218' title='bbox 2411 1716 2721 1785; x_wconf 85' lang='lat' dir='ltr'><strong>frustretur,</strong></span> <span class='ocrx_word' id='word_1_219' title='bbox 2770 1715 3181 1776; x_wconf 80' lang='lat' dir='ltr'><strong>aﬂ&#39;ectuossime</strong></span> <span class='ocrx_word' id='word_1_220' title='bbox 3236 1721 3287 1776; x_wconf 91' lang='lat' dir='ltr'><strong>ei</strong></span> <span class='ocrx_word' id='word_1_221' title='bbox 3349 1736 3508 1778; x_wconf 83' lang='lat' dir='ltr'><strong>com-</strong></span> 
     </span>
    </p>
   </div>
   <div class='ocr_carea' id='block_1_33' title="bbox 168 1797 1793 1871">
    <p class='ocr_par' dir='ltr' id='par_1_33' title="bbox 168 1797 1793 1871">
     <span class='ocr_line' id='line_1_33' title="bbox 168 1797 1793 1871; baseline 0.002 -17"><span class='ocrx_word' id='word_1_222' title='bbox 168 1797 384 1870; x_wconf 90' lang='lat' dir='ltr'><strong>aliquid</strong></span> <span class='ocrx_word' id='word_1_223' title='bbox 416 1797 487 1854; x_wconf 90' lang='lat' dir='ltr'><strong>de</strong></span> <span class='ocrx_word' id='word_1_224' title='bbox 515 1798 826 1869; x_wconf 88' lang='lat' dir='ltr'><strong>septiformi</strong></span> <span class='ocrx_word' id='word_1_225' title='bbox 856 1814 1055 1871; x_wconf 88' lang='lat' dir='ltr'><strong>sapore</strong></span> <span class='ocrx_word' id='word_1_226' title='bbox 1084 1800 1283 1855; x_wconf 90' lang='lat' dir='ltr'><strong>artium</strong></span> <span class='ocrx_word' id='word_1_227' title='bbox 1312 1800 1478 1869; x_wconf 88' lang='lat' dir='ltr'><strong>bibit,</strong></span> <span class='ocrx_word' id='word_1_228' title='bbox 1501 1802 1648 1857; x_wconf 89' lang='lat' dir='ltr'><strong>sitim</strong></span> <span class='ocrx_word' id='word_1_229' title='bbox 1677 1808 1793 1857; x_wconf 89' lang='lat' dir='ltr'><strong>stu-</strong></span> 
     </span>
    </p>
   </div>
   <div class='ocr_carea' id='block_1_34' title="bbox 174 1893 1795 1968">
    <p class='ocr_par' dir='ltr' id='par_1_34' title="bbox 174 1893 1795 1968">
     <span class='ocr_line' id='line_1_34' title="bbox 174 1893 1795 1968; baseline 0.002 -20"><span class='ocrx_word' id='word_1_230' title='bbox 174 1893 254 1948; x_wconf 91' lang='lat' dir='ltr'><strong>dii</strong></span> <span class='ocrx_word' id='word_1_231' title='bbox 287 1893 372 1949; x_wconf 90' lang='lat' dir='ltr'><strong>sui</strong></span> <span class='ocrx_word' id='word_1_232' title='bbox 407 1894 729 1968; x_wconf 83' lang='lat' dir='ltr'><strong>extinguere</strong></span> <span class='ocrx_word' id='word_1_233' title='bbox 774 1908 884 1949; x_wconf 90' lang='lat' dir='ltr'><strong>non</strong></span> <span class='ocrx_word' id='word_1_234' title='bbox 920 1895 1113 1965; x_wconf 91' lang='lat' dir='ltr'><strong>potuit.</strong></span> <span class='ocrx_word' id='word_1_235' title='bbox 1149 1895 1278 1951; x_wconf 85' lang='lat' dir='ltr'><strong>[deo</strong></span> <span class='ocrx_word' id='word_1_236' title='bbox 1307 1895 1505 1950; x_wconf 90' lang='lat' dir='ltr'><strong>ubiubi</strong></span> <span class='ocrx_word' id='word_1_237' title='bbox 1554 1897 1795 1968; x_wconf 86' lang='lat' dir='ltr'><strong>aliquem</strong></span> 
     </span>
    </p>
   </div>
   <div class='ocr_carea' id='block_1_35' title="bbox 171 1985 1796 2059">
    <p class='ocr_par' dir='ltr' id='par_1_35' title="bbox 171 1985 1796 2059">
     <span class='ocr_line' id='line_1_35' title="bbox 171 1985 1796 2059; baseline 0.001 -17"><span class='ocrx_word' id='word_1_238' title='bbox 171 1986 227 2043; x_wconf 88' lang='lat' dir='ltr'><strong>in</strong></span> <span class='ocrx_word' id='word_1_239' title='bbox 267 1985 500 2042; x_wconf 87' lang='lat' dir='ltr'><strong>scientia</strong></span> <span class='ocrx_word' id='word_1_240' title='bbox 549 1985 746 2041; x_wconf 85' lang='lat' dir='ltr'><strong>artium</strong></span> <span class='ocrx_word' id='word_1_241' title='bbox 793 1987 1017 2059; x_wconf 76' lang='lat' dir='ltr'><strong>egregie</strong></span> <span class='ocrx_word' id='word_1_242' title='bbox 1073 2004 1186 2057; x_wconf 63' lang='lat' dir='ltr'><strong>prae</strong></span> <span class='ocrx_word' id='word_1_243' title='bbox 1224 1988 1667 2059; x_wconf 75' lang='lat' dir='ltr'><strong>caeterisvalere</strong></span> <span class='ocrx_word' id='word_1_244' title='bbox 1697 2005 1796 2043; x_wconf 90' lang='lat' dir='ltr'><strong>au-</strong></span> 
     </span>
    </p>
   </div>
   <div class='ocr_carea' id='block_1_36' title="bbox 168 2076 1795 2151">
    <p class='ocr_par' dir='ltr' id='par_1_36' title="bbox 168 2076 1795 2151">
     <span class='ocr_line' id='line_1_36' title="bbox 168 2076 1795 2151; baseline 0.001 -18"><span class='ocrx_word' id='word_1_245' title='bbox 168 2076 377 2143; x_wconf 89' lang='lat' dir='ltr'><strong>diebat,</strong></span> <span class='ocrx_word' id='word_1_246' title='bbox 406 2076 589 2132; x_wconf 90' lang='lat' dir='ltr'><strong>statim</strong></span> <span class='ocrx_word' id='word_1_247' title='bbox 634 2077 765 2132; x_wconf 90' lang='lat' dir='ltr'><strong>illuc</strong></span> <span class='ocrx_word' id='word_1_248' title='bbox 794 2077 1031 2133; x_wconf 87' lang='lat' dir='ltr'><strong>volabat.</strong></span> <span class='ocrx_word' id='word_1_249' title='bbox 1090 2086 1146 2134; x_wconf 90' lang='lat' dir='ltr'><strong>et</strong></span> <span class='ocrx_word' id='word_1_250' title='bbox 1185 2086 1391 2151; x_wconf 91' lang='lat' dir='ltr'><strong>quanto</strong></span> <span class='ocrx_word' id='word_1_251' title='bbox 1454 2080 1692 2151; x_wconf 85' lang='lat' dir='ltr'><strong>amplius</strong></span> <span class='ocrx_word' id='word_1_252' title='bbox 1721 2078 1795 2134; x_wconf 87' lang='lat' dir='ltr'><strong>si-</strong></span> 
     </span>
    </p>
   </div>
   <div class='ocr_carea' id='block_1_37' title="bbox 171 2168 1797 2244">
    <p class='ocr_par' dir='ltr' id='par_1_37' title="bbox 171 2168 1797 2244">
     <span class='ocr_line' id='line_1_37' title="bbox 171 2168 1797 2244; baseline -0.001 -17"><span class='ocrx_word' id='word_1_253' title='bbox 171 2168 369 2235; x_wconf 88' lang='lat' dir='ltr'><strong>tiebat,</strong></span> <span class='ocrx_word' id='word_1_254' title='bbox 404 2175 555 2225; x_wconf 92' lang='lat' dir='ltr'><strong>tanto</strong></span> <span class='ocrx_word' id='word_1_255' title='bbox 597 2169 813 2225; x_wconf 86' lang='lat' dir='ltr'><strong>avidius</strong></span> <span class='ocrx_word' id='word_1_256' title='bbox 837 2169 905 2224; x_wconf 92' lang='lat' dir='ltr'><strong>de</strong></span> <span class='ocrx_word' id='word_1_257' title='bbox 945 2169 1291 2242; x_wconf 88' lang='lat' dir='ltr'><strong>singulorum</strong></span> <span class='ocrx_word' id='word_1_258' title='bbox 1324 2179 1545 2242; x_wconf 89' lang='lat' dir='ltr'><strong>pectore</strong></span> <span class='ocrx_word' id='word_1_259' title='bbox 1585 2171 1797 2244; x_wconf 90' lang='lat' dir='ltr'><strong>aliquid</strong></span> 
     </span>
    </p>
   </div>
   <div class='ocr_carea' id='block_1_38' title="bbox 174 2259 1798 2335">
    <p class='ocr_par' dir='ltr' id='par_1_38' title="bbox 174 2259 1798 2335">
     <span class='ocr_line' id='line_1_38' title="bbox 174 2259 1798 2335; baseline 0.001 -18"><span class='ocrx_word' id='word_1_260' title='bbox 174 2259 512 2317; x_wconf 88' lang='lat' dir='ltr'><strong>delectabile</strong></span> <span class='ocrx_word' id='word_1_261' title='bbox 544 2260 853 2316; x_wconf 87' lang='lat' dir='ltr'><strong>hauriebat.</strong></span> <span class='ocrx_word' id='word_1_262' title='bbox 905 2262 1037 2317; x_wconf 87' lang='lat' dir='ltr'><strong>Nam</strong></span> <span class='ocrx_word' id='word_1_263' title='bbox 1092 2269 1147 2317; x_wconf 87' lang='lat' dir='ltr'><strong>et</strong></span> <span class='ocrx_word' id='word_1_264' title='bbox 1198 2263 1439 2319; x_wconf 77' lang='lat' dir='ltr'><strong>Parisius</strong></span> <span class='ocrx_word' id='word_1_265' title='bbox 1474 2263 1798 2335; x_wconf 89' lang='lat' dir='ltr'><strong>aliquandiu</strong></span> 
     </span>
    </p>
   </div>
   <div class='ocr_carea' id='block_1_39' title="bbox 176 2352 1800 2425">
    <p class='ocr_par' dir='ltr' id='par_1_39' title="bbox 176 2352 1800 2425">
     <span class='ocr_line' id='line_1_39' title="bbox 176 2352 1800 2425; baseline 0.001 -15"><span class='ocrx_word' id='word_1_266' title='bbox 176 2353 324 2424; x_wconf 88' lang='lat' dir='ltr'><strong>apud</strong></span> <span class='ocrx_word' id='word_1_267' title='bbox 356 2352 532 2407; x_wconf 86' lang='lat' dir='ltr'><strong>sancti</strong></span> <span class='ocrx_word' id='word_1_268' title='bbox 572 2353 640 2387; x_wconf 77' lang='grc'><strong>⁷³⁷</strong></span> <span class='ocrx_word' id='word_1_269' title='bbox 691 2354 947 2408; x_wconf 87' lang='lat' dir='ltr'><strong>Germani</strong></span> <span class='ocrx_word' id='word_1_270' title='bbox 981 2370 1209 2425; x_wconf 89' lang='lat' dir='ltr'><strong>operam</strong></span> <span class='ocrx_word' id='word_1_271' title='bbox 1243 2356 1397 2411; x_wconf 81' lang='lat' dir='ltr'><strong>dedit</strong></span> <span class='ocrx_word' id='word_1_272' title='bbox 1445 2365 1499 2411; x_wconf 89' lang='lat' dir='ltr'><strong>et</strong></span> <span class='ocrx_word' id='word_1_273' title='bbox 1536 2358 1718 2411; x_wconf 89' lang='lat' dir='ltr'><strong>studio</strong></span> <span class='ocrx_word' id='word_1_274' title='bbox 1746 2362 1800 2412; x_wconf 90' lang='lat' dir='ltr'><strong>et</strong></span> 
     </span>
    </p>
   </div>
   <div class='ocr_carea' id='block_1_40' title="bbox 177 2441 1797 2519">
    <p class='ocr_par' dir='ltr' id='par_1_40' title="bbox 177 2441 1797 2519">
     <span class='ocr_line' id='line_1_40' title="bbox 177 2441 1797 2519; baseline 0 -21"><span class='ocrx_word' id='word_1_275' title='bbox 177 2450 383 2498; x_wconf 62' lang='lat' dir='ltr'><strong>sanctis</strong></span> <span class='ocrx_word' id='word_1_276' title='bbox 412 2458 534 2514; x_wconf 79' lang='lat' dir='ltr'><strong>quae</strong></span> <span class='ocrx_word' id='word_1_277' title='bbox 567 2441 642 2496; x_wconf 91' lang='lat' dir='ltr'><strong>ibi</strong></span> <span class='ocrx_word' id='word_1_278' title='bbox 672 2442 919 2498; x_wconf 87' lang='lat' dir='ltr'><strong>fervebat</strong></span> <span class='ocrx_word' id='word_1_279' title='bbox 949 2443 1233 2519; x_wconf 82' lang='lat' dir='ltr'><strong>religioni.</strong></span> <span class='ocrx_word' id='word_1_280' title='bbox 1273 2444 1429 2515; x_wconf 80' lang='lat' dir='ltr'><strong>Apld</strong></span> <span class='ocrx_word' id='word_1_281' title='bbox 1460 2444 1647 2499; x_wconf 88' lang='lat' dir='ltr'><strong>arbem</strong></span> <span class='ocrx_word' id='word_1_282' title='bbox 1680 2445 1797 2499; x_wconf 87' lang='lat' dir='ltr'><strong>Tri-</strong></span> 
     </span>
    </p>
   </div>
   <div class='ocr_carea' id='block_1_41' title="bbox 181 2535 1801 2611">
    <p class='ocr_par' dir='ltr' id='par_1_41' title="bbox 181 2535 1801 2611">
     <span class='ocr_line' id='line_1_41' title="bbox 181 2535 1801 2611; baseline 0.001 -19"><span class='ocrx_word' id='word_1_283' title='bbox 181 2535 452 2593; x_wconf 89' lang='lat' dir='ltr'><strong>cassinam</strong></span> <span class='ocrx_word' id='word_1_284' title='bbox 486 2535 726 2590; x_wconf 89' lang='lat' dir='ltr'><strong>triennio</strong></span> <span class='ocrx_word' id='word_1_285' title='bbox 765 2536 994 2602; x_wconf 91' lang='lat' dir='ltr'><strong>studuit,</strong></span> <span class='ocrx_word' id='word_1_286' title='bbox 1046 2538 1138 2592; x_wconf 91' lang='lat' dir='ltr'><strong>ubi</strong></span> <span class='ocrx_word' id='word_1_287' title='bbox 1179 2544 1334 2611; x_wconf 80' lang='lat' dir='ltr'><strong>grata</strong></span> <span class='ocrx_word' id='word_1_288' title='bbox 1370 2537 1489 2593; x_wconf 88' lang='lat' dir='ltr'><strong>vice</strong></span> <span class='ocrx_word' id='word_1_289' title='bbox 1530 2545 1586 2592; x_wconf 85' lang='lat' dir='ltr'><strong>et</strong></span> <span class='ocrx_word' id='word_1_290' title='bbox 1631 2539 1801 2593; x_wconf 90' lang='lat' dir='ltr'><strong>multa</strong></span> 
     </span>
    </p>
   </div>
   <div class='ocr_carea' id='block_1_42' title="bbox 177 2629 1802 2702">
    <p class='ocr_par' dir='ltr' id='par_1_42' title="bbox 177 2629 1802 2702">
     <span class='ocr_line' id='line_1_42' title="bbox 177 2629 1802 2702; baseline 0.001 -15"><span class='ocrx_word' id='word_1_291' title='bbox 177 2630 247 2687; x_wconf 91' lang='lat' dir='ltr'><strong>ab</strong></span> <span class='ocrx_word' id='word_1_292' title='bbox 278 2630 403 2687; x_wconf 86' lang='lat' dir='ltr'><strong>aliis</strong></span> <span class='ocrx_word' id='word_1_293' title='bbox 443 2629 659 2695; x_wconf 91' lang='lat' dir='ltr'><strong>didicit,</strong></span> <span class='ocrx_word' id='word_1_294' title='bbox 693 2638 748 2687; x_wconf 90' lang='lat' dir='ltr'><strong>et</strong></span> <span class='ocrx_word' id='word_1_295' title='bbox 785 2633 1091 2702; x_wconf 84' lang='lat' dir='ltr'><strong>prudenter</strong></span> <span class='ocrx_word' id='word_1_296' title='bbox 1129 2632 1268 2687; x_wconf 91' lang='lat' dir='ltr'><strong>alios</strong></span> <span class='ocrx_word' id='word_1_297' title='bbox 1299 2633 1507 2690; x_wconf 90' lang='lat' dir='ltr'><strong>docuit.</strong></span> <span class='ocrx_word' id='word_1_298' title='bbox 1560 2634 1666 2689; x_wconf 88' lang='lat' dir='ltr'><strong>Sed</strong></span> <span class='ocrx_word' id='word_1_299' title='bbox 1698 2648 1802 2689; x_wconf 92' lang='lat' dir='ltr'><strong>nec</strong></span> 
     </span>
    </p>
   </div>
   <div class='ocr_carea' id='block_1_43' title="bbox 178 2718 1800 2797">
    <p class='ocr_par' dir='ltr' id='par_1_43' title="bbox 178 2718 1800 2797">
     <span class='ocr_line' id='line_1_43' title="bbox 178 2718 1800 2797; baseline 0.002 -22"><span class='ocrx_word' id='word_1_300' title='bbox 178 2719 426 2775; x_wconf 85' lang='lat' dir='ltr'><strong>Fulberti</strong></span> <span class='ocrx_word' id='word_1_301' title='bbox 464 2718 815 2775; x_wconf 86' lang='lat' dir='ltr'><strong>Carnotensis</strong></span> <span class='ocrx_word' id='word_1_302' title='bbox 858 2720 1104 2792; x_wconf 80' lang='lat' dir='ltr'><strong>episcOpi</strong></span> <span class='ocrx_word' id='word_1_303' title='bbox 1162 2737 1285 2776; x_wconf 89' lang='lat' dir='ltr'><strong>cum</strong></span> <span class='ocrx_word' id='word_1_304' title='bbox 1329 2721 1663 2797; x_wconf 85' lang='lat' dir='ltr'><strong>subterfugit</strong></span> <span class='ocrx_word' id='word_1_305' title='bbox 1701 2739 1800 2778; x_wconf 85' lang='lat' dir='ltr'><strong>au-</strong></span> 
     </span>
    </p>
   </div>
   <div class='ocr_carea' id='block_1_44' title="bbox 180 2809 1801 2881">
    <p class='ocr_par' dir='ltr' id='par_1_44' title="bbox 180 2809 1801 2881">
     <span class='ocr_line' id='line_1_44' title="bbox 180 2809 1801 2881; baseline 0.001 -15"><span class='ocrx_word' id='word_1_306' title='bbox 180 2809 413 2876; x_wconf 90' lang='lat' dir='ltr'><strong>dientia,</strong></span> <span class='ocrx_word' id='word_1_307' title='bbox 464 2824 628 2881; x_wconf 91' lang='lat' dir='ltr'><strong>quem</strong></span> <span class='ocrx_word' id='word_1_308' title='bbox 684 2810 743 2864; x_wconf 91' lang='lat' dir='ltr'><strong>in</strong></span> <span class='ocrx_word' id='word_1_309' title='bbox 809 2810 1006 2881; x_wconf 81' lang='lat' dir='ltr'><strong>peritia</strong></span> <span class='ocrx_word' id='word_1_310' title='bbox 1066 2811 1376 2866; x_wconf 87' lang='lat' dir='ltr'><strong>liberalium</strong></span> <span class='ocrx_word' id='word_1_311' title='bbox 1431 2813 1629 2868; x_wconf 88' lang='lat' dir='ltr'><strong>artium</strong></span> <span class='ocrx_word' id='word_1_312' title='bbox 1686 2818 1801 2867; x_wconf 86' lang='lat' dir='ltr'><strong>tota</strong></span> 
     </span>
    </p>
   </div>
   <div class='ocr_carea' id='block_1_45' title="bbox 181 2904 1804 2979">
    <p class='ocr_par' dir='ltr' id='par_1_45' title="bbox 181 2904 1804 2979">
     <span class='ocr_line' id='line_1_45' title="bbox 181 2904 1804 2979; baseline 0 -18"><span class='ocrx_word' id='word_1_313' title='bbox 181 2904 517 2979; x_wconf 65' lang='lat' dir='ltr'><strong>praedicabat</strong></span> <span class='ocrx_word' id='word_1_314' title='bbox 543 2904 790 2959; x_wconf 85' lang='lat' dir='ltr'><strong>Francia.</strong></span> <span class='ocrx_word' id='word_1_315' title='bbox 842 2906 907 2960; x_wconf 85' lang='lat' dir='ltr'><strong>At</strong></span> <span class='ocrx_word' id='word_1_316' title='bbox 956 2913 1245 2976; x_wconf 87' lang='lat' dir='ltr'><strong>postquam</strong></span> <span class='ocrx_word' id='word_1_317' title='bbox 1278 2913 1338 2962; x_wconf 87' lang='lat' dir='ltr'><strong>ut</strong></span> <span class='ocrx_word' id='word_1_318' title='bbox 1396 2923 1529 2977; x_wconf 87' lang='lat' dir='ltr'><strong>apes</strong></span> <span class='ocrx_word' id='word_1_319' title='bbox 1557 2908 1804 2978; x_wconf 88' lang='lat' dir='ltr'><strong>pruden-</strong></span> 
     </span>
    </p>
   </div>
   <div class='ocr_carea' id='block_1_46' title="bbox 177 2993 1869 3084">
    <p class='ocr_par' dir='ltr' id='par_1_46' title="bbox 177 2993 1869 3084">
     <span class='ocr_line' id='line_1_46' title="bbox 177 2993 1869 3084; baseline -0.001 -33"><span class='ocrx_word' id='word_1_320' title='bbox 177 2994 393 3067; x_wconf 81' lang='lat' dir='ltr'><strong>tissima</strong></span> <span class='ocrx_word' id='word_1_321' title='bbox 432 3010 531 3065; x_wconf 91' lang='lat' dir='ltr'><strong>per</strong></span> <span class='ocrx_word' id='word_1_322' title='bbox 569 2993 740 3050; x_wconf 85' lang='lat' dir='ltr'><strong>ﬂorea</strong></span> <span class='ocrx_word' id='word_1_323' title='bbox 773 3011 898 3050; x_wconf 89' lang='lat' dir='ltr'><strong>rura</strong></span> <span class='ocrx_word' id='word_1_324' title='bbox 952 3002 1242 3058; x_wconf 66' lang='lat' dir='ltr'><strong>exercutus,</strong></span> <span class='ocrx_word' id='word_1_325' title='bbox 1279 2996 1488 3068; x_wconf 90' lang='lat' dir='ltr'><strong>liquido</strong></span> <span class='ocrx_word' id='word_1_326' title='bbox 1533 2996 1798 3052; x_wconf 80' lang='lat' dir='ltr'><strong>doctrinae</strong></span> <span class='ocrx_word' id='word_1_327' title='bbox 1822 3019 1869 3084; x_wconf 45' lang='grc' dir='ltr'><strong>(ἶ</strong></span> 
     </span>
    </p>
   </div>
   <div class='ocr_carea' id='block_1_47' title="bbox 179 3086 1795 3154">
    <p class='ocr_par' dir='ltr' id='par_1_47' title="bbox 179 3086 1795 3154">
     <span class='ocr_line' id='line_1_47' title="bbox 179 3086 1795 3154; baseline -0.001 -10"><span class='ocrx_word' id='word_1_328' title='bbox 179 3093 406 3144; x_wconf 87' lang='lat' dir='ltr'><strong>nectare</strong></span> <span class='ocrx_word' id='word_1_329' title='bbox 434 3094 523 3142; x_wconf 89' lang='lat' dir='ltr'><strong>est</strong></span> <span class='ocrx_word' id='word_1_330' title='bbox 560 3086 853 3154; x_wconf 88' lang='lat' dir='ltr'><strong>distentus,</strong></span> <span class='ocrx_word' id='word_1_331' title='bbox 886 3086 954 3141; x_wconf 85' lang='lat' dir='ltr'><strong>ad</strong></span> <span class='ocrx_word' id='word_1_332' title='bbox 985 3088 1283 3143; x_wconf 88' lang='lat' dir='ltr'><strong>alvearium</strong></span> <span class='ocrx_word' id='word_1_333' title='bbox 1314 3089 1555 3144; x_wconf 86' lang='lat' dir='ltr'><strong>coenobii</strong></span> <span class='ocrx_word' id='word_1_334' title='bbox 1593 3088 1679 3144; x_wconf 92' lang='lat' dir='ltr'><strong>sui</strong></span> <span class='ocrx_word' id='word_1_335' title='bbox 1710 3096 1795 3143; x_wconf 88' lang='lat' dir='ltr'><strong>est</strong></span> 
     </span>
    </p>
   </div>
   <div class='ocr_carea' id='block_1_48' title="bbox 178 3177 1793 3254">
    <p class='ocr_par' dir='ltr' id='par_1_48' title="bbox 178 3177 1793 3254">
     <span class='ocr_line' id='line_1_48' title="bbox 178 3177 1793 3254; baseline 0.001 -20"><span class='ocrx_word' id='word_1_336' title='bbox 178 3194 488 3252; x_wconf 78' lang='lat' dir='ltr'><strong>regressus,</strong></span> <span class='ocrx_word' id='word_1_337' title='bbox 522 3177 711 3250; x_wconf 89' lang='lat' dir='ltr'><strong>ibique</strong></span> <span class='ocrx_word' id='word_1_338' title='bbox 736 3178 959 3237; x_wconf 89' lang='lat' dir='ltr'><strong>vivebat</strong></span> <span class='ocrx_word' id='word_1_339' title='bbox 986 3179 1245 3254; x_wconf 82' lang='lat' dir='ltr'><strong>religiose</strong></span> <span class='ocrx_word' id='word_1_340' title='bbox 1266 3180 1568 3248; x_wconf 82' lang='lat' dir='ltr'><strong>studiosus,</strong></span> <span class='ocrx_word' id='word_1_341' title='bbox 1596 3186 1650 3235; x_wconf 90' lang='lat' dir='ltr'><strong>et</strong></span> <span class='ocrx_word' id='word_1_342' title='bbox 1679 3186 1793 3235; x_wconf 88' lang='lat' dir='ltr'><strong>stu-</strong></span> 
     </span>
    </p>
   </div>
   <div class='ocr_carea' id='block_1_49' title="bbox 178 3267 685 3341">
    <p class='ocr_par' dir='ltr' id='par_1_49' title="bbox 178 3267 685 3341">
     <span class='ocr_line' id='line_1_49' title="bbox 178 3267 685 3341; baseline 0.002 -19"><span class='ocrx_word' id='word_1_343' title='bbox 178 3268 340 3324; x_wconf 88' lang='lat' dir='ltr'><strong>diose</strong></span> <span class='ocrx_word' id='word_1_344' title='bbox 374 3267 685 3341; x_wconf 86' lang='lat' dir='ltr'><strong>religiosus.</strong></span> 
     </span>
    </p>
   </div>
   <div class='ocr_carea' id='block_1_50' title="bbox 249 3359 1799 3434">
    <p class='ocr_par' dir='ltr' id='par_1_50' title="bbox 249 3359 1799 3434">
     <span class='ocr_line' id='line_1_50' title="bbox 249 3359 1799 3434; baseline 0.001 -18"><span class='ocrx_word' id='word_1_345' title='bbox 249 3359 341 3417; x_wconf 76' lang='lat'><strong>21.</strong></span> <span class='ocrx_word' id='word_1_346' title='bbox 378 3359 452 3415; x_wconf 87' lang='lat' dir='ltr'><strong>Ea</strong></span> <span class='ocrx_word' id='word_1_347' title='bbox 492 3365 817 3431; x_wconf 89' lang='lat' dir='ltr'><strong>tempestate</strong></span> <span class='ocrx_word' id='word_1_348' title='bbox 873 3362 1220 3418; x_wconf 82' lang='lat' dir='ltr'><strong>Burchardus</strong></span> <span class='ocrx_word' id='word_1_349' title='bbox 1276 3363 1499 3434; x_wconf 88' lang='lat' dir='ltr'><strong>quidam</strong></span> <span class='ocrx_word' id='word_1_350' title='bbox 1538 3363 1595 3418; x_wconf 91' lang='lat' dir='ltr'><strong>in</strong></span> <span class='ocrx_word' id='word_1_351' title='bbox 1637 3365 1799 3420; x_wconf 89' lang='lat' dir='ltr'><strong>Wor-</strong></span> 
     </span>
    </p>
   </div>
   <div class='ocr_carea' id='block_1_51' title="bbox 178 3453 1795 3529">
    <p class='ocr_par' dir='ltr' id='par_1_51' title="bbox 178 3453 1795 3529">
     <span class='ocr_line' id='line_1_51' title="bbox 178 3453 1795 3529; baseline 0.001 -18"><span class='ocrx_word' id='word_1_352' title='bbox 178 3454 426 3511; x_wconf 88' lang='lat' dir='ltr'><strong>macensi</strong></span> <span class='ocrx_word' id='word_1_353' title='bbox 457 3453 678 3510; x_wconf 90' lang='lat' dir='ltr'><strong>civitate</strong></span> <span class='ocrx_word' id='word_1_354' title='bbox 716 3456 877 3510; x_wconf 86' lang='lat' dir='ltr'><strong>datus</strong></span> <span class='ocrx_word' id='word_1_355' title='bbox 907 3464 1023 3511; x_wconf 88' lang='lat' dir='ltr'><strong>erat</strong></span> <span class='ocrx_word' id='word_1_356' title='bbox 1054 3457 1373 3529; x_wconf 88' lang='lat' dir='ltr'><strong>episcopus,</strong></span> <span class='ocrx_word' id='word_1_357' title='bbox 1405 3458 1489 3513; x_wconf 90' lang='lat' dir='ltr'><strong>vir</strong></span> <span class='ocrx_word' id='word_1_358' title='bbox 1513 3474 1634 3513; x_wconf 85' lang='lat' dir='ltr'><strong>cum</strong></span> <span class='ocrx_word' id='word_1_359' title='bbox 1669 3457 1795 3528; x_wconf 88' lang='lat' dir='ltr'><strong>epi-</strong></span> 
     </span>
    </p>
   </div>
   <div class='ocr_carea' id='block_1_52' title="bbox 178 3542 1799 3620">
    <p class='ocr_par' dir='ltr' id='par_1_52' title="bbox 178 3542 1799 3620">
     <span class='ocr_line' id='line_1_52' title="bbox 178 3542 1799 3620; baseline 0.001 -21"><span class='ocrx_word' id='word_1_360' title='bbox 178 3542 387 3615; x_wconf 87' lang='lat' dir='ltr'><strong>scopali</strong></span> <span class='ocrx_word' id='word_1_361' title='bbox 426 3544 632 3599; x_wconf 87' lang='lat' dir='ltr'><strong>honore</strong></span> <span class='ocrx_word' id='word_1_362' title='bbox 665 3560 776 3599; x_wconf 90' lang='lat' dir='ltr'><strong>non</strong></span> <span class='ocrx_word' id='word_1_363' title='bbox 806 3544 1086 3620; x_wconf 89' lang='lat' dir='ltr'><strong>indignus,</strong></span> <span class='ocrx_word' id='word_1_364' title='bbox 1128 3552 1241 3600; x_wconf 88' lang='lat' dir='ltr'><strong>tum</strong></span> <span class='ocrx_word' id='word_1_365' title='bbox 1303 3562 1399 3617; x_wconf 93' lang='lat' dir='ltr'><strong>pro</strong></span> <span class='ocrx_word' id='word_1_366' title='bbox 1423 3546 1688 3615; x_wconf 81' lang='lat' dir='ltr'><strong>juvenilis</strong></span> <span class='ocrx_word' id='word_1_367' title='bbox 1722 3563 1799 3601; x_wconf 74' lang='lat' dir='ltr'><strong>ae-</strong></span> 
     </span>
    </p>
   </div>
   <div class='ocr_carea' id='block_1_53' title="bbox 181 3637 1801 3711">
    <p class='ocr_par' dir='ltr' id='par_1_53' title="bbox 181 3637 1801 3711">
     <span class='ocr_line' id='line_1_53' title="bbox 181 3637 1801 3711; baseline -0.001 -17"><span class='ocrx_word' id='word_1_368' title='bbox 181 3638 311 3695; x_wconf 85' lang='lat' dir='ltr'><strong>tatis</strong></span> <span class='ocrx_word' id='word_1_369' title='bbox 359 3639 569 3693; x_wconf 88' lang='lat' dir='ltr'><strong>fervore</strong></span> <span class='ocrx_word' id='word_1_370' title='bbox 622 3637 923 3694; x_wconf 88' lang='lat' dir='ltr'><strong>litterarum</strong></span> <span class='ocrx_word' id='word_1_371' title='bbox 970 3639 1167 3694; x_wconf 89' lang='lat' dir='ltr'><strong>studiis</strong></span> <span class='ocrx_word' id='word_1_372' title='bbox 1207 3646 1480 3711; x_wconf 88' lang='lat' dir='ltr'><strong>oportune</strong></span> <span class='ocrx_word' id='word_1_373' title='bbox 1539 3641 1801 3695; x_wconf 88' lang='lat' dir='ltr'><strong>intentus.</strong></span> 
     </span>
    </p>
   </div>
   <div class='ocr_carea' id='block_1_54' title="bbox 184 3726 1808 3803">
    <p class='ocr_par' dir='ltr' id='par_1_54' title="bbox 184 3726 1808 3803">
     <span class='ocr_line' id='line_1_54' title="bbox 184 3726 1808 3803; baseline 0.001 -20"><span class='ocrx_word' id='word_1_374' title='bbox 184 3728 236 3783; x_wconf 78' lang='lat' dir='ltr'><strong>is</strong></span> <span class='ocrx_word' id='word_1_375' title='bbox 286 3726 537 3782; x_wconf 88' lang='lat' dir='ltr'><strong>Baldrico</strong></span> <span class='ocrx_word' id='word_1_376' title='bbox 561 3727 769 3799; x_wconf 81' lang='lat' dir='ltr'><strong>juntori</strong></span> <span class='ocrx_word' id='word_1_377' title='bbox 821 3727 1222 3803; x_wconf 88' lang='lat' dir='ltr'><strong>Tungrensium</strong></span> <span class='ocrx_word' id='word_1_378' title='bbox 1283 3729 1547 3801; x_wconf 86' lang='lat' dir='ltr'><strong>episcopo</strong></span> <span class='ocrx_word' id='word_1_379' title='bbox 1578 3728 1808 3784; x_wconf 83' lang='lat' dir='ltr'><strong>fiducia-</strong></span> 
     </span>
    </p>
   </div>
   <div class='ocr_carea' id='block_1_55' title="bbox 1897 1801 2208 1857">
    <p class='ocr_par' dir='ltr' id='par_1_55' title="bbox 1897 1801 2208 1857">
     <span class='ocr_line' id='line_1_55' title="bbox 1897 1801 2208 1857; baseline 0.006 -2"><span class='ocrx_word' id='word_1_380' title='bbox 1897 1801 2208 1857; x_wconf 90' lang='lat' dir='ltr'><strong>mendatur.</strong></span> 
     </span>
    </p>
   </div>
   <div class='ocr_carea' id='block_1_56' title="bbox 1964 1893 3505 1973">
    <p class='ocr_par' dir='ltr' id='par_1_56' title="bbox 1964 1893 3505 1973">
     <span class='ocr_line' id='line_1_56' title="bbox 1964 1893 3505 1973; baseline 0.006 -26"><span class='ocrx_word' id='word_1_381' title='bbox 1964 1893 2054 1950; x_wconf 76' lang='lat'><strong>28.</strong></span> <span class='ocrx_word' id='word_1_382' title='bbox 2115 1893 2245 1949; x_wconf 88' lang='lat' dir='ltr'><strong>Cum</strong></span> <span class='ocrx_word' id='word_1_383' title='bbox 2292 1910 2426 1968; x_wconf 86' lang='lat' dir='ltr'><strong>ergo</strong></span> <span class='ocrx_word' id='word_1_384' title='bbox 2455 1896 2611 1953; x_wconf 92' lang='lat' dir='ltr'><strong>locus</strong></span> <span class='ocrx_word' id='word_1_385' title='bbox 2655 1897 3121 1955; x_wconf 88' lang='lat' dir='ltr'><strong>Gemmelacensis</strong></span> <span class='ocrx_word' id='word_1_386' title='bbox 3150 1906 3371 1956; x_wconf 88' lang='lat' dir='ltr'><strong>vacaret</strong></span> <span class='ocrx_word' id='word_1_387' title='bbox 3394 1916 3505 1973; x_wconf 80' lang='lat' dir='ltr'><strong>pa-</strong></span> 
     </span>
    </p>
   </div>
   <div class='ocr_carea' id='block_1_57' title="bbox 1895 1983 3515 2063">
    <p class='ocr_par' dir='ltr' id='par_1_57' title="bbox 1895 1983 3515 2063">
     <span class='ocr_line' id='line_1_57' title="bbox 1895 1983 3515 2063; baseline 0.006 -27"><span class='ocrx_word' id='word_1_388' title='bbox 1895 1991 2064 2050; x_wconf 88' lang='lat' dir='ltr'><strong>store,</strong></span> <span class='ocrx_word' id='word_1_389' title='bbox 2100 1983 2378 2040; x_wconf 89' lang='lat' dir='ltr'><strong>Baldricus</strong></span> <span class='ocrx_word' id='word_1_390' title='bbox 2415 1986 2712 2058; x_wconf 87' lang='lat' dir='ltr'><strong>episcopus</strong></span> <span class='ocrx_word' id='word_1_391' title='bbox 2748 1988 2986 2044; x_wconf 87' lang='lat' dir='ltr'><strong>sollicita</strong></span> <span class='ocrx_word' id='word_1_392' title='bbox 3015 2004 3140 2044; x_wconf 92' lang='lat' dir='ltr'><strong>cum</strong></span> <span class='ocrx_word' id='word_1_393' title='bbox 3172 1990 3288 2045; x_wconf 88' lang='lat' dir='ltr'><strong>suis</strong></span> <span class='ocrx_word' id='word_1_394' title='bbox 3314 1989 3515 2063; x_wconf 82' lang='lat' dir='ltr'><strong>agebat</strong></span> 
     </span>
    </p>
   </div>
   <div class='ocr_carea' id='block_1_58' title="bbox 1897 2072 3514 2151">
    <p class='ocr_par' dir='ltr' id='par_1_58' title="bbox 1897 2072 3514 2151">
     <span class='ocr_line' id='line_1_58' title="bbox 1897 2072 3514 2151; baseline 0.004 -24"><span class='ocrx_word' id='word_1_395' title='bbox 1897 2072 2319 2143; x_wconf 89' lang='lat' dir='ltr'><strong>deliberatione,</strong></span> <span class='ocrx_word' id='word_1_396' title='bbox 2351 2077 2446 2148; x_wconf 92' lang='lat' dir='ltr'><strong>qui</strong></span> <span class='ocrx_word' id='word_1_397' title='bbox 2500 2077 2702 2151; x_wconf 89' lang='lat' dir='ltr'><strong>dignus</strong></span> <span class='ocrx_word' id='word_1_398' title='bbox 2733 2085 2880 2134; x_wconf 86' lang='lat' dir='ltr'><strong>esset</strong></span> <span class='ocrx_word' id='word_1_399' title='bbox 2910 2077 3073 2147; x_wconf 90' lang='lat' dir='ltr'><strong>hujus</strong></span> <span class='ocrx_word' id='word_1_400' title='bbox 3119 2079 3514 2149; x_wconf 88' lang='lat' dir='ltr'><strong>pastoralitatis</strong></span> 
     </span>
    </p>
   </div>
   <div class='ocr_carea' id='block_1_59' title="bbox 1898 2172 3511 2245">
    <p class='ocr_par' dir='ltr' id='par_1_59' title="bbox 1898 2172 3511 2245">
     <span class='ocr_line' id='line_1_59' title="bbox 1898 2172 3511 2245; baseline 0.005 -22"><span class='ocrx_word' id='word_1_401' title='bbox 1898 2184 2084 2224; x_wconf 89' lang='lat' dir='ltr'><strong>curam</strong></span> <span class='ocrx_word' id='word_1_402' title='bbox 2106 2172 2406 2243; x_wconf 85' lang='lat' dir='ltr'><strong>suscipere.</strong></span> <span class='ocrx_word' id='word_1_403' title='bbox 2441 2173 2516 2227; x_wconf 87' lang='lat' dir='ltr'><strong>Ad</strong></span> <span class='ocrx_word' id='word_1_404' title='bbox 2549 2189 2821 2228; x_wconf 90' lang='lat' dir='ltr'><strong>summum</strong></span> <span class='ocrx_word' id='word_1_405' title='bbox 2854 2173 3058 2245; x_wconf 90' lang='lat' dir='ltr'><strong>placuit</strong></span> <span class='ocrx_word' id='word_1_406' title='bbox 3097 2174 3343 2229; x_wconf 89' lang='lat' dir='ltr'><strong>omnium</strong></span> <span class='ocrx_word' id='word_1_407' title='bbox 3377 2191 3511 2231; x_wconf 89' lang='lat' dir='ltr'><strong>sen-</strong></span> 
     </span>
    </p>
   </div>
   <div class='ocr_carea' id='block_1_60' title="bbox 1898 2259 3508 2336">
    <p class='ocr_par' dir='ltr' id='par_1_60' title="bbox 1898 2259 3508 2336">
     <span class='ocr_line' id='line_1_60' title="bbox 1898 2259 3508 2336; baseline 0.006 -25"><span class='ocrx_word' id='word_1_408' title='bbox 1898 2259 2102 2314; x_wconf 63' lang='lat' dir='ltr'><strong>tentiae.</strong></span> <span class='ocrx_word' id='word_1_409' title='bbox 2131 2260 2353 2317; x_wconf 89' lang='lat' dir='ltr'><strong>Olberto</strong></span> <span class='ocrx_word' id='word_1_410' title='bbox 2370 2260 2591 2336; x_wconf 89' lang='lat' dir='ltr'><strong>gemina</strong></span> <span class='ocrx_word' id='word_1_411' title='bbox 2608 2262 2838 2318; x_wconf 90' lang='lat' dir='ltr'><strong>scientia</strong></span> <span class='ocrx_word' id='word_1_412' title='bbox 2859 2263 3128 2319; x_wconf 84' lang='lat' dir='ltr'><strong>adornata</strong></span> <span class='ocrx_word' id='word_1_413' title='bbox 3152 2264 3300 2318; x_wconf 86' lang='lat' dir='ltr'><strong>hunc</strong></span> <span class='ocrx_word' id='word_1_414' title='bbox 3329 2263 3508 2320; x_wconf 92' lang='lat' dir='ltr'><strong>locum</strong></span> 
     </span>
    </p>
   </div>
   <div class='ocr_carea' id='block_1_61' title="bbox 1900 2352 3510 2428">
    <p class='ocr_par' dir='ltr' id='par_1_61' title="bbox 1900 2352 3510 2428">
     <span class='ocr_line' id='line_1_61' title="bbox 1900 2352 3510 2428; baseline 0.004 -23"><span class='ocrx_word' id='word_1_415' title='bbox 1900 2368 2013 2422; x_wconf 82' lang='lat' dir='ltr'><strong>prae</strong></span> <span class='ocrx_word' id='word_1_416' title='bbox 2044 2352 2303 2408; x_wconf 89' lang='lat' dir='ltr'><strong>omnibus</strong></span> <span class='ocrx_word' id='word_1_417' title='bbox 2355 2362 2689 2424; x_wconf 90' lang='lat' dir='ltr'><strong>competere.</strong></span> <span class='ocrx_word' id='word_1_418' title='bbox 2729 2354 2903 2428; x_wconf 87' lang='lat' dir='ltr'><strong>Igitur</strong></span> <span class='ocrx_word' id='word_1_419' title='bbox 2953 2355 3022 2410; x_wconf 92' lang='lat' dir='ltr'><strong>ab</strong></span> <span class='ocrx_word' id='word_1_420' title='bbox 3078 2354 3342 2427; x_wconf 87' lang='lat' dir='ltr'><strong>episcopo</strong></span> <span class='ocrx_word' id='word_1_421' title='bbox 3387 2371 3510 2412; x_wconf 91' lang='lat' dir='ltr'><strong>cum</strong></span> 
     </span>
    </p>
   </div>
   <div class='ocr_carea' id='block_1_62' title="bbox 1901 2443 3507 2515">
    <p class='ocr_par' dir='ltr' id='par_1_62' title="bbox 1901 2443 3507 2515">
     <span class='ocr_line' id='line_1_62' title="bbox 1901 2443 3507 2515; baseline 0.004 -20"><span class='ocrx_word' id='word_1_422' title='bbox 1901 2443 2252 2515; x_wconf 88' lang='lat' dir='ltr'><strong>lngobrando</strong></span> <span class='ocrx_word' id='word_1_423' title='bbox 2283 2444 2484 2499; x_wconf 87' lang='lat' dir='ltr'><strong>abbate</strong></span> <span class='ocrx_word' id='word_1_424' title='bbox 2523 2460 2625 2499; x_wconf 91' lang='lat' dir='ltr'><strong>suo</strong></span> <span class='ocrx_word' id='word_1_425' title='bbox 2664 2444 2961 2499; x_wconf 88' lang='lat' dir='ltr'><strong>accersitus</strong></span> <span class='ocrx_word' id='word_1_426' title='bbox 3008 2445 3104 2499; x_wconf 91' lang='lat' dir='ltr'><strong>Dei</strong></span> <span class='ocrx_word' id='word_1_427' title='bbox 3147 2451 3202 2499; x_wconf 87' lang='lat' dir='ltr'><strong>et</strong></span> <span class='ocrx_word' id='word_1_428' title='bbox 3259 2445 3507 2501; x_wconf 92' lang='lat' dir='ltr'><strong>omnium</strong></span> 
     </span>
    </p>
   </div>
   <div class='ocr_carea' id='block_1_63' title="bbox 1900 2530 3511 2604">
    <p class='ocr_par' dir='ltr' id='par_1_63' title="bbox 1900 2530 3511 2604">
     <span class='ocr_line' id='line_1_63' title="bbox 1900 2530 3511 2604; baseline 0.003 -21"><span class='ocrx_word' id='word_1_429' title='bbox 1900 2530 2410 2600; x_wconf 90' lang='lat' dir='ltr'><strong>bonorumjudicio</strong></span> <span class='ocrx_word' id='word_1_430' title='bbox 2464 2532 2532 2587; x_wconf 89' lang='lat' dir='ltr'><strong>ad</strong></span> <span class='ocrx_word' id='word_1_431' title='bbox 2564 2532 2811 2604; x_wconf 89' lang='lat' dir='ltr'><strong>regimen</strong></span> <span class='ocrx_word' id='word_1_432' title='bbox 2858 2533 3122 2588; x_wconf 73' lang='lat' dir='ltr'><strong>aecclesiae</strong></span> <span class='ocrx_word' id='word_1_433' title='bbox 3168 2540 3251 2587; x_wconf 90' lang='lat' dir='ltr'><strong>est</strong></span> <span class='ocrx_word' id='word_1_434' title='bbox 3280 2533 3511 2599; x_wconf 90' lang='lat' dir='ltr'><strong>electus,</strong></span> 
     </span>
    </p>
   </div>
   <div class='ocr_carea' id='block_1_64' title="bbox 1900 2620 3515 2695">
    <p class='ocr_par' dir='ltr' id='par_1_64' title="bbox 1900 2620 3515 2695">
     <span class='ocr_line' id='line_1_64' title="bbox 1900 2620 3515 2695; baseline 0.001 -21"><span class='ocrx_word' id='word_1_435' title='bbox 1900 2626 1955 2674; x_wconf 90' lang='lat' dir='ltr'><strong>et</strong></span> <span class='ocrx_word' id='word_1_436' title='bbox 1982 2636 2081 2689; x_wconf 89' lang='lat' dir='ltr'><strong>per</strong></span> <span class='ocrx_word' id='word_1_437' title='bbox 2110 2637 2306 2676; x_wconf 89' lang='lat' dir='ltr'><strong>manus</strong></span> <span class='ocrx_word' id='word_1_438' title='bbox 2359 2621 2695 2695; x_wconf 81' lang='lat' dir='ltr'><strong>Ingobrandi</strong></span> <span class='ocrx_word' id='word_1_439' title='bbox 2731 2620 2948 2676; x_wconf 88' lang='lat' dir='ltr'><strong>abbatis</strong></span> <span class='ocrx_word' id='word_1_440' title='bbox 2986 2627 3041 2677; x_wconf 91' lang='lat' dir='ltr'><strong>et</strong></span> <span class='ocrx_word' id='word_1_441' title='bbox 3074 2620 3392 2678; x_wconf 86' lang='lat' dir='ltr'><strong>Godescalci</strong></span> <span class='ocrx_word' id='word_1_442' title='bbox 3430 2637 3515 2677; x_wconf 87' lang='lat' dir='ltr'><strong>ar-</strong></span> 
     </span>
    </p>
   </div>
   <div class='ocr_carea' id='block_1_65' title="bbox 1900 2709 3517 2767">
    <p class='ocr_par' dir='ltr' id='par_1_65' title="bbox 1900 2709 3517 2767">
     <span class='ocr_line' id='line_1_65' title="bbox 1900 2709 3517 2767; baseline 0.002 -3"><span class='ocrx_word' id='word_1_443' title='bbox 1900 2709 2213 2765; x_wconf 90' lang='lat' dir='ltr'><strong>chidiaconi</strong></span> <span class='ocrx_word' id='word_1_444' title='bbox 2252 2710 2383 2765; x_wconf 90' lang='lat' dir='ltr'><strong>illuc</strong></span> <span class='ocrx_word' id='word_1_445' title='bbox 2434 2717 2517 2765; x_wconf 87' lang='lat' dir='ltr'><strong>est</strong></span> <span class='ocrx_word' id='word_1_446' title='bbox 2555 2710 2878 2766; x_wconf 89' lang='lat' dir='ltr'><strong>destinatus.</strong></span> <span class='ocrx_word' id='word_1_447' title='bbox 2939 2710 3418 2766; x_wconf 87' lang='lat' dir='ltr'><strong>Gemmelacenses</strong></span> <span class='ocrx_word' id='word_1_448' title='bbox 3455 2716 3517 2767; x_wconf 89' lang='lat' dir='ltr'><strong>ut</strong></span> 
     </span>
    </p>
   </div>
   <div class='ocr_carea' id='block_1_66' title="bbox 1899 2805 3514 2874">
    <p class='ocr_par' dir='ltr' id='par_1_66' title="bbox 1899 2805 3514 2874">
     <span class='ocr_line' id='line_1_66' title="bbox 1899 2805 3514 2874; baseline -0.001 -12"><span class='ocrx_word' id='word_1_449' title='bbox 1899 2807 2193 2862; x_wconf 89' lang='lat' dir='ltr'><strong>audierunt</strong></span> <span class='ocrx_word' id='word_1_450' title='bbox 2223 2806 2551 2862; x_wconf 89' lang='lat' dir='ltr'><strong>inconsultis</strong></span> <span class='ocrx_word' id='word_1_451' title='bbox 2579 2806 2684 2861; x_wconf 91' lang='lat' dir='ltr'><strong>sibi</strong></span> <span class='ocrx_word' id='word_1_452' title='bbox 2727 2805 2982 2861; x_wconf 90' lang='lat' dir='ltr'><strong>abbatem</strong></span> <span class='ocrx_word' id='word_1_453' title='bbox 3024 2806 3188 2874; x_wconf 88' lang='lat' dir='ltr'><strong>mitti,</strong></span> <span class='ocrx_word' id='word_1_454' title='bbox 3217 2805 3385 2861; x_wconf 90' lang='lat' dir='ltr'><strong>stulta</strong></span> <span class='ocrx_word' id='word_1_455' title='bbox 3412 2822 3514 2861; x_wconf 89' lang='lat' dir='ltr'><strong>ru-</strong></span> 
     </span>
    </p>
   </div>
   <div class='ocr_carea' id='block_1_67' title="bbox 1902 2896 3516 2970">
    <p class='ocr_par' dir='ltr' id='par_1_67' title="bbox 1902 2896 3516 2970">
     <span class='ocr_line' id='line_1_67' title="bbox 1902 2896 3516 2970; baseline -0.001 -16"><span class='ocrx_word' id='word_1_456' title='bbox 1902 2900 2135 2955; x_wconf 88' lang='lat' dir='ltr'><strong>sticitate</strong></span> <span class='ocrx_word' id='word_1_457' title='bbox 2167 2899 2469 2970; x_wconf 86' lang='lat' dir='ltr'><strong>cpiscOpali</strong></span> <span class='ocrx_word' id='word_1_458' title='bbox 2492 2899 2823 2962; x_wconf 89' lang='lat' dir='ltr'><strong>auctoritati,</strong></span> <span class='ocrx_word' id='word_1_459' title='bbox 2857 2898 3022 2953; x_wconf 90' lang='lat' dir='ltr'><strong>immo</strong></span> <span class='ocrx_word' id='word_1_460' title='bbox 3048 2898 3146 2953; x_wconf 90' lang='lat' dir='ltr'><strong>Dei</strong></span> <span class='ocrx_word' id='word_1_461' title='bbox 3177 2896 3516 2954; x_wconf 88' lang='lat' dir='ltr'><strong>ordinationi</strong></span> 
     </span>
    </p>
   </div>
   <div class='ocr_carea' id='block_1_68' title="bbox 1899 2991 3516 3061">
    <p class='ocr_par' dir='ltr' id='par_1_68' title="bbox 1899 2991 3516 3061">
     <span class='ocr_line' id='line_1_68' title="bbox 1899 2991 3516 3061; baseline -0.001 -11"><span class='ocrx_word' id='word_1_462' title='bbox 1899 2995 2192 3050; x_wconf 90' lang='lat' dir='ltr'><strong>voluerunt</strong></span> <span class='ocrx_word' id='word_1_463' title='bbox 2220 2993 2415 3057; x_wconf 91' lang='lat' dir='ltr'><strong>obniti,</strong></span> <span class='ocrx_word' id='word_1_464' title='bbox 2452 2994 2659 3049; x_wconf 89' lang='lat' dir='ltr'><strong>nullam</strong></span> <span class='ocrx_word' id='word_1_465' title='bbox 2676 2993 2924 3049; x_wconf 86' lang='lat' dir='ltr'><strong>volentes</strong></span> <span class='ocrx_word' id='word_1_466' title='bbox 2955 2993 3218 3049; x_wconf 87' lang='lat' dir='ltr'><strong>exhibere</strong></span> <span class='ocrx_word' id='word_1_467' title='bbox 3247 2998 3302 3047; x_wconf 91' lang='lat' dir='ltr'><strong>et</strong></span> <span class='ocrx_word' id='word_1_468' title='bbox 3318 2991 3516 3061; x_wconf 88' lang='lat' dir='ltr'><strong>subje-</strong></span> 
     </span>
    </p>
   </div>
   <div class='ocr_carea' id='block_1_69' title="bbox 1895 3084 3520 3157">
    <p class='ocr_par' dir='ltr' id='par_1_69' title="bbox 1895 3084 3520 3157">
     <span class='ocr_line' id='line_1_69' title="bbox 1895 3084 3520 3157; baseline -0.001 -13"><span class='ocrx_word' id='word_1_469' title='bbox 1895 3089 2156 3157; x_wconf 90' lang='lat' dir='ltr'><strong>ctionem,</strong></span> <span class='ocrx_word' id='word_1_470' title='bbox 2197 3090 2354 3157; x_wconf 88' lang='lat' dir='ltr'><strong>cujus</strong></span> <span class='ocrx_word' id='word_1_471' title='bbox 2379 3089 2642 3145; x_wconf 87' lang='lat' dir='ltr'><strong>dolebant</strong></span> <span class='ocrx_word' id='word_1_472' title='bbox 2667 3089 2789 3144; x_wconf 89' lang='lat' dir='ltr'><strong>sine</strong></span> <span class='ocrx_word' id='word_1_473' title='bbox 2815 3104 2913 3143; x_wconf 90' lang='lat' dir='ltr'><strong>sua</strong></span> <span class='ocrx_word' id='word_1_474' title='bbox 2939 3088 3220 3144; x_wconf 89' lang='lat' dir='ltr'><strong>voluntate</strong></span> <span class='ocrx_word' id='word_1_475' title='bbox 3249 3094 3306 3143; x_wconf 88' lang='lat' dir='ltr'><strong>et</strong></span> <span class='ocrx_word' id='word_1_476' title='bbox 3334 3084 3520 3143; x_wconf 86' lang='lat' dir='ltr'><strong>consi-</strong></span> 
     </span>
    </p>
   </div>
   <div class='ocr_carea' id='block_1_70' title="bbox 1895 3176 3520 3248">
    <p class='ocr_par' dir='ltr' id='par_1_70' title="bbox 1895 3176 3520 3248">
     <span class='ocr_line' id='line_1_70' title="bbox 1895 3176 3520 3248; baseline -0.001 -16"><span class='ocrx_word' id='word_1_477' title='bbox 1895 3178 1970 3234; x_wconf 91' lang='lat' dir='ltr'><strong>lio</strong></span> <span class='ocrx_word' id='word_1_478' title='bbox 2000 3177 2195 3234; x_wconf 89' lang='lat' dir='ltr'><strong>factam</strong></span> <span class='ocrx_word' id='word_1_479' title='bbox 2236 3195 2361 3234; x_wconf 89' lang='lat' dir='ltr'><strong>esse</strong></span> <span class='ocrx_word' id='word_1_480' title='bbox 2401 3179 2750 3234; x_wconf 88' lang='lat' dir='ltr'><strong>electionem.</strong></span> <span class='ocrx_word' id='word_1_481' title='bbox 2805 3176 2965 3232; x_wconf 91' lang='lat' dir='ltr'><strong>Stulti</strong></span> <span class='ocrx_word' id='word_1_482' title='bbox 3022 3182 3077 3232; x_wconf 90' lang='lat' dir='ltr'><strong>et</strong></span> <span class='ocrx_word' id='word_1_483' title='bbox 3104 3176 3241 3242; x_wconf 87' lang='lat' dir='ltr'><strong>ceci,</strong></span> <span class='ocrx_word' id='word_1_484' title='bbox 3284 3176 3379 3248; x_wconf 91' lang='lat' dir='ltr'><strong>qui</strong></span> <span class='ocrx_word' id='word_1_485' title='bbox 3407 3190 3520 3232; x_wconf 90' lang='lat' dir='ltr'><strong>non</strong></span> 
     </span>
    </p>
   </div>
   <div class='ocr_carea' id='block_1_71' title="bbox 1897 3265 3523 3340">
    <p class='ocr_par' dir='ltr' id='par_1_71' title="bbox 1897 3265 3523 3340">
     <span class='ocr_line' id='line_1_71' title="bbox 1897 3265 3523 3340; baseline 0.002 -20"><span class='ocrx_word' id='word_1_486' title='bbox 1897 3266 2298 3340; x_wconf 86' lang='lat' dir='ltr'><strong>intellegebant</strong></span> <span class='ocrx_word' id='word_1_487' title='bbox 2335 3268 2534 3323; x_wconf 90' lang='lat' dir='ltr'><strong>melius</strong></span> <span class='ocrx_word' id='word_1_488' title='bbox 2562 3283 2661 3322; x_wconf 92' lang='lat' dir='ltr'><strong>sua</strong></span> <span class='ocrx_word' id='word_1_489' title='bbox 2688 3283 2787 3338; x_wconf 89' lang='lat' dir='ltr'><strong>spe</strong></span> <span class='ocrx_word' id='word_1_490' title='bbox 2814 3283 2847 3322; x_wconf 88' lang='lat' dir='ltr'><strong>a</strong></span> <span class='ocrx_word' id='word_1_491' title='bbox 2876 3267 2987 3322; x_wconf 92' lang='lat' dir='ltr'><strong>Deo</strong></span> <span class='ocrx_word' id='word_1_492' title='bbox 3014 3266 3121 3321; x_wconf 86' lang='lat' dir='ltr'><strong>sibi</strong></span> <span class='ocrx_word' id='word_1_493' title='bbox 3147 3265 3379 3322; x_wconf 91' lang='lat' dir='ltr'><strong>consuli.</strong></span> <span class='ocrx_word' id='word_1_494' title='bbox 3410 3266 3523 3323; x_wconf 85' lang='lat' dir='ltr'><strong>Re-</strong></span> 
     </span>
    </p>
   </div>
   <div class='ocr_carea' id='block_1_72' title="bbox 1897 3354 3524 3427">
    <p class='ocr_par' dir='ltr' id='par_1_72' title="bbox 1897 3354 3524 3427">
     <span class='ocr_line' id='line_1_72' title="bbox 1897 3354 3524 3427; baseline 0.001 -19"><span class='ocrx_word' id='word_1_495' title='bbox 1897 3354 2109 3427; x_wconf 90' lang='lat' dir='ltr'><strong>liquum</strong></span> <span class='ocrx_word' id='word_1_496' title='bbox 2140 3356 2249 3411; x_wconf 92' lang='lat' dir='ltr'><strong>dici</strong></span> <span class='ocrx_word' id='word_1_497' title='bbox 2277 3373 2401 3412; x_wconf 90' lang='lat' dir='ltr'><strong>cum</strong></span> <span class='ocrx_word' id='word_1_498' title='bbox 2434 3364 2600 3412; x_wconf 92' lang='lat' dir='ltr'><strong>nocte</strong></span> <span class='ocrx_word' id='word_1_499' title='bbox 2632 3355 3065 3427; x_wconf 87' lang='lat' dir='ltr'><strong>superveniente</strong></span> <span class='ocrx_word' id='word_1_500' title='bbox 3105 3355 3161 3410; x_wconf 92' lang='lat' dir='ltr'><strong>in</strong></span> <span class='ocrx_word' id='word_1_501' title='bbox 3199 3355 3301 3411; x_wconf 87' lang='lat' dir='ltr'><strong>hac</strong></span> <span class='ocrx_word' id='word_1_502' title='bbox 3337 3354 3524 3411; x_wconf 86' lang='lat' dir='ltr'><strong>rebel-</strong></span> 
     </span>
    </p>
   </div>
   <div class='ocr_carea' id='block_1_73' title="bbox 1898 3445 3515 3519">
    <p class='ocr_par' dir='ltr' id='par_1_73' title="bbox 1898 3445 3515 3519">
     <span class='ocr_line' id='line_1_73' title="bbox 1898 3445 3515 3519; baseline 0.001 -18"><span class='ocrx_word' id='word_1_503' title='bbox 1898 3446 2068 3513; x_wconf 75' lang='lat' dir='ltr'><strong>lionis</strong></span> <span class='ocrx_word' id='word_1_504' title='bbox 2117 3448 2492 3519; x_wconf 85' lang='lat' dir='ltr'><strong>obstinatione</strong></span> <span class='ocrx_word' id='word_1_505' title='bbox 2531 3455 2929 3519; x_wconf 86' lang='lat' dir='ltr'><strong>consumptum</strong></span> <span class='ocrx_word' id='word_1_506' title='bbox 2987 3453 3089 3502; x_wconf 89' lang='lat' dir='ltr'><strong>est.</strong></span> <span class='ocrx_word' id='word_1_507' title='bbox 3149 3445 3308 3503; x_wconf 80' lang='lat' dir='ltr'><strong>Mane</strong></span> <span class='ocrx_word' id='word_1_508' title='bbox 3348 3446 3515 3514; x_wconf 90' lang='lat' dir='ltr'><strong>facto,</strong></span> 
     </span>
    </p>
   </div>
   <div class='ocr_carea' id='block_1_74' title="bbox 1898 3517 3528 3613">
    <p class='ocr_par' dir='ltr' id='par_1_74' title="bbox 1898 3517 3528 3613">
     <span class='ocr_line' id='line_1_74' title="bbox 1898 3517 3528 3613; baseline 0.001 -20"><span class='ocrx_word' id='word_1_509' title='bbox 1898 3537 2167 3595; x_wconf 83' lang='lat' dir='ltr'><strong>clarorum</strong></span> <span class='ocrx_word' id='word_1_510' title='bbox 2199 3517 2441 3594; x_wconf 78' lang='lat' dir='ltr'><strong>virorum</strong></span> <span class='ocrx_word' id='word_1_511' title='bbox 2488 3539 2583 3610; x_wconf 87' lang='lat' dir='ltr'><strong>qui</strong></span> <span class='ocrx_word' id='word_1_512' title='bbox 2613 3517 2891 3613; x_wconf 84' lang='lat' dir='ltr'><strong>legatione</strong></span> <span class='ocrx_word' id='word_1_513' title='bbox 2918 3537 3171 3609; x_wconf 89' lang='lat' dir='ltr'><strong>episcopi</strong></span> <span class='ocrx_word' id='word_1_514' title='bbox 3211 3537 3528 3613; x_wconf 85' lang='lat' dir='ltr'><strong>fungeban-</strong></span> 
     </span>
    </p>
   </div>
   <div class='ocr_carea' id='block_1_75' title="bbox 1907 3629 3526 3701">
    <p class='ocr_par' dir='ltr' id='par_1_75' title="bbox 1907 3629 3526 3701">
     <span class='ocr_line' id='line_1_75' title="bbox 1907 3629 3526 3701; baseline 0 -17"><span class='ocrx_word' id='word_1_515' title='bbox 1907 3637 1996 3684; x_wconf 90' lang='lat' dir='ltr'><strong>tur</strong></span> <span class='ocrx_word' id='word_1_516' title='bbox 2026 3629 2258 3685; x_wconf 92' lang='lat' dir='ltr'><strong>emolliti</strong></span> <span class='ocrx_word' id='word_1_517' title='bbox 2287 3629 2543 3696; x_wconf 90' lang='lat' dir='ltr'><strong>consilio,</strong></span> <span class='ocrx_word' id='word_1_518' title='bbox 2598 3629 2849 3701; x_wconf 91' lang='lat' dir='ltr'><strong>quamvis</strong></span> <span class='ocrx_word' id='word_1_519' title='bbox 2897 3629 3055 3685; x_wconf 91' lang='lat' dir='ltr'><strong>inviti</strong></span> <span class='ocrx_word' id='word_1_520' title='bbox 3098 3630 3430 3686; x_wconf 86' lang='lat' dir='ltr'><strong>destiterunt</strong></span> <span class='ocrx_word' id='word_1_521' title='bbox 3456 3629 3526 3685; x_wconf 91' lang='lat' dir='ltr'><strong>ab</strong></span> 
     </span>
    </p>
   </div>
   <div class='ocr_carea' id='block_1_76' title="bbox 1910 3722 3531 3790">
    <p class='ocr_par' dir='ltr' id='par_1_76' title="bbox 1910 3722 3531 3790">
     <span class='ocr_line' id='line_1_76' title="bbox 1910 3722 3531 3790; baseline 0.001 -13"><span class='ocrx_word' id='word_1_522' title='bbox 1910 3739 2047 3778; x_wconf 90' lang='lat' dir='ltr'><strong>ausu</strong></span> <span class='ocrx_word' id='word_1_523' title='bbox 2072 3723 2385 3790; x_wconf 88' lang='lat' dir='ltr'><strong>temerario,</strong></span> <span class='ocrx_word' id='word_1_524' title='bbox 2414 3723 2503 3777; x_wconf 85' lang='lat' dir='ltr'><strong>vix</strong></span> <span class='ocrx_word' id='word_1_525' title='bbox 2530 3723 2752 3778; x_wconf 88' lang='lat' dir='ltr'><strong>tandem</strong></span> <span class='ocrx_word' id='word_1_526' title='bbox 2783 3722 3006 3778; x_wconf 91' lang='lat' dir='ltr'><strong>adducti</strong></span> <span class='ocrx_word' id='word_1_527' title='bbox 3055 3722 3383 3779; x_wconf 89' lang='lat' dir='ltr'><strong>submittere</strong></span> <span class='ocrx_word' id='word_1_528' title='bbox 3411 3740 3531 3779; x_wconf 88' lang='lat' dir='ltr'><strong>ma-</strong></span> 
     </span>
    </p>
   </div>
   <div class='ocr_carea' id='block_1_77' title="bbox 184 3814 3527 3893">
    <p class='ocr_par' dir='ltr' id='par_1_77' title="bbox 184 3814 3527 3893">
     <span class='ocr_line' id='line_1_77' title="bbox 184 3814 3527 3893; baseline 0.001 -26"><span class='ocrx_word' id='word_1_529' title='bbox 184 3819 316 3876; x_wconf 67' lang='lat' dir='ltr'><strong>lim-</strong></span> <span class='ocrx_word' id='word_1_530' title='bbox 337 3820 564 3875; x_wconf 73' lang='lat' dir='ltr'><strong>mandat</strong></span> <span class='ocrx_word' id='word_1_531' title='bbox 590 3852 661 3862; x_wconf 90' lang='grc'><strong>..-</strong></span> <span class='ocrx_word' id='word_1_532' title='bbox 689 3821 812 3890; x_wconf 80' lang='lat' dir='ltr'><strong>ejus</strong></span> <span class='ocrx_word' id='word_1_533' title='bbox 843 3837 1043 3893; x_wconf 76' lang='lat' dir='ltr'><strong>nempe</strong></span> <span class='ocrx_word' id='word_1_534' title='bbox 1075 3821 1491 3878; x_wconf 66' lang='lat' dir='ltr'><strong>contubernalis</strong></span> <span class='ocrx_word' id='word_1_535' title='bbox 1519 3829 1573 3877; x_wconf 74' lang='grc' dir='ltr'><strong>οι</strong></span> <span class='ocrx_word' id='word_1_536' title='bbox 1605 3824 1812 3879; x_wconf 72' lang='lat' dir='ltr'><strong>amicus</strong></span> <span class='ocrx_word' id='word_1_537' title='bbox 1913 3831 2018 3870; x_wconf 90' lang='lat' dir='ltr'><strong>nus</strong></span> <span class='ocrx_word' id='word_1_538' title='bbox 2056 3814 2243 3869; x_wconf 87' lang='lat' dir='ltr'><strong>abbati</strong></span> <span class='ocrx_word' id='word_1_539' title='bbox 2270 3831 2303 3868; x_wconf 90' lang='lat' dir='ltr'><strong>a</strong></span> <span class='ocrx_word' id='word_1_540' title='bbox 2331 3815 2443 3869; x_wconf 87' lang='lat' dir='ltr'><strong>Deo</strong></span> <span class='ocrx_word' id='word_1_541' title='bbox 2475 3814 2669 3869; x_wconf 89' lang='lat' dir='ltr'><strong>salutis</strong></span> <span class='ocrx_word' id='word_1_542' title='bbox 2699 3814 2769 3849; x_wconf 72' lang='lat'><strong>73&#39;</strong></span> <span class='ocrx_word' id='word_1_543' title='bbox 2799 3829 2913 3869; x_wconf 63' lang='lat' dir='ltr'><strong>suae</strong></span> <span class='ocrx_word' id='word_1_544' title='bbox 2935 3815 3136 3869; x_wconf 85' lang='lat' dir='ltr'><strong>electo.</strong></span> <span class='ocrx_word' id='word_1_545' title='bbox 3181 3814 3292 3870; x_wconf 83' lang='lat' dir='ltr'><strong>Hoc</strong></span> <span class='ocrx_word' id='word_1_546' title='bbox 3321 3814 3527 3871; x_wconf 87' lang='lat' dir='ltr'><strong>factum</strong></span> 
     </span>
    </p>
   </div>
   <div class='ocr_carea' id='block_1_78' title="bbox 182 3901 3530 3983">
    <p class='ocr_par' dir='ltr' id='par_1_78' title="bbox 182 3901 3530 3983">
     <span class='ocr_line' id='line_1_78' title="bbox 182 3901 3530 3983; baseline -0.001 -19"><span class='ocrx_word' id='word_1_547' title='bbox 182 3909 243 3964; x_wconf 90' lang='lat' dir='ltr'><strong>in</strong></span> <span class='ocrx_word' id='word_1_548' title='bbox 296 3907 512 3979; x_wconf 87' lang='lat' dir='ltr'><strong>palacio</strong></span> <span class='ocrx_word' id='word_1_549' title='bbox 541 3908 689 3983; x_wconf 89' lang='lat' dir='ltr'><strong>regis</strong></span> <span class='ocrx_word' id='word_1_550' title='bbox 736 3908 918 3965; x_wconf 86' lang='lat' dir='ltr'><strong>fuerat</strong></span> <span class='ocrx_word' id='word_1_551' title='bbox 944 3940 1015 3950; x_wconf 86' lang='lat'><strong>-—</strong></span> <span class='ocrx_word' id='word_1_552' title='bbox 1043 3919 1104 3966; x_wconf 92' lang='lat' dir='ltr'><strong>ut</strong></span> <span class='ocrx_word' id='word_1_553' title='bbox 1159 3911 1264 3966; x_wconf 85' lang='lat' dir='ltr'><strong>sibi</strong></span> <span class='ocrx_word' id='word_1_554' title='bbox 1297 3910 1535 3983; x_wconf 91' lang='lat' dir='ltr'><strong>aliquem</strong></span> <span class='ocrx_word' id='word_1_555' title='bbox 1586 3910 1808 3967; x_wconf 87' lang='lat' dir='ltr'><strong>litterali</strong></span> <span class='ocrx_word' id='word_1_556' title='bbox 1914 3912 1999 3962; x_wconf 88' lang='lat' dir='ltr'><strong>est</strong></span> <span class='ocrx_word' id='word_1_557' title='bbox 2024 3905 2058 3959; x_wconf 91' lang='lat'>8</span> <span class='ocrx_word' id='word_1_558' title='bbox 2112 3904 2242 3959; x_wconf 93' lang='lat' dir='ltr'><strong>ldus</strong></span> <span class='ocrx_word' id='word_1_559' title='bbox 2287 3903 2511 3977; x_wconf 85' lang='lat' dir='ltr'><strong>Augusti</strong></span> <span class='ocrx_word' id='word_1_560' title='bbox 2540 3902 2834 3958; x_wconf 91' lang='lat' dir='ltr'><strong>millesimo</strong></span> <span class='ocrx_word' id='word_1_561' title='bbox 2865 3901 3198 3958; x_wconf 90' lang='lat' dir='ltr'><strong>duodecimo</strong></span> <span class='ocrx_word' id='word_1_562' title='bbox 3237 3918 3383 3958; x_wconf 90' lang='lat' dir='ltr'><strong>anno</strong></span> <span class='ocrx_word' id='word_1_563' title='bbox 3413 3903 3530 3959; x_wconf 89' lang='lat' dir='ltr'><strong>Do-</strong></span> 
     </span>
    </p>
   </div>
   <div class='ocr_carea' id='block_1_79' title="bbox 183 3990 3532 4076">
    <p class='ocr_par' dir='ltr' id='par_1_79' title="bbox 183 3990 3532 4076">
     <span class='ocr_line' id='line_1_79' title="bbox 183 3990 3532 4076; baseline -0.002 -19"><span class='ocrx_word' id='word_1_564' title='bbox 183 4000 429 4057; x_wconf 88' lang='lat' dir='ltr'><strong>scientia</strong></span> <span class='ocrx_word' id='word_1_565' title='bbox 464 4001 757 4072; x_wconf 86' lang='lat' dir='ltr'><strong>praeditum</strong></span> <span class='ocrx_word' id='word_1_566' title='bbox 777 4001 995 4076; x_wconf 86' lang='lat' dir='ltr'><strong>dirigat,</strong></span> <span class='ocrx_word' id='word_1_567' title='bbox 1019 4002 1180 4072; x_wconf 86' lang='lat' dir='ltr'><strong>cujus</strong></span> <span class='ocrx_word' id='word_1_568' title='bbox 1208 4019 1313 4075; x_wconf 85' lang='lat' dir='ltr'><strong>Ope</strong></span> <span class='ocrx_word' id='word_1_569' title='bbox 1340 4010 1393 4059; x_wconf 90' lang='lat' dir='ltr'><strong>et</strong></span> <span class='ocrx_word' id='word_1_570' title='bbox 1417 4004 1666 4060; x_wconf 85' lang='lat' dir='ltr'><strong>doctrina</strong></span> <span class='ocrx_word' id='word_1_571' title='bbox 1695 4004 1814 4075; x_wconf 83' lang='lat' dir='ltr'><strong>ipse</strong></span> <span class='ocrx_word' id='word_1_572' title='bbox 1916 3997 2078 4064; x_wconf 89' lang='lat' dir='ltr'><strong>mini;</strong></span> <span class='ocrx_word' id='word_1_573' title='bbox 2147 4000 2499 4051; x_wconf 87' lang='lat' dir='ltr'><strong>consecratus</strong></span> <span class='ocrx_word' id='word_1_574' title='bbox 2536 4003 2620 4050; x_wconf 89' lang='lat' dir='ltr'><strong>est</strong></span> <span class='ocrx_word' id='word_1_575' title='bbox 2673 4001 2857 4048; x_wconf 89' lang='lat' dir='ltr'><strong>autem</strong></span> <span class='ocrx_word' id='word_1_576' title='bbox 2913 3994 2976 4048; x_wconf 80' lang='grc'><strong>11</strong></span> <span class='ocrx_word' id='word_1_577' title='bbox 3047 3990 3319 4047; x_wconf 87' lang='lat' dir='ltr'><strong>Kalendas</strong></span> <span class='ocrx_word' id='word_1_578' title='bbox 3374 3991 3532 4050; x_wconf 86' lang='lat' dir='ltr'><strong>Octo-</strong></span> 
     </span>
    </p>
   </div>
   <div class='ocr_carea' id='block_1_80' title="bbox 186 4085 2052 4163">
    <p class='ocr_par' dir='ltr' id='par_1_80' title="bbox 186 4085 2052 4163">
     <span class='ocr_line' id='line_1_80' title="bbox 186 4085 2052 4163; baseline 0.001 -17"><span class='ocrx_word' id='word_1_579' title='bbox 186 4090 245 4147; x_wconf 88' lang='lat' dir='ltr'><strong>in</strong></span> <span class='ocrx_word' id='word_1_580' title='bbox 295 4090 613 4148; x_wconf 89' lang='lat' dir='ltr'><strong>eruditione</strong></span> <span class='ocrx_word' id='word_1_581' title='bbox 663 4091 1062 4162; x_wconf 89' lang='lat' dir='ltr'><strong>scripturarum</strong></span> <span class='ocrx_word' id='word_1_582' title='bbox 1113 4091 1385 4163; x_wconf 85' lang='lat' dir='ltr'><strong>proﬁcere</strong></span> <span class='ocrx_word' id='word_1_583' title='bbox 1430 4094 1621 4148; x_wconf 82' lang='lat' dir='ltr'><strong>valeat.</strong></span> <span class='ocrx_word' id='word_1_584' title='bbox 1685 4094 1816 4158; x_wconf 82' lang='lat' dir='ltr'><strong>Quis</strong></span> <span class='ocrx_word' id='word_1_585' title='bbox 1916 4085 2052 4140; x_wconf 76' lang='lat' dir='ltr'><strong>bris.</strong></span> 
     </span>
    </p>
   </div>
   <div class='ocr_carea' id='block_1_81' title="bbox 181 4169 3534 4256">
    <p class='ocr_par' dir='ltr' id='par_1_81' title="bbox 181 4169 3534 4256">
     <span class='ocr_line' id='line_1_81' title="bbox 181 4169 3534 4256; baseline -0.003 -18"><span class='ocrx_word' id='word_1_586' title='bbox 181 4189 339 4239; x_wconf 85' lang='lat' dir='ltr'><strong>tanto</strong></span> <span class='ocrx_word' id='word_1_587' title='bbox 374 4183 493 4239; x_wconf 90' lang='lat' dir='ltr'><strong>viro</strong></span> <span class='ocrx_word' id='word_1_588' title='bbox 524 4182 666 4238; x_wconf 91' lang='lat' dir='ltr'><strong>mitti</strong></span> <span class='ocrx_word' id='word_1_589' title='bbox 697 4182 900 4256; x_wconf 87' lang='lat' dir='ltr'><strong>dignus</strong></span> <span class='ocrx_word' id='word_1_590' title='bbox 926 4191 1070 4237; x_wconf 88' lang='lat' dir='ltr'><strong>esset</strong></span> <span class='ocrx_word' id='word_1_591' title='bbox 1105 4183 1403 4255; x_wconf 83' lang='lat' dir='ltr'><strong>diligenter</strong></span> <span class='ocrx_word' id='word_1_592' title='bbox 1432 4184 1718 4256; x_wconf 74' lang='lat' dir='ltr'><strong>quaeritur,</strong></span> <span class='ocrx_word' id='word_1_593' title='bbox 1753 4169 1848 4239; x_wconf 86' lang='lat' dir='ltr'><strong>et</strong></span> <span class='ocrx_word' id='word_1_594' title='bbox 1986 4180 2075 4235; x_wconf 73' lang='grc'><strong>29.</strong></span> <span class='ocrx_word' id='word_1_595' title='bbox 2121 4179 2365 4250; x_wconf 82' lang='lat' dir='ltr'><strong>Adeptus</strong></span> <span class='ocrx_word' id='word_1_596' title='bbox 2397 4192 2529 4252; x_wconf 85' lang='lat' dir='ltr'><strong>ergo</strong></span> <span class='ocrx_word' id='word_1_597' title='bbox 2585 4192 2773 4232; x_wconf 90' lang='lat' dir='ltr'><strong>curam</strong></span> <span class='ocrx_word' id='word_1_598' title='bbox 2828 4171 3242 4246; x_wconf 88' lang='lat' dir='ltr'><strong>pastoralitatis,</strong></span> <span class='ocrx_word' id='word_1_599' title='bbox 3299 4188 3413 4228; x_wconf 89' lang='lat' dir='ltr'><strong>non</strong></span> <span class='ocrx_word' id='word_1_600' title='bbox 3450 4188 3534 4229; x_wconf 90' lang='lat' dir='ltr'><strong>se-</strong></span> 
     </span>
    </p>
   </div>
   <div class='ocr_carea' id='block_1_82' title="bbox 183 4263 3536 4348">
    <p class='ocr_par' dir='ltr' id='par_1_82' title="bbox 183 4263 3536 4348">
     <span class='ocr_line' id='line_1_82' title="bbox 183 4263 3536 4348; baseline -0.002 -20"><span class='ocrx_word' id='word_1_601' title='bbox 183 4272 407 4328; x_wconf 88' lang='lat' dir='ltr'><strong>tandem</strong></span> <span class='ocrx_word' id='word_1_602' title='bbox 440 4272 507 4328; x_wconf 90' lang='lat' dir='ltr'><strong>ad</strong></span> <span class='ocrx_word' id='word_1_603' title='bbox 550 4274 657 4328; x_wconf 85' lang='lat' dir='ltr'><strong>hoc</strong></span> <span class='ocrx_word' id='word_1_604' title='bbox 696 4272 883 4327; x_wconf 89' lang='lat' dir='ltr'><strong>nullus</strong></span> <span class='ocrx_word' id='word_1_605' title='bbox 921 4272 1143 4328; x_wconf 87' lang='lat' dir='ltr'><strong>Olberto</strong></span> <span class='ocrx_word' id='word_1_606' title='bbox 1170 4273 1346 4347; x_wconf 87' lang='lat' dir='ltr'><strong>magis</strong></span> <span class='ocrx_word' id='word_1_607' title='bbox 1399 4273 1632 4328; x_wconf 89' lang='lat' dir='ltr'><strong>idoneus</strong></span> <span class='ocrx_word' id='word_1_608' title='bbox 1664 4274 1822 4328; x_wconf 79' lang='lat' dir='ltr'><strong>inve-</strong></span> <span class='ocrx_word' id='word_1_609' title='bbox 1919 4274 2100 4348; x_wconf 88' lang='lat' dir='ltr'><strong>gniter</strong></span> <span class='ocrx_word' id='word_1_610' title='bbox 2152 4271 2438 4328; x_wconf 88' lang='lat' dir='ltr'><strong>laborabat</strong></span> <span class='ocrx_word' id='word_1_611' title='bbox 2477 4285 2684 4326; x_wconf 91' lang='lat' dir='ltr'><strong>nomen</strong></span> <span class='ocrx_word' id='word_1_612' title='bbox 2716 4268 2928 4323; x_wconf 89' lang='lat' dir='ltr'><strong>abbatis</strong></span> <span class='ocrx_word' id='word_1_613' title='bbox 2965 4266 3197 4338; x_wconf 91' lang='lat' dir='ltr'><strong>implere</strong></span> <span class='ocrx_word' id='word_1_614' title='bbox 3234 4263 3412 4321; x_wconf 86' lang='lat' dir='ltr'><strong>factis.</strong></span> <span class='ocrx_word' id='word_1_615' title='bbox 3471 4264 3536 4321; x_wconf 84' lang='lat' dir='ltr'><strong>Et</strong></span> 
     </span>
    </p>
   </div>
   <div class='ocr_carea' id='block_1_83' title="bbox 183 4357 3532 4466">
    <p class='ocr_par' dir='ltr' id='par_1_83' title="bbox 183 4357 3532 4466">
     <span class='ocr_line' id='line_1_83' title="bbox 183 4357 3532 4466; baseline -0.003 -46"><span class='ocrx_word' id='word_1_616' title='bbox 183 4364 357 4432; x_wconf 89' lang='lat' dir='ltr'><strong>nitur,</strong></span> <span class='ocrx_word' id='word_1_617' title='bbox 400 4370 454 4419; x_wconf 90' lang='lat' dir='ltr'><strong>et</strong></span> <span class='ocrx_word' id='word_1_618' title='bbox 475 4364 620 4419; x_wconf 89' lang='lat' dir='ltr'><strong>bona</strong></span> <span class='ocrx_word' id='word_1_619' title='bbox 662 4363 909 4420; x_wconf 89' lang='lat' dir='ltr'><strong>omnium</strong></span> <span class='ocrx_word' id='word_1_620' title='bbox 931 4364 999 4417; x_wconf 89' lang='lat' dir='ltr'><strong>de</strong></span> <span class='ocrx_word' id='word_1_621' title='bbox 1031 4378 1097 4417; x_wconf 90' lang='lat' dir='ltr'><strong>eo</strong></span> <span class='ocrx_word' id='word_1_622' title='bbox 1120 4362 1492 4429; x_wconf 89' lang='lat' dir='ltr'><strong>cstimatione,</strong></span> <span class='ocrx_word' id='word_1_623' title='bbox 1526 4364 1591 4418; x_wconf 89' lang='lat' dir='ltr'><strong>ad</strong></span> <span class='ocrx_word' id='word_1_624' title='bbox 1615 4363 1809 4419; x_wconf 90' lang='lat' dir='ltr'><strong>urbem</strong></span> <span class='ocrx_word' id='word_1_625' title='bbox 1831 4398 1887 4466; x_wconf 68' lang='grc' dir='ltr'>Β</span> <span class='ocrx_word' id='word_1_626' title='bbox 1912 4382 2036 4420; x_wconf 91' lang='lat' dir='ltr'><strong>cum</strong></span> <span class='ocrx_word' id='word_1_627' title='bbox 2082 4364 2241 4420; x_wconf 91' lang='lat' dir='ltr'><strong>initio</strong></span> <span class='ocrx_word' id='word_1_628' title='bbox 2285 4362 2617 4420; x_wconf 90' lang='lat' dir='ltr'><strong>occurrisset</strong></span> <span class='ocrx_word' id='word_1_629' title='bbox 2665 4360 2715 4415; x_wconf 92' lang='lat' dir='ltr'><strong>ei</strong></span> <span class='ocrx_word' id='word_1_630' title='bbox 2776 4375 2978 4435; x_wconf 87' lang='lat' dir='ltr'><strong>magna</strong></span> <span class='ocrx_word' id='word_1_631' title='bbox 3018 4357 3098 4414; x_wconf 91' lang='lat' dir='ltr'><strong>rei</strong></span> <span class='ocrx_word' id='word_1_632' title='bbox 3157 4357 3532 4413; x_wconf 64' lang='lat' dir='ltr'><strong>restauraudaa</strong></span> 
     </span>
    </p>
   </div>
   <div class='ocr_carea' id='block_1_84' title="bbox 182 4449 3534 4528">
    <p class='ocr_par' dir='ltr' id='par_1_84' title="bbox 182 4449 3534 4528">
     <span class='ocr_line' id='line_1_84' title="bbox 182 4449 3534 4528; baseline -0.002 -16"><span class='ocrx_word' id='word_1_633' title='bbox 182 4455 527 4528; x_wconf 81' lang='lat' dir='ltr'><strong>Vangionum</strong></span> <span class='ocrx_word' id='word_1_634' title='bbox 589 4453 870 4528; x_wconf 86' lang='lat' dir='ltr'><strong>dirigitur.</strong></span> <span class='ocrx_word' id='word_1_635' title='bbox 929 4452 1241 4511; x_wconf 84' lang='lat' dir='ltr'><strong>llonorilice</strong></span> <span class='ocrx_word' id='word_1_636' title='bbox 1291 4454 1359 4508; x_wconf 89' lang='lat' dir='ltr'><strong>ab</strong></span> <span class='ocrx_word' id='word_1_637' title='bbox 1394 4455 1657 4525; x_wconf 90' lang='lat' dir='ltr'><strong>episcopo</strong></span> <span class='ocrx_word' id='word_1_638' title='bbox 1688 4471 1809 4510; x_wconf 90' lang='lat' dir='ltr'><strong>sus-</strong></span> <span class='ocrx_word' id='word_1_639' title='bbox 1831 4449 1884 4466; x_wconf 69' lang='grc' dir='ltr'>ν</span> <span class='ocrx_word' id='word_1_640' title='bbox 1914 4457 2207 4513; x_wconf 84' lang='lat' dir='ltr'><strong>difficultas</strong></span> <span class='ocrx_word' id='word_1_641' title='bbox 2239 4488 2304 4496; x_wconf 97' lang='lat'><strong>—</strong></span> <span class='ocrx_word' id='word_1_642' title='bbox 2332 4454 2539 4527; x_wconf 88' lang='lat' dir='ltr'><strong>quippe</strong></span> <span class='ocrx_word' id='word_1_643' title='bbox 2576 4470 2698 4510; x_wconf 91' lang='lat' dir='ltr'><strong>cum</strong></span> <span class='ocrx_word' id='word_1_644' title='bbox 2737 4453 2979 4508; x_wconf 88' lang='lat' dir='ltr'><strong>exterius</strong></span> <span class='ocrx_word' id='word_1_645' title='bbox 3030 4451 3314 4525; x_wconf 88' lang='lat' dir='ltr'><strong>ingrueret</strong></span> <span class='ocrx_word' id='word_1_646' title='bbox 3350 4449 3534 4524; x_wconf 84' lang='lat' dir='ltr'><strong>gravis</strong></span> 
     </span>
    </p>
   </div>
   <div class='ocr_carea' id='block_1_85' title="bbox 181 4542 3535 4622">
    <p class='ocr_par' dir='ltr' id='par_1_85' title="bbox 181 4542 3535 4622">
     <span class='ocr_line' id='line_1_85' title="bbox 181 4542 3535 4622; baseline -0.003 -18"><span class='ocrx_word' id='word_1_647' title='bbox 181 4554 404 4620; x_wconf 86' lang='lat' dir='ltr'><strong>ceptus,</strong></span> <span class='ocrx_word' id='word_1_648' title='bbox 446 4563 697 4619; x_wconf 86' lang='lat' dir='ltr'><strong>magnam</strong></span> <span class='ocrx_word' id='word_1_649' title='bbox 740 4545 1129 4602; x_wconf 82' lang='lat' dir='ltr'><strong>familiaritatis</strong></span> <span class='ocrx_word' id='word_1_650' title='bbox 1181 4563 1304 4603; x_wconf 90' lang='lat' dir='ltr'><strong>cum</strong></span> <span class='ocrx_word' id='word_1_651' title='bbox 1353 4562 1420 4603; x_wconf 92' lang='lat' dir='ltr'><strong>eo</strong></span> <span class='ocrx_word' id='word_1_652' title='bbox 1458 4548 1687 4622; x_wconf 84' lang='lat' dir='ltr'><strong>gratiam</strong></span> <span class='ocrx_word' id='word_1_653' title='bbox 1730 4554 1811 4603; x_wconf 89' lang='lat' dir='ltr'><strong>est</strong></span> <span class='ocrx_word' id='word_1_654' title='bbox 1912 4549 1990 4605; x_wconf 90' lang='lat' dir='ltr'><strong>rei</strong></span> <span class='ocrx_word' id='word_1_655' title='bbox 2017 4547 2305 4603; x_wconf 88' lang='lat' dir='ltr'><strong>familiaris</strong></span> <span class='ocrx_word' id='word_1_656' title='bbox 2333 4545 2593 4613; x_wconf 87' lang='lat' dir='ltr'><strong>tenuitas,</strong></span> <span class='ocrx_word' id='word_1_657' title='bbox 2622 4544 2854 4599; x_wconf 90' lang='lat' dir='ltr'><strong>interius</strong></span> <span class='ocrx_word' id='word_1_658' title='bbox 2880 4552 3060 4598; x_wconf 89' lang='lat' dir='ltr'><strong>autem</strong></span> <span class='ocrx_word' id='word_1_659' title='bbox 3089 4542 3341 4597; x_wconf 88' lang='lat' dir='ltr'><strong>horreret</strong></span> <span class='ocrx_word' id='word_1_660' title='bbox 3366 4553 3535 4614; x_wconf 86' lang='lat' dir='ltr'><strong>gran-</strong></span> 
     </span>
    </p>
   </div>
   <div class='ocr_carea' id='block_1_86' title="bbox 182 4631 3534 4713">
    <p class='ocr_par' dir='ltr' id='par_1_86' title="bbox 182 4631 3534 4713">
     <span class='ocr_line' id='line_1_86' title="bbox 182 4631 3534 4713; baseline -0.001 -21"><span class='ocrx_word' id='word_1_661' title='bbox 182 4637 474 4709; x_wconf 79' lang='lat' dir='ltr'><strong>i‘udeptus.</strong></span> <span class='ocrx_word' id='word_1_662' title='bbox 511 4636 812 4708; x_wconf 83' lang='lat' dir='ltr'><strong>EpiscOpus</strong></span> <span class='ocrx_word' id='word_1_663' title='bbox 842 4635 1047 4692; x_wconf 89' lang='lat' dir='ltr'><strong>nobilis</strong></span> <span class='ocrx_word' id='word_1_664' title='bbox 1081 4643 1138 4692; x_wconf 91' lang='lat' dir='ltr'><strong>et</strong></span> <span class='ocrx_word' id='word_1_665' title='bbox 1170 4642 1366 4708; x_wconf 88' lang='lat' dir='ltr'><strong>potens</strong></span> <span class='ocrx_word' id='word_1_666' title='bbox 1398 4652 1506 4692; x_wconf 91' lang='lat' dir='ltr'><strong>non</strong></span> <span class='ocrx_word' id='word_1_667' title='bbox 1538 4637 1810 4708; x_wconf 80' lang='lat' dir='ltr'><strong>dedigna-</strong></span> <span class='ocrx_word' id='word_1_668' title='bbox 1914 4642 1999 4698; x_wconf 86' lang='lat' dir='ltr'><strong>dis</strong></span> <span class='ocrx_word' id='word_1_669' title='bbox 2036 4639 2430 4713; x_wconf 69' lang='lat' dir='ltr'><strong>inreligiosnas</strong></span> <span class='ocrx_word' id='word_1_670' title='bbox 2476 4668 2534 4677; x_wconf 84' lang='lat'><strong><em>-—</em></strong></span> <span class='ocrx_word' id='word_1_671' title='bbox 2580 4652 2688 4692; x_wconf 93' lang='lat' dir='ltr'><strong>non</strong></span> <span class='ocrx_word' id='word_1_672' title='bbox 2736 4634 2896 4691; x_wconf 85' lang='lat' dir='ltr'><strong>facile</strong></span> <span class='ocrx_word' id='word_1_673' title='bbox 2933 4635 3003 4670; x_wconf 65' lang='grc' dir='ltr'><strong>πο</strong></span> <span class='ocrx_word' id='word_1_674' title='bbox 3042 4631 3374 4689; x_wconf 87' lang='lat' dir='ltr'><strong>memoranti</strong></span> <span class='ocrx_word' id='word_1_675' title='bbox 3413 4645 3534 4687; x_wconf 87' lang='lat' dir='ltr'><strong>cre-</strong></span> 
     </span>
    </p>
   </div>
   <div class='ocr_carea' id='block_1_87' title="bbox 183 4721 3537 4804">
    <p class='ocr_par' dir='ltr' id='par_1_87' title="bbox 183 4721 3537 4804">
     <span class='ocr_line' id='line_1_87' title="bbox 183 4721 3537 4804; baseline -0.003 -16"><span class='ocrx_word' id='word_1_676' title='bbox 183 4738 276 4789; x_wconf 88' lang='lat' dir='ltr'><strong>tur</strong></span> <span class='ocrx_word' id='word_1_677' title='bbox 300 4748 363 4788; x_wconf 90' lang='lat' dir='ltr'><strong>se</strong></span> <span class='ocrx_word' id='word_1_678' title='bbox 403 4732 728 4788; x_wconf 89' lang='lat' dir='ltr'><strong>submittere</strong></span> <span class='ocrx_word' id='word_1_679' title='bbox 777 4732 847 4787; x_wconf 91' lang='lat' dir='ltr'><strong>ad</strong></span> <span class='ocrx_word' id='word_1_680' title='bbox 887 4731 1117 4789; x_wconf 90' lang='lat' dir='ltr'><strong>formam</strong></span> <span class='ocrx_word' id='word_1_681' title='bbox 1177 4732 1456 4803; x_wconf 90' lang='lat' dir='ltr'><strong>discipuli,</strong></span> <span class='ocrx_word' id='word_1_682' title='bbox 1504 4733 1810 4790; x_wconf 86' lang='lat' dir='ltr'><strong>monachus</strong></span> <span class='ocrx_word' id='word_1_683' title='bbox 1912 4734 2032 4801; x_wconf 90' lang='lat' dir='ltr'><strong>das,</strong></span> <span class='ocrx_word' id='word_1_684' title='bbox 2073 4747 2235 4804; x_wconf 90' lang='lat' dir='ltr'><strong>quam</strong></span> <span class='ocrx_word' id='word_1_685' title='bbox 2295 4730 2452 4786; x_wconf 90' lang='lat' dir='ltr'><strong>brevi</strong></span> <span class='ocrx_word' id='word_1_686' title='bbox 2504 4728 2578 4784; x_wconf 78' lang='lat' dir='ltr'><strong>et</strong></span> <span class='ocrx_word' id='word_1_687' title='bbox 2609 4744 2775 4800; x_wconf 89' lang='lat' dir='ltr'><strong>quam</strong></span> <span class='ocrx_word' id='word_1_688' title='bbox 2828 4726 2989 4783; x_wconf 84' lang='lat' dir='ltr'><strong>facile</strong></span> <span class='ocrx_word' id='word_1_689' title='bbox 3016 4730 3202 4797; x_wconf 89' lang='lat' dir='ltr'><strong>optata</strong></span> <span class='ocrx_word' id='word_1_690' title='bbox 3254 4724 3309 4781; x_wconf 90' lang='lat' dir='ltr'><strong>ei</strong></span> <span class='ocrx_word' id='word_1_691' title='bbox 3351 4721 3537 4781; x_wconf 86' lang='lat' dir='ltr'><strong>arrisit</strong></span> 
     </span>
    </p>
   </div>
   <div class='ocr_carea' id='block_1_88' title="bbox 185 4815 3537 4898">
    <p class='ocr_par' dir='ltr' id='par_1_88' title="bbox 185 4815 3537 4898">
     <span class='ocr_line' id='line_1_88' title="bbox 185 4815 3537 4898; baseline -0.001 -21"><span class='ocrx_word' id='word_1_692' title='bbox 185 4821 414 4878; x_wconf 84' lang='lat' dir='ltr'><strong>humilis</strong></span> <span class='ocrx_word' id='word_1_693' title='bbox 443 4828 499 4877; x_wconf 86' lang='lat' dir='ltr'><strong>et</strong></span> <span class='ocrx_word' id='word_1_694' title='bbox 528 4820 854 4895; x_wconf 89' lang='lat' dir='ltr'><strong>peregrinus</strong></span> <span class='ocrx_word' id='word_1_695' title='bbox 879 4836 991 4877; x_wconf 92' lang='lat' dir='ltr'><strong>non</strong></span> <span class='ocrx_word' id='word_1_696' title='bbox 1022 4822 1250 4877; x_wconf 90' lang='lat' dir='ltr'><strong>timetin</strong></span> <span class='ocrx_word' id='word_1_697' title='bbox 1270 4828 1422 4877; x_wconf 90' lang='lat' dir='ltr'><strong>tanto</strong></span> <span class='ocrx_word' id='word_1_698' title='bbox 1452 4822 1569 4877; x_wconf 91' lang='lat' dir='ltr'><strong>viro</strong></span> <span class='ocrx_word' id='word_1_699' title='bbox 1585 4837 1809 4893; x_wconf 83' lang='lat' dir='ltr'><strong>cperam</strong></span> <span class='ocrx_word' id='word_1_700' title='bbox 1911 4825 2269 4898; x_wconf 88' lang='lat' dir='ltr'><strong>prosperitas.</strong></span> <span class='ocrx_word' id='word_1_701' title='bbox 2323 4823 2456 4878; x_wconf 87' lang='lat' dir='ltr'><strong>Nam</strong></span> <span class='ocrx_word' id='word_1_702' title='bbox 2488 4827 2549 4878; x_wconf 90' lang='lat' dir='ltr'><strong>ut</strong></span> <span class='ocrx_word' id='word_1_703' title='bbox 2589 4819 2894 4891; x_wconf 87' lang='lat' dir='ltr'><strong>prudenter</strong></span> <span class='ocrx_word' id='word_1_704' title='bbox 2931 4815 3378 4889; x_wconf 87' lang='lat' dir='ltr'><strong>indisciplinatos</strong></span> <span class='ocrx_word' id='word_1_705' title='bbox 3422 4827 3537 4872; x_wconf 86' lang='lat' dir='ltr'><strong>mo—</strong></span> 
     </span>
    </p>
   </div>
   <div class='ocr_carea' id='block_1_89' title="bbox 183 4906 3537 4987">
    <p class='ocr_par' dir='ltr' id='par_1_89' title="bbox 183 4906 3537 4987">
     <span class='ocr_line' id='line_1_89' title="bbox 183 4906 3537 4987; baseline -0.002 -18"><span class='ocrx_word' id='word_1_706' title='bbox 183 4914 453 4970; x_wconf 78' lang='lat' dir='ltr'><strong>exhibere</strong></span> <span class='ocrx_word' id='word_1_707' title='bbox 510 4914 776 4987; x_wconf 83' lang='lat' dir='ltr'><strong>magistri.</strong></span> <span class='ocrx_word' id='word_1_708' title='bbox 823 4914 884 4970; x_wconf 87' lang='lat' dir='ltr'><strong>Et</strong></span> <span class='ocrx_word' id='word_1_709' title='bbox 921 4930 1109 4970; x_wconf 89' lang='lat' dir='ltr'><strong>revera</strong></span> <span class='ocrx_word' id='word_1_710' title='bbox 1143 4915 1519 4970; x_wconf 89' lang='lat' dir='ltr'><strong>necessarium</strong></span> <span class='ocrx_word' id='word_1_711' title='bbox 1569 4914 1647 4968; x_wconf 91' lang='lat' dir='ltr'><strong>illi</strong></span> <span class='ocrx_word' id='word_1_712' title='bbox 1698 4921 1813 4970; x_wconf 89' lang='lat' dir='ltr'><strong>erat</strong></span> <span class='ocrx_word' id='word_1_713' title='bbox 1913 4935 2002 4974; x_wconf 84' lang='lat' dir='ltr'><strong>res</strong></span> <span class='ocrx_word' id='word_1_714' title='bbox 2019 4933 2208 4974; x_wconf 88' lang='lat' dir='ltr'><strong>eorum</strong></span> <span class='ocrx_word' id='word_1_715' title='bbox 2240 4915 2562 4987; x_wconf 84' lang='lat' dir='ltr'><strong>corrigeret,</strong></span> <span class='ocrx_word' id='word_1_716' title='bbox 2598 4927 2792 4987; x_wconf 87' lang='lat' dir='ltr'><strong>pravas</strong></span> <span class='ocrx_word' id='word_1_717' title='bbox 2819 4910 2936 4966; x_wconf 89' lang='lat' dir='ltr'><strong>vias</strong></span> <span class='ocrx_word' id='word_1_718' title='bbox 2981 4923 3195 4976; x_wconf 87' lang='lat' dir='ltr'><strong>eorum,</strong></span> <span class='ocrx_word' id='word_1_719' title='bbox 3226 4906 3432 4981; x_wconf 84' lang='lat' dir='ltr'><strong>quibus</strong></span> <span class='ocrx_word' id='word_1_720' title='bbox 3469 4906 3537 4962; x_wconf 91' lang='lat' dir='ltr'><strong>ll-</strong></span> 
     </span>
    </p>
   </div>
   <div class='ocr_carea' id='block_1_90' title="bbox 184 4992 3541 5083">
    <p class='ocr_par' dir='ltr' id='par_1_90' title="bbox 184 4992 3541 5083">
     <span class='ocr_line' id='line_1_90' title="bbox 184 4992 3541 5083; baseline -0.005 -18"><span class='ocrx_word' id='word_1_721' title='bbox 184 5016 247 5065; x_wconf 89' lang='lat' dir='ltr'><strong>ut</strong></span> <span class='ocrx_word' id='word_1_722' title='bbox 268 5009 482 5081; x_wconf 90' lang='lat' dir='ltr'><strong>politus</strong></span> <span class='ocrx_word' id='word_1_723' title='bbox 506 5015 655 5064; x_wconf 90' lang='lat' dir='ltr'><strong>esset</strong></span> <span class='ocrx_word' id='word_1_724' title='bbox 684 5008 753 5064; x_wconf 89' lang='lat' dir='ltr'><strong>ad</strong></span> <span class='ocrx_word' id='word_1_725' title='bbox 790 5025 1032 5083; x_wconf 86' lang='lat' dir='ltr'><strong>unguem</strong></span> <span class='ocrx_word' id='word_1_726' title='bbox 1073 5009 1398 5080; x_wconf 87' lang='lat' dir='ltr'><strong>multiplicis</strong></span> <span class='ocrx_word' id='word_1_727' title='bbox 1429 5010 1693 5066; x_wconf 69' lang='lat' dir='ltr'><strong>doctrinae</strong></span> <span class='ocrx_word' id='word_1_728' title='bbox 1722 5027 1813 5065; x_wconf 89' lang='lat' dir='ltr'><strong>ar—</strong></span> <span class='ocrx_word' id='word_1_729' title='bbox 1913 5007 2061 5063; x_wconf 78' lang='lat' dir='ltr'><strong>licito</strong></span> <span class='ocrx_word' id='word_1_730' title='bbox 2107 5004 2361 5078; x_wconf 85' lang='lat' dir='ltr'><strong>vagando</strong></span> <span class='ocrx_word' id='word_1_731' title='bbox 2416 5002 2673 5059; x_wconf 88' lang='lat' dir='ltr'><strong>aberrare</strong></span> <span class='ocrx_word' id='word_1_732' title='bbox 2718 4999 2994 5066; x_wconf 89' lang='lat' dir='ltr'><strong>solebant,</strong></span> <span class='ocrx_word' id='word_1_733' title='bbox 3044 4996 3222 5069; x_wconf 90' lang='lat' dir='ltr'><strong>spinis</strong></span> <span class='ocrx_word' id='word_1_734' title='bbox 3269 4992 3541 5070; x_wconf 85' lang='lat' dir='ltr'><strong>regularis</strong></span> 
     </span>
    </p>
   </div>
   <div class='ocr_carea' id='block_1_91' title="bbox 184 5084 3542 5169">
    <p class='ocr_par' dir='ltr' id='par_1_91' title="bbox 184 5084 3542 5169">
     <span class='ocr_line' id='line_1_91' title="bbox 184 5084 3542 5169; baseline -0.004 -17"><span class='ocrx_word' id='word_1_735' title='bbox 184 5097 386 5164; x_wconf 85' lang='lat' dir='ltr'><strong>tificio,</strong></span> <span class='ocrx_word' id='word_1_736' title='bbox 427 5096 588 5166; x_wconf 90' lang='lat' dir='ltr'><strong>cujus</strong></span> <span class='ocrx_word' id='word_1_737' title='bbox 619 5097 742 5153; x_wconf 89' lang='lat' dir='ltr'><strong>laus</strong></span> <span class='ocrx_word' id='word_1_738' title='bbox 779 5104 836 5153; x_wconf 88' lang='lat' dir='ltr'><strong>et</strong></span> <span class='ocrx_word' id='word_1_739' title='bbox 866 5098 1157 5155; x_wconf 69' lang='lat' dir='ltr'><strong>aestimatio</strong></span> <span class='ocrx_word' id='word_1_740' title='bbox 1198 5100 1479 5169; x_wconf 88' lang='lat' dir='ltr'><strong>pendebat</strong></span> <span class='ocrx_word' id='word_1_741' title='bbox 1517 5115 1547 5153; x_wconf 90' lang='lat' dir='ltr'><strong>a</strong></span> <span class='ocrx_word' id='word_1_742' title='bbox 1576 5106 1685 5154; x_wconf 88' lang='lat' dir='ltr'><strong>tam</strong></span> <span class='ocrx_word' id='word_1_743' title='bbox 1724 5115 1813 5155; x_wconf 89' lang='lat' dir='ltr'><strong>sa-</strong></span> <span class='ocrx_word' id='word_1_744' title='bbox 1914 5096 2222 5168; x_wconf 73' lang='lat' dir='ltr'><strong>disciplinae</strong></span> <span class='ocrx_word' id='word_1_745' title='bbox 2252 5094 2535 5165; x_wconf 87' lang='lat' dir='ltr'><strong>sepiebat;</strong></span> <span class='ocrx_word' id='word_1_746' title='bbox 2556 5093 2763 5148; x_wconf 89' lang='lat' dir='ltr'><strong>deinde</strong></span> <span class='ocrx_word' id='word_1_747' title='bbox 2791 5090 2909 5146; x_wconf 92' lang='lat' dir='ltr'><strong>vias</strong></span> <span class='ocrx_word' id='word_1_748' title='bbox 2928 5086 3300 5153; x_wconf 90' lang='lat' dir='ltr'><strong>rectitudinis,</strong></span> <span class='ocrx_word' id='word_1_749' title='bbox 3334 5084 3542 5159; x_wconf 87' lang='lat' dir='ltr'><strong>quibus</strong></span> 
     </span>
    </p>
   </div>
   <div class='ocr_carea' id='block_1_92' title="bbox 187 5175 3545 5261">
    <p class='ocr_par' dir='ltr' id='par_1_92' title="bbox 187 5175 3545 5261">
     <span class='ocr_line' id='line_1_92' title="bbox 187 5175 3545 5261; baseline -0.004 -17"><span class='ocrx_word' id='word_1_750' title='bbox 187 5189 397 5261; x_wconf 89' lang='lat' dir='ltr'><strong>pientis</strong></span> <span class='ocrx_word' id='word_1_751' title='bbox 426 5188 689 5260; x_wconf 91' lang='lat' dir='ltr'><strong>discipuli</strong></span> <span class='ocrx_word' id='word_1_752' title='bbox 717 5189 903 5261; x_wconf 86' lang='lat' dir='ltr'><strong>suptili</strong></span> <span class='ocrx_word' id='word_1_753' title='bbox 934 5190 1166 5261; x_wconf 89' lang='lat' dir='ltr'><strong>judicio.</strong></span> <span class='ocrx_word' id='word_1_754' title='bbox 1209 5192 1476 5257; x_wconf 83' lang='lat' dir='ltr'><strong>Quantum</strong></span> <span class='ocrx_word' id='word_1_755' title='bbox 1509 5200 1693 5247; x_wconf 89' lang='lat' dir='ltr'><strong>autem</strong></span> <span class='ocrx_word' id='word_1_756' title='bbox 1733 5192 1817 5248; x_wconf 88' lang='lat' dir='ltr'><strong>vir</strong></span> <span class='ocrx_word' id='word_1_757' title='bbox 1916 5188 1983 5243; x_wconf 90' lang='lat' dir='ltr'><strong>ad</strong></span> <span class='ocrx_word' id='word_1_758' title='bbox 2014 5188 2179 5243; x_wconf 87' lang='lat' dir='ltr'><strong>vitam</strong></span> <span class='ocrx_word' id='word_1_759' title='bbox 2211 5186 2471 5242; x_wconf 87' lang='lat' dir='ltr'><strong>incedere</strong></span> <span class='ocrx_word' id='word_1_760' title='bbox 2499 5185 2789 5249; x_wconf 89' lang='lat' dir='ltr'><strong>deberent,</strong></span> <span class='ocrx_word' id='word_1_761' title='bbox 2832 5181 2915 5237; x_wconf 91' lang='lat' dir='ltr'><strong>eis</strong></span> <span class='ocrx_word' id='word_1_762' title='bbox 2945 5179 3293 5237; x_wconf 87' lang='lat' dir='ltr'><strong>ostendebat.</strong></span> <span class='ocrx_word' id='word_1_763' title='bbox 3334 5177 3397 5233; x_wconf 88' lang='lat' dir='ltr'><strong>Et</strong></span> <span class='ocrx_word' id='word_1_764' title='bbox 3441 5175 3545 5232; x_wconf 91' lang='lat' dir='ltr'><strong>do-</strong></span> 
     </span>
    </p>
   </div>
   <div class='ocr_carea' id='block_1_93' title="bbox 185 5265 3541 5351">
    <p class='ocr_par' dir='ltr' id='par_1_93' title="bbox 185 5265 3541 5351">
     <span class='ocr_line' id='line_1_93' title="bbox 185 5265 3541 5351; baseline -0.003 -17"><span class='ocrx_word' id='word_1_765' title='bbox 185 5285 358 5334; x_wconf 69' lang='lat' dir='ltr'><strong>tantaa</strong></span> <span class='ocrx_word' id='word_1_766' title='bbox 399 5278 742 5335; x_wconf 87' lang='lat' dir='ltr'><strong>auctoritatis</strong></span> <span class='ocrx_word' id='word_1_767' title='bbox 773 5295 841 5335; x_wconf 85' lang='lat' dir='ltr'><strong>ex</strong></span> <span class='ocrx_word' id='word_1_768' title='bbox 870 5279 1075 5335; x_wconf 88' lang='lat' dir='ltr'><strong>Olberti</strong></span> <span class='ocrx_word' id='word_1_769' title='bbox 1116 5280 1369 5336; x_wconf 90' lang='lat' dir='ltr'><strong>doctrina</strong></span> <span class='ocrx_word' id='word_1_770' title='bbox 1401 5279 1724 5351; x_wconf 78' lang='lat' dir='ltr'><strong>profecerit,</strong></span> <span class='ocrx_word' id='word_1_771' title='bbox 1751 5296 1817 5335; x_wconf 89' lang='lat' dir='ltr'><strong>ex</strong></span> <span class='ocrx_word' id='word_1_772' title='bbox 1920 5286 2037 5335; x_wconf 91' lang='lat' dir='ltr'><strong>ctus</strong></span> <span class='ocrx_word' id='word_1_773' title='bbox 2075 5278 2225 5350; x_wconf 89' lang='lat' dir='ltr'><strong>quod</strong></span> <span class='ocrx_word' id='word_1_774' title='bbox 2257 5284 2444 5350; x_wconf 89' lang='lat' dir='ltr'><strong>pastor</strong></span> <span class='ocrx_word' id='word_1_775' title='bbox 2485 5272 2766 5349; x_wconf 87' lang='lat' dir='ltr'><strong>pastorum</strong></span> <span class='ocrx_word' id='word_1_776' title='bbox 2804 5272 3174 5331; x_wconf 79' lang='lat' dir='ltr'><strong>comminatur</strong></span> <span class='ocrx_word' id='word_1_777' title='bbox 3205 5265 3541 5342; x_wconf 86' lang='lat' dir='ltr'><strong>pastoribus,</strong></span> 
     </span>
    </p>
   </div>
   <div class='ocr_carea' id='block_1_94' title="bbox 184 5359 3545 5441">
    <p class='ocr_par' dir='ltr' id='par_1_94' title="bbox 184 5359 3545 5441">
     <span class='ocr_line' id='line_1_94' title="bbox 184 5359 3545 5441; baseline -0.003 -17"><span class='ocrx_word' id='word_1_778' title='bbox 184 5367 411 5425; x_wconf 87' lang='lat' dir='ltr'><strong>actibus</strong></span> <span class='ocrx_word' id='word_1_779' title='bbox 448 5367 571 5437; x_wconf 87' lang='lat' dir='ltr'><strong>ejus</strong></span> <span class='ocrx_word' id='word_1_780' title='bbox 598 5369 968 5427; x_wconf 88' lang='lat' dir='ltr'><strong>estimandum</strong></span> <span class='ocrx_word' id='word_1_781' title='bbox 998 5368 1139 5427; x_wconf 89' lang='lat' dir='ltr'><strong>erit:</strong></span> <span class='ocrx_word' id='word_1_782' title='bbox 1195 5368 1265 5424; x_wconf 92' lang='lat' dir='ltr'><strong>de</strong></span> <span class='ocrx_word' id='word_1_783' title='bbox 1310 5384 1419 5440; x_wconf 92' lang='lat' dir='ltr'><strong>quo</strong></span> <span class='ocrx_word' id='word_1_784' title='bbox 1452 5368 1587 5425; x_wconf 90' lang='lat' dir='ltr'><strong>satis</strong></span> <span class='ocrx_word' id='word_1_785' title='bbox 1615 5370 1821 5426; x_wconf 86' lang='lat' dir='ltr'><strong>consti-</strong></span> <span class='ocrx_word' id='word_1_786' title='bbox 1921 5370 2016 5441; x_wconf 89' lang='lat' dir='ltr'><strong>qui</strong></span> <span class='ocrx_word' id='word_1_787' title='bbox 2042 5369 2376 5441; x_wconf 90' lang='lat' dir='ltr'><strong>semetipsos</strong></span> <span class='ocrx_word' id='word_1_788' title='bbox 2415 5377 2603 5425; x_wconf 90' lang='lat' dir='ltr'><strong>etnon</strong></span> <span class='ocrx_word' id='word_1_789' title='bbox 2632 5383 2859 5441; x_wconf 85' lang='lat' dir='ltr'><strong>gregem</strong></span> <span class='ocrx_word' id='word_1_790' title='bbox 2881 5364 2977 5421; x_wconf 89' lang='lat' dir='ltr'><strong>Dei</strong></span> <span class='ocrx_word' id='word_1_791' title='bbox 3003 5368 3261 5436; x_wconf 86' lang='lat' dir='ltr'><strong>pascunt,</strong></span> <span class='ocrx_word' id='word_1_792' title='bbox 3293 5359 3391 5434; x_wconf 91' lang='lat' dir='ltr'><strong>qui</strong></span> <span class='ocrx_word' id='word_1_793' title='bbox 3420 5374 3545 5416; x_wconf 90' lang='lat' dir='ltr'><strong>cum</strong></span> 
     </span>
    </p>
   </div>
   <div class='ocr_carea' id='block_1_95' title="bbox 1563 5477 2201 5541">
    <p class='ocr_par' dir='ltr' id='par_1_95' title="bbox 1563 5477 2201 5541">
     <span class='ocr_line' id='line_1_95' title="bbox 1563 5477 2201 5541; baseline 0.009 -9"><span class='ocrx_word' id='word_1_794' title='bbox 1563 5477 1784 5534; x_wconf 67' lang='lat' dir='ltr'><strong>VARI/[&#39;3</strong></span> <span class='ocrx_word' id='word_1_795' title='bbox 1826 5477 2201 5541; x_wconf 79' lang='lat' dir='ltr'><strong>LECTIONES.</strong></span> 
     </span>
    </p>
   </div>
   <div class='ocr_carea' id='block_1_96' title="bbox 258 5568 3544 5635">
    <p class='ocr_par' dir='ltr' id='par_1_96' title="bbox 258 5568 3544 5635">
     <span class='ocr_line' id='line_1_96' title="bbox 258 5568 3544 5635; baseline -0.004 -3"><span class='ocrx_word' id='word_1_796' title='bbox 258 5579 336 5617; x_wconf 75' lang='grc'><strong>’⁸⁸⁷</strong></span> <span class='ocrx_word' id='word_1_797' title='bbox 354 5582 609 5633; x_wconf 89' lang='lat' dir='ltr'><strong>sanctum</strong></span> <span class='ocrx_word' id='word_1_798' title='bbox 650 5578 980 5635; x_wconf 88' lang='lat' dir='ltr'><strong>Germanum</strong></span> <span class='ocrx_word' id='word_1_799' title='bbox 1007 5592 1148 5635; x_wconf 81' lang='lat' dir='ltr'><strong>corr.</strong></span> <span class='ocrx_word' id='word_1_800' title='bbox 1178 5576 1354 5632; x_wconf 87' lang='lat' dir='ltr'><strong>sancti</strong></span> <span class='ocrx_word' id='word_1_801' title='bbox 1417 5574 1746 5632; x_wconf 85' lang='lat' dir='ltr'><strong>Germanic.</strong></span> <span class='ocrx_word' id='word_1_802' title='bbox 1845 5576 1915 5615; x_wconf 76' lang='grc'>⁷³⁸</span> <span class='ocrx_word' id='word_1_803' title='bbox 1935 5577 2135 5634; x_wconf 91' lang='lat' dir='ltr'><strong>vicem.</strong></span> <span class='ocrx_word' id='word_1_804' title='bbox 2194 5592 2331 5632; x_wconf 79' lang='lat' dir='ltr'><strong>corr.</strong></span> <span class='ocrx_word' id='word_1_805' title='bbox 2388 5577 2529 5632; x_wconf 85' lang='lat' dir='ltr'><strong>vice.</strong></span> <span class='ocrx_word' id='word_1_806' title='bbox 2620 5573 2691 5611; x_wconf 73' lang='grc'><strong>⁷³⁸</strong></span> <span class='ocrx_word' id='word_1_807' title='bbox 2713 5577 2795 5630; x_wconf 74' lang='lat' dir='ltr'><strong>ita</strong></span> <span class='ocrx_word' id='word_1_808' title='bbox 2833 5573 3021 5631; x_wconf 67' lang='lat' dir='ltr'><strong>eodem.</strong></span> <span class='ocrx_word' id='word_1_809' title='bbox 3094 5571 3164 5608; x_wconf 69' lang='grc' dir='ltr'><strong>πο</strong></span> <span class='ocrx_word' id='word_1_810' title='bbox 3194 5568 3544 5628; x_wconf 82' lang='lat' dir='ltr'><strong>facili:corr-</strong></span> 
     </span>
    </p>
   </div>
   <div class='ocr_carea' id='block_1_97' title="bbox 188 5646 439 5707">
    <p class='ocr_par' dir='ltr' id='par_1_97' title="bbox 188 5646 439 5707">
     <span class='ocr_line' id='line_1_97' title="bbox 188 5646 439 5707; baseline 0.004 -5"><span class='ocrx_word' id='word_1_811' title='bbox 188 5646 373 5707; x_wconf 83' lang='lat' dir='ltr'><strong>facile</strong></span> <span class='ocrx_word' id='word_1_812' title='bbox 390 5664 439 5703; x_wconf 88' lang='lat' dir='ltr'><strong>c.</strong></span> 
     </span>
    </p>
   </div>
   <div class='ocr_carea' id='block_1_98' title="bbox 571 5744 3197 5816">
    <p class='ocr_par' dir='ltr' id='par_1_98' title="bbox 571 5744 3197 5816">
     <span class='ocr_line' id='line_1_98' title="bbox 571 5744 3197 5816; baseline -0.003 -3"><span class='ocrx_word' id='word_1_813' title='bbox 571 5752 878 5816; x_wconf 74' lang='lat' dir='ltr'><strong>PATROL.</strong></span> <span class='ocrx_word' id='word_1_814' title='bbox 933 5750 1133 5815; x_wconf 85' lang='lat' dir='ltr'><strong>CLX.</strong></span> <span class='ocrx_word' id='word_1_815' title='bbox 3115 5744 3197 5806; x_wconf 72' lang='lat'><strong>20</strong></span> 
     </span>
    </p>
   </div>
  </div>
