3930 6204
387 304 494 359 619

1609 305 1950 365 SIGEBERTI
1992 304 2507 363 GEMBLACENSIS.

3611 310 3717 368 620

389 433 714 492 auctoritate
743 440 800 491 ct
829 432 1072 506 potentia
1097 433 1179 489 eis
1206 433 1503 505 imperant,
1550 442 1604 491 et
1634 435 1784 490 nulla
1816 443 2001 506 pater—
2025 440 2078 507 Α
2107 436 2315 491 salubri
2368 444 2597 508 accepto
2651 437 2907 505 consilio,
2966 438 3253 494 annitente
3298 437 3407 494 sibi
3464 438 3580 495 tilio
3624 442 3727 498 suo

389 526 580 581 nitatis
604 523 895 581 affectione
921 539 1018 581 eos
1042 525 1110 579 ab
1141 526 1343 580 erroris
1373 525 1536 581 devio
1568 535 1849 594 revocant,
1902 543 2003 582 nec

388 632 420 672 a
467 618 611 673 malo
638 617 892 672 dolentes
941 615 1007 650 πί
1057 615 1320 684 liberant,
1366 618 1514 689 quod
1561 617 1838 673 inﬁrmum
1887 628 2003 675 erat

389 706 671 781 alligabat,
700 706 847 778 quod
876 704 1219 762 confractum
1271 715 1387 762 erat
1417 707 1818 773 consolidabat,
1852 708 2000 780 quod

387 796 642 868 periebat
672 796 1007 868 requirebat,
1047 804 1104 853 et
1139 797 1391 869 exemplo
1417 799 1719 872 evangelici
1761 800 2002 855 Samari-

387 891 503 946 tani
544 889 825 946 ulceribus
870 905 1063 946 eorum
1112 890 1301 945 vinum
1361 891 1671 948 severitatis
1720 899 1776 948 et
1816 892 2000 948 oleum

387 984 614 1056 pietatis
633 982 983 1040 infundebat.
1018 984 1129 1040 Nec
1158 1000 1284 1040 eum
1305 1001 1434 1057 spes
1456 985 1672 1042 fefellit.
1706 988 1822 1043 Non
1854 987 2002 1042 enim

389 1076 545 1148 prius
573 1077 806 1145 destitit,
846 1094 1034 1150 quam,
1057 1086 1281 1150 accepto
1312 1079 1620 1136 ventilabro
1651 1080 2006 1137 discretionis

389 1180 512 1235 quae
550 1172 635 1225 est
670 1175 846 1221 mater
892 1167 1176 1233 virtutum,
1227 1167 1414 1238 paleas
1457 1169 1715 1224 vitiorum
1757 1170 1825 1225 de
1879 1187 2005 1226 arca

390 1255 669 1312 dominica
706 1255 969 1322 excussit,
997 1264 1051 1310 et
1079 1272 1250 1330 grana
1273 1257 1529 1312 virtutum
1565 1258 1619 1312 in
1661 1260 1859 1314 horreo
1887 1260 2004 1327 Dei,

388 1344 445 1399 in
487 1343 807 1416 pectoribus
837 1344 1050 1401 scilicet
1085 1344 1354 1412 ﬁdelium,
1398 1355 1629 1422 purgata
1671 1348 2000 1405 recondidit.

386 1436 498 1491 Nec
527 1437 634 1492 hoc
661 1436 794 1492 satis
841 1452 965 1491 esse
994 1436 1171 1492 visum
1222 1447 1308 1493 est
1336 1437 1497 1493 bonae
1536 1440 1657 1509 ejus
1682 1439 2003 1510 intentioni,

385 1547 607 1603 semper
653 1531 706 1587 in
736 1530 1014 1587 anteriora
1069 1531 1340 1588 tendenti.
1375 1532 1568 1589 Sciens
1607 1536 1816 1607 quippe
1874 1537 2004 1607 quia

386 1622 637 1680 otiositas
668 1622 893 1680 inimica
920 1628 1006 1679 est
1046 1624 1265 1692 animae,
1290 1640 1422 1681 suos
1449 1625 1563 1694 jam
1602 1627 1736 1681 satis
1761 1626 2003 1683 imbutos

384 1720 574 1771 sancta
637 1713 929 1787 religione,
985 1713 1187 1769 studiis
1238 1714 1404 1769 etiam
1456 1716 1758 1772 litterarum
1815 1718 2003 1773 docuit

385 1809 633 1865 studiose
664 1808 946 1873 insistere;
971 1815 1032 1863 ut
1060 1808 1191 1863 dum
1220 1825 1320 1879 per
1355 1811 1581 1866 semitas
1607 1813 1998 1884 scripturarum

386 1898 564 1954 oculis
624 1903 791 1968 atque
846 1896 1051 1950 animis
1092 1896 1404 1970 relegerent
1471 1906 1684 1970 patrum
1748 1901 2001 1974 vestigia,

385 1987 593 2042 scirent
645 1984 1028 2040 indubitanter
1079 2001 1330 2041 errorum
1384 2003 1577 2044 cavere
1617 2006 1647 2044 a
1684 1990 1772 2045 via
1833 1997 1887 2045 et
1933 1992 2001 2046 ad

386 2082 532 2139 viam
578 2082 825 2138 veritatis
879 2082 1200 2138 sectandam
1255 2083 1406 2139 nulla
1457 2093 1782 2156 paterentur
1826 2085 2004 2142 offen-

386 2175 593 2231 dicula.

456 2265 546 2322 30.
585 2266 774 2337 itaque
797 2266 927 2322 dum
960 2272 1160 2337 praeter
1189 2266 1279 2321 illa
1301 2284 1424 2339 quae
1451 2268 1795 2324 extrinsecus
1824 2278 2002 2340 erant,

387 2363 612 2431 urgeret
672 2372 795 2413 eum
839 2357 1103 2412 instantia
1152 2374 1251 2413 sua
1305 2358 1607 2425 cotidiana,
1646 2360 1857 2416 scilicet
1895 2362 2007 2416 ani-

387 2466 598 2505 marum
667 2450 770 2504 sibi
852 2450 1269 2506 commissarum
1337 2451 1655 2507 sollicitudo
1723 2452 2004 2518 continua,

386 2539 550 2597 bonae
581 2540 849 2595 voluntati
881 2540 1001 2608 ejus
1041 2540 1446 2611 coeperabatur
1486 2542 1777 2612 utrobique
1808 2542 2008 2597 Divini-

386 2632 513 2688 tatis
539 2630 963 2701 omnipotentia.
992 2630 1277 2702 Siquidem
1321 2638 1612 2702 postquam
1660 2632 1890 2687 interius
1918 2632 2002 2688 vis

385 2723 559 2779 divini
578 2723 792 2779 timoris
818 2730 875 2778 et
903 2721 1117 2778 fervore
1146 2722 1435 2796 religionis
1464 2723 1714 2786 recaluit,
1755 2739 1879 2779 mox
1908 2740 1999 2779 ex-

386 2816 564 2870 terius
590 2830 657 2869 ex
684 2814 836 2869 bono
871 2829 1050 2868 rerum
1083 2820 1353 2884 proventu
1384 2814 1715 2883 exuperavit
1741 2816 1817 2869 rei
1851 2814 2004 2870 fami-

384 2902 536 2959 liaris
571 2902 874 2975 opulentia.
928 2902 1273 2973 Quapropter
1326 2902 1410 2957 vir
1467 2902 1577 2959 Deo
1627 2903 1859 2959 devotus
1913 2903 1998 2960 Ol-

383 2993 573 3049 bertus
610 2991 666 3048 in
711 2992 912 3048 bonam
942 3007 1096 3063 spem
1142 2992 1430 3056 adductus,
1474 3008 1767 3048 successus
1798 3009 1996 3066 urgere

2105 525 2308 580 comite
2353 524 2632 591 Heinrico,
2689 525 2920 581 fundum
2960 522 3340 596 ‘prOprietatis
3389 542 3503 582 suae
3577 528 3723 599 quod

2103 616 2327 672 Tortosa
2354 627 2600 685 vocatur,
2652 619 2705 671 in
2748 618 3015 688 parochia
3058 619 3274 685 Basciu,
3308 619 3530 673 tradidit
3571 620 3725 674 Gem-

2105 706 2399 760 melacensi
2434 706 2573 761 loco.
2614 706 2677 761 Et
2706 706 2839 777 quia
2868 706 2989 777 ipse
3016 721 3203 763 comes
3231 706 3375 761 infra
3405 707 3721 778 parochiam

2105 796 2608 852 Gemmelacensem
2650 797 2889 852 habebat
2918 798 3128 869 aliquot
3152 813 3378 854 mansos
3396 798 3524 869 jure
3556 797 3727 853 bene-

2104 890 2213 946 ﬁcii
2240 908 2271 945 a
2294 892 2445 966 regia
2465 908 2632 945 manu
2658 891 2839 947 collati
2860 892 2917 946 in
2944 892 3125 948 viculo
3155 892 3352 963 Eyneis
3373 892 3547 959 dicto,
3580 891 3726 949 facto

2105 981 2304 1037 iterum
2352 983 2514 1054 justa:
2574 984 3027 1038 commutationis
3071 984 3379 1040 ratiocinio.
3439 984 3724 1039 Tortosam

2105 1071 2226 1142 ipse
2258 1071 2468 1142 recepit
2491 1081 2546 1126 et
2573 1072 2639 1125 ad
2660 1072 2754 1142 jus
2781 1070 3039 1126 beneﬁcii
3078 1073 3161 1127 sui
3195 1073 3499 1138 transtulit,
3522 1072 3726 1143 Eyneis

2106 1175 2235 1214 vero
2270 1160 2593 1231 proprietati
2621 1159 2884 1215 aecclesire
2934 1160 3399 1215 Gemmelacensis
3430 1159 3721 1214 transcribi

2106 1247 2254 1314 fecit,
2313 1250 2462 1320 quod
2515 1264 2614 1321 pro
2684 1249 2984 1304 vicinitatis
3057 1250 3432 1320 oportunitate
3500 1250 3725 1322 utrique

2107 1338 2245 1409 parti
2279 1338 2455 1410 magis
2484 1338 2902 1394 accornmodum
2930 1338 3050 1394 fuit.
3084 1339 3237 1404 Quod
3281 1355 3352 1394 ne
3379 1340 3505 1411 quis
3544 1348 3728 1411 poste-

2107 1446 2291 1485 rorum
2344 1431 2571 1486 auderet
2606 1430 2922 1487 convellere
2960 1431 3372 1487 corroboratum
3408 1438 3511 1486 ~est
3556 1433 3727 1506 regiae

2104 1534 2299 1573 manus
2326 1518 2673 1587 auctoritate,
2706 1525 2765 1574 ut
2810 1518 2973 1575 docet
3028 1519 3363 1591 conscriptio
3403 1518 3570 1588 hujus
3602 1535 3726 1576 car-

2104 1610 2230 1664 tulaa
2257 1627 2270 1663 :

2173 1706 2238 1755 In
2266 1716 2484 1756 nomane
2509 1707 2713 1757 sanctae
2751 1708 2804 1756 et
2854 1702 3146 1757 indiuiduae
3203 1706 3504 1760 Trinitatis.
3556 1708 3724 1760 Hein-

2102 1792 2247 1845 ricus
2272 1793 2454 1859 gratia
2489 1794 2582 1845 Dei
2618 1795 2982 1846 Romanorum
3020 1807 3190 1846 caesar
3215 1799 3502 1863 augustas,
3548 1797 3728 1848 enmi-

2101 1885 2198 1941 bus
2224 1888 2283 1940 in
2307 1888 2510 1941 Christo
2541 1888 2630 1955 pie
2655 1889 2829 1940 vivere
2865 1886 3182 1942 volentibus.
3213 1894 3405 1944 Notum
3433 1903 3544 1943 esse
3570 1892 3724 1945 volu-

2100 1992 2223 2031 mus
2242 1977 2488 2057 omnibus
2518 1982 2633 2030 tam
2652 1977 3004 2045 praesentibus
3040 1994 3207 2047 quam
3228 1980 3436 2046 futuris
3456 1982 3726 2049 quoddam

2103 2078 2298 2126 nostrae
2324 2072 2526 2127 donum
2573 2072 2876 2140 dignitatis,
2930 2073 3068 2141 quod
3094 2073 3338 2141 precibus
3383 2075 3730 2143 quorundam

2102 2170 2410 2219 nostrorum
2439 2164 2683 2229 ﬁdelium
2710 2164 3032 2232 quibusdam
3073 2168 3400 2221 contulimus
3447 2169 3727 2223 (ecclesiis:

2103 2261 2451 2327 Congregatio
2477 2258 2863 2313 Gemblacensis
2898 2260 3147 2315 (ecclesiae
3174 2263 3235 2314 in
3256 2277 3396 2331 pago
3424 2267 3736 2319 Damuensi

2103 2354 2223 2406 sitae
2251 2394 2268 2418 ,
2324 2353 2384 2405 in
2445 2352 2734 2419 parrochia
2796 2353 2997 2407 scilicet
3056 2354 3378 2409 Leodicensis
3431 2357 3684 2411 (ecclesiae
3715 2400 3731 2424 ,

2106 2446 2346 2495 asstante
2372 2432 2744 2495 advocato‘suo
2761 2442 3041 2509 quandam
3069 2443 3357 2512 cujusdam
3386 2450 3546 2499 terrae
3581 2460 3732 2500 eom-

2109 2537 2468 2588 mutationem
2508 2536 2711 2599 fecerat
2748 2549 2874 2588 cum
2920 2538 3167 2592 Heinrico
3215 2537 3576 2606 Nivigellensas
3631 2538 3732 2593 ab-

2106 2622 2267 2676 batiae
2318 2623 2591 2690 advocato,
2646 2637 2813 2691 quam
2866 2629 3077 2678 constat
3121 2626 3332 2691 factam
3367 2626 3556 2681 ordine
3608 2630 3730 2682 isto.

2102 2720 2446 2785 Congregatio
2500 2716 2890 2771 Gemblacensis
2927 2718 3177 2772 (ecclesiae
3230 2720 3566 2788 Nivigellensi
3610 2735 3725 2776 aec-

2101 2806 2273 2861 clesiae
2318 2808 2553 2875 quinque
2601 2806 2743 2860 dedit
2787 2821 3004 2861 mansos
3056 2809 3117 2861 in
3162 2809 3293 2863 villa
3339 2813 3535 2864 Basciu
3580 2811 3728 2864 dicta

2100 2900 2247 2964 sitos,
2296 2897 2686 2966 praedictusque
2721 2897 3008 2952 advocatus
3063 2899 3311 2954 aecclesiae
3363 2902 3730 2968 Nivigellensis
3781 2910 3792 2919 '

2096 2992 2323 3047 reddidit
2346 2994 2395 3046 ei
2425 2991 2640 3046 totidem
2663 2994 2752 3045 sui
2783 2991 3026 3057 beneﬁcii
3070 3008 3105 3047 a
3132 3008 3220 3048 me
3243 2993 3346 3048 sibi
3390 2995 3510 3049 dati
3538 2998 3596 3049 in
3623 3011 3722 3065 pa-

382 3097 513 3139 suos
549 3080 718 3153 coepit
747 3079 1054 3136 instantius.
1100 3080 1162 3134 Et
1202 3080 1400 3136 videns
1450 3083 1838 3138 monasterium
1870 3100 1993 3139 cum
2022 3085 2279 3153 ,,rochia
2340 3082 2704 3137 Gemblacensi
2753 3085 2966 3151 positos.
3024 3086 3192 3152 Super
3242 3100 3344 3153 quo
3413 3087 3724 3141 concambio

379 3175 743 3262 ‘fﬁcinissuis
759 3174 1094 3231 monachicae
1109 3174 1433 3230 habitationi
1449 3177 1631 3232 minus
1650 3193 1771 3232 esse
1791 3179 1992 3246 habile,
2022 3174 2071 3197 “
2094 3182 2337 3231 nostram
2374 3175 2709 3244 imperialem
2745 3175 3066 3243 dignitatem
3103 3176 3426 3232 Leodicensis
3474 3178 3724 3233 (ecclesiae

380 3266 647 3341 qhodsibi
677 3264 1010 3336 displicebat
1048 3280 1147 3334 pro
1174 3280 1274 3319 sua
1305 3265 1569 3321 brevitate
1600 3275 1655 3321 et
1685 3268 1816 3337 quia
1845 3269 1995 3324 nulla

379 3358 600 3420 decoris
644 3362 898 3414 ornatum
947 3363 1063 3411 erat
1115 3365 1429 3424 venustate,
1490 3359 1792 3429 praesertim
1842 3361 1990 3431 quod

371 3452 487 3521 jam
527 3449 757 3521 jamque
794 3446 1071 3503 videretur
1108 3445 1348 3499 minitari
1408 3447 1624 3500 ruinam
1683 3463 1782 3518 pro
1823 3448 1992 3503 nimia

375 3548 672 3607 vetustate,
714 3555 947 3612 sperans
978 3539 1047 3594 de
1072 3539 1186 3594 Deo
1216 3539 1313 3611 qui
1344 3539 1502 3594 dives
1533 3549 1617 3595 est
1657 3541 1712 3594 in
1771 3541 1990 3598 miseri-

376 3636 587 3703 cordia,
608 3650 756 3690 anno
782 3632 1120 3705 praelationis
1146 3649 1261 3688 suae
1278 3632 1516 3703 septimo
1547 3649 1701 3690 novae
1724 3636 1985 3692 aecclesias

375 3724 539 3795 capit
564 3722 731 3778 ordiri
764 3719 1138 3776 fundamenta.

442 3813 531 3870 3i.
577 3812 839 3868 Videntes
871 3819 1052 3865 autem
1093 3809 1290 3865 Christi
1332 3809 1525 3866 fideles
1558 3810 1614 3865 in
1667 3810 1789 3866 dies
1822 3811 1991 3882 proﬁ-

372 3924 501 3965 cere
565 3909 741 3975 illum,
808 3904 1119 3961 voluntaria
1183 3904 1539 3961 succurrendi
1615 3905 1990 3976 Oportunitate

369 3996 490 4065 ejus
517 3993 838 4050 animabant
864 3992 1131 4047 animum.
1159 3992 1443 4048 Baldrlcus
1465 3992 1742 4063 siquidem
1772 3993 1987 4064 episco-

371 4103 476 4160 pus
498 4086 750 4162 gaudens
772 4101 832 4140 se
871 4100 985 4140 non
1005 4100 1129 4139 esse
1162 4084 1478 4139 frustratum
1509 4085 1578 4140 de
1608 4084 1827 4139 abbatis
1858 4101 1889 4140 a
1927 4102 1989 4141 se

366 4176 529 4232 electi
554 4175 702 4231 bona
730 4172 1106 4240 estimatione,
1136 4180 1308 4228 totum
1350 4189 1410 4228 se
1439 4173 1737 4228 transfudit
1780 4173 1835 4227 in
1869 4174 1989 4242 ejus

365 4267 684 4332 dilectione,
716 4272 772 4321 et
807 4264 1111 4321 mcclesiam
1153 4265 1212 4318 in
1261 4266 1575 4321 Bavenchin
1619 4274 1675 4321 et
1713 4266 1985 4322 novellam

365 4357 728 4414 ecclesiolam
763 4355 819 4410 in
859 4355 1010 4418 Heis,
1065 4354 1336 4409 decimam
1377 4370 1599 4427 quoque
1635 4355 1692 4409 in
1736 4355 1984 4409 Bernun-

2093 3270 2363 3336 episcopr
2400 3266 2633 3320 Wolbodo
2661 3266 2852 3331 addiat,
2885 3272 2937 3319 et
2966 3271 3028 3319 ut
3053 3267 3378 3332 firmitatem
3434 3269 3723 3324 inviolabi-

2092 3358 2195 3411 lem
2222 3359 2485 3426 0ptineret
2533 3370 2629 3424 per
2651 3370 2738 3408 me
2771 3355 2987 3410 devotus
3044 3358 3236 3411 oravit.
3268 3359 3433 3425 Cujus
3469 3360 3724 3426 petitioni

2092 3465 2371 3505 assensum
2421 3452 2584 3517 facile
2630 3450 2861 3518 praebui,
2933 3452 3192 3519 quoniam
3241 3457 3293 3505 et
3342 3452 3715 3517 ﬁdelissimum

2090 3558 2216 3597 eum
2240 3544 2378 3597 mihi
2430 3545 2491 3595 in
2516 3541 2763 3596 omnibus
2793 3544 3041 3610 comperi,
3098 3548 3150 3596 et
3204 3540 3421 3612 utrique
3461 3546 3713 3600 aecclesitz

2085 3634 2459 3689 concambium
2483 3635 2617 3687 utile
2643 3648 2751 3688 esse
2790 3635 2979 3689 multis
2997 3634 3390 3690 adtestantibus
3415 3641 3711 3705 recognovi.

2091 3731 2195 3782 Hoc
2222 3728 2391 3794 igitur
2419 3729 2699 3795 utriusque
2749 3727 2997 3781 aecclesiae
3042 3742 3303 3782 consensu
3338 3728 3585 3794 ﬁdelium
3624 3731 3712 3796 fa-

2089 3825 2239 3874 ctum
2261 3820 2569 3883 ﬁrmamus,
2594 3821 2648 3871 et
2689 3820 2752 3870 in
2774 3822 3041 3871 aeternum
3066 3816 3376 3871 inviolabile
3399 3824 3452 3872 et
3508 3821 3715 3873 immu-

2092 3912 2253 3967 tabile
2288 3926 2397 3966 esse
2445 3911 2614 3964 edicto
2667 3909 2942 3977 imperiali
2984 3910 3344 3965 decernimus.
3386 3914 3454 3963 Et
3507 3916 3570 3965 ut
3606 3913 3719 3966 haec

2088 4006 2275 4056 nostra
2329 4001 2627 4054 auctoritas
2667 4003 3099 4068 praeceptumque
3140 4001 3505 4054 consensionis
3542 4000 3718 4055 inuio-

2089 4095 2201 4149 lata
2230 4094 2474 4161 deinceps
2497 4097 2836 4161 permaneat,
2873 4093 3141 4160 jussimus
3177 4094 3274 4146 hoc
3313 4092 3600 4161 conscribi,
3636 4097 3715 4148 si-

2086 4184 2303 4252 gillique
2330 4183 2502 4237 nostri
2519 4183 2863 4250 impressione
2888 4183 3170 4236 munitum
3190 4184 3421 4250 signari.
3644 4248 3647 4255 _

2155 4275 2382 4341 Signum
2429 4271 2614 4326 damni
2665 4272 2903 4325 Heinrici
2954 4272 3296 4325 invictissimi
3341 4275 3706 4328 Romanorum

2092 4363 2428 4431 imperatoris
2478 4361 2701 4428 augusti
2749 4362 3030 4414 Gonterius
3080 4360 3440 4415 cancellarius
3501 4364 3575 4430 (L.
3637 4360 3710 4395 7"

364 4445 462 4500 fait
509 4445 628 4517 [seu
666 4445 736 4479 ⁷⁴²
790 4444 847 4498 in
889 4440 1227 4515 Sombresia]
1273 4424 1712 4498 Gemmelacensi
1772 4424 2184 4522 tradiditDM,j
2231 4454 2346 4507 υίεε
2395 4424 2755 4506 ενοιιάηθαιάέ
2801 4450 3257 4520 αγοὴίσαρρειιαῃξ
3304 4424 3515 4505 natavi:
3571 4456 3710 4506 υαια

362 4536 649 4594 ecclesiae.

431 4631 521 4687 32.
544 4630 752 4687 Eodem
771 4644 992 4702 quoque
1033 4634 1284 4699 tempore
1317 4629 1431 4699 (an.
1474 4627 1632 4696 1015,
1683 4630 1832 4701 Sept.
1863 4630 1979 4701 ΧΠ)

360 4723 655 4780 commissa
682 4738 867 4797 pugna
896 4721 951 4776 in
992 4720 1227 4777 Floridis
1253 4720 1398 4775 inter
1424 4720 1776 4776 Lantbertum
1808 4722 1982 4777 comi-

360 4822 494 4885 tem,
525 4813 701 4871 ﬁlium
731 4813 995 4887 Ragineri
1025 4812 1350 4889 Longicolli,
1383 4822 1439 4868 et
1485 4812 1845 4868 Godefridum
1877 4814 1978 4869 du-

357 4922 501 4973 cem,
533 4920 656 4962 cum
687 4903 1009 4959 Lar'nbertus
1026 4900 1233 4957 ibidem
1259 4900 1462 4974 gladiis
1487 4916 1650 4956 cesus
1674 4901 1981 4973 accepisset

354 5001 479 5056 vitae
534 4996 724 5065 ﬁnem,
781 4997 1019 5066 conjunx
1094 4995 1214 5064 ejus
1274 4994 1550 5067 Gerberga
1606 4994 1975 5063 nobilissima,

355 5092 569 5167 peccati
607 5089 710 5147 viri
739 5090 826 5145 sui
855 5097 1209 5163 compuncta,
1264 5105 1390 5145 cum
1418 5089 1617 5145 animae
1668 5090 1790 5159 ejus
1817 5090 1977 5147 abso-

351 5184 624 5243 lutionem
673 5188 728 5235 et
778 5182 1027 5252 requiem
1079 5189 1355 5254 quaereret
1404 5197 1502 5252 per
1548 5181 1975 5237 elemosinarum

352 5268 623 5337 remedia,
662 5269 837 5326 voluit
872 5279 933 5327 ut
972 5272 1140 5328 etiam
1185 5271 1435 5329 aeeclesia
1485 5272 1970 5342 Gemmelacensis,

350 5361 508 5432 cujus
534 5363 653 5435 ipse
682 5377 870 5419 comes
897 5363 1158 5421 defensor
1205 5364 1407 5432 fuerat,
1456 5382 1523 5421 ex
1553 5365 1744 5422 debito
1775 5367 1973 5421 animos

349 5451 527 5526 ipsius
574 5453 914 5526 persolveret
951 5455 1159 5528 jugiter
1185 5455 1494 5512 orationum
1543 5457 1754 5514 munia.
1818 5458 1973 5513 Unde

2083 4544 2117 4600 6
2147 4544 2258 4598 Kal.
2312 4548 2432 4598 Dec.
2476 4542 2767 4597 indictione
2802 4541 3061 4608 secunda,
3110 4555 3258 4595 anno
3284 4541 3574 4596 dominica:
3618 4545 3707 4596 in-

2081 4637 2416 4691 carnationis
2458 4633 2617 4701 1018,
2659 4647 2806 4687 anno
2834 4646 2957 4687 vero
2994 4632 3179 4688 damni
3207 4633 3450 4686 Heinrici
3483 4632 3711 4688 secundi

2080 4727 2360 4795 regnantis
2390 4723 2476 4790 i7,
2508 4724 2720 4791 imperii
2747 4720 2799 4776 5.
2832 4724 3028 4777 Actum
3057 4720 3257 4777 Leodio.

2150 4817 2238 4872 33.
2281 4815 2464 4870 Abbas
2510 4813 2782 4884 Olpertus,
2834 4812 3085 4883 gaudens
3123 4812 3256 4884 quia
3296 4828 3401 4884 per
3436 4812 3703 4869 auxilium

2080 4909 2350 4964 bonorum
2397 4907 2636 4961 virorum
2701 4904 2877 4959 labori
2933 4920 3033 4959 suo
3089 4903 3298 4960 bonum
3355 4912 3691 4974 proventum

2081 5002 2223 5057 Deus
2248 4998 2546 5066 inferebat,
2572 4997 2641 5052 ad
2684 4996 2938 5072 augenda
2976 4995 3201 5051 fratrum
3246 4996 3548 5068 stipendia,
3579 5012 3704 5069 quae

2078 5088 2247 5146 nimis
2277 5087 2467 5143 tenuia
2496 5092 2674 5153 erant,
2722 5085 2970 5140 animum
3016 5083 3366 5141 intendebat.
3399 5085 3464 5140 Et
3519 5085 3706 5141 sciens

2076 5199 2203 5239 esse
2231 5180 2650 5246 monachorum,
2678 5185 2738 5233 ut
2759 5176 2949 5233 labore
2978 5176 3164 5233 vivant
3197 5192 3484 5243 manuum,
3517 5192 3704 5233 exem-

2075 5273 2168 5345 plo
2201 5277 2418 5344 patrum
2450 5277 2505 5324 et
2542 5267 2946 5340 apostolorum,
2990 5265 3314 5322 continuato
3345 5281 3471 5320 cum
3522 5264 3705 5320 fratri-

2076 5363 2180 5418 bus
2209 5360 2419 5428 labore,
2450 5357 2757 5415 secundum
2797 5355 2949 5427 quod
2996 5353 3306 5410 necessitas
3365 5352 3705 5425 paupertatis

2074 5452 2331 5527 exigebat
2377 5456 2433 5505 et
2457 5448 2712 5506 voluntas
2752 5442 3083 5502 obedientiaa
3115 5442 3407 5511 suadebat,
3451 5442 3507 5496 in
3538 5456 3705 5513 opor-

1686 5562 1907 5619 VARUE
1955 5559 2228 5617 LECTION
2235 5556 2312 5613 ES
2326 5597 2339 5611 .

416 5652 484 5690 πί
505 5661 590 5710 tes
615 5669 644 5709 e
657 5668 801 5711 corr.

347 5728 641 5795 peram-is.

881 5650 952 5689 7"
973 5667 1072 5708 seu
1111 5652 1170 5708 in
1220 5652 1538 5713 Sombresia
1587 5657 1778 5713 saeculo
1828 5674 1903 5715 xu
1959 5657 2153 5713 addita
2217 5657 2275 5708 in
2329 5670 2374 5709 c.
2459 5650 2530 5687 ⁷⁸⁸
2558 5648 2713 5704 adest
2758 5659 3156 5715 monogramma
3210 5643 3456 5699 θείην-ἰοί
3483 5644 3537 5699 ιι
3579 5644 3691 5700 im-
