3930 6204
182 311 288 373 .621

1270 311 1477 367 GESTA
1515 311 1821 368 ABBATUM
1863 310 2432 373 GEMBLACENSIUM.

180 448 332 503 tunis
373 446 676 518 supradicti
708 447 898 518 praedii
953 448 1087 504 locis
1116 447 1275 505 factis
1305 450 1575 505 aestauriis
1612 452 1681 486 7“
1709 452 1799 508 vi-
1828 453 1878 521 Α
1904 450 2054 505 nobis
2081 466 2248 519 quam
2291 464 2389 518 pro
2417 449 2522 503 illis
2547 449 2880 504 orationibus
2927 457 3118 506 vacent
3144 454 3206 506 in
3239 458 3350 509 tota
3377 456 3521 523 ipso-

178 538 330 595 varia
358 539 426 593 ad
459 538 816 608 recipiendos
867 538 1049 609 pisces
1081 540 1422 606 construxit;
1480 541 1630 613 quod
1684 541 1798 596 fra-

180 634 325 681 trum
356 625 552 681 usibus
580 625 713 681 satis
741 625 874 681 utile
900 642 1022 682 esse
1042 626 1302 697 providit.

252 715 340 773 34.
377 715 675 771 Successor
699 715 938 771 Baldrici
986 716 1258 787 Wolpodo
1292 720 1402 785 (an.
1445 715 1632 786 1018),
1673 716 1802 787 quia

181 805 411 861 omnino
437 804 658 861 deditus
683 812 799 860 erat
824 812 1026 861 sanctae
1055 805 1341 881 religionis
1370 806 1574 861 studio.
1609 806 1801 861 Olber-

171 901 287 949 tum
315 894 574 948 abbatem
612 893 906 965 religiosus
940 895 1158 949 caeteris
1188 894 1372 949 vivere
1413 894 1607 949 libenti
1650 894 1801 949 acci-

181 982 373 1054 piebat
414 983 622 1050 animo,
655 989 709 1037 et
758 999 883 1037 cum
922 983 1180 1057 dignatus
1228 999 1330 1039 suo
1366 984 1532 1038 latere
1564 993 1619 1039 et
1650 983 1798 1037 auri-

182 1074 327 1139 cula,
359 1074 427 1129 ad
473 1074 703 1129 meliora
730 1090 857 1130 eum
889 1074 1121 1130 tendere
1172 1092 1272 1130 sua
1309 1075 1645 1146 provocabat
1672 1092 1796 1149 gra-

181 1165 275 1220 tia.
306 1165 463 1220 Unde
488 1165 637 1238 quod
672 1166 905 1236 primum
946 1166 998 1221 ei
1023 1168 1278 1234 occurrit,
1309 1183 1432 1238 quae
1483 1173 1799 1223 antecessor

181 1273 316 1313 suus
368 1257 519 1313 illius
548 1257 721 1332 gratia
771 1257 1034 1313 aacclesize
1082 1258 1519 1314 Gemmclacensi
1551 1259 1797 1325 tradidit,

182 1362 297 1401 sua:
351 1345 728 1417 stipulationis
770 1346 1095 1402 auctoritate
1142 1345 1515 1413 confirmavit;
1573 1347 1802 1417 insuper

181 1435 356 1506 ipsam
395 1434 700 1489 aecclesiam
749 1434 1255 1492 Gemmelacensem
1311 1435 1676 1491 immunitatis
1725 1435 1799 1490 li-

182 1524 395 1580 bertate
433 1522 658 1579 donavit
687 1532 741 1578 et
771 1525 892 1579 haec
928 1525 1246 1593 hujusmodi
1279 1533 1443 1582 earta:
1475 1525 1797 1582 testimonio

182 1613 420 1684 posteris
456 1613 836 1669 conservanda
869 1614 1185 1687 assignavit.

257 1706 526 1774 Wolpodo,
582 1709 674 1760 Dei
709 1707 1019 1775 disponente
1056 1708 1339 1762 clementia
1367 1714 1571 1764 sanctae
1623 1709 1804 1765 Leodi-

179 1796 349 1848 censis
652 1767 943 1863 episcopus,
1001 1796 1247 1851 omnibus
1271 1799 1330 1851 in
1358 1798 1561 1851 Christo
1585 1800 1676 1868 pie
1714 1801 1799 1853 vi-
1827 1767 1876 1835 Β

178 1900 297 1941 vere
337 1886 656 1940 volentibus.
715 1890 1008 1956 Unicuique
1070 1892 1266 1944 Christi
1311 1890 1555 1954 ﬁdelium
1599 1894 1801 1946 scimus

181 1980 499 2034 omnimodis
550 1994 658 2035 esse
714 1980 1120 2049 elaborandum,
1172 1988 1235 2037 ut
1291 1986 1585 2051 promereri
1635 1986 1800 2053 possit

180 2072 421 2138 gratiam
443 2076 776 2126 sanctorum.
820 2074 955 2135 Quia
978 2076 1056 2127 sic
1093 2078 1207 2127 tam
1225 2076 1456 2143 propriae
1480 2076 1798 2144 fragilitatis

172 2173 331 2229 quam
360 2159 431 2193 7‘5
458 2161 693 2217 demonis
730 2166 781 2215 et
820 2161 982 2230 hujus
1011 2163 1207 2216 mundi
1234 2165 1578 2217 concutimur
1612 2165 1798 2230 ﬂucti-

177 2255 292 2324 bus,
323 2262 384 2312 et
408 2258 630 2311 nonnisi
651 2271 838 2312 eorum
866 2258 996 2323 freti
1020 2260 1337 2326 patrociniis
1354 2258 1639 2313 subsistere
1669 2274 1798 2328 pos-

175 2351 367 2403 simus.
406 2349 548 2402 Unde
573 2351 751 2404 sancti
779 2351 924 2403 Petri
957 2351 1314 2419 apostolorum
1362 2353 1622 2420 principis
1667 2366 1799 2405 san-

170 2444 341 2511 ctique
385 2444 646 2511 Exuperii
670 2445 929 2511 martyris
959 2444 1296 2512 aliorumque
1334 2450 1650 2499 sanctorum
1696 2459 1799 2513 pa-

174 2537 405 2591 trocinia
455 2550 558 2604 quo
594 2538 749 2605 potui
796 2536 949 2590 modo
996 2551 1234 2605 quaerere
1277 2536 1588 2605 deliberavi,
1642 2552 1801 2606 quem

173 2630 223 2679 et
262 2624 520 2679 omnibus
551 2630 665 2699 tam
696 2626 1050 2694 prwsmtibus
1079 2642 1247 2694 quam
1276 2628 1481 2693 futuris
1518 2628 1802 2691 noti/icere

177 2716 431 2786 disposui.
485 2720 793 2771 Antecessor
843 2732 995 2771 meus
1033 2718 1313 2773 Baldricus
1361 2718 1544 2773 divino
1593 2723 1645 2772 et
1692 2721 1802 2786 ipse

183 2812 357 2862 tactus
380 2809 612 2875 fervore,
652 2809 931 2877 quandam
958 2808 1254 2863 (ecclesiam
1282 2812 1342 2863 in
1366 2810 1631 2863 Bavechin
1660 2813 1802 2863 corte

185 2906 368 2954 nostra
416 2901 586 2954 sitam
612 2899 975 2955 Gemblacensi
1025 2900 1167 2954 dedit
1216 2902 1482 2967 (ecclesiae,
1514 2904 1575 2955 in
1608 2903 1803 2956 honore

180 2994 619 3063 supradictorum
644 2994 916 3048 dedicatae.
942 2995 1091 3049 Dedit
1122 3000 1173 3049 et
1201 2995 1432 3049 decimas
1459 2995 1801 3064 quorundam

181 3088 478 3149 sartoru-m,
527 3097 647 3150 qua:
700 3082 921 3151 quidam
948 3085 1007 3137 in
1054 3083 1189 3137 silva
1245 3082 1568 3153 [Sombresice
1604 3083 1674 3118 ⁷⁴⁶
1727 3081 1795 3156 et]

182 3177 294 3230 Eois
337 3175 485 3229 dicta
524 3174 760 3243 ejusdem
799 3175 1183 3230 Gemblacensis
1213 3177 1459 3230 cecclesice
1498 3167 1794 3243 sarieb'ant,

178 3278 392 3333 quisque
416 3262 564 3316 nulli
614 3267 1008 3317 antecessorum
1045 3270 1351 3319 nostrorum
1400 3265 1569 3319 alicui
1604 3280 1796 3334 parro-

175 3355 303 3409 chia:
343 3356 778 3422 assignaverant.
819 3358 884 3408 Et
912 3357 1023 3410 haec
1067 3356 1317 3424 quiddem
1364 3357 1463 3411 sub
1497 3360 1798 3413 testimonio

175 3448 386 3500 testium
426 3444 741 3499 idoneorum
763 3445 1031 3513 praedicta:
1094 3447 1342 3500 (ecclesiae
1391 3448 1647 3515 contulit,
1710 3449 1800 3503 sed

182 3538 459 3592 cartalam
489 3536 796 3591 traditionis
852 3543 1023 3592 morte
1043 3544 1348 3607 praeventus
1402 3554 1511 3594 non
1560 3542 1706 3606 fecit.
1739 3545 1803 3594 In

182 3648 285 3701 qua
312 3632 572 3700 facienda
596 3632 775 3687 volens
802 3648 889 3688 me
932 3634 1112 3700 facere
1130 3636 1450 3703 participem
1473 3638 1589 3703 ejus
1612 3636 1801 3692 elemo-

185 3724 332 3789 sinm,
361 3721 689 3791 prozdictum
716 3721 918 3777 donum
945 3721 1045 3777 sub
1082 3724 1310 3777 cartulce
1330 3724 1487 3787 ﬁrmo
1515 3727 1802 3793 consigna-

186 3811 341 3865 tione.
400 3809 547 3864 Addo
600 3815 652 3864 et
701 3811 853 3864 aliud
886 3826 956 3866 ea:
988 3818 1148 3881 parte
1199 3815 1371 3866 nostri
1407 3813 1629 3880 donum,
1669 3814 1806 3883 quod

185 3896 429 3950 omnibus
460 3896 574 3950 volo
601 3911 709 3951 esse
760 3903 972 3952 notum.
1005 3901 1277 3954 Instinctu
1329 3906 1508 3956 nostro
1562 3901 1728 3956 abbas
1754 3908 1805 3957 et

185 3989 523 4057 congregatio
574 3989 820 4056 pradicti
848 3989 951 4046 loci
981 3991 1277 4046 (ecclesiam
1326 4008 1523 4048 novam
1558 3995 1801 4059 redi/ica-

182 4081 275 4148 vit,
320 4083 496 4150 juxta
524 4096 691 4149 quam
719 4085 948 4151 antiqua
998 4086 1208 4151 relicta,
1239 4087 1368 4153 quia
1414 4091 1535 4140 erat
1566 4092 1805 4155 parvula

185 4175 234 4224 et
259 4174 363 4226 cito
386 4172 634 4241 lapsura,
665 4173 969 4228 claustrum
997 4180 1048 4229 et
1079 4178 1263 4230 omnia
1295 4178 1663 4232 transmulare
1703 4193 1802 4232 cu-

185 4271 332 4320 rant.
363 4266 467 4322 Sed
493 4268 573 4321 his
600 4268 915 4337 quandoque
939 4271 1139 4339 factis;
1187 4274 1378 4326 timent
1415 4275 1804 4328 circumitionis

184 4353 402 4410 obsonia
430 4353 501 4408 ab
529 4355 765 4410 (ecclesia
794 4360 1023 4426 antiqua
1079 4360 1341 4428 exigenda
1378 4374 1488 4416 esse
1513 4362 1580 4416 ab
1606 4364 1805 4431 episco-

184 4446 267 4513 pis
318 4447 531 4513 futuris
556 4489 573 4513 ,
631 4462 695 4502 ea
741 4448 941 4503 scilicet
1020 4453 1311 4520 occasione,
1367 4454 1505 4522 quod
1545 4460 1811 4510 monaste-

191 4535 340 4588 rium
366 4535 584 4590 desierit
612 4538 727 4605 ipsa
755 4551 883 4592 esse.
908 4541 1073 4607 Cujus
1102 4542 1182 4594 rei
1217 4544 1482 4598 rationem
1532 4543 1814 4612 diligenter

188 4622 518 4692 investigans
572 4640 700 4679 cum
745 4627 954 4694 multis,
997 4631 1248 4697 comperi,
1289 4630 1358 4684 ab
1411 4633 1527 4700 ipsa
1574 4633 1812 4688 aecclesia

186 4715 550 4771 Gemblacensi
598 4720 820 4772 servitia
848 4720 1035 4788 aliqua
1058 4720 1189 4775 data
1226 4737 1337 4777 non
1367 4723 1535 4789 fuisse
1572 4726 1809 4779 circum-

402 4806 604 4861 scilicet
626 4809 741 4862 vice
767 4810 1185 4865 antecessoribus
1216 4814 1365 4879 meis,
1404 4827 1473 4867 ea:
1498 4828 1599 4882 quo
1627 4814 1811 4869 eadem

192 4895 414 4952 abbatia
447 4901 827 4964 muniﬁcentia
851 4905 990 4971 regis
1023 4903 1264 4973 subjecta
1299 4911 1375 4961 est
1402 4907 1512 4961 sedi
1566 4908 1809 4963 cecclesia:

192 4987 535 5043 Leodicensis.
576 4994 730 5046 Hanc
756 4998 1152 5048 antecessorum
1195 5010 1437 5051 meorum
1474 4997 1817 5053 clementiam

190 5090 250 5128 in
272 5078 535 5144 futurum
560 5079 897 5137 decernimus
947 5085 1388 5152 conseruandam,
1419 5086 1619 5141 scilicet
1650 5092 1710 5141 ut
1748 5087 1833 5141 ab.

188 5166 422 5220 ecclesia
475 5168 855 5239 Cemblacensi,
884 5173 1038 5227 salva
1069 5179 1286 5229 tantam
1314 5177 1656 5232 ordinatione
1674 5192 1815 5247 pon-

197 5255 405 5318 tiﬁcali,
463 5261 775 5314 servitutem
829 5263 1221 5318 circumitionis
1256 5267 1538 5333 requirant
1580 5268 1812 5323 nullam.

193 5346 505 5403 Secundum
538 5357 852 5407 sanctorum
888 5367 1163 5409 canonum
1198 5357 1454 5411 instituta
1495 5362 1817 5427 permittant

196 5439 484 5493 monachos
530 5441 706 5495 vitam
752 5442 1010 5498 deducere
1056 5446 1231 5513 quiete
1268 5444 1429 5515 bona,
1479 5452 1542 5501 ut
1582 5454 1696 5503 tam
1719 5466 1818 5520 pro

1833 4497 1889 4566 D

1902 557 2031 596 rum
2070 544 2201 596 vita.
2237 545 2343 610 Ego
2379 540 2610 609 Wolpodo
2651 542 2921 609 episcopus
2964 545 3182 598 nomine
3226 558 3337 600 non
3372 558 3525 615 apere

1900 630 2192 700 subscripsi
2214 636 2265 684 et
2293 630 2631 694 conﬁrmavi.

1973 722 2060 778 35.
2116 722 2400 778 Baldricus
2450 737 2584 794 sepe
2637 736 2805 793 supra
2830 722 3168 794 {nominatus
3222 723 3518 795 episcOpus

1902 827 2028 867 cum
2076 812 2408 867 retributore
2439 811 2688 866 omnium
2739 811 2851 866 Deo
2905 810 3114 867 faciens
3141 812 3519 866 commertium

1901 901 2207 971 proficuum
2245 900 2376 967 sibi,
2426 900 2593 972 elegit
2639 899 2708 954 de
2754 899 3019 970 perituris
3071 907 3275 955 aeterna
3323 900 3394 954 ab
3449 914 3516 955 eo

1900 990 2150 1044 mercari.
2203 990 2333 1045 ldeo
2387 1005 2514 1044 eum
2571 988 2842 1059 adoptans
2900 990 3161 1044 heredem
3197 988 3515 1059 patrimonii

1899 1081 2007 1146 sui,
2034 1081 2350 1136 coenobium
2383 1081 2439 1135 in
2462 1081 2674 1136 honore
2705 1080 2890 1136 fratris
2919 1081 3137 1136 Domini
3163 1081 3354 1137 Jacobi
3386 1080 3514 1137 fun-

1900 1168 2054 1225 duvit
2084 1170 2140 1223 in
2171 1169 2352 1224 insula
2377 1168 2724 1236 Leodicensi,
2755 1185 2818 1224 ac
2846 1169 3154 1239 portionem
3183 1166 3509 1224 substantiae

1902 1264 2241 1333 temporalis,
2275 1278 2398 1335 quae
2428 1278 2493 1318 ex
2523 1262 2693 1317 multa
2725 1263 2884 1333 cepia
2914 1262 3184 1319 nobilium
3223 1269 3515 1334 parentum

1902 1370 2126 1409 suorum
2158 1370 2283 1409 eum
2323 1353 2701 1428 contingebat,
2744 1354 3017 1430 delegavit
3047 1353 3145 1411 ibi.
3180 1353 3289 1409 Sed
3332 1352 3521 1408 imma-

1903 1448 2026 1499 turo
2049 1449 2239 1514 raptus
2290 1442 2506 1510 funere,
2540 1458 2644 1498 nec
2675 1442 2859 1513 potuit
2898 1443 2954 1498 in
2986 1443 3092 1500 hoc
3115 1442 3258 1499 votis
3294 1441 3413 1499 suis
3451 1442 3522 1497 ad

1903 1533 2131 1602 plenum
2181 1529 2522 1586 satisfacere.
2582 1531 2745 1603 Cujus
2784 1530 2894 1586 loci
2971 1531 3324 1603 providentia
3389 1531 3522 1604 quia

1904 1625 2041 1679 nulli
2098 1624 2280 1680 adhuc
2306 1624 2587 1699 assignate
2616 1631 2754 1691 erat,
2807 1624 2875 1678 ad
2914 1640 3136 1679 manum
3176 1624 3354 1681 solius
3391 1623 3520 1695 epi-

1903 1716 2056 1787 scepi
2109 1715 2412 1787 spectabat.
2460 1716 2610 1771 Unde
2650 1730 2941 1771 successor
2987 1715 3522 1787 BaldriciWolpodo

1905 1807 1999 1878 pie
2026 1807 2318 1874 sollicitus,
2360 1807 2550 1862 habito
2580 1806 2812 1863 consilio
2842 1821 2966 1862 cum
2994 1807 3110 1862 suis
3136 1806 3522 1875 familiaribus,

1901 1896 2227 1952 deliberavit
2280 1897 2463 1952 locum
2524 1896 2675 1952 illum
2734 1894 3151 1967 prudentissimi
3186 1894 3407 1951 abbatis
3431 1895 3524 1951 Ol-

1901 1987 2042 2043 berti
2088 1988 2430 2044 committere
2461 1986 2755 2054 Qmanibus.
2788 1987 2945 2053 Quod
2985 1986 3079 2042 ille
3131 1986 3227 2042 diu
3257 1986 3523 2043 multum-

1899 2092 2007 2149 que
2051 2076 2352 2132 reluctatus
2393 2076 2691 2132 deelinavit
2724 2075 3028 2144 humiliter,
3076 2083 3132 2131 at
3159 2074 3247 2131 vix
3295 2074 3519 2131 tandem

1898 2168 2143 2239 suscepit
2173 2168 2502 2224 obedienter
2523 2175 2578 2223 et
2616 2173 2877 2223 executus
2905 2174 2989 2222 est
3033 2167 3357 2240 prudenter.
3389 2165 3522 2221 Nam

1902 2259 2173 2315 aediﬁcato
2190 2261 2427 2315 claustro
2455 2275 2578 2315 cum
2608 2258 2849 2315 ofﬁcinis
2868 2259 3000 2324 suis,
3026 2266 3190 2331 prout
3207 2256 3523 2330 patiebatur

1902 2352 2249 2422 oportunitas
2270 2352 2556 2423 temporis,
2589 2352 2856 2423 colligens
2882 2352 3013 2407 hinc
3038 2350 3170 2406 inde
3195 2348 3343 2407 viros
3370 2350 3515 2406 bene

1901 2442 2142 2498 directos
2156 2442 2225 2497 ad
2254 2458 2501 2498 normam
2542 2439 2854 2512 disciplinae
2884 2439 3171 2515 regularis,
3195 2447 3251 2495 et
3278 2438 3517 2495 maxime

1901 2551 1965 2590 ex
2006 2536 2302 2607 disciplina
2342 2535 2557 2590 abbatis
2604 2531 2885 2599 Ricbardi,
2933 2533 3028 2606 qui
3066 2538 3200 2588 tunc
3251 2530 3520 2603 temporis

1900 2624 2111 2696 ubique
2151 2624 2552 2696 praedicabatur
2595 2622 2653 2677 in
2699 2621 2914 2678 fervore
2960 2627 3166 2677 sanctae
3205 2619 3512 2695 religionis,

1900 2717 2113 2787 primus
2143 2716 2256 2772 illic
2295 2715 2637 2787 propositum
2675 2713 3015 2771 monachicae
3048 2711 3408 2785 professionis
3436 2711 3519 2767 in-

1901 2808 2099 2875 stituit,
2131 2814 2187 2863 et
2216 2808 2398 2880 quoad
2437 2806 2595 2875 vixit,
2642 2807 2827 2863 locum
2869 2805 3025 2860 illum
3061 2805 3131 2859 ad
3168 2803 3389 2860 laudem
3421 2801 3519 2858 Dei

1902 2908 1957 2955 et
1986 2900 2270 2955 hominum
2300 2899 2680 2955 strenuissime
2709 2897 3058 2973 gubernavit.

1971 2985 2058 3043 36.
2114 2986 2225 3042 Nec
2272 2986 2456 3042 minus
2503 2986 2765 3056 insistens
2808 2991 2969 3056 cepto
3012 2983 3171 3055 operi
3210 2980 3521 3038 Gemmela-

1900 3072 2083 3129 censis
2120 3072 2409 3137 aecclesiaa,
2463 3071 2731 3144 quicquid
2761 3087 2792 3125 a
2836 3070 3136 3143 semetipso
3186 3068 3524 3126 omnimodis

1898 3160 2202 3218 laborando
2230 3168 2447 3233 poterat
2499 3167 2848 3232 extorquere,
2874 3166 3049 3216 totum
3104 3157 3391 3235 satagebat
3416 3174 3519 3217 οιτ

1898 3254 2144 3324 pendere
2182 3253 2239 3308 in
2264 3253 2501 3309 utilitate
2541 3251 2621 3307 rei
2652 3251 3075 3308 aecclesiasticm.
3118 3250 3275 3308 Unde
3304 3250 3375 3307 ad
3409 3255 3522 3306 tam

1901 3352 2211 3416 promptum
2243 3345 2403 3401 bona:
2442 3343 2769 3401 intentionis
2811 3340 3090 3411 aﬁ‘ectum,
3129 3341 3520 3398 subministra-

1900 3440 1995 3495 bat
2021 3439 2328 3495 divinitatis
2371 3439 2548 3514 gratia
2598 3444 2847 3510 Optatum
2904 3435 3181 3494 eﬁ'ectum.
3239 3434 3523 3507 Siquidem

1901 3534 2181 3590 arridente
2220 3535 2326 3589 sibi
2355 3534 2527 3589 multo
2553 3550 2816 3590 successu
2846 3531 3228 3606 prosperitatis
3253 3531 3524 3587 maturius

1902 3639 2003 3679 sua
2032 3638 2133 3695 spe
2161 3624 2299 3679 vidit
2350 3622 2884 3679 consummationem
2940 3621 3085 3693 cepti
3123 3620 3330 3692 operis,
3382 3619 3528 3678 infra

1902 3711 2198 3767 triennium
2257 3709 2373 3766 fere
2415 3707 2688 3766 aediﬁcata
2727 3708 2977 3764 aecclesia
3016 3724 3137 3764 cum
3189 3707 3528 3764 utensilibus

1903 3802 2041 3870 suis,
2083 3807 2397 3858 constructo
2450 3800 2615 3857 etiam
2646 3801 2887 3856 claustro
2943 3815 3069 3856 cum
3116 3796 3359 3854 ofﬁcinis
3385 3799 3525 3867 suis,

1904 3896 1981 3958 et,
2012 3890 2163 3963 quod
2191 3889 2369 3965 magis
2406 3895 2524 3944 erat
2550 3888 2601 3944 ei
2642 3904 2701 3942 1n
2737 3894 2885 3955 voto,
2908 3886 3023 3955 jam
3054 3886 3124 3941 ad
3156 3886 3384 3957 plenum
3413 3884 3521 3942 fer-

1904 3990 2070 4039 vente
2109 3982 2187 4038 ibi
2214 3989 2418 4039 sanctae
2468 3980 2752 4055 religionis
2777 3980 2981 4047 studio,
3021 3977 3276 4034 litterulis
3301 3993 3525 4052 quoque

1906 4077 2154 4134 scientiae
2211 4092 2326 4133 non
2380 4074 2741 4132 mediocriter
2782 4073 3006 4148 vigente
3057 4070 3344 4128 exercitio.
3400 4071 3526 4142 ipse

1905 4170 2111 4225 nullam
2164 4183 2320 4240 paene
2350 4183 2455 4224 nec
2508 4166 2655 4222 curis
2684 4164 2854 4221 animi
2912 4179 3018 4219 nec
3055 4161 3231 4218 labori
3277 4162 3525 4234 corporis

1905 4264 2098 4319 laxans
2127 4263 2398 4336 quietem,
2430 4277 2650 4334 semper
2670 4260 2934 4317 tendebat
2952 4258 3021 4314 ad
3052 4257 3240 4328 operis
3263 4272 3525 4313 consum-

1905 4355 2227 4412 mationem.
2292 4357 2371 4411 Ita
2431 4355 2690 4411 omnibus
2757 4353 3036 4427 apparatis
3099 4368 3165 4407 ex
3219 4349 3524 4418 voluntate,

1912 4447 2323 4503 dedicationem
2352 4446 2505 4501 illius
2542 4446 2806 4503 aacclesiaz
2831 4442 3100 4500 celebrari
3130 4440 3263 4498 fecit
3290 4438 3529 4495 maxima

1912 4544 2159 4599 omnium
2188 4542 2494 4598 vicinorum
2534 4542 2815 4597 alacritate
2864 4557 2895 4596 a
2936 4537 3194 4594 Durando
3220 4533 3529 4593 venerabili

1911 4630 2337 4686 Leodicensium
2405 4629 2644 4700 praesule
2701 4630 2737 4684 8
2796 4626 3068 4683 Kalendas
3120 4622 3350 4697 Augusti
3397 4621 3527 4677 mil-

1909 4722 2105 4778 lesimo
2130 4722 2394 4779 vicesimo
2434 4721 2682 4777 secundo
2722 4735 2868 4776 anno
2912 4717 3147 4774 Domini.
3200 4716 3311 4771 Nec
3353 4714 3528 4771 multo

1909 4820 2033 4884 post
2060 4813 2359 4869 oratorium
2405 4812 2579 4869 sancti
2620 4811 2775 4866 Pauli
2827 4810 2993 4866 situm
3048 4806 3190 4863 infra
3227 4806 3528 4862 claustrum

1907 4906 1942 4960 6
1980 4905 2251 4962 Kalendas
2286 4905 2438 4961 Junii
2493 4921 2525 4959 a
2576 4918 2897 4961 successore
2935 4899 3177 4957 Durandi
3216 4898 3530 4974 Raginardo

1915 4997 2156 5053 dedicari
2201 4996 2349 5063 fecit,
2382 4995 2529 5068 apud
2569 4996 2726 5066 cujus
2765 4994 3007 5049 animum
3045 4991 3346 5047 maximum
3393 4989 3535 5045 ami-

1916 5086 2057 5141 citiae
2084 5085 2267 5142 locum
2289 5085 2544 5156 eptinere
2572 5083 2792 5138 meruit.
2812 5082 3009 5137 Postea
3027 5080 3192 5135 etiam
3214 5084 3530 5134 constructo

1915 5174 2122 5245 duplici
2151 5173 2416 5240 oratorio,
2448 5171 2677 5228 inferius
2702 5171 2911 5228 scilicet
2937 5169 2996 5224 in
3026 5169 3236 5224 honore
3266 5164 3535 5222 Johannis

1916 5267 2171 5338 baptista:
2193 5272 2248 5320 et
2263 5264 2532 5321 Johannis
2547 5262 2923 5338 evangelistze,
2943 5259 3201 5333 superius
3228 5257 3287 5312 in
3324 5258 3538 5314 honore

1916 5354 2199 5410 Michaelis
2227 5352 2543 5426 archangeli
2585 5358 2640 5407 et
2679 5349 2943 5423 Stephani
2973 5345 3428 5420 prothomartyris
3467 5343 3535 5397 ab

1918 5448 2115 5505 eodem
2149 5448 2461 5524 Raginardo
2492 5446 2836 5504 sollemniter
2891 5441 3135 5501 dedicari
3164 5441 3296 5498 fecit
3337 5440 3373 5497 2
3413 5438 3540 5494 ldus

1561 5574 1779 5632 VARIA!
1802 5575 2180 5635 LECTIONES.

263 5683 329 5719 7“
356 5685 429 5740 iis
458 5702 486 5740 ρ
514 5703 658 5743 corr.
702 5686 770 5723 7³⁵
803 5696 911 5744 tam
938 5704 1078 5746 corr.
1100 5708 1285 5763 quam.
1321 5695 1392 5731 ⁷⁸⁸
1424 5696 1750 5758 sombresiae
1782 5707 1835 5758 et
1858 5706 1985 5772 post
2010 5701 2141 5758 add.
