3930 6204
348 317 460 376 ΒΞ3

1579 310 1919 370 SIGEBERTI
1960 310 2470 371 GEMBLACENSIS.

3582 316 3688 373 624

353 448 603 522 Augusti.
644 446 882 518 Corpora
929 444 1118 511 etiam,
1167 440 1501 498 venerabilis
1558 451 1612 496 et
1661 443 1771 496 Deo
1811 441 1961 513 digni
1990 441 2296 510 Aaliorum
2329 442 2613 512 penuriam
2645 442 2713 496 ad
2761 457 2920 497 suum
2976 448 3254 499 verterent
3305 444 3693 514 commodum,

355 539 663 596 fundatoris
691 537 864 593 nostri
896 536 1002 591 loci
1029 534 1328 604 Wichperti
1365 543 1418 588 et
1453 535 1611 589 trium
1648 537 1964 606 przrdeces-

355 644 538 685 sorum
580 642 827 692 suorum,
861 624 1091 690 Erluini,
1125 623 1447 691 Heriwardi,
1478 626 1708 680 secundi
1741 627 1962 691 Erluini,

355 717 410 772 in
443 717 586 771 hanc
614 715 844 785 criptam
876 720 1193 768 reverenter
1223 713 1351 767 iecit
1377 715 1750 784 transportari.

424 808 513 863 37.
550 807 701 862 Idem
757 805 939 860 ﬁdelis
969 805 1322 875 dispensator
1379 811 1431 859 et
1489 806 1751 874 prudens,
1783 807 1966 860 sciens

353 896 486 968 quia
514 894 876 967 querentibus
903 894 1140 964 primum
1183 909 1410 964 regnum
1443 893 1536 946 Dei
1591 901 1644 946 et
1696 894 1963 962 justitiam

355 988 498 1056 ejus,
557 987 729 1042 etiam
777 985 1085 1040 necessaria
1151 985 1402 1054 corporis
1460 985 1512 1036 in
1555 994 1802 1055 tempore
1841 994 1968 1038 sunt

353 1077 665 1140 adicienda,
725 1074 1007 1130 laborabat
1061 1073 1208 1127 omni
1251 1087 1358 1142 qua
1407 1080 1623 1142 poterat
1683 1072 1963 1137 instantia,

353 1167 724 1235 undecunque
741 1168 1019 1216 annuente
1041 1158 1146 1214 sibi
1180 1160 1311 1225 Deo,
1345 1158 1636 1229 adquirere
1666 1159 1888 1228 prmdia,
1915 1174 1972 1221 ut

355 1260 486 1314 dum
536 1256 620 1312 eis
669 1269 770 1326 pro
823 1253 1076 1308 facultate
1108 1251 1211 1306 loci
1263 1251 1534 1305 exteriora
1589 1258 1968 1321 suppeterent,

354 1346 585 1420 ipsisine
614 1340 1062 1399 murmurationis
1102 1340 1496 1411 impedimento
1527 1341 1878 1410 tranquillius
1917 1349 1971 1396 et

353 1437 666 1511 expeditius
693 1437 806 1492 Deo
836 1434 1201 1490 deservirent.
1227 1435 1500 1504 Disposita
1522 1435 1705 1505 itaque
1736 1435 1958 1489 ordina-

353 1533 463 1589 tius
489 1533 654 1589 solito
684 1547 745 1586 re
769 1530 1044 1597 familiari,
1067 1537 1126 1585 ut
1159 1531 1271 1598 jam
1303 1529 1514 1600 absque
1541 1536 1669 1600 typo
1696 1530 1779 1583 vel
1812 1545 1962 1584 mora

353 1623 650 1679 constituta
687 1619 950 1676 fratribus
995 1619 1276 1688 stipendia
1315 1627 1542 1688 possent
1595 1617 1959 1687 suppeditari,

2071 528 2198 583 dum
2259 530 2574 599 posthabita
2629 530 3014 584 misericordia
3071 548 3402 602 pauperum,
3460 550 3560 588 sua
3599 542 3694 590 aut

2070 625 2287 671 servant
2340 619 2578 672 tenatius
2633 626 2725 672 aut
2763 618 3012 674 vendunt
3051 621 3253 686 carius,
3297 620 3386 675 hic
3433 638 3536 676 nec
3594 638 3693 677 sua

2071 705 2174 760 sibi
2218 723 2436 761 servare
2479 725 2576 776 per
2615 708 2877 763 tenatiam
2918 723 3024 763 nec
3054 709 3176 762 aliis
3231 710 3474 765 vendere
3520 711 3695 766 voluit

2070 813 2167 866 per
2197 799 2509 863 avaritiam;
2535 800 2630 854 sed
2661 801 2833 870 ipsius
2861 800 2957 854 Dei
2986 801 3228 856 creditor
3246 801 3494 869 effectus,
3525 803 3699 874 empit

2069 910 2191 948 esse
2234 895 2524 949 laudabilis
2567 896 2872 950 usurarius.
2915 897 3120 952 Noleus
3151 899 3298 952 enim
3328 915 3495 970 parce
3526 900 3698 955 semi-

2070 1002 2219 1052 nare,
2263 1003 2330 1039 ne
2358 994 2412 1040 et
2433 1003 2596 1056 parce
2628 995 2882 1055 meteret,
2907 989 3220 1044 seminabat
3246 990 3312 1061 ,in
3342 991 3698 1048 benedictio-

2073 1074 2258 1139 nibus,
2295 1083 2352 1129 ut
2397 1075 2464 1128 de
2519 1074 3008 1131 benedictionibus
3062 1088 3298 1137 metaret
3333 1081 3498 1135 vitam
3531 1087 3694 1137 aeter-

2074 1187 2220 1224 nam.
2260 1171 2319 1225 Et
2350 1171 2479 1241 quia
2507 1171 2736 1226 hilarem
2766 1173 3012 1227 datorem
3056 1175 3234 1247 diligit
3265 1177 3408 1231 Deus
3452 1179 3530 1247 (II
3565 1178 3687 1234 Cor.

2074 1275 2145 1323 ix,
2172 1260 2255 1324 7),
2290 1273 2399 1312 non
2423 1274 2486 1312 ex
2527 1258 2746 1313 tristitia
2776 1269 2869 1314 aut
2899 1277 2962 1314 ex
2991 1264 3321 1320 necessitate
3353 1267 3692 1321 elemosina—

2072 1366 2189 1403 rum
2231 1349 2494 1418 implebat
2532 1365 2694 1420 opus,
2752 1350 2848 1406 sed
2880 1352 3142 1422 pietatem
3181 1355 3692 1411 misericordissimi

2064 1438 2247 1492 cordis
2277 1437 2604 1493 ostendebat
2650 1454 2716 1492 ex
2751 1439 3025 1494 hilaritate
3056 1441 3258 1496 vultus.
3320 1443 3526 1499 Praeter
3567 1445 3696 1501 illos

2065 1529 2210 1583 enim
2242 1528 2334 1599 qui
2363 1528 2595 1600 singulis
2620 1531 2768 1584 horis
2799 1541 2996 1587 euntes
3027 1541 3081 1588 et
3122 1535 3421 1591 redeuntes
3454 1537 3525 1591 de
3567 1539 3692 1606 ejus

2067 1619 2476 1690 participabant
2503 1619 2918 1689 benedictione,
2967 1639 3076 1679 non
3109 1640 3318 1694 paucos
3357 1626 3697 1685 domesticos

353 1710 619 1785 quicquid
671 1707 1137 1779 supercrescebat,
1175 1707 1238 1760 ad
1274 1707 1567 1761 utilitatem
1620 1715 1963 1776 posterorum
1994 1739 2044 1806 Β
2068 1710 2334 1766 aacclesiae
2363 1719 2423 1765 ut
2453 1711 2680 1784 dignum
2714 1722 2831 1768 erat
2857 1716 3198 1770 sustentabat
3225 1717 3292 1771 de
3323 1734 3469 1787 penu
3501 1721 3693 1776 matris

353 1805 671 1876 expendere
715 1801 1015 1875 satagebat,
1071 1799 1253 1855 sciens
1286 1799 1417 1870 quia
1454 1798 1718 1870 quicquid
1773 1815 1970 1870 super-

352 1903 630 1971 erogaret,
661 1909 840 1950 avero
870 1892 1210 1947 Samaritano
1239 1891 1370 1957 Deo,
1403 1892 1496 1962 qui
1520 1891 1756 1945 custodit
1784 1891 1971 1950 lsrael,

352 1987 644 2058 reciperet.
678 1985 788 2040 Nec
815 1999 940 2039 cum
968 1982 1124 2038 labor
1150 1997 1282 2035 suus
1311 1980 1565 2046 casaavit,
1599 1980 1725 2053 quia
1753 1981 1962 2036 tamdiu

352 2079 645 2145 laboravit,
702 2077 882 2132 donec
931 2090 1016 2128 res
1067 2073 1351 2140 ecclesia),
1416 2088 1554 2143 quas
1605 2073 1962 2127 tenuissimas

351 2170 584 2237 invenit,
643 2183 756 2224 non
783 2183 973 2238 parum
1005 2165 1398 2239 augmentavil,
1440 2171 1494 2219 et
1551 2172 1612 2218 ut
1666 2164 1737 2218 ita
1783 2166 1961 2218 dicam

354 2276 512 2335 pazne
541 2258 862 2330 duplicavit,
910 2257 1040 2311 dum
1072 2260 1166 2310 aut
1204 2255 1330 2310 dato
1372 2255 1556 2325 precio
1587 2255 1964 2325 undecunque

352 2367 700 2428 quaecunque
730 2355 939 2421 poterat
968 2348 1206 2403 ﬁdeliter
1237 2347 1390 2411 emit,
1422 2356 1517 2401 aut
1547 2346 1838 2401 conivente
1863 2363 1964 2402 suo

351 2447 525 2504 labori
551 2444 844 2501 devotione
867 2441 1114 2498 ﬁdelium
1144 2456 1244 2512 pro
1283 2439 1459 2494 salute
1488 2453 1677 2494 eorum
1704 2439 1965 2493 :eeclesize

353 2545 554 2594 nostra
582 2533 723 2590 tradi
764 2532 1022 2604 optinuit.
1057 2531 1186 2594 Quae
1227 2527 1459 2583 diversis
1510 2527 1647 2582 locis
1676 2544 1706 2581 a
1737 2528 1968 2582 diversis

353 2632 606 2706 personis
632 2627 871 2684 diversis
899 2625 1201 2682 ratiociniis
1239 2623 1610 2695 undecunque
1654 2638 1874 2677 corrasa
1899 2622 1965 2654 7"

354 2723 484 2795 quia
540 2733 772 2775 numero
829 2716 1054 2788 quidem
1111 2721 1243 2768 sunt
1285 2713 1460 2784 plura,
1515 2711 1613 2766 sed
1661 2711 1971 2783 quantitate

354 2828 523 2886 parva
573 2817 630 2866 et
684 2808 962 2864 redituum
1021 2803 1370 2860 estimatione
1402 2819 1513 2856 non
1567 2803 1707 2856 adeo
1749 2817 1968 2875 magna,

355 2919 387 2958 ι
416 2899 579 2956 nobis
616 2897 979 2953 sub'numero
1013 2891 1304 2964 perstringi
1344 2907 1454 2946 non
1486 2898 1718 2961 possunt
1765 2890 1971 2947 omnia.

425 2992 514 3050 38.
573 2990 742 3060 Hujus
779 2987 945 3043 etiam
993 2991 1263 3054 tempore,
1326 2983 1598 3047 Hubetho,
1643 2981 1970 3036 Heribrandi

2078 1801 2365 1869 ecclesiae,
2397 1802 2692 1856 constituta
2725 1803 2807 1857 eis
2832 1802 2951 1857 sine
2983 1804 3246 1860 dilatione
3287 1806 3472 1861 diurni
3509 1808 3694 1864 viatici

2077 1891 2236 1960 stipe.
2277 1890 2339 1944 Et
2370 1890 2474 1946 hoc
2512 1891 2566 1944 in
2609 1906 2674 1945 eo
2706 1897 2924 1962 poterat
2952 1907 3075 1947 esse
3116 1893 3379 1949 miraculo
3407 1896 3693 1962 omnibus,

2080 1982 2229 2052 quod
2259 1997 2382 2036 cum
2413 1989 2558 2037 esset
2595 1982 2653 2038 in
2680 1982 3106 2039 elemosiuarum
3136 1987 3386 2060 largitate
3417 1995 3524 2042 tam
3567 2004 3698 2059 pro-

2064 2073 2239 2140 fusus,
2275 2073 2330 2126 in
2362 2074 2659 2128 relevanda
2699 2075 2928 2129 aliarum
2961 2077 3460 2151 congregationum
3501 2081 3693 2151 inopia

2064 2169 2172 2218 tam
2218 2169 2444 2233 paterne
2477 2163 2763 2235 prodigus,
2806 2164 2861 2218 in
2901 2164 3100 2220 vicinis
3135 2167 3251 2222 suis
3283 2167 3460 2239 {etiam
3496 2168 3698 2224 nobili-

2065 2254 2168 2308 bus
2206 2254 2260 2307 in
2306 2253 2398 2307 tali
2428 2253 2693 2323 temporis
2735 2254 2974 2310 articulo
3014 2257 3372 2312 consolandis
3410 2265 3518 2314 tam
3549 2259 3697 2314 libe—

2067 2345 2163 2399 rali
2193 2345 2566 2414 oportunitate
2607 2352 2849 2416 paratus,
2883 2362 3006 2401 cum
3067 2348 3232 2403 etiam
3265 2365 3416 2412 suos,
3481 2351 3698 2406 scilicet

2067 2435 2331 2489 aacclesire
2363 2436 2636 2501 homines,
2669 2453 2768 2491 sua
2797 2438 3182 2509 compassione
3205 2441 3424 2511 juvaret
3458 2441 3698 2498 laxando

2069 2535 2344 2599 Oportune
2403 2530 2596 2585 solitos
2639 2537 2797 2586 terra
2838 2532 3076 2600 reditus,
3130 2550 3352 2608 gregem
3399 2535 3598 2591 Christi
3638 2537 3697 2592 in

2070 2618 2366 2673 solitudine
2397 2617 2673 2672 claustrali
2708 2619 2908 2675 divina:
2939 2620 3191 2676 servituti
3221 2633 3509 2680 vacantem
3545 2643 3697 2681 nun-

2070 2723 2233 2778 quam
2268 2708 2457 2762 habuit
2500 2707 3017 2778 immisericordius,
3047 2711 3144 2766 sed
3187 2713 3525 2769 suificientia
3563 2732 3701 2786 pro-

2072 2801 2331 2856 veniente
2361 2802 2466 2856 sibi
2497 2803 2733 2863 caelitus.
2784 2810 2896 2860 toto
2941 2805 3301 2862 humanitatis
3331 2807 3532 2864 allectu
3583 2825 3700 2865 ser—

2073 2892 2261 2947 viebat
2289 2895 2400 2948 Deo
2431 2893 2824 2950 servientibus.

2141 2981 2230 3038 41.
2265 2982 2374 3036 Nec
2399 2982 2617 3037 videtur
2644 2998 2767 3038 esse
2797 2987 3269 3054 praetereundum,
3303 2988 3492 3044 dicere
3522 3007 3703 3062 quan-

356 3080 522 3147 filius,
562 3077 750 3134 domni
812 3073 1110 3143 Wichperti
1140 3089 1205 3126 ex
1243 3087 1432 3127 sorore
1483 3071 1731 3126 Renuide
1774 3085 1959 3140 nepos.

2079 3079 2193 3128 tum
2226 3073 2281 3126 in
2302 3068 2558 3130 Ornanda
2583 3075 2835 3130 teeclesia
2862 3076 3028 3133 fuerit
3053 3079 3104 3133 ei
3137 3078 3402 3134 studium.
3435 3079 3700 3144 Quamvis

361 3177 543 3226 tactus
609 3181 795 3222 amore
851 3162 1072 3234 pietatis
1116 3169 1170 3214 et
1221 3160 1470 3231 justitise,
1537 3159 1822 3214 annitente
1873 3158 1974 3212 sibi
2080 3165 2226 3246 enim
2272 3166 2518 3221 dicatur:
2575 3169 2637 3224 In
2692 3172 2877 3222 sancto
2923 3171 3056 3238 quid
3106 3171 3246 3237 facit
3287 3173 3526 3227 aurum?
3590 3190 3698 3230 non

351 3261 606 3316 Gudetha
633 3275 732 3312 sua
767 3255 1112 3310 nobilissima
1154 3252 1410 3324 conjuge,
1441 3252 1683 3305 reddidit
1714 3250 1976 3305 {ecclesiae
2080 3257 2322 3313 habebat
2352 3265 2535 3313 tamen
2574 3260 2630 3313 in
2673 3260 3042 3316 exterioribus
3079 3263 3244 3317 rebus
3268 3265 3417 3320 unde
3467 3267 3698 3324 deside-

351 3358 550 3408 uestrae
606 3355 816 3420 partem
875 3362 996 3418 qua:
1037 3345 1436 3411 sibi;cesserat
1502 3359 1564 3398 ex
1624 3342 1918 3396 medietate
1947 3358 1977 3395 a
2079 3350 2220 3404 rium
2248 3351 2414 3404 animi
2449 3351 2532 3405 sui
2572 3351 2888 3408 ostenderet
2917 3369 3049 3427 erga
3091 3354 3283 3422 Deum,
3317 3357 3424 3410 nisi
3459 3373 3547 3425 ea,
3577 3375 3699 3431 quc

350 3452 505 3518 patre
554 3459 654 3498 suo
715 3438 1055 3495 lleribrando
1111 3437 1272 3491 nobis
1333 3437 1548 3506 direpta
1603 3435 1873 3490 violenter
1923 3443 1977 3489 et
2077 3443 2255 3512 prima
2281 3443 2541 3497 mortales
2582 3449 2795 3512 putant,
2839 3443 3144 3500 liberaliter
3190 3449 3532 3518 expenderet
3575 3467 3702 3523 erga

350 3539 579 3608 injuste.
607 3535 848 3592 monitus
869 3531 1131 3602 exemplo
1151 3530 1358 3586 sororis
1382 3547 1494 3585 suae
1523 3530 1824 3594 Biclieldis,
1841 3545 1959 3600 qua

2077 3536 2172 3590 Dei
2196 3537 2423 3591 cultum.
2454 3537 2606 3602 Quod
2638 3537 2892 3591 nonnihil
2924 3538 3107 3594 valere
3138 3540 3275 3595 nulli
3306 3547 3391 3597 est
3418 3543 3654 3601 dubium
3685 3564 3699 3611 ;

346 3642 408 3688 ut
435 3645 604 3701 supra
643 3629 880 3684 diximus
911 3633 1125 3696 partem
1177 3641 1332 3679 suam
1369 3624 1630 3678 retulerat
1677 3623 1743 3676 ad
1796 3623 1970 3692 justas
2073 3626 2186 3680 sive
2214 3632 2271 3680 ut
2303 3626 2433 3680 inde
2467 3625 2813 3681 necessitatis
2857 3633 3103 3699 tempore
3152 3630 3520 3687 subveniatur
3549 3632 3700 3689 indi-

348 3718 1310 3798 parteszeoclesiaeGemmelacensis
1376 3716 1556 3787 Hujus
1585 3716 1750 3769 etiam
1784 3715 1969 3769 llube-
2069 3718 2270 3791 gentiae
2326 3732 2624 3787 pauperum
2683 3717 2770 3772 vel
2821 3718 2930 3773 Deo
3007 3719 3392 3788 servientium,
3459 3724 3579 3779 sive
3633 3732 3695 3780 ut

346 3815 531 3872 thonis
561 3812 680 3878 ﬁlii,
715 3811 986 3865 llubertus
1037 3809 1250 3863 scilicet
1290 3815 1343 3862 et
1390 3807 1712 3868 Tietwinus,
1747 3807 1959 3861 tertiam

347 3914 557 3979 partem
589 3906 658 3959 de
678 3904 806 3959 villa
836 3902 1018 3955 Puceu
1049 3899 1319 3954 aecclesiae
1353 3906 1553 3953 nostra:
1598 3897 1958 3953 tradiderunt.

416 4000 509 4055 39.
570 3997 720 4052 Idem
775 3995 1013 4049 domnus
1059 3992 1234 4046 abbas
1265 3990 1526 4044 Olberlus
1585 3989 1844 4044 allodium
1906 3990 1960 4042 in

342 4091 474 4149 villa
503 4091 683 4145 Masau
717 4094 770 4144 et
817 4087 871 4141 in
931 4085 1180 4139 Biettinis
1208 4083 1379 4149 dedit,
1415 4090 1470 4136 et
1511 4098 1612 4152 pro
1652 4097 1718 4136 eo
1775 4081 1958 4142 villam

344 4179 526 4236 Ferolt
551 4179 751 4232 dictam
786 4174 1022 4245 accepit,
1056 4172 1198 4227 facta
1227 4170 1655 4226 commutatione
1688 4185 1798 4224 non
1826 4170 1958 4224 satis

341 4272 508 4328 nobis
531 4268 822 4326 commoda
852 4265 1160 4320 secundum
1193 4280 1375 4318 rerum
1411 4263 1837 4328 estimationem,
1858 4262 1956 4316 sed

340 4369 402 4418 ut
421 4360 532 4416 sibi
559 4358 663 4414 soli
690 4357 866 4410 visum
887 4362 974 4408 est
1001 4353 1121 4408 utili
1151 4359 1375 4422 propter
1403 4350 1574 4406 solam
1598 4351 1955 4405 vicinitatem.

340 4454 625 4527 Siquidem
647 4458 702 4506 et
729 4456 890 4504 antea
913 4464 942 4502 a
977 4446 1481 4518 praedecessorihus
1510 4445 1625 4499 suis
1647 4445 1954 4516 perjustam

2068 3807 2197 3860 inde
2287 3807 2689 3861 tecclesiasticae
2795 3808 3048 3864 utilitatis
3139 3818 3413 3880 oportune
3517 3816 3697 3884 majus

2063 3904 2413 3968 comparetur
2465 3898 2840 3966 commodum,
2892 3900 3008 3956 sive
3067 3902 3197 3974 quia
3241 3902 3499 3960 homines
3538 3906 3694 3963 bruti

2064 4001 2119 4049 et
2153 3993 2337 4048 omnia
2369 3993 2691 4049 estimantes
2734 3993 2910 4068 magis
2948 4011 3011 4049 ex
3059 3996 3242 4051 animo
3283 4012 3385 4053 suo
3430 4014 3596 4070 quam
3625 4015 3693 4055 ex

2061 4084 2288 4138 veritate
2331 4099 2512 4138 rerum
2556 4083 2692 4138 nihil
2742 4099 2900 4154 pane
2931 4083 3145 4140 ducunt
3188 4085 3340 4142 cultu
3384 4090 3697 4145 reverentia

2059 4174 2311 4247 dignum,
2364 4173 2471 4227 nisi
2529 4173 2680 4244 quod
2724 4189 2792 4228 ex
2846 4174 2930 4229 his
2978 4190 3102 4246 quae
3153 4175 3259 4246 ipsi
3302 4179 3694 4249 temporaliter

2059 4273 2243 4322 amant
2271 4266 2512 4321 viderint
2535 4269 2880 4322 adornatum.
2914 4267 3043 4323 Ideo
3067 4267 3368 4340 utrobique
3395 4270 3688 4329 declinans

2059 4360 2271 4416 crimen
2303 4359 2568 4425 avaritiae,
2620 4376 2842 4431 queque
2873 4360 3177 4416 undeunde
3224 4361 3294 4397 ⁷⁴⁸
3333 4364 3515 4432 potuit
3556 4381 3692 4436 pru-

2061 4449 2258 4505 denter
2275 4449 2588 4516 corradere,
2615 4449 2670 4504 in
2700 4451 3044 4506 ornamentis
3075 4451 3339 4508 {ecclesiae
3375 4453 3693 4511 maturabat

336 4510 824 4604 commutationem
860 4510 1110 4610 ejus-dem
1153 4538 1618 4610 allodii‘quadam
1653 4544 1802 4608 parte
1832 4510 2034 4591 dataD
2060 4543 2404 4613 impendere.
2443 4542 2682 4606 Quorum
2725 4559 2995 4598 summam
3031 4544 3122 4599 hic
3171 4545 3554 4618 perstringere
3579 4563 3692 4604 non

335 4638 583 4694 Sustensi
628 4635 910 4696 (ecclesiae,
970 4631 1102 4686 villa
1153 4631 1337 4685 Mainil
1379 4631 1523 4686 dicta
1577 4630 1837 4699 adjuncta
1875 4634 1961 4684 est

333 4731 476 4802 parti
510 4728 780 4785 aacclesize
816 4732 1040 4781 nostrae.

402 4821 500 4877 40.
560 4819 703 4885 Quid
734 4825 915 4873 autem
972 4815 1172 4881 dicam,
1231 4830 1298 4869 eo
1329 4819 1581 4885 tempore
1631 4828 1742 4884 quo
1783 4813 1954 4869 nimia

331 4925 569 4966 annonae
625 4908 824 4963 caritas
880 4913 1047 4961 totam
1097 4902 1414 4975 proﬂigavit
1477 4902 1727 4970 Galliam,
1786 4918 1950 4974 quam

327 5001 438 5057 sibi
464 5017 494 5056 a
513 5001 626 5056 Deo
655 5000 711 5053 in
741 4998 1011 5053 faciendis
1035 4994 1665 5052 elemosiniscumulavit
1695 4995 1946 5067 gratiam,

327 5108 494 5167 quam
540 5091 687 5162 apud
719 5091 974 5145 homines
1014 5089 1233 5144 inaucta
1287 5087 1682 5155 ecclesiastica,
1725 5103 1783 5142 re
1835 5088 1943 5143 sibi

323 5183 623 5256 adquisivit
652 5181 883 5257 gloriam
913 5180 942 5234 ?
971 5181 1134 5245 Quasi
1184 5181 1332 5236 enim
1367 5181 1508 5236 alter
1554 5179 1762 5250 Joseph
1800 5196 1944 5251 prae-

322 5273 570 5330 scientias
599 5277 775 5327 tactus
803 5270 998 5346 gratia,
1031 5269 1248 5344 frugum
1280 5269 1535 5324 ubertate
1563 5269 1944 5339 superioribus

321 5362 482 5419 annis
528 5377 626 5417 sua
664 5360 973 5432 repleverat
1025 5359 1244 5424 horrea,
1285 5357 1353 5412 de
1398 5357 1598 5428 quibus
1639 5372 1940 5428 pauperum

318 5471 542 5514 suorum
595 5458 651 5511 in
683 5465 930 5526 tempore
971 5454 1216 5508 relevare
1257 5452 1543 5524 penuriam
1583 5451 1813 5523 parabat
1845 5453 1938 5508 Dei

318 5548 700 5621 praevidentia.
737 5546 802 5602 Et
829 5561 953 5602 cum
987 5543 1144 5598 multi
1175 5541 1266 5598 alii
1291 5541 1442 5598 ducti
1467 5543 1715 5600 avaritiae
1739 5543 1940 5614 Spiritu

2061 4642 2144 4692 est
2203 4636 2429 4708 quidem
2497 4634 2745 4702 difﬁcile,
2812 4637 2944 4709 quia
3000 4637 3204 4694 cotidie
3256 4645 3344 4694 est
3393 4642 3572 4697 oculis
3623 4657 3692 4698 ea

2058 4731 2352 4802 inspicere.
2423 4730 2570 4786 Fecit
2633 4730 2873 4786 tabulam
2948 4739 3263 4804 argenteam
3319 4741 3451 4790 ante
3517 4736 3690 4794 altare

2054 4820 2227 4876 sancti
2259 4819 2401 4876 Petri
2431 4817 2672 4892 anaglifo
2725 4833 2896 4890 opere
2954 4834 3066 4876 non
3121 4819 3384 4877 indecore
3427 4823 3690 4892 celatam,

2052 4908 2190 4965 duas
2247 4923 2470 4978 quoque
2527 4906 2662 4961 alias
2704 4913 2993 4980 argenteas
3032 4908 3264 4964 minoris
3323 4911 3687 4981 quantitatis;

2051 4998 2284 5055 frontale
2307 5012 2531 5070 quoque
2564 4997 2631 5074 ad
2673 4995 2844 5052 altare
2874 4997 3049 5055 sancti
3084 4997 3341 5070 Exuperii
3373 5001 3629 5073 martyris
3660 5023 3682 5070 ;

2047 5090 2385 5147 candelabra
2443 5096 2711 5163 argentea
2751 5088 2939 5146 fusilia
2973 5090 3112 5157 duo;
3161 5089 3392 5147 calicem
3452 5108 3684 5150 aureum

2045 5199 2240 5250 unum,
2272 5187 2572 5256 argenteos
2621 5197 2752 5248 sex;
2797 5180 3040 5238 turibula
3081 5189 3371 5256 argentea,
3424 5183 3689 5242 deaurata

2045 5273 2196 5336 duo;
2259 5287 2454 5328 cruces
2508 5287 2708 5327 aureas
2756 5278 3036 5344 quattuor,
3095 5279 3417 5344 argenteam
3468 5283 3681 5330 unam;

2041 5365 2350 5421 ventilabra
2376 5370 2642 5438 argentea
2665 5364 2808 5428 duo;
2838 5370 3022 5420 textus
3055 5362 3473 5438 evangeliorum
3507 5382 3682 5422 unum

2043 5469 2293 5524 aureum,
2351 5463 2467 5510 tres
2517 5461 2843 5528 argenteos;
2914 5453 3270 5525 epistolarem
3348 5462 3675 5530 argenteum

2041 5561 2242 5612 unum;
2284 5562 2479 5618 capsas
2528 5544 2888 5616 reliquiarum
2933 5552 3229 5619 argenteas
3258 5545 3428 5615 duas;
3467 5563 3676 5620 cappas

1670 5644 1892 5701 VARIAS
1915 5645 2300 5702 LECTIONES.

385 5746 455 5786 ⁷⁵⁷
493 5759 719 5807 corrasa
742 5744 859 5800 alia
886 5755 1051 5798 manu
1077 5754 1297 5797 corrasa
1321 5757 1366 5794 ο.
1451 5739 1521 5776 ⁷⁸⁸
1551 5740 1700 5796 unde
1743 5758 1757 5795 :

1803 5759 1815 5794 :
1858 5743 2006 5799 unde
2046 5760 2188 5801 corr.
2222 5744 2546 5800 undeunde.
