3930 6204
210 322 327 379 625

1284 316 1494 373 GESTA
1539 314 1846 373 ABBATUM
1886 313 2458 372 GEMBLACENSIUM.

3448 315 3558 374 626

214 466 281 507 ex
337 446 524 521 palliis
566 446 760 502 decem
790 450 847 500 et
888 449 1052 513 octo;
1094 445 1309 501 casulas
1353 444 1681 510 duodecim;
1712 443 1836 499 dia-
1863 445 1917 514 Α
1941 448 2163 498 cantum
2191 443 2357 498 etiam
2388 442 2457 496 de
2485 456 2552 497 eo
2579 440 2937 510 mediiieavit,
2975 444 3307 517 antiphonas
3335 457 3557 517 quoque

212 544 437 602 conalia
484 543 624 609 duo;
684 540 1102 597 subdiaconalia
1158 548 1450 614 quattuor;
1507 540 1680 607 albas,
1735 544 1844 594 sto-

212 639 320 705 las,
353 635 561 709 tapetia
586 643 642 689 et
670 633 798 700 alia,
836 649 961 704 quae
991 635 1242 706 quamvis
1289 638 1653 690 numerentur
1702 632 1849 687 inter

211 725 518 797 subsiciva,
545 724 667 794 ejus
692 729 877 779 tamen
909 721 1180 780 industria
1210 731 1265 780 et
1304 722 1486 780 studio
1517 728 1648 778 sunt
1695 735 1849 777 com-

218 824 432 887 parata,
489 821 583 870 aut
613 813 735 882 ejus
779 809 987 866 amoris
1025 810 1195 885 gratia
1241 827 1273 867 a
1310 810 1406 866 Dei
1438 809 1698 865 ﬁdelibus
1741 823 1851 864 aec-

219 903 410 959 clesiae
439 901 655 960 collata.
702 902 833 968 Qua:
865 900 1089 974 quidem
1124 899 1377 972 quamvis
1408 914 1522 956 non
1552 904 1682 953 sunt
1709 897 1847 953 adeo

214 995 393 1051 multa
418 1011 518 1066 pro
539 994 713 1067 precii
732 994 1086 1049 estimatione
1115 999 1170 1048 et
1193 992 1501 1048 alienarum
1532 990 1845 1046 divitiarum

217 1084 659 1156 comparatione,
690 1090 820 1139 sunt
850 1088 1035 1139 tamen
1067 1081 1241 1139 multa
1284 1080 1338 1136 ei
1391 1094 1592 1153 magna
1629 1085 1684 1133 et
1715 1092 1845 1148 prc-

217 1174 372 1231 ciosa
406 1190 506 1245 pro
554 1173 702 1231 bona
746 1173 869 1243 ejus
915 1172 1246 1239 intentione,
1305 1170 1436 1242 quia
1464 1175 1847 1232 remunerator

219 1268 497 1324 bonorum
528 1268 673 1323 Deus
715 1282 828 1323 non
871 1266 1091 1322 estimat
1118 1280 1183 1321 ex
1227 1270 1456 1337 quanto,
1483 1263 1579 1319 sed
1625 1276 1736 1334 quo
1758 1260 1843 1317 vel

218 1356 372 1429 quali
401 1357 510 1412 sibi
551 1355 814 1412 offeratur
834 1356 1041 1411 animo.

294 1449 383 1505 42.
418 1448 483 1504 Et
522 1448 655 1521 quia
693 1464 817 1504 cum
848 1446 1137 1522 religionis
1185 1445 1369 1502 studio
1423 1443 1607 1518 vigere
1639 1443 1845 1499 fecerat

222 1537 393 1595 etiam
436 1537 690 1592 litteratis
718 1536 966 1593 scientiae
994 1536 1265 1603 studium,
1294 1551 1365 1590 ne
1411 1541 1468 1590 et
1528 1533 1585 1589 in
1616 1532 1723 1588 hoc
1762 1533 1845 1589 eis

221 1626 446 1682 deesset
471 1625 620 1681 unde
659 1625 976 1695 bujusmodi
1017 1626 1150 1681 artis
1177 1631 1593 1698 exequerentur
1632 1624 1845 1679 exerci-

219 1716 387 1785 tium,
428 1716 886 1774 sumministravit
933 1718 1017 1773 eis
1064 1718 1230 1773 etiam
1288 1716 1501 1788 copiam
1552 1717 1839 1773 librorum.

222 1804 347 1861 Non
398 1820 593 1874 passus
650 1805 798 1861 enim
843 1813 903 1861 ut
945 1822 1045 1878 per
1101 1806 1272 1862 otium
1309 1821 1468 1861 mens
1520 1813 1613 1861 aut
1650 1822 1846 1862 manus

227 1908 425 1950 eorum
457 1901 823 1965 torpesceret,
845 1895 1050 1950 utiliter
1064 1895 1336 1967 profectui
1363 1909 1553 1951 eorum
1582 1894 1849 1966 praevidet

225 1981 359 2036 dum
398 1997 494 2038 eos
533 1989 588 2036 et
626 1996 727 2053 per
757 1983 1039 2039 scribendi
1078 1984 1324 2040 laborem
1364 1993 1605 2051 exercet,
1653 1992 1708 2039 et
1735 1982 1846 2039 fre-

226 2070 425 2143 quenti
455 2071 847 2145 scripturarum
876 2072 1240 2129 meditatione
1283 2072 1500 2129 animos
1556 2088 1746 2130 eorum
1777 2073 1847 2127 ad

222 2162 460 2218 meliora
509 2172 810 2234 promovet.
863 2164 1166 2236 Appellens
1216 2180 1348 2237 ergo
1396 2164 1639 2220 animum
1687 2165 1844 2237 quasi

225 2258 369 2312 alter
425 2258 649 2329 quidam
695 2258 1056 2328 Pbiladelfus,
1121 2261 1188 2314 ad
1248 2261 1678 2315 construendam
1747 2275 1845 2330 pro

227 2367 399 2422 posse
444 2366 545 2407 sua
577 2350 969 2407 bibliothecam
1010 2352 1334 2423 plenariam,
1364 2361 1521 2408 vetus
1557 2359 1613 2407 et
1643 2368 1843 2408 novum

226 2450 622 2498 testamentum
673 2443 1046 2499 continentem
1080 2444 1137 2498 in
1167 2459 1276 2498 uno
1332 2443 1616 2499 volumine
1655 2450 1840 2499 trans-

222 2535 534 2606 scripsitm
565 2535 847 2591 historiam
904 2536 1050 2591 Ειτδο
1081 2537 1280 2592 divinae
1306 2536 1528 2608 quidem
1561 2537 1843 2606 scripturae

222 2625 352 2696 plus
412 2641 576 2696 quam
614 2634 837 2681 centum
894 2627 1178 2701 congessit
1215 2626 1527 2691 volumina;
1582 2626 1845 2681 secularis

221 2735 359 2775 vero
391 2719 699 2790 disciplina
720 2721 894 2777 libros
920 2722 1343 2797 quinquaginta.
1368 2721 1677 2777 Mirandum
1708 2736 1842 2775 sane

227 2827 406 2866 unum
473 2811 757 2867 hominem
822 2812 876 2866 in
927 2820 1079 2868 tanta
1138 2813 1403 2868 tenuitate
1460 2827 1639 2867 rerum
1700 2817 1851 2866 tanta

223 2901 473 2971 potuisse
512 2916 856 2971 comparare,
903 2902 1007 2956 nisi
1042 2908 1356 2958 occurreret
1394 2902 1602 2966 animo,
1645 2901 1841 2954 timen-

225 2989 382 3044 tibus
404 2990 571 3045 Deum
604 2990 740 3044 nihil
771 2990 993 3045 deesse.

1868 1764 1923 1834 B

1945 545 2114 602 super
2138 530 2491 586 matutinales
2520 530 2712 585 laudes
2737 529 2794 584 in
2823 531 3055 587 transitu
3092 540 3300 588 sanctae
3337 532 3561 588 Walde-

1947 621 2161 690 drudis,
2191 624 2310 694 ipse
2349 637 2536 678 comes
2570 620 2877 695 Raginerus
2910 628 2967 677 et
3003 622 3291 679 Hathuidis
3318 624 3559 696 conjunx

1947 715 2070 787 ejus
2107 714 2376 786 quicquid
2415 713 2610 785 praedii
2664 712 2944 769 habebant
2983 712 3042 769 in
3102 713 3238 769 Dion
3297 714 3560 771 ecclesiae

1949 811 2150 860 nostra;
2182 804 2429 860 tradidit.

2016 896 2106 952 44.
2161 896 2290 951 Tam
2349 894 2681 951 laudabilem
2744 903 2802 951 et
2857 892 3047 950 utilem
3104 891 3271 949 vitam
3327 894 3559 969 degens,

1947 995 2239 1061 postquam
2274 988 2330 1042 in
2379 989 2446 1045 37
2477 1002 2653 1043 annos
2681 987 2863 1063 exegit
2891 993 3113 1057 tempus
3137 1001 3251 1041 sua;
3285 986 3562 1057 prmlatio-

1947 1080 2053 1147 nis,
2091 1080 2264 1136 sensit
2296 1096 2357 1135 se
2395 1096 2425 1135 a
2480 1081 2591 1136 Deo
2620 1080 2838 1135 invitari
2875 1081 2943 1135 ad
2995 1080 3248 1137 bravium
3303 1096 3562 1152 superna

1946 1171 2252 1228 vocationis
2277 1173 2385 1241 (an.
2422 1170 2599 1240 1048).
2646 1172 2708 1227 Et
2745 1172 3001 1243 exemplo
3043 1171 3251 1228 domini
3279 1172 3434 1240 Jesu,
3464 1172 3561 1245 qui

1946 1260 2274 1316 transiturus
2299 1261 2367 1315 ad
2400 1261 2633 1326 Patrem,
2664 1276 2787 1316 cum
2805 1260 3091 1316 dilexisset
3118 1276 3249 1318 suos
3278 1261 3372 1334 qui
3402 1271 3563 1318 erant

1946 1350 2004 1405 in
2032 1349 2258 1417 mundo,
2316 1350 2373 1405 in
2413 1350 2579 1406 finem
2612 1365 2710 1406 eos
2762 1350 2979 1418 dilexit,
3036 1350 3201 1406 etiam
3258 1351 3380 1421 ipse
3417 1350 3565 1408 ﬁlios

1945 1457 2097 1510 suos,
2128 1456 2270 1513 quos
2300 1442 2409 1498 Deo
2442 1442 2498 1497 in
2528 1443 2653 1497 sinu
2686 1448 2950 1498 maternae
2990 1442 3308 1498 dulcedinis
3337 1458 3559 1516 genue-

1945 1547 2028 1594 rat
2083 1545 2139 1593 ct
2185 1537 2383 1593 affectu
2450 1546 2693 1608 paternae
2764 1537 3152 1593 sollicitudinis
3207 1537 3559 1607 educaverat,

1944 1646 2124 1702 usque
2143 1629 2199 1685 in
2229 1628 2398 1684 ﬁnem
2430 1628 2640 1684 dilexit.
2667 1629 2767 1694 Qui
2799 1630 2930 1701 quia
2959 1628 3179 1684 duobus
3207 1629 3562 1684 monasteriis

1946 1727 2203 1790 praeerat,
2237 1725 2293 1773 et
2330 1717 2402 1773 ob
2440 1717 2496 1771 id
2526 1717 2785 1773 continua
2814 1716 3042 1792 regendi
3087 1718 3349 1772 instantia
3388 1718 3558 1774 alter-

1947 1810 2118 1866 natim
2150 1809 2547 1865 habitationem
2576 1824 2729 1863 suam
2770 1816 2983 1864 mutare
3013 1814 3398 1875 consueverat,
3429 1815 3562 1864 tunc

1948 1905 2004 1959 in
2035 1905 2470 1960 Gemmelaeensi
2502 1904 2760 1961 coenobio
2802 1903 3125 1976 aliquandiu
3164 1910 3558 1970 commoratus,

1947 1995 2184 2050 natalem
2225 1995 2598 2065 apostolorum
2642 1993 2785 2048 Petri
2841 2002 2896 2047 et
2934 1993 3084 2048 Pauli
3139 1993 3556 2050 solemnizabat.

1947 2086 2009 2140 Et
2029 2086 2378 2159 congregatis
2402 2085 2530 2139 filiis
2559 2085 2696 2152 suis,
2733 2085 2941 2155 prolixe
2961 2092 3016 2139 et
3047 2085 3136 2155 pie
3159 2084 3560 2141 sermocinatus

1946 2182 2029 2230 est
2057 2174 2158 2241 eis,
2188 2184 2243 2229 et
2271 2182 2538 2245 quantum
2566 2180 2778 2243 poterat
2809 2173 3067 2228 facundia
3096 2173 3286 2227 diserti
3316 2173 3561 2229 doctoris

1947 2273 2001 2322 et
2030 2268 2209 2337 pietas
2234 2265 2515 2321 aﬁ'ectuosi
2557 2265 2746 2336 patris,
2777 2266 3035 2320 monebat
3071 2280 3188 2331 eos,
3222 2280 3290 2318 ne
3330 2265 3397 2319 ab
3426 2281 3555 2319 ara-

1948 2365 2027 2414 tro
2050 2358 2312 2413 dominici
2341 2359 2529 2428 aperis
2559 2357 2753 2411 oculos
2775 2364 3108 2419 averterent,
3137 2363 3197 2410 ut
3224 2372 3256 2410 a
3284 2355 3555 2410 fermento

1946 2446 2275 2501 secularium
2309 2451 2587 2510 caverent,
2635 2451 2694 2498 ut
2733 2459 2842 2498 non
2882 2445 3058 2498 solum
3093 2459 3275 2499 coram
3325 2445 3435 2499 Deo
3459 2444 3557 2499 scd

1946 2540 2108 2595 etiam
2141 2555 2323 2593 coram
2353 2537 2676 2592 hominibus
2706 2537 2848 2590 bona
2877 2536 3252 2606 providerent,
3283 2544 3339 2590 et
3365 2543 3560 2591 caetera

1946 2630 2002 2684 id
2033 2645 2228 2704 genus,
2259 2641 2380 2701 quae
2410 2626 2486 2697 pii
2522 2635 2576 2679 et
2606 2624 2874 2695 sapientis
2905 2624 3005 2678 viri
3038 2623 3321 2679 eructabat
3342 2632 3555 2695 pectus.

1949 2725 2089 2778 inter
2121 2722 2455 2793 loquendum
2489 2726 2613 2774 ante
2644 2719 2813 2773 altare
2834 2719 3015 2795 sancti
3048 2718 3191 2773 Petri
3233 2734 3329 2773 eos
3368 2718 3559 2775 eduvit

1950 2829 2076 2867 cum
2147 2810 2451 2881 psalmodia
2530 2818 2585 2863 ct
2667 2808 2919 2863 oratione
2996 2815 3274 2877 pastorum
3350 2808 3557 2878 pastori

1951 2924 2050 2962 eos
2098 2904 2524 2966 commendavit,
2581 2904 2649 2957 ab
2713 2903 2973 2971 omnibus
3012 2902 3323 2957 commissis
3372 2911 3560 2972 pasto-

1950 3000 2049 3054 rali
2082 3005 2355 3069 potestate
2403 2997 2660 3063 absolvit,
2717 3003 2771 3051 et
2808 2994 3080 3065 spirituali
3125 2993 3563 3050 sanctiﬁcatione

296 3082 388 3137 43.
430 3081 543 3156 Ego
583 3098 719 3137 sane
758 3082 888 3137 dum
929 3081 1237 3138 studiorum
1290 3081 1503 3155 ingenii
1556 3088 1609 3136 et
1637 3081 1843 3136 laboris
1870 3117 1920 3186 C
1943 3092 2244 3147 benedixit.
2290 3090 2350 3145 Et
2382 3096 2439 3145 ut
2469 3090 2721 3144 ultimum
2751 3086 2872 3143 vale
2916 3103 3028 3143 non
3060 3087 3183 3140 sine
3212 3086 3453 3141 lacrimis
3481 3086 3565 3141 eis

227 3178 366 3234 ιδηῐί
407 3178 508 3232 Viri
567 3177 850 3243 Γθοοτάοττ
903 3177 1131 3233 omnino
1171 3178 1434 3240 demiror,
1481 3176 1629 3249 quod
1671 3177 1727 3231 in
1780 3191 1846 3232 eo
1876 3175 1920 3186 “”
1949 3182 2095 3243 fecit.
2155 3180 2419 3234 Leodium
2460 3179 2614 3232 abiit.
2652 3178 2955 3252 Urgebatur
2993 3177 3138 3231 enim
3178 3176 3320 3230 tristi
3369 3175 3564 3231 nuntio

226 3267 468 3341 gaminaa
515 3267 761 3322 scientiae
813 3272 918 3321 tam
972 3266 1195 3341 egregie
1235 3268 1492 3322 claruerit
1553 3268 1619 3303 ⁷⁵³
1668 3268 1844 3340 vigor.

225 3360 267 3412 Α
302 3374 476 3428 puero
506 3359 655 3413 enim
695 3360 750 3414 in
782 3358 1086 3415 solitudine
1115 3359 1392 3415 claustrali
1422 3359 1709 3428 educatus,
1739 3366 1847 3413 tam

226 3453 430 3509 sollers
477 3461 533 3507 et
571 3452 817 3523 prudens
844 3461 1106 3523 apparuit
1162 3451 1219 3506 in
1273 3452 1640 3524 disponendis
1688 3469 1854 3507 mun-

222 3542 387 3597 danis
417 3540 605 3607 rebus,
647 3548 708 3595 ut
738 3541 826 3596 vix
856 3540 1060 3612 aliquis
1113 3540 1444 3596 secularium
1486 3540 1772 3596 videretur
1802 3540 1852 3595 ei

225 3629 630 3701 praeferendus.
681 3629 743 3684 Et
795 3634 987 3684 contra
1061 3629 1192 3684 dum
1257 3645 1315 3684 sc
1379 3629 1737 3701 restringeret
1787 3630 1857 3684 ad

228 3721 471 3795 rigorem
524 3720 845 3775 monasticis
907 3720 1364 3783 conversationis,
1421 3719 1474 3773 id
1530 3719 1650 3791 ipse
1715 3720 1861 3774 inter

228 3809 523 3879 strepitum
573 3808 976 3865 azcclesiasticaa
1005 3808 1411 3880 procurationis
1442 3808 1700 3879 explebat
1727 3809 1862 3863 sub-

232 3902 427 3958 sicivis
453 3901 660 3972 operis,
684 3902 836 3973 quod
850 3902 939 3957 vix
961 3902 1161 3973 aliquis
1182 3902 1319 3956 alter
1344 3902 1644 3973 attingeret
1662 3916 1863 3956 vacans

234 3998 355 4053 Deo
385 3998 442 4052 in
481 3997 726 4069 quietem
764 3998 1081 4054 monasticae
1119 3998 1457 4054 solitudinis.
1501 3997 1610 4052 Nec
1663 3996 1863 4051 frustra

237 4089 387 4146 fama
431 4089 675 4145 nominis
726 4090 844 4159 ejus
897 4090 1106 4162 ubique
1160 4092 1524 4161 discurrebat,
1566 4094 1635 4148 de
1704 4093 1863 4161 cujus

236 4181 497 4238 doctrina
525 4187 635 4236 tam
691 4181 870 4237 dulcis
910 4183 1050 4238 odor
1090 4183 1254 4258 longe
1292 4185 1513 4256 lateque
1558 4185 1860 4240 crescebat.

1949 3275 2018 3329 de
2047 3272 2363 3328 inﬁrmitate
2395 3271 2618 3344 gloriosi
2667 3270 2919 3341 episcopi
2967 3268 3275 3333 Wathonis,
3307 3268 3394 3323 cui
3446 3267 3565 3338 ipse

1950 3363 2114 3418 etiam
2143 3363 2245 3417 hoc
2275 3362 2516 3417 debebat
2558 3367 2759 3431 prteter
2795 3359 3163 3414 reverentiam
3202 3356 3404 3411 debitae
3431 3356 3567 3411 sub-

1950 3455 2212 3526 jectionis
2250 3454 2397 3524 quod
2426 3454 2547 3521 ejus
2585 3451 3000 3521 condiscipulus
3026 3456 3079 3504 et
3118 3466 3148 3503 a
3188 3463 3362 3519 puero
3393 3447 3571 3503 fuerat

1957 3547 2387 3609 contubernalis,
2439 3554 2494 3601 et
2533 3544 2600 3599 ab
2641 3544 2770 3598 inde
2810 3544 2946 3598 inita
2996 3542 3139 3597 inter
3166 3557 3264 3597 eos
3308 3540 3569 3597 amicitiae

1957 3637 2133 3713 gratia
2162 3651 2285 3689 cum
2326 3635 2447 3703 ipsa
2485 3641 2648 3687 aetate
2701 3632 2823 3685 sine
2866 3630 3096 3702 querela
3134 3630 3298 3686 simul
3339 3645 3573 3687 concre-

1958 3737 2130 3797 verat,
2159 3736 2216 3781 et
2244 3732 2304 3780 ut
2334 3726 2406 3779 ita
2462 3724 2640 3779 dicam
2671 3738 2795 3777 cum
2848 3723 2930 3777 eis
2960 3722 3297 3777 insenuerat.
3346 3723 3575 3794 Episco-

1962 3834 2067 3889 pus
2102 3815 2351 3891 gaudens
2377 3829 2437 3867 φο
2484 3810 2829 3865 consolatum
2862 3825 2983 3863 esse
3017 3817 3208 3880 Optata
3258 3811 3573 3866 visitatione

1961 3908 2144 3975 amici,
2198 3905 2266 3959 ab
2298 3921 2365 3959 eo
2424 3903 2476 3957 in
2508 3902 2732 3957 nomine
2780 3900 2997 3957 Domini
3027 3900 3333 3955 secundum
3365 3916 3574 3971 prtece-

1963 4008 2116 4073 ptum
2149 3997 2381 4069 apostoli
2399 3994 2590 4051 Jacobi
2610 3993 2845 4064 expetiit
2872 3991 3127 4066 inungui.
3164 3991 3390 4046 Peracto
3408 3991 3576 4046 inun-

1964 4091 2163 4149 etionis
2192 4087 2395 4148 ofﬁcio.
2430 4103 2551 4142 cum
2581 4084 2900 4139 missionem
2942 4088 3157 4154 peteret
3183 4083 3252 4137 ab
3284 4081 3574 4153 episcopo,

1964 4192 2021 4239 et
2064 4183 2247 4237 adhuc
2300 4179 2368 4234 de
2398 4193 2496 4249 spe
2536 4177 2661 4231 vitm
2691 4191 2803 4230 suae
2840 4172 3173 4228 ﬁducialiter
3213 4181 3469 4244 quereret
3506 4172 3576 4227 ab

240 4275 498 4346 Exceptis
522 4274 672 4330 enim
704 4275 811 4330 illis
838 4292 978 4347 quos
1001 4276 1057 4330 in
1088 4276 1436 4346 subjectione
1466 4294 1567 4334 sua
1595 4280 1651 4333 in
1678 4279 1864 4334 studio
1965 4291 2054 4339 eo,
2082 4274 2377 4345 episcopus
2430 4277 2606 4325 tactus
2638 4267 2837 4338 spiritu
2876 4265 3096 4320 divino:
3140 4264 3333 4331 Hodie,
3373 4263 3575 4335 inquit,

239 4377 302 4424 et
345 4368 619 4442 religione
658 4367 910 4434 nutrivit,
939 4368 1142 4424 multas
1188 4371 1459 4426 clericalis
1488 4372 1701 4426 ordinis
1739 4386 1867 4443 per-
1964 4384 2070 4423 non
2094 4368 2319 4422 moriar.
2366 4380 2396 4417 ο
2425 4363 2587 4416 amici
2623 4362 2745 4426 mei:
2777 4360 2868 4412 sed
2895 4372 3015 4412 σναε
3044 4359 3105 4411 in
3131 4357 3337 4413 σλνίειί
3361 4357 3575 4411 “omne

239 4470 433 4522 sonas,
464 4455 730 4527 quosdam
775 4457 940 4511 etiam
988 4457 1243 4525 curiales,
1305 4459 1554 4515 doctrina
1601 4477 1699 4515 sua
1738 4450 2257 4531 pro-Dsuccurrite
2283 4457 2437 4510 mihi.
2482 4453 2579 4507 llle
2618 4453 2921 4521 desperans
2950 4450 3020 4504 de
3047 4449 3157 4503 vita
3196 4447 3381 4513 amici,
3423 4462 3577 4503 reso-

243 4550 439 4616 movit,
472 4566 704 4620 quorum
738 4550 967 4607 illustris
997 4552 1242 4623 probitas
1285 4554 1374 4608 vel
1404 4555 1641 4626 dignitas
1673 4562 1862 4627 postea
1962 4550 2108 4605 lutus
2136 4548 2194 4602 in
2235 4544 2476 4600 lacrimis
2506 4557 2613 4595 nec
2640 4541 2830 4594 valens
2859 4546 3171 4609 temperare
3211 4536 3425 4592 dolori:
3458 4539 3578 4593 Non

243 4648 456 4698 sanctae
473 4641 738 4697 aecclesiaa
756 4644 1212 4718 magnaeutilitati
1236 4651 1291 4699 et
1312 4646 1582 4701 honestati
1607 4646 1726 4701 fuit.
1752 4647 1859 4702 Sed
1961 4646 2128 4706 sinat,
2163 4637 2359 4708 inquit,
2404 4639 2541 4691 Deus
2587 4650 2671 4687 me
2700 4636 2897 4701 septem
2934 4631 3048 4685 dies
3086 4632 3427 4700 supervivere
3450 4629 3575 4684 tibi.

245 4738 307 4786 et
331 4731 389 4785 in
429 4732 535 4787 hoc
581 4730 638 4785 in
669 4732 935 4787 ecclesiis
965 4732 1059 4787 Dei
1099 4733 1222 4801 ejus
1260 4733 1554 4788 laudabilis
1591 4736 1864 4791 memoria
1966 4738 2028 4791 Et
2058 4734 2125 4789 ad
2171 4728 2564 4787 monasterium
2615 4726 2787 4781 sancti
2825 4724 3011 4781 Jacobi
3064 4723 3150 4779 cui
3202 4728 3437 4794 praeerat
3489 4738 3580 4778 re-

244 4821 434 4876 adhuc
466 4819 621 4886 vivit,
670 4822 819 4892 quod
869 4821 1011 4876 vitas
1056 4822 1364 4894 aliquorum
1422 4823 1493 4858 7"
1548 4831 1864 4880 sanctorum
1966 4840 2211 4901 gressus,
2248 4821 2418 4892 coapit
2455 4817 2683 4873 destitui
2715 4815 2963 4888 corporis
2993 4814 3223 4882 viribus,
3256 4830 3381 4870 mox
3411 4814 3577 4869 etiam

246 4914 536 4985 aliquibus
561 4914 615 4968 in
646 4915 783 4969 locis
812 4915 1025 4986 liquide
1065 4923 1119 4971 et
1148 4917 1317 4987 polite
1350 4920 1681 4989 composuit,
1715 4925 1768 4973 et
1798 4920 1867 4973 de
1968 4914 2151 4972 vexari
2174 4912 2370 4967 acriter
2399 4907 2663 4963 febribus.
2694 4905 2831 4970 Quid
2855 4905 3025 4958 multa
3047 4902 3074 4956 ?
3098 4903 3411 4959 Secundum
3444 4918 3584 4973 prte-

246 5003 424 5075 gestis
449 5017 638 5057 eorum
664 5003 719 5056 in
745 5004 906 5058 laude
928 5004 1024 5059 Dei
1051 5006 1357 5061 secundum
1380 5007 1621 5078 regulam
1646 5008 1869 5063 musica:
1972 5008 2175 5063 dictum
2195 5013 2249 5059 et
2269 5010 2452 5057 votum
2486 5000 2702 5071 piorum
2733 4998 2997 5061 virorum,
3024 4995 3266 5051 crastino
3292 4994 3401 5055 die.
3436 4993 3583 5063 quod

248 5093 587 5163 disciplinae,
619 5093 674 5147 in
705 5109 814 5164 qua
844 5093 1074 5149 multum
1108 5095 1345 5161 valebat,
1381 5096 1698 5151 dulcissime
1730 5113 1868 5151 can-
1972 5107 2055 5153 est
2081 5097 2115 5151 8
2147 5095 2276 5148 ldus
2316 5090 2468 5153 Julii,
2510 5087 2807 5158 episcopus
2859 5085 3111 5159 migravit
3158 5084 3226 5138 ad
3268 5080 3584 5147 Dominum,

248 5195 342 5243 tus
370 5186 730 5244 modificavit.
765 5190 913 5243 inter
964 5206 1088 5261 qua:
1138 5190 1268 5261 quia
1321 5197 1547 5263 rogante
1600 5191 1872 5263 Raginero
1975 5185 2154 5239 Abbas
2182 5187 2385 5244 autem,
2418 5175 2511 5247 (ιυί
2553 5174 2817 5245 θνῐεεορο
2857 5172 3088 5227 dimidio
3120 5172 3462 5263 αηίτηεεξυεε
3497 5184 3587 5263 δεῖ

250 5277 458 5333 comite
497 5278 663 5334 vitam
693 5279 866 5334 sancti
921 5258 1124 5335 νότοηί
1160 5258 1509 5335 confessoris
1540 5258 1873 5353 composuit,
1976 5283 2121 5349 ptem
2147 5273 2267 5328 dies
2294 5267 2650 5341 supervivere
2670 5264 2867 5332 noluit,
2887 5264 3008 5335 ipso
3038 5261 3277 5333 septimo
3300 5260 3409 5327 die,
3439 5258 3587 5331 quod

1616 5448 1835 5503 VARIKE
1856 5440 2223 5503 LECTIONES.

326 5621 397 5654 7“
463 5632 493 5673 ε
541 5632 681 5692 σογξτςἷ
731 5632 777 5692 ς.
831 5621 1070 5692 Fortasse
1118 5622 1229 5692 fuit
1266 5620 1612 5692 conscripsit.
1727 5625 1797 5658 75°
1820 5626 1936 5679 Alio
1983 5621 2290 5692 atranwnto
2334 5612 2507 5692 pergit
2566 5610 2705 5662 idem
2760 5606 2956 5673 scriba,
2996 5608 3089 5674 qui
3142 5609 3192 5657 et
3246 5593 3594 5664 transcripsi!

244 5696 525 5763 posuerat.
614 5686 680 5720 7“
715 5685 955 5743 clarierit
1001 5683 1137 5745 corr.
1174 5689 1431 5744 claruerit
1451 5683 1499 5744 cI
1588 5694 1657 5729 τω
1686 5695 1899 5765 aliquas
1948 5691 2135 5746 statim
2162 5701 2301 5741 corr.
2347 5683 2653 5750 aliquorum
2686 5694 2731 5732 ρ.
