3930 6204
321 298 424 354 627

1548 280 1891 338 SlIGEBERTI
1933 277 2440 336 GEMBLACENSIS.

3557 275 3657 333 628

324 425 462 483 esti
490 423 622 480 ldus
651 419 803 489 Julii,
834 418 1053 476 felicem
1081 416 1336 488 spiritum
1372 414 1512 471 ccelo
1542 413 1787 469 reddidit
1814 411 1942 466 mil-
1970 412 2017 482 Α
2044 407 2325 484 dignitati,
2366 405 2533 462 credo
2579 418 2682 459 nos
2719 401 2886 458 modo
2936 400 3050 456 illic
3086 416 3186 457 sua
3219 398 3493 456 tutabitur
3540 418 3663 476 gra-

324 517 521 574 lesimo
552 511 978 588 quadragesimo
993 517 1187 565 octavo
1217 523 1361 563 anno
1390 506 1628 562 Domini.

394 611 486 665 45.
528 610 593 663 At
626 604 889 676 exequias
910 602 1122 657 funeris
1145 601 1267 670 ejus
1295 616 1405 672 quo
1434 597 1810 655 venerationis
1840 596 1944 651 ho-

328 717 485 767 nore,
527 714 637 771 quo
667 693 1041 751 miserationis
1099 692 1291 748 dolore
1321 698 1647 762 prosecutus
1702 687 1771 741 sit
1812 701 1943 761 grex

325 788 568 847 caanobii
590 787 900 857 utriusque,
930 783 1024 856 qui
1064 781 1122 834 in
1140 780 1354 837 Christo
1386 778 1489 833 sub
1521 778 1642 847 ejus
1688 775 1944 847 profece-

327 893 412 943 rat
448 883 815 949 institutione,
846 892 1246 951 supervacuum
1296 882 1381 929 est
1412 888 1736 928 memorare.
1779 870 1943 925 Gem-

327 977 669 1033 melacenses
699 971 974 1045 siquidem
1008 968 1198 1023 audita
1229 966 1305 1038 pii
1338 964 1578 1036 pastoris
1604 962 1943 1027 inﬁrmitate,

330 1073 419 1128 cui
452 1076 577 1144 post
605 1071 777 1125 Deum
809 1073 865 1122 et
893 1066 1131 1137 primum
1161 1062 1267 1118 loci
1303 1061 1478 1116 nostri
1511 1066 1942 1114 constructorem

328 1161 669 1232 Wicpertum
691 1154 953 1230 quicquid
980 1169 1126 1225 pene
1167 1151 1452 1206 habebant
1482 1149 1800 1217 gaudebant
1839 1148 1946 1201 im-

330 1257 542 1324 putare,
587 1248 691 1319 piae
746 1244 1059 1300 dilectionis
1103 1242 1206 1297 alis
1265 1256 1376 1296 non
1427 1239 1764 1293 distulerunt
1817 1237 1947 1291 illuc

328 1340 643 1398 convolare.
679 1334 1050 1393 Contristabat
1074 1348 1171 1389 eos
1210 1347 1321 1387 non
1361 1330 1716 1385 mediocriter
1758 1344 1947 1382 aman-

332 1428 530 1486 tissimi
585 1426 755 1498 patris
801 1423 1114 1489 destitutio,
1174 1421 1275 1476 sed
1311 1419 1434 1489 plus
1485 1434 1649 1489 quam
1708 1417 1818 1471 dici
1862 1415 1947 1471 vel

329 1522 479 1579 credi
532 1519 707 1592 possit
750 1514 1047 1571 miserabili
1107 1511 1573 1568 contristabantur
1622 1508 1946 1571 infortunio,

332 1611 482 1684 quod
512 1608 814 1666 carendum
847 1606 928 1660 eis
953 1613 1101 1659 esset
1125 1601 1373 1673 corporis
1398 1601 1518 1667 ejus
1550 1598 1781 1671 pignore
1814 1613 1945 1667 pre-

330 1700 496 1755 tioso.
538 1699 599 1753 Et
628 1696 674 1751 si
704 1695 947 1766 aliquam
982 1692 1127 1747 viam
1159 1691 1240 1745 eis
1267 1688 1577 1759 aperuisset
1609 1687 1701 1741 Dei
1747 1686 1946 1760 digna-
1975 1732 2018 1798 Β

2041 497 2139 563 tia,
2181 511 2320 568 quos
2375 494 2465 549 hic
2515 499 2624 548 tam
2690 496 2924 563 paterna
2980 490 3210 546 nutrivit
3246 490 3660 564 misericordia.

2043 588 2214 642 Amen
2243 586 2333 639 7“.
3008 631 3013 636 .

2506 675 2590 730 DE
2614 671 2877 729 MYSACH
2918 665 3190 726 ABBATE.

2111 770 2199 824 47.
2254 767 2535 825 Deodvino
2587 767 2643 821 in
2684 765 2946 821 cathedra
2988 764 3253 820 ecclesiae
3305 765 3666 822 Leodicensis

2042 858 2361 933 subrogato,
2392 857 2608 929 Mysach
2636 855 2814 911 virum
2856 870 2987 909 sane
3026 852 3411 910 venerabilem
3457 868 3665 928 cogno-

2043 959 2233 1009 mento
2258 951 2619 1008 Mathelinum
2646 949 2901 1006 abbatem
2934 948 3195 1004 substitui
3227 947 3664 1004 Gemmelacensi

2046 1042 2324 1109 caenobio,
2382 1055 2613 1097 concors
2666 1038 2838 1095 totius
2896 1036 3349 1111 congregationis
3401 1035 3669 1108 expetivit

2046 1134 2263 1189 electio.
2299 1134 2348 1187 ls
2367 1131 2556 1187 abbati
2580 1130 2800 1186 Olberto
2826 1128 3322 1201 consanguinitatis
3340 1127 3669 1196 conjunctus

2045 1222 2213 1289 linea,
2243 1229 2299 1277 et
2327 1238 2359 1276 a
2386 1221 2580 1292 primis
2603 1219 2767 1274 annis
2794 1234 2917 1274 cum
2948 1216 3113 1272 fratre
3140 1231 3242 1272 suo
3292 1231 3437 1288 eque
3462 1229 3664 1271 memo-

2047 1314 2241 1369 rabilis
2278 1313 2403 1369 vitm
2436 1311 2704 1384 Fulquino
2744 1310 3074 1384 regulariter
3099 1315 3156 1364 et
3180 1308 3428 1363 studiose
3457 1308 3515 1362 in
3546 1308 3670 1377 ejus

2049 1410 2316 1464 educatus
2362 1406 2677 1477 disciplina,
2706 1405 2775 1460 ad
2829 1406 2937 1461 hoc
2959 1411 3193 1475 uterque
3227 1402 3472 1458 excrevit
3508 1403 3671 1458 bona

2049 1500 2252 1554 indolis
2300 1497 2587 1562 industria,
2649 1504 2709 1551 ut
2761 1511 2975 1567 magnas
3023 1493 3281 1550 utilitatis
3332 1493 3518 1549 locum
3550 1509 3673 1550 sor-

2050 1595 2138 1649 tiri
2170 1599 2520 1648 mererentur
2549 1592 2605 1646 in
2635 1591 2731 1645 Dei
2761 1590 3036 1645 aecclcsia.
3088 1589 3160 1644 Ex
3191 1588 3393 1661 quibus
3440 1587 3672 1660 Fulqui-

2049 1701 2152 1740 nus
2173 1686 2363 1754 junior
2413 1692 2574 1740 aetate
2631 1682 2946 1738 nominatus
2989 1682 3047 1736 in
3103 1680 3370 1735 exercitio
3417 1680 3673 1735 litteralis

330 1789 431 1856 tio,
464 1787 603 1842 nihil
641 1785 941 1857 Optabilius
976 1798 1165 1838 eorum
1209 1780 1454 1836 omnium
1492 1779 1697 1833 insedit
1734 1779 1939 1840 animo.
1975 1767 2315 1842 “scientiae,
2367 1772 2610 1847 glorioso
2654 1770 3063 1825 Stabulensium
3117 1769 3309 1824 abbati
3349 1767 3560 1839 Poponi
3600 1769 3671 1823 ad

331 1894 495 1951 quam
527 1877 581 1930 id
610 1891 774 1947 agere
804 1873 991 1944 aliquo
1024 1871 1210 1935 modo,
1238 1876 1299 1925 ut
1338 1884 1539 1939 corpus
1569 1867 1814 1923 defuncti
1855 1883 1945 1922 re-

332 1969 540 2025 ferrent
570 1964 1001 2022 Gemmelacensi
1033 1962 1311 2019 coenobio.
1338 1962 1443 2016 Sed
1469 1961 1523 2015 id
1554 1976 1656 2016 nec
1689 1960 1947 2031 precibus

330 2061 607 2132 optinere,
649 2074 752 2113 nec
775 2058 957 2129 aliqua
986 2055 1215 2111 omnino
1255 2053 1469 2109 ratione
1496 2061 1794 2123 potuerunt
1826 2050 1946 2104 effi-

332 2165 480 2217 cere,
519 2146 890 2223 gaudentibus
934 2140 1146 2200 civibus
1177 2143 1244 2197 ad
1296 2143 1520 2197 tutelam
1567 2141 1803 2195 civitatis
1833 2156 1946 2195 suae

335 2238 757 2312 praesentialiter
800 2244 908 2291 tam
965 2236 1139 2290 sancti
1224 2233 1328 2289 viri
1396 2231 1700 2302 patrocinia
1753 2246 1947 2301 prove-

336 2333 501 2387 nisse.
545 2330 804 2401 Sepultus
831 2336 914 2383 est
942 2327 1109 2401 igitur
1147 2326 1203 2380 in
1242 2324 1496 2379 secclesia
1525 2322 1700 2378 sancti
1730 2323 1940 2385 Jacobi,

336 2430 397 2478 ut
427 2422 617 2477 decuit
646 2421 882 2492 primum
906 2418 1162 2473 abbatem
1186 2417 1362 2488 ipsius
1390 2415 1520 2478 loci,
1552 2421 1606 2469 et
1634 2416 1735 2469 hoc
1769 2414 1947 2485 epita-

336 2513 529 2586 phium
561 2512 883 2582 inscriptum
907 2516 991 2565 est
1021 2509 1257 2563 libitinae
1289 2507 1463 2578 ipsius
1496 2505 1721 2560 tumuli:

337 2611 436 2665 Hic
460 2610 530 2643 ⁷⁵³
542 2613 681 2677 iacet
700 2608 955 2662 abbatum
976 2605 1268 2675 speculum,
1287 2604 1444 2657 decus
1471 2608 1521 2656 et
1544 2602 1945 2664 monachorum,

409 2702 595 2756 Abbas
635 2702 901 2764 Olbertus,
931 2701 1025 2767 ﬂos
1042 2696 1307 2767 paradise
1337 2699 1484 2760 tuus,

335 2795 563 2861 Praefuit
591 2793 842 2847 (ecclesiis
869 2788 1103 2844 normalt'
1130 2789 1353 2841 tramite
1372 2787 1545 2850 binis;

406 2885 613 2952 Leggt'a
635 2898 825 2951 corpus
851 2881 1033 2940 habes,
1067 2879 1279 2934 Gemble
1317 2876 1547 2932 carendo
1578 2876 1739 2930 doles.

404 2974 494 3030 46.
536 2972 750 3028 Perlato
780 2972 847 3026 ad
899 2970 1381 3024 Gemmelacenses
1414 2976 1521 3021 tam
1556 2966 1698 3020 tristi
1730 2964 1947 3030 nuntio,

333 3063 590 3120 omnibus
617 3063 797 3131 palam
844 3058 1045 3114 factum
1087 3064 1170 3112 est
1201 3056 1375 3127 ipsius
1421 3054 1665 3110 veritatis
1695 3054 1948 3108 testimo-
1978 3098 2029 3167 Ο

375 3155 386 3166 ο
715 3158 725 3167 .
836 3150 968 3167 |°.,.'
1037 3147 1403 3167 --II'_S.___I£_.-
1441 3162 1625 3167 ___._-_
1658 3145 1922 3167 LAL---_-A

332 3155 447 3220 nio,
480 3170 589 3225 qua
612 3150 1003 3223 pastoralitatis
1031 3147 1409 3204 sollicitudine
1436 3162 1629 3201 omnes
1658 3145 1946 3212 habuerat,

334 3260 445 3315 qua
499 3240 845 3314 paternitatis
892 3237 1187 3293 dulcedine
1253 3250 1445 3291 omnes
1491 3234 1777 3298 nutrierat,
1843 3247 1951 3303 qua

333 3332 582 3390 karitatis
632 3330 996 3387 unanimitate
1052 3344 1247 3384 omnes
1324 3344 1355 3381 a
1412 3341 1581 3398 parvo
1639 3341 1818 3396 usque
1883 3324 1951 3378 ad

335 3441 596 3499 magnum
648 3424 754 3478 sibi
802 3423 860 3477 in
916 3421 1127 3477 Christo
1202 3419 1544 3475 devinxerat.
1615 3418 1747 3482 Quis
1804 3416 1949 3470 enim

339 3517 541 3590 peterit
567 3516 775 3583 dicere,
805 3515 929 3585 quis
953 3513 1159 3569 dicenti
1206 3511 1410 3583 poterit
1438 3509 1688 3575 credere,
1719 3514 1955 3580 quantus

337 3608 467 3663 ilico
507 3605 753 3663 omnium
793 3604 967 3659 factus
997 3602 1069 3657 sit
1091 3616 1419 3665 concursus,
1451 3606 1691 3671 quantus
1728 3597 1951 3652 fratrum

340 3697 668 3753 merentium
701 3694 867 3751 fuerit
892 3694 1091 3757 luctus,
1120 3697 1361 3764 quantus
1390 3705 1695 3762 pauperum
1721 3689 1951 3754 clamor,

338 3799 577 3866 quantus
603 3790 936 3863 pupillorum
965 3797 1021 3843 et
1047 3787 1337 3842 viduarum
1367 3783 1567 3841 dolor?
1595 3783 1675 3837 Ab
1706 3782 1951 3838 omnium

338 3896 436 3937 ore
462 3888 623 3935 sonat
652 3895 750 3950 pro
779 3878 994 3934 collatis
1023 3877 1129 3933 sibi
1159 3874 1452 3931 beneﬁciis
1477 3873 1773 3948 gratiarum
1792 3871 1954 3937 actio,

338 3978 445 4027 tam
493 3969 582 4040 pia
608 3968 659 4024 ei
687 3967 1021 4025 exaudibilis
1067 3982 1167 4037 pro
1198 3964 1551 4020 absolutione
1605 3963 1801 4017 animae
1836 3961 1957 4032 ejus

337 4060 407 4115 ab
445 4057 638 4114 amicis
678 4056 875 4112 Christi
932 4056 1001 4111 ad
1047 4054 1247 4111 caelum
1308 4053 1695 4109 transmittitur
1755 4051 1952 4106 oratio.

338 4148 469 4214 Quis
523 4161 713 4202 eorum
771 4145 867 4216 qui
924 4154 1034 4199 tam
1097 4142 1424 4199 aﬂ‘ectuosas
1471 4141 1607 4198 vidit
1669 4141 1955 4212 exequias,

337 4238 482 4310 quis,
529 4251 685 4312 rogo,
729 4242 837 4291 tam
893 4235 1035 4306 pias,
1078 4240 1187 4288 tam
1257 4232 1498 4298 meritas,
1547 4238 1656 4286 tam
1698 4231 1953 4301 profusas

335 4330 553 4386 dubitet
600 4330 769 4382 Deum
808 4332 1125 4397 acceptasse
1192 4324 1468 4390 lacrimas,
1523 4339 1659 4395 quas
1697 4338 1809 4378 non
1858 4338 1952 4377 ex-

2046 1863 2315 1937 ngendas
2370 1872 2664 1932 puerorum
2713 1858 2889 1913 scolas
2918 1858 3181 1924 directus,
3223 1863 3278 1912 et
3303 1872 3405 1927 per
3460 1856 3674 1928 aliquot

2046 1967 2223 2006 annos
2272 1951 2328 2004 in
2385 1966 2598 2005 morum
2640 1950 2929 2004 honestate
2972 1946 3041 2002 ab
3096 1961 3163 2001 eo
3205 1945 3337 2000 satis
3380 1944 3669 2016 probatus,

2048 2056 2150 2112 per
2184 2041 2553 2094 interventum
2586 2039 2706 2106 ejus
2745 2037 2798 2090 in
2832 2035 3080 2092 Mettensi
3111 2035 3249 2090 urbe
3297 2034 3367 2088 ad
3418 2034 3671 2105 regimen

2049 2132 2283 2187 abbatiae
2340 2130 2516 2185 sancti
2558 2128 2829 2184 Vincentii
2888 2126 3141 2198 martyris
3206 2131 3291 2180 est
3354 2132 3666 2196 promotus,

2050 2222 2197 2293 quod
2229 2237 2407 2293 usque
2438 2220 2505 2274 ad
2536 2220 2703 2275 tinem
2732 2219 2858 2275 vita;
2895 2234 3011 2273 suae
3051 2217 3261 2272 utiliter
3288 2223 3343 2272 et
3374 2216 3671 2271 laudabili-

2046 2324 2128 2371 ter
2204 2327 2288 2372 est
2342 2322 2623 2371 executus.
2679 2314 2896 2385 Mysach
2940 2311 3008 2347 ’⁷⁵⁷
3053 2318 3236 2366 autem
3295 2310 3465 2365 frater
3523 2310 3665 2379 ejus,

2048 2407 2214 2461 etiam
2273 2404 2502 2459 Virduni
2554 2403 2657 2458 sub
2700 2402 2971 2458 Richardo
3026 2402 3221 2456 abbate
3274 2399 3330 2454 in
3380 2399 3670 2472 gymnasio

2048 2494 2362 2550 monasticae
2416 2490 2725 2561 disciplinae
2775 2490 3102 2564 regulariter
3151 2488 3505 2555 exercitatus,
3564 2503 3689 2559 per

2048 2585 2235 2641 omnia
2275 2585 2330 2639 in
2356 2584 2560 2640 virtute
2593 2582 2930 2638 obedientiae
2979 2580 3113 2636 satis
3150 2587 3236 2635 est
3275 2579 3563 2650 probatus.
3606 2580 3673 2635 At

2050 2686 2343 2753 postquam
2387 2679 2643 2734 inventus
2674 2683 2756 2732 est
2782 2678 2949 2732 etiam
2979 2691 3102 2730 esse
3155 2675 3375 2746 patiens
3410 2674 3669 2732 laborum

2052 2778 2106 2827 et
2130 2777 2389 2826 strenuus
2433 2777 2487 2824 et
2541 2769 2785 2840 prudens
2822 2767 2876 2822 in
2919 2766 3282 2838 dispositione
3316 2765 3674 2821 ecclesiasti-

2052 2879 2238 2918 carum
2265 2878 2468 2927 rerum,
2498 2861 2735 2916 domnus
2755 2859 2931 2914 abbas
2952 2857 3203 2913 Olbertus
3227 2873 3351 2913 cum
3382 2873 3486 2913 suo
3510 2856 3673 2912 lateri

2052 2952 2368 3019 adjunctum
2401 2950 2726 3020 participem
2758 2947 2887 3003 fecit
2913 2947 3159 3002 omnium
3187 2961 3419 3018 Operum
3452 2954 3509 3002 et
3534 2960 3676 3002 con-

2051 3039 2301 3095 siliorum
2334 3054 2580 3095 suorum.
2617 3038 2678 3092 Et
2707 3036 2976 3092 ordinans
3002 3050 3127 3090 eum
3162 3036 3675 3107 sibipraepositum,

2052 3130 2328 3187 commisit
2377 3130 2498 3199 ejus
2547 3129 2852 3201 prudentiae
2878 3125 3152 3183 secundas
3189 3134 3372 3198 partes
3414 3128 3666 3183 omnium

2052 3239 2256 3278 rerum.
2300 3224 2360 3277 In
2390 3222 2548 3293 cujus
2576 3220 2909 3277 obedientiae
2952 3219 3282 3274 executione
3319 3224 3473 3274 tanta
3499 3219 3680 3290 viquit

2052 3312 2432 3381 subjeetione,
2464 3318 2524 3365 ut
2553 3310 2705 3364 nulla
2732 3324 2978 3380 unquam
3016 3307 3274 3363 titillatus
3298 3307 3375 3361 sit
3398 3307 3679 3377 superbiae

2054 3404 2358 3461 inﬂatione.
2413 3403 2477 3458 Et
2507 3418 2606 3473 per
2653 3401 2857 3457 multos
2909 3414 3087 3457 annos
3118 3408 3225 3455 tam
3262 3399 3572 3470 prudenter
3623 3406 3680 3455 et

2054 3495 2265 3550 utiliter
2291 3494 2450 3563 vixit,
2483 3502 2545 3549 ut
2591 3499 2881 3565 postquam
2913 3492 3128 3564 [sanctae
3176 3491 3459 3546 memoria:
3503 3489 3678 3545 abbas

2055 3581 2311 3637 Olbertus
2343 3582 2598 3637 humanae
2618 3588 2829 3636 natura:
2857 3582 3043 3649 cessit,
3067 3581 3252 3638 nullus
3282 3581 3334 3636 ei
3363 3578 3461 3652 qui
3489 3594 3677 3636 succe-

2055 3681 2211 3745 peret
2234 3674 2455 3742 dignior
2484 3689 2551 3729 eo
2575 3674 2839 3729 inventus
2866 3675 2958 3730 sit.
2990 3674 3179 3745 Itaque
3207 3675 3240 3727 7
3268 3672 3545 3728 Kalendas
3560 3672 3676 3727 Au-

2053 3768 2196 3844 gusti
2237 3769 2472 3839 adeptus
2520 3768 2590 3803 ⁷⁸⁸
2665 3769 2846 3823 locum
2916 3768 3207 3842 regiminis
3253 3766 3677 3834 ecclesiastici,

2054 3868 2410 3914 consecratus
2438 3864 2622 3914 autem
2653 3860 2685 3913 7
2730 3857 2861 3913 ldus
2900 3855 3150 3930 Augusti,
3190 3856 3517 3912 attendebat
3555 3856 3682 3912 dili—

2051 3947 2201 4021 genti
2233 3946 2500 4003 instantia
2543 3946 2650 4002 sibi
2681 3954 2737 4003 et
2785 3946 2963 4021 gregi.
3016 3944 3149 3999 Nam
3176 3944 3503 4000 secundum
3529 3944 3677 4016 quod

2054 4035 2345 4102 didicerat,
2393 4034 2721 4107 regulariter
2780 4042 2834 4089 et
2894 4034 2985 4105 pie
3039 4032 3279 4101 vivebat,
3343 4042 3401 4088 et
3456 4042 3677 4089 secun-

2054 4132 2185 4187 dum
2225 4131 2372 4202 quod
2404 4130 2625 4186 vivebat
2655 4130 2822 4185 etiam
2852 4129 2990 4185 alios
3033 4144 3218 4185 Vivere
3256 4129 3514 4185 docebat.
3569 4129 3674 4184 Res

2052 4223 2316 4280 ecclesiae
2341 4222 2646 4295 antiquitus
2678 4220 2969 4277 attributas
3012 4221 3099 4275 vel
3139 4229 3336 4292 postea
3370 4221 3676 4292 adquisitus

2054 4327 2153 4383 pro
2190 4317 2353 4382 captu
2400 4317 2457 4366 et
2484 4326 2647 4381 posse
2676 4325 2776 4366 suo
2833 4310 2893 4365 in
2938 4310 3091 4366 nullo
3121 4325 3368 4381 unquam
3408 4309 3671 4384 neglexit,

336 4417 629 4491 torquebat
659 4417 843 4487 aliqua
872 4414 1109 4470 carnalis
1145 4410 1450 4468 affectionis
1490 4412 1810 4477 necessitas,
1850 4410 1946 4466 sed
1977 4405 2028 4471 D
2056 4416 2159 4456 nec
2206 4399 2421 4454 incuria
2465 4400 2557 4455 νθί
2616 4399 2835 4456 inscitia
2885 4414 2983 4454 sua
3035 4414 3129 4454 εδδ
3176 4397 3457 4465 diluiuum
3508 4399 3695 4453 immo

337 4527 475 4584 quas
524 4508 783 4565 eliciebat
836 4506 1039 4577 placita
1114 4505 1225 4560 Deo
1272 4502 1579 4576 spiritualis
1634 4503 1953 4559 dilectionis
2047 4494 2166 4569 iugi
2209 4494 2398 4549 labore
2454 4503 2511 4548 et
2561 4494 2852 4569 vigilantia
2900 4492 3289 4565 multiplicavit
3345 4492 3677 4549 adversariis

337 4601 559 4675 pietas?
585 4600 687 4667 Qui
737 4615 869 4672 ergo
914 4605 995 4654 tot
1046 4597 1257 4654 amicos
1309 4596 1702 4652 conciliaverat
1748 4595 1851 4650 sibi
1884 4596 1953 4649 de

339 4689 648 4761 iniquitatis
676 4702 1009 4754 mammona,
1043 4692 1298 4756 receptus
1323 4690 1407 4739 est
1440 4683 1509 4739 ab
1540 4684 1622 4739 eis
1660 4684 1715 4738 in
1748 4691 1954 4739 aeterna

341 4778 711 4837 tabernacula.
755 4780 817 4835 Et
844 4778 976 4851 quia
1018 4778 1161 4833 bene
1200 4774 1556 4841 ministravit,
1606 4776 1778 4850 gradu
1807 4776 1954 4832 bono

340 4871 618 4944 adquisito
670 4871 779 4927 sibi
829 4872 900 4907 7“
931 4911 947 4935 ,
1029 4867 1274 4926 caelestis
1323 4866 1489 4923 curiae
1565 4868 1834 4939 ascriptus
1886 4867 1955 4903 ⁷⁵⁵

2054 4588 2317 4644 aecclesiae
2370 4587 2634 4644 audacter
2683 4601 2907 4659 semper
2959 4586 3179 4656 restitit,
3239 4585 3524 4657 stipendia
3567 4584 3675 4641 fra-

2057 4692 2196 4738 trum
2243 4682 2485 4738 fideliter
2513 4682 2754 4750 adauxit,
2799 4689 2855 4737 et
2909 4697 2980 4737 ne
3018 4698 3118 4753 per
3153 4681 3402 4756 singulas
3452 4695 3672 4737 currere

2056 4787 2197 4843 opus
2249 4772 2340 4840 sit,
2372 4770 2613 4828 utilitate
2653 4770 3048 4827 aecclesiastica
3090 4770 3242 4825 intus
3271 4777 3325 4825 et
3354 4777 3506 4826 extra
3539 4769 3670 4825 nihil

2056 4866 2245 4923 curius
2279 4881 2521 4938 unquam
2552 4866 2764 4921 habuitt

791 5076 1618 5173 CONTINUATIO
1686 5074 2250 5167 AUCTORE
2316 5070 3207 5164 GODESCHALCO.

415 5283 503 5340 48.
533 5283 654 5354 Ipse
699 5282 768 5318 ⁷⁵⁸
794 5281 962 5337 etiam
993 5290 1122 5338 ante
1151 5289 1207 5338 et
1249 5290 1400 5338 retro
1451 5282 1723 5348 oculatus,
1774 5280 1956 5336 sciens

342 5379 661 5436 interiorem
697 5378 979 5435 hominem
1011 5377 1133 5432 sine
1168 5378 1428 5435 exteriori
1471 5393 1580 5435 non
1629 5393 1796 5449 posse
1819 5376 1956 5431 sub-

2055 5280 2272 5349 sistere,
2306 5296 2659 5352 quecumque
2690 5280 2746 5334 in
2775 5277 2998 5333 abbatia
3016 5277 3304 5332 invenerat
3329 5285 3386 5332 et
3413 5293 3537 5350 qua:
3558 5277 3669 5349 ipse

2056 5372 2397 5444 adquisierat
2442 5372 2498 5427 in
2528 5371 2666 5426 duas
2699 5376 2880 5442 partes
2909 5368 3184 5437 dividens,
3228 5367 3286 5422 in
3315 5368 3468 5424 victu
3490 5378 3545 5424 et
3576 5384 3670 5425 ve-

1684 5507 1766 5562 VA
1775 5506 1904 5562 ΒῙᾹΞ
1946 5501 2324 5561 ιεσιηοΝΕε.

411 5618 482 5655 ⁷⁸³
502 5622 684 5675 Versus
712 5618 880 5674 rubro
895 5617 1200 5666 atramento
1225 5618 1426 5684 scripti.
1535 5613 1605 5649 ⁷⁵⁸
1639 5633 1651 5667 =
1680 5630 1693 5666 ε
1728 5612 1855 5667 sibi-

1954 5610 2023 5645 ⁷⁸⁸
2045 5607 2319 5678 ascriptus
2362 5624 2376 5660 :
2402 5624 2416 5660 :
2442 5606 2498 5661 d.

2623 5603 2694 5639 ⁷³⁸
2718 5619 2881 5659 amen
2916 5620 2963 5659 ε.
3088 5599 3157 5636 ⁷⁸⁷
3186 5602 3359 5657 minio
3386 5603 3664 5672 scriptum.

342 5689 411 5729 ⁷⁸⁸
424 5697 543 5767 post
571 5691 805 5763 adeptus
835 5696 1059 5739 erasum
1087 5687 1171 5734 est
1189 5697 1235 5735 ο.
1310 5679 1379 5720 π’
1405 5688 1517 5740 alia
1540 5701 1711 5740 manu
1742 5686 1914 5753 pergit
1940 5684 2123 5753 prima
2142 5679 2289 5735 linea
2318 5681 2381 5734 in
2408 5680 2517 5735 loco
2538 5691 2660 5733 raso
2688 5682 2910 5745 semita.
