3930 6204
196 286 308 342 629

1154 281 1334 336 GEST.
1377 281 1520 336 ABB.
1565 279 1782 335 GE‘MBL
1842 308 1912 319 -—
1953 278 2209 336 CONTIN.
2253 277 2568 334 GODESCH.

3418 283 3526 341 630

193 415 330 470 stitu
382 413 607 468 fratrum
653 410 948 466 distribuit.
984 410 1312 466 Vestiarium
1367 411 1441 466 ita
1496 410 1820 482 composuit.
1851 414 1900 481 Α
1929 408 2160 464 salutem
2196 408 2482 476 mcclesiae,
2503 423 2607 463 nec
2628 410 2968 466 medicorum
2991 415 3255 470 auxilium
3289 415 3551 487 qnesivit,

191 504 453 574 Quilpne
491 501 658 555 libras
697 515 1047 555 nummorum
1089 501 1142 554 in
1187 500 1315 555 villa
1365 501 1626 572 Templus
1658 501 1824 568 dicta,

191 600 247 648 et
269 601 382 648 tres
416 591 587 645 libras
612 591 667 644 in
696 590 823 645 villa
862 591 1120 654 Pberoth,
1144 598 1256 646 tres
1293 591 1462 646 libras
1493 599 1547 646 et
1595 597 1832 662 quatuor

191 685 409 740 solidos
455 683 512 737 in
552 683 682 738 villa
713 681 940 749 Mannil,
991 692 1114 738 octo
1145 683 1363 739 solidos
1411 684 1481 738 de
1540 691 1686 738 terra
1732 683 1830 737 Fa—

192 774 369 830 stradi
415 774 470 828 in
497 773 629 827 villa
667 772 805 834 Niel,
837 772 893 826 in
941 771 1067 827 villa
1111 772 1369 828 Eanatica
1426 779 1484 828 et
1525 773 1828 844 municipio

192 873 359 928 Eneis
377 871 644 944 quosdam
677 869 885 924 reditus
915 870 1190 924 decrevit:
1225 870 1281 924 in
1313 869 1446 924 villa
1489 870 1660 923 etiam
1706 883 1830 941 qum

194 963 400 1018 Castris
444 961 646 1016 dicitur
681 961 715 1015 4
759 959 926 1013 libras
967 959 1322 1014 denariorum
1377 959 1668 1013 annuatim
1717 966 1830 1013 sta-

196 1053 324 1119 tuit,
353 1068 420 1106 ea
452 1051 664 1105 ratione
713 1057 772 1103 ut
818 1063 932 1104 uno
961 1063 1107 1103 anno
1157 1048 1392 1119 pelliciae
1450 1065 1480 1101 a
1509 1048 1830 1104 vestierario

197 1151 254 1198 et
293 1142 471 1196 altero
503 1139 689 1211 pellici
717 1155 748 1193 a
772 1138 880 1194 loci
921 1138 1237 1209 praeposito,
1267 1143 1320 1192 et
1340 1138 1571 1193 cucullae
1603 1145 1661 1192 et
1692 1138 1830 1191 tuni-

197 1251 276 1290 cae
310 1232 575 1289 fratribus
624 1233 888 1287 darentur
936 1247 967 1286 ι
1031 1232 1351 1288 camerario.
1405 1233 1459 1285 ln
1497 1231 1624 1287 villa
1663 1230 1828 1285 etiam

195 1325 346 1382 anb
368 1326 537 1392 dicta,
564 1340 687 1396 quae
719 1325 826 1378 sita
853 1329 938 1378 est
982 1324 1038 1377 in
1077 1339 1217 1396 pago
1270 1322 1628 1380 Bracbantico
1660 1340 1831 1394 super

189 1431 395 1487 aquam
447 1429 574 1486 quae
643 1413 714 1468 ob
794 1412 1148 1467 dulcedinem
1229 1420 1283 1466 et
1373 1413 1674 1467 bonitatem
1743 1413 1828 1467 sui

194 1506 496 1576 0illa(896)
522 1505 590 1560 ab
606 1505 803 1560 incolis
822 1504 1043 1569 dicitur,
1067 1504 1418 1560 medietatem
1433 1506 1641 1559 reditus
1663 1505 1829 1560 totius

1933 497 2029 552 sed
2071 497 2127 550 in
2159 497 2271 552 Deo
2304 495 2634 553 fiducialiter
2673 500 2932 568 speravit.
2971 501 3031 556 Et
3063 503 3191 556 dum
3231 503 3306 558 ita
3347 503 3553 559 bonum

1933 601 2162 656 operum
2203 601 2427 641 suorum
2469 587 3000 643 consummationem
3061 591 3336 660 patienter
3385 607 3557 663 expe-

1931 684 2062 742 ctat,
2118 693 2215 748 per
2280 677 2457 748 ipsius
2513 677 2795 748 patientia».
2861 678 3114 735 virtutem
3184 680 3384 736 bonam
3451 682 3556 737 sibi

1933 769 2472 825 consummationem
2535 777 2824 842 praeparat.
2882 771 3144 827 Excoctns
3175 787 3306 847 ergo
3360 773 3456 828 diu
3503 774 3559 827 in

1935 862 2155 917 camino
2211 862 2584 917 tribulationis
2637 867 2693 917 et
2743 861 3101 930 infirmitatis,
3158 872 3447 936 postquam
3489 865 3559 920 23

1933 968 2108 1008 annos
2154 951 2208 1006 in
2257 953 2529 1026 regimine
2601 952 2861 1023 explevit,
2931 953 2964 1010 3
3043 955 3174 1010 ldus
3236 954 3560 1013 Novembris

1935 1049 2180 1104 debitum
2217 1049 2381 1103 solvit
2411 1048 2771 1104 humanitatis
2796 1066 2942 1105 anno
2963 1051 3104 1106 1071
3142 1051 3379 1109 Domini.

2363 1140 2446 1194 DE
2487 1140 2816 1195 ἸῚΕΤΜΑΒΟ
2858 1143 3127 1197 ABBATE.

2001 1233 2090 1287 51,
2127 1230 2392 1288 Defuncto
2431 1232 2633 1287 Misacb
2673 1233 2896 1301 abbate,
2942 1235 3036 1306 qui
3073 1242 3230 1306 pater
3258 1242 3366 1291 tam
3411 1251 3557 1292 ama-

1932 1322 2062 1376 bilis
2122 1328 2177 1376 et
2224 1323 2494 1378 tecclesiae
2551 1322 2646 1376 Dei
2696 1330 2802 1377 tam
2858 1323 3010 1379 utilis
3069 1324 3265 1391 fuerat,
3322 1327 3556 1382 multum

1931 1415 2163 1468 meroris
2198 1419 2253 1466 et
2296 1412 2690 1467 sollicitudinis
2729 1413 3223 1470 Gemblacensibns
3264 1431 3553 1472 remanse-

1930 1512 2032 1558 rat.
2063 1504 2243 1559 Meror
2289 1513 2406 1558 erat
2436 1504 2504 1557 de
2547 1504 2680 1559 tanti
2714 1505 2948 1576 pastoris
2999 1506 3320 1573 amissione,
3348 1508 3558 1565 sollici-

192 1597 340 1652 villae
361 1595 604 1651 vestiera
617 1595 702 1650 rio
732 1593 1027 1668 delegavit.
1057 1594 1180 1648 Post
1206 1594 1322 1648 hac
1350 1594 1650 1649 Baldninus
1677 1593 1840 1648 cleri-
1940 1596 2094 1662 tudo,
2137 1611 2205 1649 ne
2247 1595 2297 1649 ei
2328 1595 2651 1650 succederet
2699 1597 2793 1666 qui
2826 1604 3161 1672 congregata
3188 1598 3556 1673 dispergeret,

194 1701 296 1740 cus
325 1683 660 1740 Sonciensis
691 1681 1015 1738 fraternitati
1048 1687 1248 1736 nostra;
1288 1681 1548 1747 sociatus,
1607 1682 1832 1737 alteram
1861 1721 1908 1787 Β
1940 1687 2190 1757 dispersa
2217 1701 2326 1740 non
2355 1696 2736 1760 congregaret.
2765 1687 2869 1741 Sed
2905 1688 3338 1744 misericorditer
3358 1706 3558 1747 conso-

196 1773 588 1838 medietatem,
621 1787 744 1844 quae
784 1774 834 1826 el
854 1771 979 1839 jure
1011 1770 1325 1841 patrimonii
1355 1770 1721 1842 competebat,
1763 1771 1834 1825 ob
1861 1770 1908 1787 "
1935 1776 2077 1831 latus
2127 1785 2208 1831 est
2239 1793 2335 1832 eos
2367 1778 2509 1831 Deus
2540 1784 2696 1847 pater
2724 1777 3255 1846 misericordiarnm,
3299 1780 3436 1836 dans
3473 1783 3556 1837 eis

199 1867 437 1920 salutem
482 1865 679 1919 animae
719 1881 832 1919 suae
864 1863 1084 1932 adjecit.
1113 1863 1310 1918 Statuit
1354 1863 1540 1929 etiam,
1571 1874 1630 1918 ut
1656 1879 1834 1918 came-

201 1960 382 2014 rarius
413 1975 512 2029 per
541 1975 599 2013 se
631 1957 896 2023 villicum,
933 1956 1285 2011 iuvestituras
1315 1965 1369 2010 et
1399 1956 1602 2026 placita
1637 1955 1834 2010 habeat

205 2050 467 2106 villarum
497 2049 598 2105 sub
655 2066 715 2104 se
748 2048 1086 2121 degentium.
1153 2047 1447 2103 Cellerario
1479 2049 1546 2102 ad
1586 2047 1830 2120 saginam

209 2143 646 2215 comparandam
678 2148 896 2196 centum
930 2139 1137 2196 solidos
1169 2141 1424 2195 instituit.
1460 2141 1537 2194 Ad
1570 2141 1834 2195 utensilia

202 2233 582 2303 comparanda
620 2229 987 2296 officinarum,
1019 2230 1124 2283 hoc
1154 2237 1238 2284 est
1268 2229 1544 2301 coquinae,
1587 2229 1830 2300 pistrini,

193 2324 429 2390 cambe,
463 2324 732 2397 granarii,
776 2323 999 2394 triginta
1029 2322 1239 2376 solidos
1270 2323 1339 2376 de
1383 2339 1552 2376 censu
1585 2323 1830 2378 cortilio-

205 2437 328 2476 rum
355 2419 639 2474 annuatim
666 2417 780 2472 dari
808 2417 1054 2481 censuit;
1083 2417 1327 2472 decimas
1343 2416 1452 2472 feni
1479 2417 1629 2472 unde
1659 2417 1830 2472 boves

196 2526 331 2565 suos
379 2508 555 2563 aleret
596 2508 781 2562 dedit:
832 2507 1188 2577 praebendam
1231 2516 1285 2562 et
1338 2507 1553 2561 calceos
1594 2506 1832 2560 bubulco

197 2599 296 2670 qui
368 2598 523 2670 ligna
585 2596 654 2650 de
693 2596 830 2650 silva
884 2611 987 2666 per
1040 2594 1290 2670 singulos
1357 2594 1476 2648 dies
1534 2594 1833 2648 adduceret

197 2686 505 2742 stabilivit:
567 2685 781 2739 hortum
840 2685 905 2739 ad
965 2685 1155 2739 holera
1214 2683 1488 2751 facienda,
1565 2681 1832 2737 bubulea-

205 2776 342 2829 riam
377 2780 582 2828 cortem
643 2789 767 2827 cum
807 2773 1024 2828 cortilio
1068 2773 1309 2828 bubulco
1367 2771 1658 2845 delegavit.
1711 2771 1833 2825 Haec

202 2867 394 2922 omnia
443 2865 546 2919 snb
578 2882 710 2919 cura
760 2865 1032 2919 cellerarii
1083 2872 1352 2932 statuens,
1409 2880 1656 2918 mensam
1713 2862 1829 2916 fra-

201 2964 345 3011 trum
416 2956 520 3010 sub
587 2971 709 3025 ejus
791 2971 918 3009 cura
992 2955 1296 3010 constituit.
1375 2955 1563 3024 Itaque
1626 2968 1825 3023 panem

201 3045 467 3099 librarum
535 3044 805 3108 duarum;
856 3043 1134 3112 legumen,
1187 3044 1455 3114 pisorum,
1507 3060 1604 3097 seu
1665 3042 1821 3096 fabae.

201 3134 282 3188 Ad
347 3132 688 3202 emptionem
743 3132 973 3186 secundi
1048 3132 1317 3201 pulmenti
1349 3176 1364 3199 ,
1419 3147 1687 3198 ovorum,
1743 3146 1830 3185 ca-

199 3222 305 3284 sei,
337 3236 435 3274 seu
484 3220 713 3290 piscium
756 3220 948 3274 decem
982 3228 1036 3274 et
1083 3230 1206 3275 octo
1265 3221 1526 3276 denarios
1566 3236 1664 3291 per
1711 3220 1829 3273 dies

201 3313 473 3388 singulos.
507 3315 546 3365 A
577 3312 836 3366 Kalendis
875 3311 1126 3386 October
1157 3327 1329 3384 usque
1371 3315 1438 3367 ad
1491 3313 1825 3368 dominicam

203 3403 635 3476 septuagesima:
689 3401 908 3456 tertium
967 3403 1306 3473 pulmentum
1361 3403 1653 3458 herbarum
1702 3405 1826 3459 hor-

205 3500 478 3565 tensium,
526 3499 700 3566 justas
751 3498 886 3552 duas
947 3498 1173 3552 cervicae
1236 3499 1446 3565 diatim,
1519 3515 1828 3554 mensuram

204 3589 326 3645 vini
359 3605 458 3658 per
507 3588 757 3661 singulos
809 3595 1043 3659 quatuor
1088 3588 1289 3642 diebus
1327 3589 1652 3644 ebdomadis
1707 3605 1830 3644 cum

207 3681 442 3736 karitate
473 3680 717 3746 sabbati;
763 3681 1071 3750 paximotes
1110 3681 1489 3753 similagineos
1523 3682 1576 3736 in
1619 3681 1833 3737 duode-

204 3775 314 3830 cim
348 3773 645 3844 prmcipnis
696 3773 1200 3844 sollcmpnitatibns
1240 3774 1371 3828 anni
1418 3775 1552 3829 hora
1592 3774 1830 3846 prandii,

206 3868 497 3938 placentas
528 3871 582 3919 et
627 3864 842 3920 oblatas
901 3882 1028 3920 cum
1088 3865 1212 3919 aliis
1243 3866 1491 3920 bellariis
1531 3867 1596 3919 ad
1641 3882 1832 3920 cenam

207 3957 620 4012 amministrare
653 3957 934 4028 praecepit.
989 3957 1116 4012 Cras
1166 3957 1414 4013 forsitam
1458 3960 1606 4013 dicet
1637 3958 1835 4028 aliquis

212 4051 536 4123 qualitatem
597 4051 953 4121 perpendens
1014 4051 1302 4120 praesentis
1353 4050 1654 4121 temporis:
1710 4051 1838 4104 Ful-

209 4158 333 4196 sum
363 4144 463 4206 est,
496 4141 641 4209 quod
670 4141 752 4194 hic
794 4141 1020 4207 legitur;
1063 4156 1342 4210 nunquam
1381 4143 1482 4195 tali
1537 4141 1709 4194 secum
1753 4143 1837 4194 usi

213 4243 344 4291 sunt
399 4235 652 4289 monachi
698 4235 848 4289 illius
903 4238 1172 4304 temporis.
1233 4235 1343 4288 Scit
1397 4236 1562 4299 Deus,
1604 4234 1697 4305 qui
1755 4241 1838 4288 est

212 4345 433 4384 summa
482 4329 702 4392 veritas,
745 4329 875 4400 quia
911 4329 1060 4401 quod
1120 4330 1230 4384 vidi
1282 4330 1497 4400 scripsi;
1553 4337 1607 4384 et
1654 4331 1835 4386 adhuc

211 4424 517 4489 supersunt
550 4425 718 4473 testes
759 4419 944 4474 idonei
975 4419 1063 4473 76°.

287 4508 379 4560 49.
412 4506 636 4560 Addidit
661 4507 945 4562 annuatim
986 4508 1250 4563 aecclesiae
1288 4508 1502 4562 custodi
1529 4508 1595 4562 “3’0
1633 4507 1841 4562 solidos

216 4612 573 4651 nummorum
608 4597 1086 4667 etcoemptionem
1118 4597 1254 4662 vini,
1287 4614 1352 4651 ex
1375 4612 1484 4667 quo
1515 4597 1579 4630 75‘
1613 4595 1839 4651 cotidia-

219 4704 354 4742 num
390 4687 572 4742 missas
598 4685 928 4742 sacrificium
958 4695 1176 4756 Oportet
1214 4687 1504 4742 celebrari.
1554 4687 1629 4741 Ad
1681 4687 1842 4741 anni-

217 4779 524 4835 versariam
566 4780 710 4833 diem
756 4795 866 4834 suae
907 4779 1272 4849 depositionis
1312 4781 1593 4835 constituit
1631 4796 1838 4834 annua-

219 4873 320 4927 tim
377 4871 492 4925 dari
551 4871 810 4926 fratribus
865 4871 896 4926 8
965 4871 1264 4926 solidorum
1318 4873 1626 4940 karitatem,
1670 4871 1841 4943 gratia

213 4966 326 5036 pize
385 4963 804 5018 recordationis.
842 4964 900 5017 ln
956 4964 1219 5018 memoria
1251 4971 1456 5018 aeterna
1508 4963 1612 5018 erit
1661 4963 1841 5020 bonus

217 5056 595 5126 dispensator,
645 5055 713 5108 ab
755 5055 1044 5110 auditione
1101 5055 1244 5108 mala
1292 5071 1402 5110 non
1444 5055 1676 5117 timebit,
1712 5055 1841 5126 quia

218 5160 354 5216 spes
393 5143 513 5210 ejus
543 5160 765 5213 semper
797 5143 852 5197 in
883 5143 1113 5198 Domino
1145 5143 1265 5198 fuit.

292 5231 384 5286 50.
413 5232 612 5286 Ultima
641 5239 783 5287 etate
800 5233 1070 5306 egrotavit
1097 5233 1286 5288 dolore
1316 5233 1516 5302 pedum
1545 5234 1844 5288 vehemen-

220 5326 461 5393 tissime,
519 5325 617 5380 sed
684 5341 789 5379 nec
841 5326 896 5378 in
953 5325 1069 5395 ipsa
1130 5326 1447 5380 infirmitate
1518 5329 1846 5401 neglegebat

1935 1885 1997 1922 ex
2029 1867 2224 1922 eodem
2261 1866 2492 1921 cenobio
2520 1866 2778 1922 abbatem
2809 1869 3035 1923 nomine
3073 1869 3424 1931 Tietmarum.
3462 1871 3557 1928 Hic

1935 1972 2022 2026 per
2080 1955 2266 2010 omnia
2304 1971 2546 2026 sequens
2620 1956 2852 2031 vestigia
2930 1959 3358 2028 praedecessoris
3443 1960 3552 2026 sui,

1934 2048 2157 2102 adauxit
2186 2047 2370 2118 potius
2395 2063 2557 2118 quam
2582 2047 2783 2102 minuit
2813 2048 3173 2105 substantiam
3206 2051 3554 2107 monasterii.

1934 2137 2033 2201 Qui
2082 2136 2212 2190 dum
2262 2136 2604 2206 temporibus
2660 2137 2886 2192 antefati
2930 2137 3146 2194 abbatis
3185 2147 3372 2195 custos
3409 2146 3555 2196 esset

1931 2229 2215 2294 aecclesiae,
2273 2228 2564 2282 ambonem
2611 2230 2888 2304 evangelii
2945 2239 2999 2284 et
3059 2230 3322 2286 feretrum
3376 2233 3552 2288 sancti

1934 2317 2189 2387 Exuperii
2229 2333 2362 2371 auro
2394 2323 2448 2370 et
2487 2325 2717 2388 argento
2745 2319 2984 2384 vestivit,
3017 2326 3070 2373 et
3099 2335 3268 2390 opere
3310 2319 3552 2394 anaglifo

1932 2405 2232 2461 decoravit.
2278 2406 2412 2461 lluic
2449 2405 2679 2477 gloriam
2723 2407 2912 2461 mundi
2955 2407 3183 2481 fugienti
3221 2418 3275 2463 et
3303 2424 3550 2479 pauper-

1937 2507 2100 2554 tatem
2149 2498 2345 2554 Christi
2385 2499 2440 2552 in
2496 2499 2759 2554 omnibus
2793 2500 3071 2570 sequenti,
3106 2500 3374 2570 praedium
3409 2501 3551 2557 Huc-

1935 2595 2075 2650 berti
2123 2595 2329 2655 clerici.
2360 2596 2455 2666 qui
2487 2602 2738 2666 apostata
2770 2595 2949 2650 dictus
2996 2594 3197 2662 fuerat,
3247 2606 3552 2653 conventus

1935 2685 2159 2740 fratrum
2182 2686 2638 2740 mdominicatum
2673 2684 2842 2740 dedit.
2881 2687 3002 2756 lpse
3034 2685 3292 2741 fratribus
3314 2686 3551 2742 fraterna

1934 2785 1988 2832 et
2021 2787 2246 2847 paterna
2283 2777 2665 2832 vicissitudine
2695 2793 2763 2831 ex
2795 2776 3067 2832 reditibus
3098 2777 3219 2847 ejus
3260 2779 3452 2848 praedii
3480 2780 3550 2834 50

1932 2867 2141 2922 solidos
2202 2867 2514 2933 redonavit,
2555 2883 2620 2921 ea
2675 2865 2997 2922 conditione
3037 2873 3096 2920 ut
3149 2882 3181 2920 a
3222 2881 3282 2921 se
3326 2881 3552 2922 succes-

1932 2959 2152 3013 soribus
2195 2959 2311 3014 suis
2363 2960 2647 3014 annuatim
2692 2959 2760 3012 ad
2809 2974 2944 3012 usus
3004 2957 3227 3013 fratrum
3284 2959 3340 3014 in
3396 2958 3549 3015 festis

1929 3052 2226 3122 praecipuis
2252 3052 2361 3108 duo
2384 3052 2544 3107 solidi
2561 3051 2824 3106 darentur
2845 3051 2901 3104 in
2931 3050 3268 3121 emptionem
3293 3050 3547 3121 piscium.

2000 3141 2088 3196 52.
2116 3143 2220 3196 lste
2251 3148 2403 3212 pater
2435 3158 2534 3211 per
2554 3157 2750 3194 manus
2777 3140 2966 3196 domui
2998 3140 3234 3194 Lietardi
3266 3141 3548 3211 praepositi

1928 3232 2012 3286 sui
2066 3232 2293 3303 criptam
2353 3230 2655 3285 in'bonore
2687 3237 2890 3284 sanctw
2946 3230 3042 3284 Dei
3084 3230 3372 3305 genitricis
3415 3247 3547 3286 con-

1930 3320 2146 3385 struxit,
2201 3327 2254 3374 et
2294 3319 2597 3373 cancellum
2629 3319 2816 3373 altaris
2853 3319 3030 3374 sancti
3072 3319 3215 3373 Petri
3246 3335 3311 3373 ex
3350 3319 3544 3373 humili

1933 3419 1987 3466 et
2035 3427 2201 3482 parvo
2261 3411 2314 3464 in
2373 3411 2546 3466 forma
2592 3427 2701 3482 qua
2731 3427 2880 3465 nunc
2909 3411 3154 3466 cernitur
3185 3411 3548 3478 reformavit;

1933 3503 2300 3568 infirmorum,
2327 3501 2622 3568 infantum,
2667 3502 2940 3573 hospitum
2972 3519 3388 3574 pauperumque
3408 3519 3555 3558 sem-

1933 3611 2032 3665 per
2061 3610 2245 3648 curam
2290 3592 2722 3663 praecordialiter
2773 3593 2996 3650 habuit:
3039 3594 3390 3664 praebendam
3441 3595 3554 3650 fra-

1933 3696 2076 3742 trum
2109 3685 2153 3739 si
2196 3700 2305 3738 non
2335 3684 2576 3748 adauxit,
2611 3684 2665 3737 in
2707 3684 2856 3738 nullo
2901 3685 3180 3752 diminuit,
3211 3686 3307 3740 sed
3340 3687 3552 3754 vinum,

1935 3779 2136 3850 pisces,
2181 3776 2416 3830 similam
2461 3774 2805 3845 temporibus
2845 3775 3061 3830 statutis
3112 3778 3263 3831 omni
3304 3785 3554 3848 tempore

1934 3871 2060 3924 vita),
2087 3886 2200 3924 suae
2242 3867 2452 3938 absque
2511 3867 2621 3922 ulla
2652 3867 3040 3922 retractatione
3091 3868 3550 3924 subministravit.

2006 3959 2094 4014 53.
2133 3959 2336 4012 Franco
2374 3957 2536 4011 miles
2584 3972 2758 4027 nepos
2805 3958 2927 4027 ejus
2965 3957 3301 4030 cognomine
3334 3958 3555 4034 Longus

1937 4049 2005 4102 de
2053 4049 2182 4102 villa
2209 4048 2354 4101 Lirul
2399 4048 2543 4102 dicta
2575 4047 2741 4102 filiam
2787 4047 2953 4102 villici
2989 4046 3281 4102 Alberonis
3321 4046 3376 4100 in
3416 4062 3555 4101 con-

1933 4140 2146 4213 jugium
2187 4139 2476 4208 accepitet
2513 4137 2582 4191 ab
2604 4138 2826 4204 abbate,
2861 4145 3054 4208 utpote
3097 4154 3130 4192 a
3171 4144 3401 4207 parente
3427 4153 3554 4204 suo,

1939 4230 2262 4287 molendino
2302 4229 2357 4282 in
2406 4229 2711 4299 municipio
2767 4228 2928 4283 Eneis
2983 4229 3093 4283 sito
3131 4227 3254 4296 jure
3295 4226 3553 4284 beneficii

1937 4327 2275 4385 muneratur,
2326 4319 2429 4372 bac
2459 4318 2697 4385 ratione,
2738 4324 2798 4372 ut
2835 4316 3097 4388 quamdiu
3151 4315 3271 4384 ipse
3299 4322 3353 4370 et
3392 4317 3556 4373 heres

1943 4411 2062 4480 ejus
2090 4411 2361 4476 viverent,
2394 4410 2499 4464 hoc
2528 4408 2859 4474 fruerentur,
2900 4416 2954 4462 ct
2983 4409 3028 4462 si
3059 4407 3167 4462 vita
3197 4406 3556 4480 decederent,

1943 4502 2280 4557 monasterio
2313 4501 2708 4556 restitueretur.
2758 4499 2902 4554 Infra
2940 4498 3386 4571 quinquennium
3418 4515 3552 4572 ergo

1943 4596 2106 4652 tribui
2140 4594 2326 4649 liberis
2362 4610 2425 4648 ex
2456 4594 2536 4648 eis
2584 4593 2902 4664 procreatis,
2950 4593 3164 4647 Franco
3193 4591 3340 4662 apud
3379 4591 3557 4648 Distre

1945 4690 1998 4743 in
2033 4688 2176 4742 bello
2218 4686 2520 4758 perimitur,
2557 4692 2612 4740 et
2667 4685 2735 4738 ab
2786 4683 2980 4738 amicis
3010 4684 3233 4749 relatus,
3293 4682 3346 4735 in
3379 4683 3557 4753 cymi-

1943 4779 2081 4833 torio
2114 4774 2547 4831 Gemmelacensi
2590 4790 2712 4828 cum
2765 4773 2949 4827 multis
2976 4771 3219 4827 lacrimis
3266 4771 3554 4842 sepelitur.

1942 4871 2062 4926 Filii
2097 4871 2261 4926 etiam
2321 4869 2464 4936 ejus,
2509 4876 2636 4921 ante
2687 4873 2915 4920 mortem
2966 4865 3035 4899 ⁷⁵³
3089 4864 3260 4935 patris
3307 4871 3364 4919 et
3414 4869 3553 4934 post,

1945 4959 2220 5014 hominem
2272 4964 2479 5010 exuunt
2545 4955 2635 5008 His
2667 4954 2743 5008 ita
2771 4953 3192 5019 decedentibus,
3221 4951 3392 5007 abbas
3431 4967 3556 5024 quae

1945 5049 2174 5103 dederat
2231 5045 2449 5115 repetit,
2497 5052 2579 5097 set
2630 5041 2792 5096 aliter
2841 5057 3004 5112 quam
3055 5040 3314 5111 sperabat
3351 5039 3555 5096 evenit.

1948 5139 2276 5196 Reiufredus
2329 5136 2475 5191 enim
2511 5135 2668 5189 miles
2714 5133 2986 5188 Matiensis
3025 5132 3262 5188 conubio
3321 5132 3562 5188 sociatus

1946 5233 2149 5287 relictae
2192 5228 2508 5294 Franconis,
2560 5226 2746 5282 omnia
2790 5242 2914 5297 qua:
2953 5225 3074 5293 ejus
3122 5224 3364 5291 fuerant,
3395 5222 3561 5278 anni-

1947 5330 2094 5378 tente
2127 5329 2181 5375 et
2223 5319 2517 5387 adjuvante
2564 5316 2844 5371 Alberone
2874 5313 3077 5381 villico,
3114 5313 3238 5382 jure
3287 5307 3562 5383 conjugali

1579 5456 1798 5510 νΑΡιιΑῑ
1829 5450 2202 5510 LECTlONES.

293 5554 364 5588 τοο
397 5555 516 5609 Alio
541 5559 772 5624 tempore
792 5554 972 5610 eadem
1000 5570 1188 5609 manus
1219 5559 1396 5624 pergit
1474 5557 1536 5590 ⁷⁶¹
1564 5575 1630 5611 ex
1661 5574 1770 5628 quo
1796 5576 1820 5612 ε
1848 5574 1986 5612 corr.

2074 5552 2142 5585 ⁷⁵³
2167 5549 2508 5618 sequebatur
2550 5548 2723 5615 primo
2743 5545 2864 5613 ejus
2895 5559 3016 5599 mox
3040 5556 3272 5597 erasum.

1802 5654 2006 5710 NOTAE.

301 5725 447 5790 (896)
486 5725 524 5778 l.
551 5739 599 5777 c.
626 5723 827 5778 oleum.
