3930 6204
354 291 451 349 631

1568 287 1911 346 SIGEBERTI
1962 286 2473 344 GEMBLACENSIS.

3588 291 3708 349 632

353 430 609 497 occupat.
639 423 826 479 Abbas
851 432 907 480 et
932 427 1191 495 parentes
1219 423 1515 479 Francouis
1552 437 1723 493 super
1768 422 1884 477 haec
1913 436 1970 475 re
1992 424 2048 492 Α
2076 425 2410 475 conventum
2439 432 2530 474 res
2558 415 2824 487 defertur,
2856 417 3123 474 instinctu
3174 418 3447 489 majorum
3495 418 3704 476 Albero

353 512 647 587 indignati,
674 511 1030 568 Reinfredum
1051 512 1450 587 aggrediuntur
1480 512 1536 566 in
1566 510 1766 581 placito
1796 525 1964 580 gene-

353 602 485 668 rali;
516 609 602 656 set
625 617 784 659 socer
811 601 1012 657 Albero
1050 618 1313 676 generum
1347 618 1446 673 per
1474 600 1659 656 omnia
1688 599 1957 655 defendit.

358 690 481 745 Haec
510 706 599 744 res
643 690 739 744 diu
780 695 1053 759 protracta
1081 690 1148 743 ad
1197 689 1533 745 audientiam
1566 689 1817 760 pervenit
1840 690 1961 760 epi-

355 782 512 854 scOpi
547 782 787 838 Henrici.
847 781 1007 837 Pater
1050 782 1329 838 Reinfredi
1380 790 1514 837 tunc
1567 781 1705 837 forte
1750 783 1971 838 villicus

358 883 479 930 erat
509 873 784 945 episcOpi,
819 874 1006 944 Itaque
1040 873 1109 909 ⁷⁸³
1139 873 1434 945 episcopus
1463 871 1745 925 blanditiis
1773 871 1973 925 delini-

358 972 446 1020 tus
494 969 549 1018 et
578 961 903 1017 muneribus
950 968 1261 1029 cxcecatus,
1306 960 1579 1017 consentit
1625 967 1873 1031 peccato,
1925 961 1979 1016 et

360 1054 644 1125 iniustitiae
676 1056 800 1128 lege
832 1054 1074 1120 decreta,
1108 1055 1434 1110 Reinfredus
1462 1055 1638 1111 victor
1667 1055 1848 1109 extitit
1879 1071 1977 1125 per

359 1151 562 1208 omnia.
621 1151 710 1205 Sic
756 1149 1137 1205 molendinum
1188 1148 1389 1219 injuste
1444 1148 1627 1203 abbati
1678 1148 1969 1216 aufertur;

359 1240 439 1296 sic
492 1239 725 1294 heredes
754 1238 986 1310 proximi
1017 1239 1358 1305 exheredati,
1399 1239 1579 1294 adhuc
1621 1239 1789 1294 nimie
1829 1255 1969 1295 con-

359 1336 686 1401 queruntur.
719 1330 918 1385 Albero
959 1345 1055 1401 pro
1115 1330 1217 1385 hac
1270 1328 1596 1385 infidelitate
1637 1331 1972 1387 villicationc

2066 529 2191 572 cum
2232 511 2348 566 suis
2378 511 2636 566 omnibus
2675 509 2998 581 despicitur,
3024 518 3249 582 pactum
3297 514 3701 581 contemnitur,

2064 614 2120 664 et
2167 612 2227 660 ut
2270 619 2369 676 pro
2417 603 2897 660 excommunicato
2965 604 3235 661 habeatur
3301 605 3370 660 ab
3438 607 3703 663 omnibus

2071 694 2462 753 conclamatur.
2524 691 2855 762 Prmpositus
2884 692 2941 747 in
2999 692 3276 749 sententia
3304 709 3405 749 sua
3442 710 3703 766 perseve-

2073 796 2177 855 rat,
2232 801 2354 859 qure
2383 783 2569 841 oblata
2598 784 2815 840 fuerant
2853 783 3028 841 invito
3056 784 3261 840 abbate
3284 791 3340 841 et
3367 785 3561 840 invitis
3588 786 3703 841 fra-

2082 880 2260 937 tribus
2284 876 2536 948 suscipit,
2577 876 2769 949 sicque
2794 876 2862 931 ab
2883 876 3171 950 utriusque
3196 876 3449 948 partibus
3475 877 3697 933 disces-

2079 986 2200 1026 sum
2228 977 2331 1023 est.
2370 965 2711 1022 Beinbaldus
2740 965 2923 1037 itaque
2965 980 3088 1021 cum
3125 979 3322 1022 socero
3351 981 3453 1021 suo
3490 966 3701 1023 Beren-

2076 1062 2229 1137 gario
2253 1060 2309 1115 in
2329 1058 2635 1114 hereditate
2664 1056 2808 1113 male
2838 1056 3114 1128 adquisita
3140 1056 3412 1126 succedit,
3454 1058 3558 1113 sed
3583 1058 3698 1113 Deo

2074 1155 2156 1211 sic
2226 1152 2445 1208 volente
2490 1165 2683 1206 aversa
2737 1148 2869 1205 satis
2938 1148 3160 1205 fortuna
3235 1149 3478 1224 graviter
3531 1148 3699 1205 ambo

2073 1248 2405 1306 atteruntur,
2439 1241 2577 1295 adeo
2597 1246 2658 1295 ut
2679 1240 2769 1296 die
2800 1240 3037 1312 quadam
3069 1241 3200 1297 dum
3228 1241 3393 1316 iuges
3421 1239 3492 1295 ab
3525 1256 3697 1312 opere

2074 1333 2190 1406 agri
2221 1331 2551 1389 relaxantur.
2583 1329 2641 1383 in
2663 1329 2863 1400 palude
2883 1329 3088 1399 praedio
3124 1329 3387 1400 contigua
3416 1345 3699 1385 necaren-

360 1418 621 1491 privatus,
673 1426 758 1473 set
804 1433 904 1491 pro
934 1419 1201 1489 injustitia
1243 1437 1275 1475 a
1328 1422 1437 1478 Deo
1469 1439 1580 1477 non
1626 1423 1869 1493 punitus,
1912 1425 1969 1478 in
2069 1431 2172 1479 tur.
2204 1421 2403 1476 Albero
2448 1420 2638 1474 divina
2661 1421 3146 1477 animadversione
3183 1422 3387 1477 damno
3425 1422 3702 1477 domesti-

359 1509 730 1564 ecclesiastica
760 1509 933 1564 inhiat
980 1517 1103 1581 post
1135 1511 1250 1581 jam
1282 1512 1411 1566 dicti
1446 1512 1571 1567 facti
1610 1513 1966 1567 decennium.

2069 1533 2253 1575 carum
2287 1533 2471 1571 rerum
2499 1515 2781 1589 afﬂigitur,
2814 1515 3069 1590 conjugis
3105 1516 3292 1584 etiam,
3323 1516 3449 1572 ﬁdae
3481 1516 3619 1571 satis
3643 1525 3702 1572 et

359 1600 635 1657 Allodinm
669 1601 817 1655 enim
869 1603 983 1657 Ruz
1012 1603 1241 1670 dictum,
1293 1604 1441 1675 quod
1480 1605 1668 1659 Petrus
1708 1605 1970 1659 Calvellus
2071 1612 2233 1660 castae
2274 1602 2544 1669 mulieris,
2576 1603 2942 1658 contubernio
2970 1604 3243 1674 privatur;
3267 1604 3388 1675 ipse
3416 1604 3486 1658 ad
3514 1611 3696 1659 extre-

362 1698 553 1746 sancto
569 1691 729 1746 Petro
743 1691 1203 1746 coramindoneis
1226 1693 1459 1746 testibus
1481 1694 1798 1758 tradiderat,
1826 1696 1969 1748 mala
2004 1754 2041 1765 η
2072 1712 2220 1751 mum
2248 1694 2436 1748 multis
2467 1694 2889 1748 necessitatibus
2916 1695 3164 1765 corporis
3209 1696 3485 1761 astrictus,
3520 1701 3699 1750 morte

361 1784 516 1834 actus
545 1779 868 1849 cupiditate,
896 1779 1002 1833 sibi
1040 1780 1281 1834 rediberi
1312 1789 1486 1852 rogat,
1518 1780 1712 1836 dicens
1752 1799 1807 1835 se
1838 1791 1971 1836 tem-
2001 1754 2049 1819 Β
2074 1789 2280 1844 finitur,
2322 1788 2705 1843 Pervcrsorum
2732 1788 3020 1842 hominum
3056 1804 3206 1843 nunc
3227 1788 3446 1843 interim
3472 1794 3699 1859 postpo-

362 1883 497 1938 POre
551 1867 863 1923 traditionis
918 1884 950 1922 3
1006 1867 1168 1923 ΡθῑΓο
1223 1870 1639 1924 “nominatum
1714 1872 1972 1926 heredem
2077 1890 2238 1938 natur
2258 1882 3349 1949 mentio,ctjustorurrdescribaturlaus
3369 1892 3423 1938 et
3448 1883 3696 1939 devotio.

364 1961 704 2032 adoptivum.
745 1961 927 2016 Abbas
966 1969 1020 2017 et
1083 1963 1412 2033 praepositus
1472 1965 1595 2034 plus
1642 1981 1803 2035 quam
1865 1966 1972 2019 dici

365 2062 549 2127 potest
594 2054 847 2111 admirati
876 2071 1044 2126 super
1082 2056 1206 2122 hoc,
1268 2063 1463 2131 rogant
1495 2063 1550 2111 et
1601 2065 1893 2127 precantur
1922 2065 1979 2112 ut

367 2147 601 2203 desistat
629 2149 697 2203 ab
730 2148 971 2219 incepto.
1006 2149 1102 2204 lllc
1130 2149 1186 2203 in
1220 2149 1428 2204 malitia
1467 2166 1850 2220 perseverans,
1882 2168 1981 2222 per

367 2257 632 2314 generum
657 2240 1033 2309 Reinfredum,
1062 2243 1157 2314 qui
1188 2251 1317 2298 tunc
1347 2243 1560 2298 villicus
1590 2251 1705 2298 erat
1733 2245 1980 2317 episc0pi

371 2334 637 2406 episcopo
678 2341 1062 2405 praesentatur,
1114 2350 1335 2389 causam
1362 2351 1517 2389 suam
1579 2342 1632 2390 et
1662 2336 1833 2389 multa
1865 2336 1977 2391 veri

371 2423 573 2479 similia
603 2422 853 2494 epiSCOpi
880 2424 1087 2496 ingerit
1124 2424 1371 2478 auribus.
1424 2424 1724 2495 Episcopus
1760 2442 1871 2479 rem
1914 2427 1981 2480 ad

373 2516 662 2572 consilium
694 2514 871 2570 defert
902 2532 917 2580 ;
976 2516 1209 2571 consilio
1250 2516 1385 2570 inito
1417 2516 1522 2572 hoc
1556 2516 1836 2571 decretum
1878 2525 1981 2585 est,

372 2613 433 2662 ut
472 2606 518 2660 si
573 2605 775 2660 Albero
842 2620 965 2675 quae
1022 2605 1246 2676 petebat
1286 2604 1646 2673 jurejurando
1685 2620 1814 2660 vera
1860 2622 1984 2660 esse

369 2694 633 2763 firmaret,
662 2695 810 2767 quod
831 2694 1098 2766 querebat
1124 2695 1421 2765 acciperet,
1448 2695 1800 2768 sigillumque
1822 2712 1981 2750 suum

370 2807 494 2846 cum
526 2789 760 2860 epistola
787 2787 969 2842 abbati
1008 2787 1193 2860 dirigit
1220 2789 1688 2859 praesentandum.
1721 2788 1905 2841 Abbas
1927 2797 1985 2843 ut

370 2882 834 2959 legitepistolam,
867 2881 1098 2938 frontem
1134 2898 1335 2955 rugans
1361 2890 1416 2936 et
1446 2891 1638 2953 pectus
1669 2885 1981 2955 percutiens

368 2975 664 3047 praeposito
708 2974 1001 3048 legendam
1042 2975 1282 3028 tradidit.
1329 2975 1659 3044 Przepositus
1716 2984 1774 3031 ut
1826 2978 1979 3051 legit,

369 3065 518 3120 diem
549 3064 735 3134 placiti
766 3063 972 3118 statuit.
1018 3063 1112 3118 Die
1143 3064 1309 3129 dicta,
1351 3064 1520 3119 abbas
1571 3065 1835 3121 interesse
1868 3083 1979 3121 non

2148 1974 2237 2027 55.
2272 1972 2578 2025 Adelardus
2611 1970 2855 2026 fratuelis
2881 1972 2989 2043 jam
3024 1972 3157 2027 dicti
3184 1973 3400 2027 abbatis
3427 1988 3493 2026 ex
3526 1971 3702 2026 milite

2082 2065 2136 2118 in
2190 2064 2520 2119 monachum
2560 2071 2833 2129 attonsus,
2870 2072 3076 2133 partem
3117 2065 3304 2120 allodii
3336 2064 3445 2119 sibi
3472 2079 3704 2134 compe-

2082 2154 2267 2221 tentis,
2300 2161 2583 2208 annuente
2607 2161 2781 2207 matre
2821 2159 2876 2207 et
2909 2153 3127 2219 vitrico,
3158 2170 3257 2224 per
3299 2170 3500 2208 manus
3529 2168 3707 2209 avun-

2081 2246 2188 2302 culi
2223 2246 2306 2299 sui
2348 2245 2565 2300 abbatis
2595 2254 2650 2299 et
2681 2242 2929 2301 advocati
2972 2245 3223 2299 Balduini
3258 2245 3483 2299 tradidit
3510 2249 3701 2300 sancto

2083 2337 2261 2391 Petro.
2292 2334 2559 2389 Sacerdos
2598 2334 2892 2407 religiosus
2944 2333 3013 2368 755
3056 2333 3322 2389 Beroldus
3369 2334 3597 2389 nomine
3634 2347 3703 2387 ea

2083 2437 2410 2502 tempestate
2476 2429 2716 2484 sociatus
2771 2436 2855 2484 est
2917 2428 3241 2496 fraternitati
3314 2435 3536 2484 nostra.
3598 2426 3701 2492 Qui

2086 2531 2290 2596 quanta
2315 2523 2462 2577 bona
2492 2522 2622 2577 huic
2652 2529 2853 2576 nostrae
2878 2519 3072 2578 fecerit
3101 2523 3389 2592 aecclesiae,
3434 2530 3707 2581 testantur

2086 2616 2206 2685 ejus
2261 2631 2448 2686 Opera.
2523 2615 2717 2669 Hilaris
2770 2615 2927 2670 dator
3001 2622 3055 2669 et
3110 2615 3167 2669 in
3231 2618 3705 2687 oportunitatibus

2085 2714 2375 2776 promptus
2396 2704 2497 2759 fuit
2518 2705 2754 2772 adjutor.

2155 2796 2243 2850 56.
2294 2796 2463 2864 Hujus
2503 2796 2667 2850 etiam
2720 2794 2933 2849 abbatis
2986 2800 3235 2866 tempore
3289 2796 3588 2853 defunctus
3624 2806 3708 2855 est

2083 2886 2355 2941 Guerinus
2386 2886 2712 2951 monachus,
2744 2885 2827 2939 vir
2852 2885 3099 2940 omnium
3127 2885 3397 2941 honorum
3440 2890 3710 2945 memoria

2083 2978 2306 3051 dignus,
2325 2978 2419 3048 qui
2442 2992 2542 3047 per
2562 2976 2765 3031 multos
2787 2979 3026 3032 annosin
3052 2977 3432 3034 Gemblacensi
3448 2981 3710 3037 cmnobio

2036 3122 2054 3144 η
2085 3068 2302 3122 functus
2341 3068 2617 3137 prioratus
2647 3066 2830 3121 officio
2863 3066 3123 3121 omnibus
3163 3068 3251 3136 pie
3290 3068 3613 3124 viventibus
3650 3070 3707 3125 in

370 3157 486 3214 vult
509 3126 733 3228 ptacito,
767 3157 881 3211 rem
922 3170 1142 3211 omnem
1175 3126 1472 3212 committit
1513 3160 1829 3229 praeposito,
1864 3160 1982 3227 ejus
2011 3126 2057 3189 (λ
2088 3157 2302 3212 Christo
2343 3126 2612 3227 proderat
2665 3155 2836 3210 verbo
2902 3165 2958 3211 et
3014 3126 3289 3227 exemplo.
3354 3158 3451 3214 Hic
3503 3160 3709 3216 Olberti

366 3248 524 3317 jussu
578 3247 851 3301 adunatur
916 3245 1124 3301 contio.
1185 3244 1314 3300 Cum
1378 3247 1494 3301 suis
1549 3248 1781 3302 testibus
1831 3248 1987 3302 adest
2088 3249 2302 3303 abbatis
2350 3247 2800 3321 consanguineus
2840 3254 2895 3301 et.
2947 3248 3251 3319 discipulus
3299 3247 3423 3316 fuit,
3475 3251 3710 3323 ejusque

372 3336 596 3402 Albero,
628 3336 776 3407 quod
805 3334 1071 3406 querebat
1097 3335 1218 3389 sine
1239 3336 1502 3390 dilatione
1526 3336 1663 3391 falso
1696 3335 1988 3392 confirmat
2088 3340 2252 3394 vitam
2283 3345 2335 3390 et
2362 3352 2545 3391 mores
2602 3337 2865 3405 imitatus,
2899 3339 2967 3392 ad
3018 3339 3123 3395 hoc
3176 3339 3509 3411 profecerat,
3543 3352 3602 3398 ut
3639 3346 3709 3400 ab

373 3434 739 3483 sacramento.
790 3426 927 3479 Vera
958 3440 1084 3479 esse
1126 3439 1249 3495 quae
1273 3425 1571 3493 juraverat,
1631 3433 1797 3479 testes
1849 3440 1984 3495 pro-

374 3526 682 3592 sequuntur
703 3533 832 3573 vero
862 3517 1107 3588 perjurio
1145 3516 1332 3588 sicque
1387 3517 1465 3571 rei
1493 3517 1898 3573 mcclesiasticae
1930 3516 1989 3572 fit

376 3609 703 3666 maledictus
731 3615 785 3664 et
808 3608 1046 3678 iniustus
1066 3622 1346 3677 pervasor.

448 3701 537 3756 54.
559 3699 857 3757 Dicendum
890 3699 1101 3769 paucis,
1134 3713 1256 3768 quae
1275 3712 1372 3752 eos
1401 3695 1697 3752 subsecuta
1724 3706 1808 3752 est
1834 3696 1986 3752 ultio.

374 3795 529 3849 Justo
547 3793 640 3849 Dei
667 3791 969 3862 judiciogob
1001 3790 1302 3862 perjurium
1331 3789 1564 3844 diversis
1590 3789 1768 3843 modis
1795 3804 1990 3843 omnes

375 3886 715 3962 afﬂiguntur,
749 3892 803 3941 et
844 3885 912 3940 ad
951 3884 1208 3939 ultimum
1240 3882 1458 3937 diutino
1498 3883 1761 3955 languore
1797 3899 1989 3939 excru-

376 3981 527 4047 ciati,
584 3980 695 4035 vita
731 3977 1030 4034 decedunt.
1074 3976 1273 4030 Albero
1304 3990 1473 4045 super
1504 3974 1557 4029 id
1605 3976 1753 4047 quod
1790 3976 1993 4032 fecerat

375 4087 501 4126 sero
544 4069 792 4141 penisus,
852 4067 1099 4122 decrevit
1136 4065 1285 4136 quod
1332 4071 1646 4134 pervaserat
1688 4065 1989 4121 Reinbaldo

377 4158 491 4215 ﬁlio
545 4173 647 4213 suo
701 4157 833 4211 dare
882 4155 984 4210 sub
1044 4153 1322 4209 taxatione
1368 4153 1536 4208 annui
1601 4168 1820 4209 census.
1881 4156 1990 4211 lloc

376 4261 537 4326 pacto
568 4253 803 4318 ﬁrmato,
841 4250 1033 4305 leudes
1070 4248 1352 4320 praepositi
1385 4248 1619 4304 Lietardi
1649 4249 1987 4320 Stephanum

376 4349 589 4407 scilicet
616 4347 948 4404 monachum
999 4353 1055 4401 et
1111 4345 1440 4401 Everardum
1500 4345 1762 4416 pistorem
1822 4362 1988 4418 expe-

375 4446 517 4506 tunt,
558 4454 682 4511 quae
713 4442 1078 4493 tractaverant
1104 4435 1358 4497 edocent,
1410 4443 1468 4489 ut
1501 4435 1721 4490 duobus
1754 4434 1822 4470 7“
1844 4453 1988 4490 mar-

2011 4480 2066 4549 D

2091 3430 2177 3484 his
2210 3427 2415 3484 ﬁnibus
2455 3439 2570 3485 erat
2599 3439 2783 3500 notus,
2816 3448 3008 3487 aurum
3063 3432 3133 3469 ⁷⁶⁶
3169 3436 3342 3490 multo
3382 3437 3708 3493 meritorum

2091 3520 2219 3592 igne
2252 3526 2543 3593 purgatum
2568 3528 2621 3575 et
2646 3536 2738 3574 vas
2770 3520 2967 3576 honori
2998 3522 3093 3576 Dei
3131 3529 3318 3593 aptum
3351 3526 3714 3599 cognomina-

2092 3619 2256 3666 retur.
2291 3612 2416 3666 Erat
2444 3612 2592 3667 enim
2626 3612 2868 3670 intentus
2888 3616 3141 3685 jejuniis,
3180 3617 3388 3689 vigiliis
3410 3626 3466 3673 et
3496 3618 3709 3673 oratio-

2092 3702 2255 3756 nibus
2300 3709 2355 3756 et
2404 3701 2697 3757 cotidianis
2756 3705 3043 3760 missarum
3111 3706 3604 3764 celebrationibus.
3656 3708 3710 3763 Si

2090 3792 2312 3864 quando
2362 3799 2567 3857 tamen,
2619 3793 2765 3864 quod
2817 3810 3000 3848 rarum
3067 3803 3201 3861 erat,
3258 3812 3289 3850 a
3369 3797 3463 3851 tali
3543 3813 3711 3869 opere

2090 3885 2342 3951 vacabat,
2405 3884 2611 3938 nullam
2670 3886 2922 3957 requiem
2981 3887 3220 3942 habebat
3277 3889 3505 3960 spiritus
3572 3892 3712 3959 ejus,

2093 3980 2225 4050 quin
2267 3980 2475 4051 aliquid
2526 3979 2820 4035 mundanae
2849 3987 2940 4035 aut
2991 3981 3190 4037 divinae
3240 3982 3611 4055 phi1050phize
3655 3991 3716 4039 ut

2092 4070 2177 4123 vir
2212 4070 2463 4124 eruditus
2520 4078 2856 4141 preponeret
2894 4079 2949 4125 et
3003 4080 3304 4141 exponeret
3341 4072 3623 4130 fratribus.
3653 4075 3712 4129 In

2091 4164 2301 4213 tantum
2330 4168 2511 4214 autem
2574 4160 2738 4213 etiam
2780 4159 2835 4212 in
2868 4160 2973 4215 hoc
2998 4160 3154 4216 affuit
3183 4162 3233 4217 ei
3293 4162 3486 4218 divina
3514 4166 3710 4239 gratia,

2089 4259 2149 4303 ut
2169 4265 2232 4302 ex
2266 4257 2395 4302 tunc
2420 4257 2475 4302 et
2497 4265 2643 4303 nunc
2674 4265 2773 4319 per
2796 4264 2924 4304 eum
2954 4257 3007 4304 et
3036 4266 3138 4320 per
3165 4266 3261 4306 eos
3292 4268 3436 4324 quos
3458 4255 3714 4309 instruxit

2089 4342 2341 4397 eruditos
2402 4343 2549 4417 viros
2607 4341 2863 4396 habuerit
2902 4350 3090 4398 nostra
3126 4344 3394 4399 aecclesia.
3458 4346 3607 4402 Obiit
3648 4348 3712 4401 15

2093 4433 2208 4487 Kal.
2256 4433 2399 4501 Maii,
2441 4441 2495 4488 et
2544 4432 2768 4487 fratrum
2802 4433 3152 4488 orationibus
3181 4433 3443 4507 luctuque
3472 4444 3530 4491 et
3559 4437 3711 4493 lacri-

376 4532 458 4589 cis
519 4530 731 4606 argenti
817 4528 988 4585 abbas
1062 4528 1499 4600 praepositusque
1572 4528 1813 4599 acceptis
1877 4525 2197 4585 suzeumis
2269 4533 2608 4597 prosecutus,
2681 4525 2822 4580 intra
2871 4527 3137 4597 templum
3224 4534 3307 4583 est
3390 4532 3707 4587 tumulatus.

378 4622 711 4679 assentirent
758 4616 1109 4684 difﬁnitioni;
1164 4633 1232 4674 eo
1298 4625 1459 4688 pacto
1536 4626 1597 4672 ut
1654 4619 1993 4675 Reinbaldus

381 4709 664 4766 annuatim
689 4722 791 4780 pro
822 4706 1095 4762 reditibus
1123 4706 1375 4774 ejusdem
1404 4705 1594 4762 allodii
1626 4706 1817 4762 decem
1858 4709 1996 4763 soli-

381 4800 790 4873 dos'persolvat
819 4800 912 4855 die
940 4799 1119 4855 sancti
1167 4798 1416 4855 Servatii.
1461 4799 1793 4870 Prazpositus
1822 4816 1850 4854 a
1880 4801 1996 4856 suis

379 4907 701 4964 persuasus,
731 4893 811 4947 rei
855 4891 968 4960 jam
999 4891 1161 4947 dicta;
1215 4891 1493 4947 consentit
1518 4892 1682 4946 otius.
1725 4891 1907 4946 Abbas
1930 4893 1996 4946 ab

380 4986 465 5040 eis
496 4984 847 5050 convenitur,
891 4993 952 5038 ut
990 5000 1276 5040 assensum
1338 4983 1580 5055 praebeat
1617 4992 1856 5058 rogatur.
1899 4985 1994 5040 Ille

381 5093 609 5151 prorsus
636 5077 851 5146 abnuit,
882 5087 938 5134 et
962 5079 1136 5135 iratus
1165 5079 1233 5134 ab
1265 5094 1452 5135 eorum
1484 5096 1545 5134 se
1571 5080 1768 5134 avertit
1797 5079 1993 5135 oculis.

383 5169 666 5226 Postremo
712 5168 997 5224 nimietate
1049 5185 1242 5226 eorum
1293 5169 1569 5225 obtunsus
1613 5170 1773 5239 jubet
1823 5178 1884 5226 ut
1943 5170 2000 5225 in

382 5264 687 5340 pmsentia
742 5270 1050 5320 conventus
1114 5264 1271 5321 ﬁeret
1333 5266 1483 5337 quod
1541 5264 1851 5337 petebatur.
1921 5266 1999 5319 Ad

2094 4616 2290 4680 Quanti
2330 4622 2514 4670 autem
2547 4614 2712 4670 fuerit
2738 4614 2853 4670 suis
2897 4617 3424 4688 contemporalibus,
3464 4621 3711 4676 ostendit

2098 4707 2441 4777 epitaphium
2483 4706 2624 4775 ejus,
2665 4706 2842 4775 cujus,
2868 4721 2970 4762 nos
3015 4708 3119 4763 hoc
3148 4709 3398 4779 dysticon
3439 4713 3708 4784 apposui-

2098 4813 2243 4865 mus,
2270 4804 2331 4852 ut
2357 4796 2507 4868 quod
2530 4797 2598 4851 de
2629 4811 2696 4852 eo
2727 4795 2982 4863 diximus,
3011 4797 3083 4852 sit
3110 4798 3431 4855 credibilius
3455 4817 3470 4854 :

2095 4891 2319 4955 Norma,
2358 4890 2542 4955 decus,
2573 4886 2865 4956 speculum,
2896 4885 3178 4955 Guerinus,
3223 4888 3396 4944 honor
3421 4892 3711 4947 monacho-

3477 4987 3639 5058 imm,

2171 5078 2387 5140 Doctor,
2421 5074 2658 5141 Gembla,
2686 5078 2810 5128 tuus
2839 5074 2937 5129 hoc
2963 5074 3165 5129 tumulo
3193 5075 3416 5143 legitur.

2170 5169 2260 5226 57.
2292 5169 2384 5224 Vir
2411 5169 2595 5224 multa;
2624 5167 2870 5232 scientiae
2902 5168 3243 5243 Sigebertus,
3286 5178 3487 5227 nostra!
3519 5173 3710 5228 recole-

2100 5264 2198 5319 siae
2254 5262 2577 5319 monachus.
2621 5260 2924 5333 supradicti
2955 5261 3169 5316 abbatis
3214 5262 3475 5318 Tietmari
3530 5266 3713 5320 horta-

1734 5394 1955 5449 VAerE
1978 5392 2352 5449 LECTIONES.

455 5493 525 5531 ⁷⁸³
548 5496 659 5552 alio
684 5494 988 5550 atramento
1019 5496 1204 5562 pergit
1222 5509 1267 5548 c.

1358 5494 1428 5530 7“
1458 5493 1676 5550 duabus
1702 5510 1840 5549 corr.
1876 5494 2095 5549 duobus
2116 5510 2165 5549 c.

2246 5492 2316 5528 τεῦ
2345 5507 2611 5563 superscr.
2643 5507 2690 5547 ο.
2774 5490 2845 5526 ⁷⁸⁸
2868 5503 3001 5546 auro
3027 5505 3164 5544 corr.
3200 5504 3397 5543 aurum
3420 5505 3467 5545 c.

1942 5594 2150 5650 NOT/E.

453 5697 609 5772 (897)
639 5698 714 5753 Ex
743 5689 1024 5765 Sigeberti
1055 5690 1193 5749 libro
1215 5693 1288 5749 De
1315 5695 1446 5751 viris
1466 5696 1794 5763 illustribus,
1824 5711 1941 5766 cap.
1978 5694 2194 5750 ultimo.
