3930 6204
203 318 318 376 633

1181 314 1357 370 GEST.
1404 315 1548 369 ABB.
1595 313 1828 368 GEMBL.
1873 342 1940 352 --
1983 311 2243 367 CONTIN.
2285 311 2602 366 GODESCH.

3439 313 3548 371 634

205 451 266 498 tu
299 443 450 515 (897)
479 442 654 498 Vitam
686 441 860 496 sancti
903 439 1128 496 Maclovi
1159 441 1492 497 confessoris
1523 439 1833 496 accuratius
1860 449 1911 517 Α
1937 436 2111 491 Deum
2149 435 2413 507 frequens
2464 434 2658 490 oratio.
2702 435 2764 490 Et
2804 435 2931 507 quia
2970 439 3370 512 longinquitate
3404 448 3548 495 tem-

208 533 474 588 dictaudo
527 532 763 600 iteravit,
799 530 1110 602 passionem
1162 529 1509 587 Thebeorum
1546 529 1827 586 martirum

205 624 438 680 heroico
468 635 646 680 metro
676 624 960 697 eleganter
996 624 1328 694 composuit,
1366 625 1642 680 cronicam
1674 639 1830 677 suam

207 735 237 773 a
289 717 401 772 ﬁne
443 717 677 773 cronicae
721 733 751 771 a
793 717 1116 772 Jheronimo
1169 717 1397 788 digestae
1429 716 1496 770 ad
1537 717 1619 769 sui
1651 730 1827 787 usque

209 806 481 878 temporis
535 806 701 861 tinem
740 807 1014 877 perduxit.
1072 807 1293 862 Duobus
1323 807 1481 862 libris
1533 806 1825 862 illustrium

206 896 450 951 virorum
481 895 924 950 aJherouimoet
953 894 1238 950 Genuadio
1269 895 1826 965 compositistertium

203 989 444 1055 addidit,
475 989 531 1042 in
561 1006 671 1061 quo
702 989 902 1044 multos
932 989 1188 1060 antiquos
1223 989 1649 1044 recclesiasticos
1687 992 1824 1047 scri-

204 1090 414 1152 ptores,
461 1083 666 1138 multos
705 1083 866 1137 etiam
914 1081 1020 1136 sibi
1074 1084 1512 1154 contemporales
1558 1088 1824 1142 memoria

203 1173 411 1246 dignos
457 1171 926 1228 commemoravit.
962 1171 1019 1224 lu
1059 1169 1169 1225 ﬁne
1220 1186 1351 1227 vero
1381 1172 1500 1226 libri
1531 1189 1589 1227 se
1642 1174 1822 1244 ipsum

203 1265 392 1335 posuit
423 1271 727 1318 extremum
762 1263 978 1327 ordine,
1023 1271 1107 1317 set
1137 1277 1247 1318 non
1295 1270 1549 1319 extremae
1576 1267 1822 1325 scientia;

202 1355 413 1410 Praeter
441 1356 558 1410 haec
587 1355 733 1409 enim
773 1370 894 1426 quae
926 1356 1474 1411 commemoravimus
1505 1360 1824 1429 composuit

202 1441 379 1495 multa
401 1440 556 1496 utilia
585 1442 913 1515 legentibus.

275 1533 367 1588 58.
402 1533 581 1588 Abbas
609 1540 787 1588 autem
819 1534 1121 1589 Tietmarus
1151 1537 1400 1606 quamvis
1432 1545 1580 1594 esset
1607 1539 1820 1594 colum-

202 1621 355 1675 biuze
415 1621 828 1692 simplicitatis,
905 1623 973 1676 ad
1028 1639 1407 1696 quoscumque
1465 1629 1822 1697 perveniebat

197 1729 384 1769 sermo
407 1715 545 1783 ejus,
576 1714 667 1786 qui
700 1715 919 1770 carebat
944 1714 1073 1770 felle
1112 1716 1334 1772 invidiae
1365 1725 1419 1772 et
1441 1717 1816 1787 detractionis,

1937 528 2088 598 poris
2109 528 2409 583 succrescit
2432 528 2700 583 damnosa
2730 527 2957 594 oblivio,
2983 539 3036 585 et
3068 539 3188 602 post
3211 533 3546 590 oblivionem

1931 619 2182 675 succedit
2214 620 2527 690 periculosa
2567 619 2871 682 contentio,
2903 621 3143 675 arbitror
3173 625 3407 692 posteris
3439 639 3546 678 no-

1928 712 2054 766 stris
2081 720 2296 786 gratum
2333 711 2534 778 facere,
2585 712 2631 765 si
2677 712 2928 766 studeam
2990 713 3118 767 huic
3165 716 3432 784 Opusculo
3464 715 3548 768 iu-

1929 818 2115 858 serere
2164 819 2229 858 ea
2263 819 2386 875 quae
2419 803 2624 858 domno
2667 802 2960 858 Licthardo
3005 810 3335 874 procurante
3364 820 3548 859 acces-

1928 899 2119 947 serunt
2148 902 2350 948 nostra:
2385 892 2651 947 aecelesiae
2681 893 2871 948 domui
2915 893 3130 948 abbatis
3160 893 3366 948 Olberti
3411 901 3550 948 tem-

1929 1001 2082 1056 pore,
2131 993 2190 1040 ut
2247 986 2374 1057 quia
2434 985 2525 1040 ille
2565 986 2868 1056 adquisivit
2913 987 3038 1056 plus
3077 986 3200 1040 aliis
3232 986 3546 1051 abbatibus,

1925 1077 2130 1132 sciatur
2178 1076 2310 1148 quid
2361 1077 2640 1148 quomodo
2692 1078 3040 1148 adquisierit,
3093 1078 3178 1133 vel
3237 1095 3267 1132 a
3325 1077 3544 1149 quibus.

1926 1169 2064 1242 Ergo
2113 1169 2158 1223 si
2195 1185 2304 1224 non
2337 1170 2543 1234 omnia,
2590 1168 2901 1224 describam
2936 1177 3121 1224 tamen
3155 1170 3545 1224 eminentiora.

1993 1259 2080 1315 60.
2116 1260 2452 1315 Machelmus
2480 1261 2565 1315 vir
2595 1260 2821 1325 nobilis,
2865 1267 3022 1331 pater
3069 1260 3258 1315 domui
3288 1259 3546 1314 Tietmari

1923 1351 2017 1422 qui
2048 1358 2233 1406 sextus
2263 1352 2436 1406 abbas
2474 1352 2576 1407 fuit
2601 1410 2604 1414 ,
2632 1352 2802 1406 nostri
2857 1351 3099 1415 cenobii,
3145 1358 3341 1424 rogatu
3373 1351 3547 1421 ipsius

1923 1439 2021 1495 filii
2053 1441 2137 1495 sui
2182 1450 2234 1496 et
2267 1442 2484 1496 hortatu
2515 1441 2706 1496 domui
2738 1441 3014 1496 Liethardi
3045 1440 3200 1495 dedit
3225 1447 3414 1494 sancto
3445 1439 3546 1493 Pe-

1922 1539 2006 1588 tro
2036 1533 2392 1588 medietatem
2427 1532 2694 1588 aecclesiaa
2725 1539 2922 1588 sanctae
2955 1533 3134 1586 Maria:
3176 1532 3232 1586 in
3266 1530 3396 1586 villa
3422 1546 3546 1602 quae

1921 1621 2123 1677 dicitur
2152 1622 2358 1678 Castra.
2409 1622 2526 1676 Alia
2557 1638 2686 1677 vero
2729 1622 2997 1677 medietas
3035 1621 3383 1692 postmodum
3421 1619 3547 1675 data

1921 1718 2004 1765 est
2030 1726 2128 1782 pro
2154 1709 2486 1765 Odewalone
2519 1711 2792 1765 monacho
2835 1717 3045 1765 nostro.
3080 1709 3172 1764 Hic
3205 1707 3307 1763 fuit
3333 1707 3416 1762 vir
3453 1709 3547 1762 lio-

202 1807 625 1862 incitamentum
675 1816 790 1862 erat
854 1807 1269 1864 meliorationis.
1333 1810 1622 1881 Postquam
1687 1828 1818 1885 ergo
1845 1799 1893 1866 Β
1922 1810 2090 1859 uesta!
2122 1805 2268 1869 vitae,
2301 1813 2355 1859 et
2388 1805 2441 1859 in
2475 1805 2661 1861 divina
2707 1812 2762 1859 et
2791 1805 3031 1858 humana
3061 1804 3336 1874 scriptura
3360 1802 3545 1856 multm

201 1915 304 1970 per
341 1915 518 1954 annos
545 1897 616 1954 23
637 1898 742 1952 sibi
775 1901 1122 1954 commissam
1157 1900 1356 1956 Christi
1386 1900 1648 1957 familiam
1683 1904 1821 1960 rexit

203 1989 462 2056 fideliter,
494 1989 720 2043 diutinae
759 1989 1095 2044 inﬁrmitatis
1134 1990 1261 2062 igne
1313 1991 1596 2059 decoctus,
1623 1993 1656 2045 2
1703 1993 1814 2049 Kal.

201 2079 354 2133 Junii
387 2078 454 2112 ’⁸⁸⁷
487 2078 557 2133 de
590 2080 690 2133 hoc
717 2079 923 2134 mundo
948 2079 1202 2153 migravit
1231 2079 1464 2136 feliciter
1489 2082 1599 2152 (an.
1637 2082 1815 2154 1092),

195 2168 526 2238 accepitque
579 2168 755 2222 locum
795 2168 1090 2237 sepulturae
1134 2177 1261 2224 ante
1289 2180 1487 2227 sanctae
1521 2173 1706 2227 Crucis
1735 2174 1818 2228 al-

195 2265 338 2344 tare,
373 2271 596 2327 semper
623 2258 836 2313 futurus
869 2259 1016 2328 apud
1069 2266 1319 2330 posteros
1367 2263 1663 2318 laudabilis
1700 2281 1816 2319 me-

196 2349 411 2404 moriae.
445 2351 637 2405 Amen.

654 2456 976 2496 EPlTAPIlIUM
1006 2442 1074 2476 ⁷6⁸
1103 2459 1350 2499 causam.

264 2531 511 2586 Ecclesia:
534 2533 741 2603 lampas
765 2537 852 2590 hic
880 2539 1173 2592 Tietmarus
1197 2544 1344 2608 jacet
1372 2539 1536 2594 abbas

338 2624 461 2675 Octo
497 2623 768 2689 beati/ictis
793 2626 974 2683 doctus
1005 2629 1176 2684 abisse
1201 2633 1355 2696 vias;

265 2713 499 2778 Pauper,
515 2715 796 2781 paciﬁcus,
818 2725 1156 2786 mansuetus,
1179 2725 1384 2787 pectore
1413 2722 1666 2787 mund-us,

342 2806 566 2871 Lageus,
597 2809 856 2873 esuriens,
896 2814 1242 2879 compatiens,
1265 2816 1496 2881 patiens.

273 2894 471 2949 Ultima
499 2899 655 2963 fulsit
682 2901 733 2952 ei
763 2904 858 2953 tua
885 2900 984 2954 tua:
1005 2901 1308 2968 penultima
1348 2905 1471 2956 Mai.

269 2987 374 3048 Qui
411 2987 546 3041 vixit
570 2991 810 3054 Domino,
841 2989 1073 3044 dormiat
1100 2992 1161 3043 in
1180 2992 1417 3045 Domino.
1451 2991 1649 3046 Amen.

555 3081 638 3134 DE
678 3081 746 3116 ’³69
784 3082 1152 3137 LIETHARDO
1193 3083 1466 3140 ABBATE.

267 3168 358 3223 59.
418 3168 546 3223 Cum
598 3181 896 3241 quererent
949 3171 1374 3228 Gemblacenses
1425 3181 1548 3244 post
1601 3173 1810 3228 obitum

193 3258 388 3314 domui
414 3260 635 3316 abbatis
653 3263 932 3331 'l‘ietmari,
958 3264 1083 3335 quis
1111 3264 1162 3318 ei
1182 3265 1503 3333 succedere,
1535 3267 1662 3337 quis
1692 3267 1811 3322 ido-

194 3364 334 3402 neus
365 3357 513 3404 esset
565 3366 662 3405 eos
709 3367 921 3423 regere,
977 3354 1256 3409 communi
1298 3355 1486 3409 habita
1534 3356 1814 3411 delibera-

194 3445 348 3500 tione
389 3445 740 3501 Liethardum
790 3448 1048 3504 abbatem
1089 3451 1496 3506 constituerunt
1549 3451 1810 3505 concordi

198 3537 494 3593 electione.
533 3539 627 3594 Hic
657 3556 686 3594 a
714 3541 952 3611 pueritia
981 3543 1169 3597 domui
1195 3543 1412 3598 abbatis
1441 3543 1643 3598 Olberti
1683 3559 1811 3598 eru-

192 3626 409 3683 ditioue
441 3628 747 3696 institutus,
796 3630 1103 3686 claustralis
1155 3632 1465 3702 disciplinae
1497 3640 1706 3687 amator
1760 3640 1816 3688 et

198 3727 491 3774 exsecuter
514 3727 630 3774 erat
659 3723 932 3786 assiduus,
966 3724 1130 3778 Multa
1165 3732 1280 3779 erat
1306 3725 1354 3778 ei
1386 3724 1497 3779 oris
1536 3723 1811 3788 facundia,

200 3827 324 3882 quae
353 3812 686 3882 procedebat
715 3827 781 3867 ex
811 3812 1022 3868 dilatati
1054 3814 1237 3868 cordis
1268 3814 1663 3869 habundantia.
1695 3815 1814 3870 Filii

201 3901 376 3955 seculi
408 3902 502 3972 qui
524 3901 913 3972 prudentiores
930 3912 1061 3958 sunt
1078 3903 1357 3958 ﬁliislucis
1378 3904 1432 3957 in
1455 3905 1816 3978 generatione

197 4008 317 4058 sua,
346 3992 569 4062 siquid
608 3993 794 4047 damni
825 4004 918 4048 aut
956 3995 1232 4050 violentia:
1265 3995 1432 4049 rebus
1471 3995 1818 4051 aecclesiasti-

196 4080 276 4134 cis
327 4081 675 4136 conabantur
715 4083 944 4152 inferre,
987 4085 1075 4140 hic
1132 4087 1391 4156 prudenti
1451 4093 1507 4140 et
1543 4093 1820 4158 Oportuna

1922 1894 2191 1949 scientiae.
2247 1895 2379 1950 Item
2445 1894 2754 1958 Wicherus,
2817 1894 3114 1947 advocatus
3168 1890 3542 1954 Leodicensis,

1922 1984 2145 2039 tradidit
2193 1992 2383 2040 saneto
2423 1985 2582 2041 Petro
2631 1984 2988 2039 medietatem
3049 1982 3315 2038 aacclesiae
3367 1981 3541 2036 sancti

1921 2075 2209 2146 Gaugerici
2253 2077 2306 2130 in
2347 2076 2615 2132 Geuitinis
2661 2092 2785 2131 cum
2829 2091 3022 2130 manso
3064 2090 3198 2129 uno.
3261 2075 3390 2128 item
3435 2073 3540 2127 ito-

1919 2166 2108 2220 bertus
2139 2165 2284 2222 ﬁlius
2319 2168 2552 2223 Bosonis
2579 2169 2647 2223 de
2681 2167 3010 2233 Hermereis,
3044 2166 3346 2220 canonicus
3366 2165 3539 2219 sancti

1919 2255 2211 2320 Lamberti,
2246 2275 2327 2313 vir
2381 2257 2584 2313 nobilis
2632 2258 2855 2313 tradidit
2886 2264 3076 2312 sancto
3128 2257 3287 2310 Petro
3328 2255 3543 2308 medie-

1919 2357 2086 2405 tatem
2119 2351 2188 2405 de
2225 2351 2454 2418 Masniz,
2508 2359 2562 2407 et
2595 2354 2736 2407 ultra
2767 2352 3124 2407 medietatem
3150 2356 3260 2404 tres
3297 2364 3538 2405 mansos.

1920 2441 1994 2496 De
2024 2442 2132 2496 alia
2164 2443 2460 2498 medietate
2494 2444 2689 2514 partim
2721 2444 2969 2498 meclesia
3001 2449 3184 2497 nostra
3232 2456 3262 2494 a
3292 2439 3542 2513 cognatis

1919 2531 2041 2598 ejus
2083 2533 2319 2587 redemit
2367 2540 2461 2587 aut
2520 2549 2618 2603 pro
2665 2532 2982 2587 vadimonio
3025 2531 3257 2600 accepit.
3303 2529 3535 2592 Quidam

1915 2623 2194 2678 Wibertus
2248 2625 2332 2679 vir
2402 2625 2714 2698 religiosus,
2760 2624 2934 2679 sancti
2971 2622 3200 2676 Wiberti
3254 2628 3314 2675 ut
3370 2620 3542 2674 fertur

1915 2714 2380 2786 consanguineus,
2425 2713 2650 2768 tradidit
2707 2720 2896 2767 sancto
2950 2711 3110 2766 Petro
3142 2709 3405 2780 quicquid
3451 2709 3541 2762 ha-

1921 2800 2040 2854 buit
2078 2801 2133 2854 in
2165 2801 2447 2856 Waresch.
2483 2803 2541 2856 1n
2581 2802 2774 2856 eadem
2805 2800 2938 2854 villa
2986 2799 3213 2853 tradidit
3255 2796 3538 2851 Wolvura-

1921 2887 2023 2941 dus
2057 2889 2340 2943 dimidiam
2375 2889 2704 2955 mcclesiam,
2739 2890 2842 2943 hoc
2897 2895 2981 2942 est
3025 2891 3270 2957 quartam
3333 2891 3541 2954 partem

1918 2979 2144 3048 integra:
2195 2979 2480 3034 aecclesiaa.
2536 2978 2832 3032 Liedvinus
2892 2983 2946 3030 et
3005 2975 3245 3042 conjunx
3286 2973 3406 3041 ejus
3438 2973 3539 3026 Ha-

1838 3109 1886 3176 C
1918 3073 2196 3143 theguidis
2246 3073 2590 3128 tradiderunt
2630 3079 2819 3127 sancto
2851 3072 3007 3125 Petro
3039 3077 3446 3176 cortem'unam
3487 3073 3542 3120 et

1914 3181 2007 3218 scx
2056 3164 2286 3219 bonaria
2347 3181 2446 3234 pro
2543 3163 2837 3218 animabus
2893 3163 3026 3221 suis.
3103 3148 3190 3214 in.
3231 3160 3535 3213 Harenton.

1915 3255 2110 3310 Postea
2150 3271 2278 3309 vero
2332 3255 2676 3309 tradiderunt
2728 3253 3086 3310 medietatem
3146 3251 3312 3305 totius
3344 3248 3534 3318 praedii

1914 3345 2060 3415 quod
2095 3343 2449 3398 habebantin
2492 3344 2688 3398 eodem
2723 3342 3020 3405 llarenton,
3059 3348 3113 3393 et
3141 3336 3408 3410 quicquid
3433 3336 3532 3388 lia-

1913 3435 2122 3491 bebant
2176 3437 2231 3489 in
2272 3436 2440 3500 Valle,
2483 3435 2631 3505 quod
2687 3451 2784 3503 per
2836 3433 3086 3504 singulos
3141 3445 3318 3484 annos
3358 3427 3537 3482 reddit

1913 3526 1982 3581 50
2011 3526 2238 3581 solidos.
2287 3526 2344 3578 ln
2387 3525 2566 3579 Belriu
2616 3523 2916 3594 adquisivit
2945 3523 3184 3576 domnus
3242 3519 3413 3573 abbas
3449 3517 3539 3571 Ol-

1916 3617 2106 3672 bertus
2144 3632 2236 3670 sex
2296 3631 2518 3671 mansos
2551 3622 2604 3669 ct
2658 3614 2931 3682 cambam,
2973 3619 3028 3666 et
3064 3618 3270 3666 sextam
3327 3616 3534 3681 partem

1917 3704 2221 3760 molendini
2284 3704 2431 3774 quod
2476 3710 2666 3773 postea
2697 3700 3068 3756 aucmentavit
3101 3700 3268 3753 abbas
3297 3698 3533 3769 Mysach,

1919 3804 1973 3852 et
1999 3798 2170 3851 abbas
2202 3796 2547 3861 Liethardus,
2581 3802 2641 3849 ut
2680 3794 2733 3846 iu
2766 3810 2867 3848 suo
2913 3793 3032 3848 loco
3061 3792 3293 3845 dicetur.
3325 3791 3383 3843 lu
3409 3789 3535 3842 villa

1917 3890 2204 3954 Melenriu,
2236 3905 2358 3960 quae
2403 3888 2568 3942 etiam
2619 3887 2743 3941 Heis
2783 3886 2980 3941 dicitur
3009 3901 3038 3937 a
3087 3882 3346 3954 contigua
3400 3880 3535 3934 silva

1919 3999 2041 4053 quae
2074 3982 2146 4035 ita
2180 3981 2514 4046 nominatur,
2572 3987 2781 4049 partem
2832 3975 3020 4031 allodii
3052 3974 3185 4030 emit
3237 3973 3292 4025 in
3345 3971 3536 4042 primis

1920 4071 2089 4126 abbas
2118 4072 2393 4136 Olbertus,
2434 4072 2656 4127 adauxit
2699 4071 2872 4126 abbas
2919 4066 3270 4130 Liethardus,
3305 4071 3360 4118 et
3399 4078 3530 4118 suc-

1919 4179 2104 4218 cessor
2143 4164 2261 4232 ejus
2290 4163 2601 4229 Anselmus,
2642 4169 2702 4217 ut
2744 4163 2800 4216 in
2842 4177 2942 4215 suo
2971 4159 3090 4215 loco
3130 4157 3352 4211 dicitur.
3384 4154 3535 4208 Wal-

1920 4265 2070 4313 terus
2114 4258 2182 4312 de
2215 4257 2332 4311 Niel
2373 4258 2597 4312 tradidit
2626 4263 2817 4311 sancto
2862 4255 3023 4308 Petro
3052 4249 3312 4324 quicquid
3346 4246 3536 4302 habuit

199 4170 626 4226 ratiocinatione
657 4179 884 4228 noverat
931 4173 1014 4228 eis
1063 4174 1338 4230 resistere.
1372 4176 1616 4230 Domnus
1645 4176 1819 4231 abbas

199 4263 459 4320 Olberlus
487 4266 579 4336 qui
605 4266 717 4333 jam
749 4267 1077 4338 gravabatur
1112 4278 1271 4324 aetate
1321 4277 1378 4324 et
1432 4269 1666 4325 duorum
1721 4285 1818 4324 ce-
1920 4265 2070 4313 terus
2114 4263 2182 4312 de
2215 4263 2332 4311 Niel
2373 4263 2597 4312 tradidit
2626 4263 2817 4311 sancto
2863 4263 3023 4308 Petro
3052 4263 3312 4346 qnicquiu
3346 4263 3392 4346 ni

203 4357 500 4413 uobiorum
532 4357 913 4428 dispositione,
950 4361 1306 4416 considerans
1357 4362 1414 4415 iu
1466 4361 1819 4417 adolescente

1922 4347 1977 4401 in
2009 4347 2201 4402 eadem
2233 4347 2378 4402 villa.
2417 4347 2546 4400 Pars
2575 4347 2841 4401 ecclesia:
2887 4359 3050 4415 quam
3085 4340 3352 4395 habemus
3382 4340 3438 4390 in
3469 4352 3535 4391 ea

203 4457 418 4507 tantum
468 4426 732 4504 naturalis
785 4452 1088 4520 industriae,
1141 4453 1381 4510 ofﬁcium
1437 4456 1489 4509 ei
1546 4455 1892 4520 commisit“
1924 4447 1979 4495 θί
2009 4456 2134 4511 Pars
2169 4439 2359 4509 Ρτεθάίί
2390 4439 2516 4492 ἀθεεὶ
2560 4453 2638 4492 031
2665 4443 2856 4508 P05tea
2885 4450 2986 4507 Pro
3017 4431 3236 4487 dUObus
3275 4426 3536 4483 fratribus

203 4541 572 4607 celleraturae,
614 4548 673 4595 ut
703 4541 1142 4612 experimentum
1174 4544 1294 4613 ejus
1324 4545 1613 4599 evidenter
1641 4545 1819 4616 quiret

1925 4505 2128 4589 nostris
2159 4505 2392 4588 llibuino
2427 4542 2483 4586 et
2511 4505 2745 4598 llellino,
2783 4539 2838 4585 et
2869 4505 3218 4600 postmodum
3253 4523 3421 4578 multo
3453 4522 3533 4621 la-

206 4629 438 4685 habere.
471 4629 566 4684 Ille
595 4630 668 4697 ei,
695 4631 879 4700 quoad
905 4630 1060 4698 vixit,
1100 4639 1161 4688 ut
1195 4633 1332 4703 patri
1366 4631 1511 4686 ﬁlius
1549 4633 1817 4700 obedivit,
1923 4623 2055 4679 bore
2084 4631 2140 4678 et
2161 4623 2406 4694 periculo
2429 4623 2615 4677 domui
2652 4620 2926 4675 Liethardi
2954 4618 3122 4674 crevit
3152 4622 3207 4670 et
3229 4618 3534 4685 permansit

199 4731 254 4778 et
275 4723 428 4794 quod
451 4722 556 4776 sibi
588 4723 901 4794 iujuuxerat
930 4729 1103 4791 auxit,
1135 4725 1443 4780 melioravit
1473 4733 1527 4779 et
1557 4725 1821 4781 decenter
1923 4715 2041 4784 ipsa
2059 4714 2358 4785 Ροδδθδείοο
2390 4713 2507 4768 Fu”
2532 4713 2677 4767 enim
2711 4713 2856 4767 inter
2885 4721 3359 4802 COWPOSSFSSPWS
3383 4710 3529 4802 ΙΡΓες

199 4814 622 4870 administravit.
674 4816 929 4881 Quamvis
982 4818 1131 4872 enim
1186 4824 1332 4872 esset
1382 4825 1513 4873 tunc
1552 4817 1819 4888 juvenilis

1922 4804 1998 4858 dii
2042 4813 2096 4858 et
2146 4819 2248 4858 nos
2275 4812 2422 4860 tanta
2478 4802 2775 4868 dissensio,
2820 4809 2881 4856 ut
2925 4801 3012 4856 vix
3054 4797 3236 4852 sedari
3293 4797 3535 4865 potuerit

199 4907 400 4971 aetatis,
452 4915 571 4961 erat
617 4915 801 4964 tamen
857 4925 1093 4980 persona
1160 4909 1520 4976 honorabilis,
1588 4911 1822 4966 consilio

201 4997 378 5064 utilis,
412 4995 744 5052 allocutione
784 5006 840 5053 et
892 4997 1279 5054 adhortatione
1311 4999 1397 5053 his
1435 4999 1529 5071 qui
1559 5015 1686 5054 eum
1717 5015 1822 5055 uo-

199 5096 402 5146 verant
423 5089 796 5160 acceptabilis.
830 5091 1081 5163 Denique
1103 5090 1260 5145 multi
1283 5091 1501 5146 nobiles
1532 5101 1585 5146 et
1608 5091 1826 5146 medio-

203 5196 326 5236 cres
366 5179 488 5249 ejus
519 5181 921 5235 ammonitione
951 5186 1006 5233 et
1035 5179 1298 5234 laudabili
1347 5179 1716 5235 familiaritate
1747 5181 1827 5235 iu-

205 5273 384 5338 citati,
437 5271 705 5344 quosdam
765 5271 1004 5327 filiorum
1052 5286 1278 5326 suorum
1328 5271 1618 5327 sociabant
1663 5273 1825 5329 nobis

200 5380 330 5419 cum
385 5363 729 5434 aliquantula
797 5371 951 5433 parte
1006 5363 1414 5433 possessionum
1470 5380 1712 5433 suarum,
1764 5371 1826 5420 ut

201 5474 396 5513 eorum
431 5457 578 5527 apud
611 5472 712 5512 nos
759 5457 850 5528 pia
882 5455 1190 5510 recordatio
1229 5461 1283 5510 et
1311 5471 1413 5526 pro
1451 5458 1532 5512 eis
1576 5464 1724 5513 esset
1754 5458 1823 5512 ad

1922 4901 2132 4972 absque
2153 4899 2320 4965 bello,
2340 4899 2630 4970 deportato
2679 4897 2790 4952 illic
2827 4896 3001 4951 sancti
3032 4891 3287 4965 Exuperii
3309 4890 3531 4946 feretro.

1925 4993 2120 5048 Petrus
2157 4991 2424 5047 Calvellus
2454 4991 2680 5046 tradidit
2705 4996 2896 5044 sancto
2936 4987 3104 5042 Petro
3144 4982 3407 5057 quicquid
3432 4981 3535 5035 ha-

1926 5085 2044 5140 buit
2073 5085 2128 5138 in
2157 5085 2325 5152 Ruoz,
2357 5091 2411 5138 et
2440 5084 2496 5138 in
2524 5083 2775 5138 Anastica
2805 5087 3011 5137 cortem
3039 5095 3202 5133 uuam
3227 5084 3281 5132 et
3309 5075 3412 5130 tria
3435 5076 3533 5129 bo-

1926 5175 2133 5230 nuaria.
2173 5175 2282 5229 Hoc
2321 5173 2583 5243 praedium
2638 5172 2764 5244 pdst
2807 5171 3030 5244 longum
3077 5177 3297 5236 tempus
3334 5164 3536 5220 invasit

1924 5270 2144 5339 Albero,
2180 5285 2308 5326 vero
2361 5271 2628 5340 perjurio,
2683 5277 2743 5324 ut
2777 5267 2981 5323 dictum
3022 5273 3105 5320 est
3155 5264 3215 5318 in
3251 5277 3352 5317 suo
3388 5261 3530 5317 loco.

1925 5362 2170 5418 Domnus
2226 5361 2395 5416 abbas
2441 5361 2696 5416 Olbertus
2743 5359 3114 5416 collaborante
3144 5355 3349 5410 domno
3412 5352 3531 5406 Lie-

1925 5453 2121 5511 thardo
2164 5451 2348 5506 villam
2379 5452 2571 5509 Suvrei
2601 5452 2901 5523 adquisivit
2953 5459 3142 5504 sancto
3181 5447 3362 5513 Petro,
3398 5449 3452 5498 et
3481 5441 3531 5495 ei

1548 5554 1769 5609 VARle
1797 5551 2070 5610 LECTION
2077 5552 2178 5607 ES.

265 5651 336 5685 ⁷⁸⁷
357 5667 386 5706 e
406 5665 550 5716 corr,
623 5649 692 5685 τ⁶⁸
733 5650 1086 5721 Epitaphium
1120 5682 1180 5690 —
1229 5653 1398 5706 Amen
1431 5651 1547 5710 'atio
1590 5661 1888 5713 atramento
1925 5657 1987 5710 in
2017 5658 2123 5721 ﬁne
2149 5655 2194 5720 Γ.
2227 5653 2336 5706 43³.
2368 5654 2574 5721 scripta
2603 5657 2747 5707 sunt.

191 5723 272 5789 git
299 5737 346 5776 c.

2842 5653 2909 5685 7"
2933 5654 3053 5706 Alio
3081 5649 3382 5705 atramento
3408 5655 3531 5709 per-
