3930 6204
378 344 488 400 035

1599 333 1938 390 SIGEBERTI
1985 329 2498 387 GEMBLACENSIS.

3614 343 3727 402 636

381 491 479 545 per
504 473 753 547 singulos
777 483 954 526 annos
1003 467 1166 522 trium
1215 466 1477 520 librarum
1523 480 1748 520 censum
1779 461 1994 525 indixit,
2023 463 2076 532 Α
2100 458 2207 513 bus
2240 459 2455 529 praefuit
2486 461 2542 514 in
2583 461 2843 516 omnibus
2872 462 3100 533 profuit.
3146 465 3396 522 Omnium
3426 470 3574 526 enim
3610 472 3728 528 fra-

381 573 434 622 ct
460 583 523 621 ex
574 579 641 620 eo
695 564 760 618 12
797 561 1005 617 solidos
1045 559 1419 614 anniversaria
1457 558 1545 612 die
1589 558 1677 612 sui
1713 556 1902 611 obitus
1932 554 1999 608 ad

381 655 664 711 servitium
698 653 922 706 fratrum
959 649 1075 703 dari
1121 647 1387 702 decrevit.
1422 645 1748 700 Lambertus
1773 645 1839 698 de
1875 642 2004 698 Cor-

379 749 532 803 cellis
562 748 645 802 vir
682 745 891 800 nobilis
921 748 976 797 et
1016 743 1213 796 fratres
1264 741 1384 809 ejus
1427 738 1774 794 tradiderunt
1811 743 2002 791 sancto

384 841 543 894 Petro
593 839 647 892 in
681 838 874 892 eadem
909 834 1035 890 villa
1075 844 1188 888 tres
1227 847 1475 897 mansos;
1526 838 1580 886 et
1619 837 1742 902 post
1769 836 2004 884 mortem

386 929 555 998 ipsius
587 926 860 982 Lamberti
918 924 1138 979 tradidit
1170 937 1310 976 uxor
1365 921 1484 990 ejus
1527 919 1812 974 Condrada
1851 918 2008 972 dimi-

387 1020 536 1073 dium
590 1034 860 1072 mansum.
905 1017 1016 1070 Nec
1060 1016 1167 1069 hoc
1223 1014 1370 1068 dono
1415 1018 1692 1078 contenta,
1742 1009 2005 1076 armillas,

387 1107 600 1172 anulos,
637 1106 882 1172 monilia,
924 1111 978 1158 et
1008 1101 1274 1173 quicquid
1307 1101 1422 1155 auri
1457 1100 1524 1153 ad
1563 1105 1813 1154 ornatum
1844 1112 2004 1150 suum

384 1197 622 1250 habebat
643 1202 699 1249 ut
727 1193 921 1248 mulier
952 1191 1107 1245 dives
1131 1198 1185 1244 et
1218 1190 1428 1253 inclita,
1462 1193 1657 1242 sancto
1691 1187 1854 1241 Petro
1878 1201 2010 1241 con-

385 1285 566 1349 cessit,
597 1294 649 1338 et
680 1299 899 1338 crucem
942 1297 1163 1335 auream
1206 1279 1335 1333 inde
1377 1277 1656 1332 fabretieri
1687 1277 1868 1348 petiit.
1900 1277 2009 1330 Hu-

380 1379 472 1445 jus
511 1391 692 1430 aureae
718 1375 899 1430 crucis
924 1374 1204 1444 hodieque
1241 1380 1324 1426 est
1352 1370 1672 1440 inscriptio:
1718 1369 2008 1426 Condrada

383 1486 480 1538 pro
507 1485 560 1522 se
597 1483 796 1537 suoque
825 1471 942 1522 viro
967 1466 1246 1523 Lamberto
1282 1479 1364 1518 me
1411 1463 1561 1517 dedit
1602 1466 1785 1517 sancto
1829 1459 2002 1515 Petro.

385 1558 492 1612 Nec
525 1557 646 1628 ipsa
701 1556 988 1611 Condrada
1031 1553 1436 1617 tantummodo,
1478 1560 1561 1605 set
1588 1558 1641 1605 et
1672 1549 1853 1604 omnis
1900 1565 2004 1603 ne-

384 1655 573 1716 potum
608 1645 728 1714 ejus
757 1645 1064 1700 successio.
1097 1644 1416 1698 Gualterum
1448 1641 1570 1695 dico
1605 1641 1672 1694 de
1701 1639 2005 1694 Marebaco.

385 1735 668 1790 Heinricus
705 1735 772 1788 de
803 1734 1019 1803 Lupun,
1048 1733 1321 1787 Gerardus
1363 1729 1510 1784 filius
1548 1729 1811 1796 Gualteri,
1847 1729 2006 1784 Hein-

379 1825 528 1878 ricus
559 1823 704 1877 filius
727 1823 986 1886 Heinrici,
1019 1832 1073 1876 et
1101 1829 1371 1894 quotquot
1401 1821 1583 1876 adhuc
1612 1820 1777 1876 hodie
1807 1837 2004 1890 super-

379 1919 508 1965 sunt
545 1913 612 1965 de
663 1927 852 1966 eorum
888 1912 1174 1984 progenie,
1209 1911 1284 1964 ita
1323 1927 1387 1965 ex
1428 1919 1560 1965 tunc
1593 1917 1647 1964 et
1688 1925 1836 1963 nunc
1865 1925 2005 1964 con-

374 2003 553 2071 juncti
593 2012 722 2058 sunt
762 2004 1086 2058 fraternitati
1145 2011 1342 2058 nostrae
1371 2020 1434 2057 ex
1489 2004 1697 2069 animo,
1727 2012 1786 2056 ut
1815 2017 2002 2056 eorum

384 2109 608 2162 semper
647 2093 794 2162 apud
834 2108 935 2146 nos
987 2092 1059 2146 sit
1091 2092 1180 2162 pia
1225 2092 1535 2146 recordatio
1587 2101 1640 2145 et
1689 2106 1786 2161 pro
1817 2091 1898 2144 eis
1935 2090 2003 2144 ad

387 2190 556 2241 Deum
591 2187 866 2241 cotidiana
897 2186 1093 2251 oratio,
1127 2186 1257 2257 quia
1297 2185 1646 2240 liberalitatis
1687 2202 1875 2240 eorum
1908 2186 2006 2240 be-

388 2279 586 2335 neficio
616 2280 894 2334 multoties
933 2279 1102 2333 crevit
1134 2285 1318 2333 nostra
1371 2279 1666 2348 possessio.
1707 2279 2006 2332 Warncrus

389 2387 575 2426 comes
596 2371 818 2425 tradidit
851 2387 1017 2424 unum
1065 2386 1316 2424 mansum
1352 2371 1407 2423 in
1441 2370 1602 2436 Dion,
1643 2377 1696 2423 et
1722 2385 1859 2424 uxor
1887 2369 2007 2437 ejus

387 2464 526 2518 duos
556 2463 612 2516 in
643 2462 1006 2529 Morceshem,
1039 2469 1093 2516 et
1127 2478 1298 2515 unum
1355 2462 1408 2514 in
1462 2460 1807 2528 Malbrovias,
1858 2462 2006 2532 quod

387 2559 586 2613 dicitur
613 2557 669 2611 in
695 2559 861 2613 Ruoz.
896 2557 992 2612 llle
1024 2573 1248 2612 mansus
1288 2558 1342 2611 in
1384 2558 1518 2613 Dion
1547 2558 1708 2612 solvit
1739 2559 1771 2610 4
1801 2557 2010 2613 solidos

387 2657 440 2705 et
492 2650 523 2705 8
567 2650 896 2724 gallinatios.
952 2650 1029 2703 llli
1088 2651 1198 2705 duo
1273 2651 1328 2704 in
1411 2649 1750 2706 Morceshem
1795 2651 2014 2705 solvunt

389 2742 456 2798 10
497 2739 707 2798 solidos
763 2743 1119 2798 Lovaniensis
1162 2753 1398 2798 monetae
1424 2750 1484 2798 et.
1517 2753 1753 2814 quatuor
1779 2743 2015 2814 gallina-

387 2832 512 2887 tios.
547 2832 640 2886 llle
663 2832 719 2885 in
753 2832 1086 2887 Malbrovias
1118 2834 1366 2904 quinque
1392 2834 1602 2889 solidos
1628 2834 2014 2908 Nivigellensis

392 2932 649 2992 monetae,
675 2933 728 2981 et
760 2927 832 2981 ita
858 2936 916 2982 ut
955 2928 1230 2982 immunes
1260 2938 1450 2984 essent
1479 2929 1546 2983 ab
1573 2929 1722 2984 omni
1767 2929 2012 2998 servitio,

392 3017 498 3071 nisi
535 3017 883 3073 Gemblensis
911 3019 1175 3073 ecclesiae
1254 3021 1329 3074 De
1362 3021 1445 3074 his
1476 3037 1597 3092 quae
1641 3021 1878 3076 domnus
1906 3021 2011 3074 ab-

2103 558 2242 606 trum
2274 552 2492 607 utilitati
2523 551 2843 623 providens,
2872 554 2976 609 sibi
3008 555 3065 610 in
3098 558 3249 614 nullo
3290 563 3590 630 consuluit,
3624 569 3725 622 sed

2103 660 2326 713 semper
2361 660 2528 714 parvo
2556 644 2704 699 victu
2736 654 2792 700 et
2828 647 3028 701 vestitu
3060 657 3354 704 contentus
3383 651 3508 721 fuit,
3541 671 3670 726 quae
3699 673 3730 710 a

2105 734 2352 805 patribus
2388 744 2678 806 acceperat
2704 737 2759 790 in
2790 744 3054 807 quantum
3081 737 3236 794 licuit
3275 738 3516 797 ﬁdeliter
3545 746 3732 800 admi-

2107 824 2376 890 nistravit,
2399 833 2452 878 et
2483 825 2734 896 quamvis
2764 825 2952 880 multis
2979 826 3364 899 incommodis,
3413 834 3532 887 sive
3566 841 3733 890 terrae

2108 915 2419 982 sterilitate,
2460 932 2556 971 seu
2590 932 2855 986 pecorum
2879 925 3054 989 peste,
3094 935 3190 975 seu
3214 921 3485 978 bellorum
3517 929 3739 996 asperi-

2109 1010 2240 1070 tate,
2285 1020 2417 1074 sepe
2456 1011 2772 1078 gravaretur
2809 1008 3078 1071 aacclesia,
3113 1016 3295 1065 tamen
3337 1028 3638 1084 numquam
3669 1032 3739 1070 ex

2111 1093 2480 1148 incommodis
2511 1093 2733 1148 fratrum
2766 1111 2865 1149 sua
2913 1099 3252 1167 comparavit
3281 1103 3595 1167 commoda,
3637 1105 3738 1159 sed

2110 1185 2166 1238 in
2200 1185 2380 1239 natale
2427 1185 2666 1251 Domini,
2701 1187 2923 1255 pascha,
2958 1196 3302 1258 pentecoste,
3335 1199 3388 1246 et
3418 1203 3740 1249 sanctorum

2110 1274 2617 1346 sollempnitatibus
2661 1284 2767 1330 tam
2801 1279 3098 1349 praecipuis
3128 1297 3291 1351 quam
3337 1283 3738 1353 mediocribus,

2111 1375 2365 1424 statutam
2397 1370 2752 1440 praebendam
2800 1372 2940 1427 bene
2981 1373 3324 1444 dispensavit
3362 1377 3418 1430 in
3449 1378 3735 1433 omnibus.

2111 1461 2238 1529 Ejus
2269 1461 2558 1536 regiminis
2588 1477 2732 1517 anno
2781 1465 2942 1518 tertio
2972 1467 3210 1520 maxima
3240 1468 3417 1523 extitit
3449 1471 3739 1525 hominum

2109 1551 2435 1614 mortalitas,
2467 1559 2521 1605 et
2560 1551 2616 1604 in
2650 1567 2795 1606 anno
2822 1555 3075 1624 sequenti
3103 1572 3301 1629 magna
3324 1565 3377 1611 et
3404 1559 3746 1614 inevitabilis

2109 1655 2346 1694 annonae
2379 1640 2597 1706 raritas,
2630 1641 2771 1695 adeo
2822 1649 2881 1696 ut
2931 1659 3131 1713 panem
3173 1646 3408 1701 duorum
3463 1649 3744 1704 mensium

2109 1730 2308 1785 diebus
2351 1731 2438 1786 vix
2489 1732 2939 1787 administrarent
2990 1735 3155 1789 nobis
3185 1736 3412 1792 cultum
3443 1744 3650 1793 nostra?
3691 1746 3745 1794 et

2108 1826 2358 1881 decima}.
2398 1825 2504 1881 Hac
2539 1829 2771 1897 penuria
2811 1829 2968 1898 panis
2997 1838 3253 1904 urgente,
3286 1833 3588 1903 praebenda
3619 1849 3738 1889 mo-

2106 1917 2335 1972 nasterii
2369 1919 2584 1972 venalis
2625 1919 2862 1974 efficitur
2916 1926 3021 1974 tam
3079 1919 3235 1975 laicis
3292 1939 3456 1993 quam
3490 1924 3732 1980 clericis.

2107 2006 2330 2060 Gladius
2395 2006 2486 2060 irae
2538 2007 2633 2061 Dei
2688 2008 3118 2079 circumquaque
3151 2009 3386 2078 desevit,
3440 2012 3734 2084 laquearia

2107 2098 2339 2152 divitum
2371 2099 2447 2153 uti
2491 2116 2804 2170 pauperum
2836 2117 2975 2154 casae
3009 2101 3170 2156 famis
3201 2103 3344 2158 malo
3383 2105 3542 2158 velut
3565 2106 3738 2160 ariete

2109 2205 2310 2261 magno
2345 2189 2662 2259 pulsantur;
2696 2206 2971 2260 pauperes
2996 2192 3268 2263 multique
3296 2193 3610 2249 mediocres
3642 2196 3744 2249 hac

2111 2278 2236 2331 tabe
2280 2285 2538 2348 pereunt,
2572 2279 2856 2349 cymiteria
2907 2279 3246 2350 sepeliendis
3273 2296 3383 2336 non
3426 2281 3738 2348 sufﬁciunt.

2110 2370 2167 2423 ln
2210 2370 2346 2425 locis
2377 2370 2563 2424 multis
2590 2370 2752 2425 fossa:
2801 2371 2922 2425 latae
2955 2379 3008 2426 et
3048 2371 3336 2442 profundm
3367 2373 3728 2439 eﬂ‘odiuntur,

2109 2461 2239 2515 etin
2270 2462 2350 2515 eis
2381 2477 2612 2532 corpora
2657 2463 3041 2518 defunctorum
3073 2464 3298 2520 funibus
3341 2466 3722 2536 deponuntur.

2109 2551 2259 2606 Multi
2311 2554 2367 2607 in
2421 2553 2660 2608 exitibus
2718 2554 2952 2617 viarum,
2988 2556 3142 2609 multi
3171 2556 3315 2612 inter
3359 2573 3534 2628 opaca
3563 2559 3729 2613 silva-

2114 2664 2234 2702 rum
2266 2648 2468 2703 mortui
2511 2649 2890 2705 inveniuntur.
2939 2651 3044 2705 Hac
3070 2658 3225 2720 peste
3257 2651 3414 2707 famis
3454 2655 3615 2709 multi
3639 2671 3731 2710 no-

2115 2737 2305 2790 bilium
2335 2737 2533 2804 adacti,
2569 2738 2697 2792 dum
2729 2738 2949 2794 familiis
2975 2740 3090 2794 suis
3119 2757 3306 2796 carere
3340 2743 3558 2811 nolunt,
3595 2744 3736 2799 mul-

2117 2835 2232 2881 tum
2265 2828 2478 2900 argenti
2506 2829 2572 2882 ad
2615 2830 2710 2882 has
2739 2832 3128 2885 sustentandas
3171 2833 3516 2903 expendunt.
3552 2835 3739 2890 Foene-

2117 2929 2329 2976 ratores
2373 2923 2651 2978 debitores
2686 2940 2818 2979 suos
2867 2927 3129 2981 omnibus
3159 2928 3337 2982 modis
3379 2937 3629 3001 gravant,
3690 2946 3752 3001 et

2116 3013 2242 3068 dum
2286 3013 2376 3068 die
2399 3014 2546 3069 dicta
2579 3016 2842 3085 pecunias
2881 3033 3009 3071 suas
3041 3033 3149 3072 non
3180 3019 3476 3089 rccipiunt,
3508 3021 3608 3075 has
3646 3021 3733 3074 die

390 3107 488 3160 bas
542 3106 796 3162 Olbertus
859 3123 983 3162 cum
1037 3109 1240 3163 domno
1317 3109 1607 3165 Liethardo
1674 3110 1971 3181 adquisivit
1991 3153 2006 3174 ,
2037 3137 2087 3206 Ο
2113 3105 2336 3160 reddita
2367 3106 2436 3138 ⁷⁷0
2467 3106 2572 3159 sub
2602 3104 2709 3160 ﬁde
2737 3113 2792 3160 et
2812 3117 3156 3165 sacramento
3180 3110 3486 3180 duplicant.

392 3213 568 3268 pauca
611 3198 708 3252 sed
743 3198 1112 3252 eminentiora
1136 3199 1550 3269 descripsimus,
1578 3207 1632 3254 et
1673 3207 1731 3254 ut
1776 3200 2012 3254 arbitror

391 3287 699 3356 posteritati
750 3294 952 3341 nostrae
985 3288 1387 3355 consuluimus,
1416 3296 1478 3344 ut
1507 3289 1552 3343 si
1602 3290 1727 3360 quis
1772 3290 2010 3358 injustus

389 3378 652 3434 violentia
698 3378 781 3432 vel
841 3379 1148 3450 ignorantia
1198 3396 1283 3434 res
1329 3381 1614 3448 aecclesiae,
1672 3382 1818 3453 quod
1877 3399 2009 3454 sepe

391 3467 641 3539 contigit,
676 3468 1028 3538 temptaverit
1054 3469 1302 3523 minuere
1341 3469 1426 3525 vel
1467 3470 1704 3535 auferre,
1747 3471 1924 3526 sciant
1957 3472 2008 3525 ei

382 3559 528 3630 juste
562 3568 615 3614 et
647 3559 1046 3614 rationabiliter
1095 3561 1371 3616 resistere.
1423 3562 1814 3635 .tdquisicrunt
1843 3564 2006 3618 etiam

391 3651 557 3707 multa
579 3651 707 3718 alia,
739 3651 858 3707 etsi
891 3653 1102 3708 minora
1137 3662 1314 3708 tamen
1345 3655 1750 3710 aecclesiasticae
1785 3657 2007 3712 utilitati

391 3751 538 3813 apta,
581 3743 709 3812 quia
741 3749 946 3796 certum
986 3752 1069 3797 est
1107 3744 1290 3814 parvis
1319 3761 1516 3819 magna
1543 3746 1739 3816 juvari,
1768 3754 1829 3809 ,et
1865 3747 2010 3802 mul-

391 3833 459 3887 tis
487 3833 683 3904 pluviae
712 3833 882 3907 guttis
923 3832 1128 3889 ﬂumen
1154 3835 1376 3905 repleri.

460 3919 550 3975 61.
584 3920 881 3976 Successor
922 3920 1141 3976 abbatis
1195 3923 1400 3978 Olberti
1450 3923 1782 3980 Mascelinus
1819 3925 2008 3991 abbas,

391 4009 445 4063 in
479 4009 663 4064 multis
706 4017 968 4081 expertus
1013 4027 1176 4082 quam
1219 4013 1433 4083 sagacis
1473 4013 1643 4068 animi
1677 4025 1821 4070 esset
1852 4017 2010 4070 dom-

393 4118 498 4156 nus
553 4103 897 4170 Liethardus,
958 4113 1150 4176 rogatu
1203 4103 1426 4158 fratrum
1477 4104 1786 4161 timentium
1841 4109 2008 4163 Deum

390 4196 664 4251 commisit
687 4197 738 4251 ei
769 4198 1145 4268 przepositurae
1173 4196 1436 4252 officium.
1484 4198 1578 4253 llle
1610 4210 1871 4270 reputans
1899 4217 2009 4258 non

394 4286 658 4341 honorem
683 4303 807 4341 esse
835 4287 934 4340 sed
975 4301 1137 4353 onus,
1170 4287 1238 4339 ad
1269 4287 1417 4358 quod
1449 4300 1563 4342 erat
1595 4297 1888 4357 assumtus,
1911 4291 2012 4345 ab-

395 4374 507 4428 bati
558 4383 676 4430 erat
710 4375 938 4430 baculus
982 4374 1345 4442 fortitudinis,
1397 4377 1527 4447 quia
1567 4377 1644 4430 nil
1692 4377 1797 4432 sibi
1839 4379 2014 4433 inerat

394 4466 606 4538 ignava:
655 4464 990 4531 formidinis,
1039 4472 1095 4520 et
1139 4465 1414 4524 alleviatio
1443 4468 1848 4536 sollicitudinis,
1885 4472 2012 4544 quia

398 4555 455 4608 in
483 4553 742 4610 omnibus
783 4563 903 4608 erat
953 4553 1121 4609 utilis.
1172 4554 1354 4610 abbas
1391 4556 1690 4612 Tietmarus
1735 4559 1866 4630 quia
1898 4567 2016 4615 erat

402 4643 590 4699 multae
619 4643 990 4716 simplicitatis
1014 4653 1069 4698 et
1108 4645 1388 4701 nesciebat
1416 4662 1609 4701 cavere
1639 4647 2018 4706 fraudulentas

2184 3197 2274 3250 62.
2301 3196 2566 3251 Anolinus
2613 3197 2837 3268 quidam
2890 3201 3095 3256 nobilis
3133 3202 3200 3256 de
3231 3202 3377 3267 {villa
3430 3204 3618 3274 llalley
3653 3205 3738 3257 di-

2110 3294 2219 3354 cta,
2283 3288 2366 3343 his
2416 3304 2716 3359 Oppressus
2753 3290 3090 3356 infortuniis,
3147 3293 3408 3348 allodium
3453 3296 3604 3366 quod
3647 3297 3742 3349 ha-

2111 3380 2278 3434 bebat
2361 3381 2417 3434 in
2477 3380 2601 3434 villa
2655 3382 2946 3436 Jandrinul
3014 3391 3204 3440 sancto
3265 3387 3424 3441 Petro
3482 3387 3733 3441 vendidit

2110 3467 2321 3539 argenti
2369 3469 2605 3522 marchis
2651 3471 2734 3523 t5.
2795 3470 3066 3526 Robertus
3123 3488 3281 3544 aeque
3337 3473 3405 3527 de
3452 3474 3587 3528 villa
3647 3491 3739 3529 ea-

2110 3560 2235 3613 dem
2264 3560 2584 3630 prmdiolum
2642 3562 2790 3632 quod
2825 3562 3064 3617 habebat
3107 3564 3159 3618 in
3215 3564 3342 3619 villa
3381 3566 3557 3620 sancti
3589 3568 3731 3620 Gau-

2110 3649 2283 3723 gerici
2323 3649 2492 3715 dicta,
2523 3657 2648 3705 octo
2701 3652 2897 3706 mareis
2935 3654 3147 3727 argenti
3185 3661 3374 3709 sancto
3405 3655 3566 3710 Petro
3599 3671 3736 3711 ven-

2109 3739 2251 3793 didit
2335 3739 2638 3795 Balduinus
2669 3750 2722 3796 et
2770 3742 3050 3797 Johannes
3111 3744 3306 3800 fratres
3351 3746 3600 3820 germani
3668 3747 3736 3801 de

2113 3833 2242 3889 villa
2270 3834 2418 3890 Jalce
2464 3835 2628 3900 dicta,
2679 3836 2940 3892 allodium
2993 3840 3140 3910 quod
3196 3841 3478 3895 habebant
3510 3841 3564 3894 in
3607 3842 3735 3896 villa

2115 3942 2236 3998 quae
2266 3943 2413 3982 nunc
2439 3927 2592 3983 Mons
2613 3929 2789 3983 sancti
2822 3929 3066 3986 Guiberti
3093 3932 3311 3998 dicitur,
3343 3942 3564 4004 septem
3603 3950 3738 3987 mar-

2111 4019 2192 4074 cis
2230 4025 2420 4074 sancto
2453 4019 2611 4075 Petro
2665 4021 3025 4077 tradiderunt.
3081 4024 3324 4079 Domnus
3379 4025 3558 4081 abbas
3591 4027 3736 4098 }I.ie-

2111 4107 2340 4161 thardus
2369 4106 2505 4162 emit
2558 4107 2626 4161 ab
2684 4108 2904 4164 Elberto
2936 4110 3006 4164 de
3060 4112 3246 4183 Vileyr
3285 4121 3340 4168 et
3395 4130 3568 4169 uxore
3621 4116 3736 4182 eius

2114 4196 2468 4270 Eremburge,
2528 4195 2657 4251 filiis
2695 4213 2886 4252 eorum
2931 4200 3361 4271 astipulantibus
3403 4202 3729 4267 Godefrido,

2113 4285 2380 4353 Arnulfo,
2443 4288 2811 4356 Godescalco,
2865 4290 2936 4345 60
2977 4293 3177 4347 mareis
3234 4294 3500 4365 quicquid
3545 4295 3733 4350 allodii

2115 4378 2427 4433 habuerunt
2457 4379 2513 4432 in
2551 4380 2678 4434 villa
2719 4380 2977 4436 Gemblus
3031 4384 3149 4454 jure
3191 4385 3555 4452 hereditario,
3585 4387 3738 4441 vide-

2035 4467 2246 4582 I)licet
2301 4468 2356 4521 in
2414 4468 2582 4541 agris,
2642 4468 2894 4537 culturis,
2952 4472 3114 4526 cultis
3161 4480 3215 4527 et
3269 4473 3512 4539 incultis,
3565 4475 3734 4539 silvis,

2117 4561 2310 4633 pratis,
2357 4563 2593 4631 pascuis,
2651 4565 2807 4634 aquis
2851 4582 3186 4636 aquarumve
3242 4568 3597 4635 decursibus,
3645 4585 3739 4624 ex-

2121 4654 2291 4708 itibus
2319 4655 2551 4721 viarum,
2612 4655 2855 4710 thelonei
2914 4673 3136 4729 quoque
3189 4665 3340 4729 parte
3391 4660 3622 4716 sibimet
3651 4676 3739 4716 ao-

405 4735 690 4808 decipulas
720 4737 982 4793 secularis
1031 4737 1386 4808 duplicitatis,
1413 4738 1532 4807 ejus
1570 4755 1716 4794 curae
1747 4743 2026 4797 commisit
2127 4744 2368 4812 cidente,
2423 4752 2747 4817 partemque
2798 4746 3124 4811 molendini,
3171 4764 3294 4801 cum
3336 4751 3539 4805 ceteris
3580 4749 3741 4808 rebus

405 4829 590 4883 omnia
611 4829 906 4893 exteriora;
941 4830 1062 4902 ipse
1083 4831 1310 4886 curabat
1332 4833 1712 4888 tantummodo
1731 4833 2019 4892 interiora.

405 4920 576 4993 Igitur
607 4922 661 4974 hi
691 4929 804 4977 tres
831 4922 1060 4978 abbates
1090 4923 1222 4994 quia
1248 4923 1698 4994 impediebantur
1723 4933 1784 4981 ut
1809 4927 2017 4984 dictum

405 5017 490 5064 est
518 5017 612 5064 aut
639 5017 820 5078 aetate,
868 5022 965 5068 aut
1002 5013 1340 5082 infirmitate,
1381 5023 1476 5070 aut
1523 5015 1898 5087 simplicitate,
1931 5035 2018 5075 res

404 5097 795 5154 ecclesiastica
823 5115 1012 5156 eorum
1036 5111 1286 5175 tempore
1311 5103 1548 5158 maxima
1586 5120 1649 5158 ex
1673 5115 1828 5175 parte
1852 5107 2016 5176 hujus

403 5194 816 5250 sustentabatur
845 5198 1136 5267 probitate.
1160 5200 1296 5265 Quia
1334 5215 1464 5273 ergo
1499 5200 1736 5256 domnus
1765 5202 2015 5258 Liethar-

404 5285 508 5340 dus
559 5285 723 5340 trium
779 5288 1037 5345 abbatum
1080 5300 1326 5362 tempore
1366 5291 1636 5347 didicerat
1675 5293 1908 5349 subesse
1963 5301 2018 5350 et

405 5378 688 5449 prodesse,
722 5380 922 5456 dignus
954 5383 1168 5437 habitus
1217 5390 1317 5448 est,
1346 5385 1438 5455 qui
1496 5368 1623 5456 post
1667 5401 1762 5443 eos
1795 5403 2017 5463 rogare-

403 5476 490 5525 tur
525 5485 765 5542 prteesse
797 5481 852 5529 et
887 5475 1170 5545 prodesse.
1207 5475 1368 5529 Datus
1392 5477 1587 5545 abbas,
1633 5479 1883 5550 quandiu
1915 5479 2018 5534 fuit

403 5563 453 5618 ei
491 5564 664 5620 virtus
703 5567 952 5638 corporis
984 5573 1038 5620 et
1073 5566 1412 5636 prosperitas
1454 5570 1742 5642 temporis,
1790 5571 1877 5626 his
1901 5571 2020 5642 qui-

2130 4837 2391 4907 predictze
2422 4837 2760 4908 possessioni
2803 4839 3061 4894 subditis.
3106 4840 3232 4894 Haec
3279 4841 3429 4895 omni
3492 4841 3741 4896 Elbertus

2123 4940 2178 4988 et
2233 4933 2589 5007 Eremburgis
2644 4948 2780 4988 uxor
2853 4935 2973 5002 ejus
3029 4950 3128 5005 per
3211 4951 3435 4989 manum
3487 4935 3735 4990 Balduini

2119 5021 2368 5077 advocati
2411 5021 2663 5095 legaliter
2713 5022 3058 5077 tradiderunt
3107 5029 3295 5078 sancto
3358 5023 3542 5089 Petro,
3604 5039 3738 5095 prae-

2115 5118 2272 5166 sente
2298 5111 2502 5166 domno
2528 5110 2728 5165 abbate
2750 5111 3062 5166 Liethardo.
3097 5111 3155 5164 In
3179 5111 3480 5181 praesentia
3521 5127 3736 5182 quoque

2121 5202 2368 5272 ejusdem
2409 5201 2598 5256 domni
2640 5201 2853 5255 abbatis
2893 5201 3171 5254 Liethardi
3229 5209 3283 5254 et
3322 5199 3581 5268 fratrum,
3638 5201 3735 5254 Ma-

2121 5289 2390 5356 chelmus,
2447 5289 2611 5362 Ergo,
2654 5289 3020 5343 Godescalcus
3077 5288 3146 5341 de
3201 5287 3513 5354 Marebaco,
3573 5287 3738 5342 dede-

2120 5391 2247 5438 runt
2291 5386 2482 5436 sancto
2530 5381 2688 5436 Petro
2722 5380 2776 5434 in
2808 5379 3184 5434 vadimonium
3215 5394 3313 5449 pro
3341 5387 3468 5435 octo
3522 5380 3732 5446 mareis,

2121 5473 2383 5546 quicquid
2411 5473 2601 5528 allodii
2634 5473 2943 5528 habuerunt
2971 5471 3027 5525 in
3058 5470 3344 5538 Gemblus,
3387 5471 3444 5524 in
3475 5479 3731 5529 mercato.

2122 5570 2179 5624 in
2209 5569 2384 5636 silvis,
2426 5570 2481 5623 in
2513 5570 2702 5641 pratis,
2733 5569 2789 5623 in
2823 5567 3050 5636 campis,
3091 5566 3148 5620 in
3187 5565 3504 5633 cortilibns,
3539 5567 3596 5622 in
3618 5581 3736 5621 mo-

1759 5699 1978 5754 VARUE
2014 5698 2294 5756 LECTION
2301 5698 2393 5753 ES.

471 5769 540 5803 ⁷⁷⁰
566 5771 626 5824 in
653 5770 763 5826 loco
793 5783 939 5823 raso.
