  <div class='ocr_page' id='page_1' title='image "/cluster/home/n/w/nwhite01/storage/ocr_20150623/160/uva.x000829802/324.png"; bbox 0 0 3930 6204; ppageno 0'>
   <div class='ocr_carea' id='block_1_1' title="bbox 197 311 3546 394">
    <p class='ocr_par' dir='ltr' id='par_1_1' title="bbox 197 311 3546 394">
     <span class='ocr_line' id='line_1_1' title="bbox 197 311 3546 394; baseline 0.001 -17"><span class='ocrx_word' id='word_1_1' title='bbox 197 321 304 379; x_wconf 86' lang='grc'>637</span> <span class='ocrx_word' id='word_1_2' title='bbox 1168 323 1346 376; x_wconf 86' lang='lat' dir='ltr'>GEST.</span> <span class='ocrx_word' id='word_1_3' title='bbox 1391 323 1534 378; x_wconf 80' lang='lat' dir='ltr'>ABB.</span> <span class='ocrx_word' id='word_1_4' title='bbox 1580 322 1816 377; x_wconf 84' lang='lat' dir='ltr'>GEMBL.</span> <span class='ocrx_word' id='word_1_5' title='bbox 1860 353 1929 362; x_wconf 90' lang='lat'>—-</span> <span class='ocrx_word' id='word_1_6' title='bbox 1972 321 2225 376; x_wconf 82' lang='lat' dir='ltr'>CONTlN.</span> <span class='ocrx_word' id='word_1_7' title='bbox 2274 323 2591 379; x_wconf 81' lang='lat' dir='ltr'>GODESCH.</span> <span class='ocrx_word' id='word_1_8' title='bbox 3443 311 3546 394; x_wconf 80' lang='lat'>638</span> 
     </span>
    </p>
   </div>
   <div class='ocr_carea' id='block_1_2' title="bbox 194 442 3543 526">
    <p class='ocr_par' dir='ltr' id='par_1_2' title="bbox 194 442 3543 526">
     <span class='ocr_line' id='line_1_2' title="bbox 194 442 3543 526; baseline 0.005 -28"><span class='ocrx_word' id='word_1_9' title='bbox 194 443 456 509; x_wconf 87' lang='lat' dir='ltr'>lendino,</span> <span class='ocrx_word' id='word_1_10' title='bbox 493 442 559 498; x_wconf 88' lang='lat' dir='ltr'>ad</span> <span class='ocrx_word' id='word_1_11' title='bbox 592 442 660 496; x_wconf 74' lang='grc'><strong>12</strong></span> <span class='ocrx_word' id='word_1_12' title='bbox 703 458 896 498; x_wconf 89' lang='lat' dir='ltr'>annos.</span> <span class='ocrx_word' id='word_1_13' title='bbox 933 442 988 497; x_wconf 88' lang='lat' dir='ltr'>Si</span> <span class='ocrx_word' id='word_1_14' title='bbox 1022 449 1144 514; x_wconf 91' lang='lat' dir='ltr'>post</span> <span class='ocrx_word' id='word_1_15' title='bbox 1197 444 1264 498; x_wconf 75' lang='lat'>12</span> <span class='ocrx_word' id='word_1_16' title='bbox 1303 459 1478 500; x_wconf 87' lang='lat' dir='ltr'>annos</span> <span class='ocrx_word' id='word_1_17' title='bbox 1511 459 1621 500; x_wconf 91' lang='lat' dir='ltr'>non</span> <span class='ocrx_word' id='word_1_18' title='bbox 1660 443 1826 499; x_wconf 89' lang='lat' dir='ltr'>fuerit</span> <span class='ocrx_word' id='word_1_19' title='bbox 1850 443 2028 514; x_wconf 71' lang='grc' dir='ltr'>Αἱρεῖ</span> <span class='ocrx_word' id='word_1_20' title='bbox 2062 443 2274 514; x_wconf 78' lang='lat' dir='ltr'>experti</span> <span class='ocrx_word' id='word_1_21' title='bbox 2309 452 2486 511; x_wconf 89' lang='lat' dir='ltr'>erant,</span> <span class='ocrx_word' id='word_1_22' title='bbox 2514 447 2726 503; x_wconf 74' lang='lat' dir='ltr'>scilicet</span> <span class='ocrx_word' id='word_1_23' title='bbox 2756 465 2826 504; x_wconf 90' lang='lat' dir='ltr'>ne</span> <span class='ocrx_word' id='word_1_24' title='bbox 2865 467 3214 526; x_wconf 87' lang='lat' dir='ltr'>quacumque</span> <span class='ocrx_word' id='word_1_25' title='bbox 3246 458 3543 515; x_wconf 88' lang='lat' dir='ltr'>occasione</span> 
     </span>
    </p>
   </div>
   <div class='ocr_carea' id='block_1_3' title="bbox 198 534 3543 607">
    <p class='ocr_par' dir='ltr' id='par_1_3' title="bbox 198 534 3543 607">
     <span class='ocr_line' id='line_1_3' title="bbox 198 534 3543 607; baseline 0.004 -17"><span class='ocrx_word' id='word_1_26' title='bbox 198 537 584 606; x_wconf 89' lang='lat' dir='ltr'>redemptum,</span> <span class='ocrx_word' id='word_1_27' title='bbox 625 550 844 605; x_wconf 85' lang='lat' dir='ltr'>semper</span> <span class='ocrx_word' id='word_1_28' title='bbox 873 535 1126 590; x_wconf 61' lang='lat' dir='ltr'>ecclesia</span> <span class='ocrx_word' id='word_1_29' title='bbox 1164 535 1374 590; x_wconf 77' lang='lat' dir='ltr'>tenebit</span> <span class='ocrx_word' id='word_1_30' title='bbox 1401 552 1578 607; x_wconf 90' lang='lat' dir='ltr'>usque</span> <span class='ocrx_word' id='word_1_31' title='bbox 1608 536 1675 590; x_wconf 91' lang='lat' dir='ltr'>ad</span> <span class='ocrx_word' id='word_1_32' title='bbox 1717 537 1820 591; x_wconf 88' lang='lat' dir='ltr'>Ka-</span> <span class='ocrx_word' id='word_1_33' title='bbox 1922 538 2157 602; x_wconf 87' lang='lat' dir='ltr'>reperta,</span> <span class='ocrx_word' id='word_1_34' title='bbox 2186 548 2273 587; x_wconf 90' lang='lat' dir='ltr'>res</span> <span class='ocrx_word' id='word_1_35' title='bbox 2300 534 2566 590; x_wconf 53' lang='lat' dir='ltr'>(ecclesiae</span> <span class='ocrx_word' id='word_1_36' title='bbox 2593 535 2714 590; x_wconf 88' lang='lat' dir='ltr'>sine</span> <span class='ocrx_word' id='word_1_37' title='bbox 2745 536 2943 605; x_wconf 89' lang='lat' dir='ltr'>fructu,</span> <span class='ocrx_word' id='word_1_38' title='bbox 2969 542 3066 595; x_wconf 90' lang='lat' dir='ltr'>sed</span> <span class='ocrx_word' id='word_1_39' title='bbox 3095 558 3205 597; x_wconf 92' lang='lat' dir='ltr'>non</span> <span class='ocrx_word' id='word_1_40' title='bbox 3236 545 3355 600; x_wconf 84' lang='lat' dir='ltr'>sine</span> <span class='ocrx_word' id='word_1_41' title='bbox 3389 548 3543 604; x_wconf 91' lang='lat' dir='ltr'>luctu</span> 
     </span>
    </p>
   </div>
   <div class='ocr_carea' id='block_1_4' title="bbox 192 623 3544 696">
    <p class='ocr_par' dir='ltr' id='par_1_4' title="bbox 192 623 3544 696">
     <span class='ocr_line' id='line_1_4' title="bbox 192 623 3544 696; baseline 0.004 -18"><span class='ocrx_word' id='word_1_42' title='bbox 192 625 395 680; x_wconf 81' lang='lat' dir='ltr'>lendas</span> <span class='ocrx_word' id='word_1_43' title='bbox 423 623 670 680; x_wconf 86' lang='lat' dir='ltr'>octobris</span> <span class='ocrx_word' id='word_1_44' title='bbox 711 625 998 696; x_wconf 82' lang='lat' dir='ltr'>sequentis</span> <span class='ocrx_word' id='word_1_45' title='bbox 1036 626 1188 679; x_wconf 89' lang='lat' dir='ltr'>anni.</span> <span class='ocrx_word' id='word_1_46' title='bbox 1232 627 1419 680; x_wconf 81' lang='lat' dir='ltr'>Actum</span> <span class='ocrx_word' id='word_1_47' title='bbox 1450 641 1597 681; x_wconf 91' lang='lat' dir='ltr'>anno</span> <span class='ocrx_word' id='word_1_48' title='bbox 1635 625 1820 679; x_wconf 87' lang='lat' dir='ltr'>domi-</span> <span class='ocrx_word' id='word_1_49' title='bbox 1923 629 2132 690; x_wconf 88' lang='lat' dir='ltr'>nostro,</span> <span class='ocrx_word' id='word_1_50' title='bbox 2163 623 2434 694; x_wconf 80' lang='lat' dir='ltr'>diriperet</span> <span class='ocrx_word' id='word_1_51' title='bbox 2486 625 2818 696; x_wconf 80' lang='lat' dir='ltr'>episcopalis</span> <span class='ocrx_word' id='word_1_52' title='bbox 2870 628 3154 685; x_wconf 89' lang='lat' dir='ltr'>violentia.</span> <span class='ocrx_word' id='word_1_53' title='bbox 3218 634 3338 689; x_wconf 85' lang='lat' dir='ltr'>Erat</span> <span class='ocrx_word' id='word_1_54' title='bbox 3373 653 3544 691; x_wconf 84' lang='lat' dir='ltr'>excu-</span> 
     </span>
    </p>
   </div>
   <div class='ocr_carea' id='block_1_5' title="bbox 196 711 3543 790">
    <p class='ocr_par' dir='ltr' id='par_1_5' title="bbox 196 711 3543 790">
     <span class='ocr_line' id='line_1_5' title="bbox 196 711 3543 790; baseline 0.001 -20"><span class='ocrx_word' id='word_1_55' title='bbox 196 715 763 772; x_wconf 61' lang='lat' dir='ltr'>nicteincarnationis</span> <span class='ocrx_word' id='word_1_56' title='bbox 790 714 950 781; x_wconf 75' lang='lat'>1096,</span> <span class='ocrx_word' id='word_1_57' title='bbox 985 716 1287 771; x_wconf 85' lang='lat' dir='ltr'>indictione</span> <span class='ocrx_word' id='word_1_58' title='bbox 1318 724 1530 788; x_wconf 83' lang='lat' dir='ltr'>quarta,</span> <span class='ocrx_word' id='word_1_59' title='bbox 1565 715 1824 770; x_wconf 87' lang='lat' dir='ltr'>Kalendis</span> <span class='ocrx_word' id='word_1_60' title='bbox 1923 711 2064 766; x_wconf 74' lang='lat' dir='ltr'>satio</span> <span class='ocrx_word' id='word_1_61' title='bbox 2123 721 2389 780; x_wconf 87' lang='lat' dir='ltr'>extrema,</span> <span class='ocrx_word' id='word_1_62' title='bbox 2443 729 2567 784; x_wconf 74' lang='lat' dir='ltr'>quae</span> <span class='ocrx_word' id='word_1_63' title='bbox 2630 714 2794 769; x_wconf 90' lang='lat' dir='ltr'>etiam</span> <span class='ocrx_word' id='word_1_64' title='bbox 2857 715 3152 773; x_wconf 83' lang='lat' dir='ltr'>videbatur</span> <span class='ocrx_word' id='word_1_65' title='bbox 3204 724 3543 790; x_wconf 82' lang='lat' dir='ltr'>permaxima</span> 
     </span>
    </p>
   </div>
   <div class='ocr_carea' id='block_1_6' title="bbox 197 806 1820 874">
    <p class='ocr_par' dir='ltr' id='par_1_6' title="bbox 197 806 1820 874">
     <span class='ocr_line' id='line_1_6' title="bbox 197 806 1820 874; baseline 0.001 -13"><span class='ocrx_word' id='word_1_66' title='bbox 197 807 478 862; x_wconf 87' lang='lat' dir='ltr'>Octobris.</span> <span class='ocrx_word' id='word_1_67' title='bbox 527 807 826 862; x_wconf 88' lang='lat' dir='ltr'>Gosbertus</span> <span class='ocrx_word' id='word_1_68' title='bbox 855 806 1048 873; x_wconf 88' lang='lat' dir='ltr'>laicus,</span> <span class='ocrx_word' id='word_1_69' title='bbox 1089 807 1226 862; x_wconf 89' lang='lat' dir='ltr'>civis</span> <span class='ocrx_word' id='word_1_70' title='bbox 1256 814 1461 874; x_wconf 88' lang='lat' dir='ltr'>noster,</span> <span class='ocrx_word' id='word_1_71' title='bbox 1497 807 1820 863; x_wconf 85' lang='lat' dir='ltr'>fraternitati</span> 
     </span>
    </p>
   </div>
   <div class='ocr_carea' id='block_1_7' title="bbox 199 896 1826 969">
    <p class='ocr_par' dir='ltr' id='par_1_7' title="bbox 199 896 1826 969">
     <span class='ocr_line' id='line_1_7' title="bbox 199 896 1826 969; baseline 0.001 -18"><span class='ocrx_word' id='word_1_72' title='bbox 199 905 408 952; x_wconf 72' lang='lat' dir='ltr'>nostrae</span> <span class='ocrx_word' id='word_1_73' title='bbox 448 898 583 968; x_wconf 91' lang='lat' dir='ltr'>ipsis</span> <span class='ocrx_word' id='word_1_74' title='bbox 631 896 830 952; x_wconf 89' lang='lat' dir='ltr'>diebus</span> <span class='ocrx_word' id='word_1_75' title='bbox 869 897 1128 962; x_wconf 84' lang='lat' dir='ltr'>sociatur,</span> <span class='ocrx_word' id='word_1_76' title='bbox 1177 898 1270 969; x_wconf 90' lang='lat' dir='ltr'>qui</span> <span class='ocrx_word' id='word_1_77' title='bbox 1325 901 1530 968; x_wconf 89' lang='lat' dir='ltr'>quanto</span> <span class='ocrx_word' id='word_1_78' title='bbox 1572 906 1696 968; x_wconf 91' lang='lat' dir='ltr'>post</span> <span class='ocrx_word' id='word_1_79' title='bbox 1727 897 1826 952; x_wconf 87' lang='lat' dir='ltr'>ad-</span> 
     </span>
    </p>
   </div>
   <div class='ocr_carea' id='block_1_8' title="bbox 203 987 1822 1053">
    <p class='ocr_par' dir='ltr' id='par_1_8' title="bbox 203 987 1822 1053">
     <span class='ocr_line' id='line_1_8' title="bbox 203 987 1822 1053; baseline 0.003 -13"><span class='ocrx_word' id='word_1_80' title='bbox 203 987 366 1053; x_wconf 83' lang='lat' dir='ltr'>vixit,</span> <span class='ocrx_word' id='word_1_81' title='bbox 420 987 686 1043; x_wconf 75' lang='lat' dir='ltr'>aecclesiae</span> <span class='ocrx_word' id='word_1_82' title='bbox 739 988 872 1041; x_wconf 88' lang='lat' dir='ltr'>satis</span> <span class='ocrx_word' id='word_1_83' title='bbox 919 987 1095 1042; x_wconf 86' lang='lat' dir='ltr'>extitit</span> <span class='ocrx_word' id='word_1_84' title='bbox 1139 989 1479 1044; x_wconf 91' lang='lat' dir='ltr'>commodus.</span> <span class='ocrx_word' id='word_1_85' title='bbox 1517 990 1627 1044; x_wconf 87' lang='lat' dir='ltr'>lloc</span> <span class='ocrx_word' id='word_1_86' title='bbox 1677 989 1822 1045; x_wconf 90' lang='lat' dir='ltr'>enim</span> 
     </span>
    </p>
   </div>
   <div class='ocr_carea' id='block_1_9' title="bbox 198 1075 1825 1148">
    <p class='ocr_par' dir='ltr' id='par_1_9' title="bbox 198 1075 1825 1148">
     <span class='ocr_line' id='line_1_9' title="bbox 198 1075 1825 1148; baseline 0.004 -19"><span class='ocrx_word' id='word_1_87' title='bbox 198 1086 493 1147; x_wconf 75' lang='lat' dir='ltr'>argentum</span> <span class='ocrx_word' id='word_1_88' title='bbox 528 1075 794 1146; x_wconf 85' lang='lat' dir='ltr'>persolvit</span> <span class='ocrx_word' id='word_1_89' title='bbox 840 1093 903 1131; x_wconf 87' lang='lat' dir='ltr'>ex</span> <span class='ocrx_word' id='word_1_90' title='bbox 947 1078 1194 1148; x_wconf 89' lang='lat' dir='ltr'>proprio,</span> <span class='ocrx_word' id='word_1_91' title='bbox 1254 1095 1318 1133; x_wconf 90' lang='lat' dir='ltr'>ea</span> <span class='ocrx_word' id='word_1_92' title='bbox 1371 1080 1711 1146; x_wconf 90' lang='lat' dir='ltr'>conditione,</span> <span class='ocrx_word' id='word_1_93' title='bbox 1767 1087 1825 1136; x_wconf 89' lang='lat' dir='ltr'>ut</span> 
     </span>
    </p>
   </div>
   <div class='ocr_carea' id='block_1_10' title="bbox 161 1163 1818 1243">
    <p class='ocr_par' dir='ltr' id='par_1_10' title="bbox 161 1163 1818 1243">
     <span class='ocr_line' id='line_1_10' title="bbox 161 1163 1818 1243; baseline 0.002 -19"><span class='ocrx_word' id='word_1_94' title='bbox 161 1163 326 1240; x_wconf 85' lang='lat' dir='ltr'>post</span> <span class='ocrx_word' id='word_1_95' title='bbox 379 1176 610 1224; x_wconf 88' lang='lat' dir='ltr'>mortem</span> <span class='ocrx_word' id='word_1_96' title='bbox 664 1185 819 1223; x_wconf 91' lang='lat' dir='ltr'>suam</span> <span class='ocrx_word' id='word_1_97' title='bbox 876 1170 1059 1225; x_wconf 89' lang='lat' dir='ltr'>omnis</span> <span class='ocrx_word' id='word_1_98' title='bbox 1108 1171 1320 1226; x_wconf 89' lang='lat' dir='ltr'>reditus</span> <span class='ocrx_word' id='word_1_99' title='bbox 1388 1172 1561 1243; x_wconf 79' lang='lat' dir='ltr'>ipsius</span> <span class='ocrx_word' id='word_1_100' title='bbox 1631 1173 1818 1228; x_wconf 89' lang='lat' dir='ltr'>allodii</span> 
     </span>
    </p>
   </div>
   <div class='ocr_carea' id='block_1_11' title="bbox 195 1258 1816 1328">
    <p class='ocr_par' dir='ltr' id='par_1_11' title="bbox 195 1258 1816 1328">
     <span class='ocr_line' id='line_1_11' title="bbox 195 1258 1816 1328; baseline 0.001 -15"><span class='ocrx_word' id='word_1_101' title='bbox 195 1259 465 1314; x_wconf 81' lang='lat' dir='ltr'>fratribus</span> <span class='ocrx_word' id='word_1_102' title='bbox 517 1260 739 1316; x_wconf 86' lang='lat' dir='ltr'>daretur</span> <span class='ocrx_word' id='word_1_103' title='bbox 811 1258 866 1312; x_wconf 92' lang='lat' dir='ltr'>in</span> <span class='ocrx_word' id='word_1_104' title='bbox 944 1260 1246 1328; x_wconf 90' lang='lat' dir='ltr'>communi,</span> <span class='ocrx_word' id='word_1_105' title='bbox 1297 1260 1673 1315; x_wconf 86' lang='lat' dir='ltr'>anniversaria</span> <span class='ocrx_word' id='word_1_106' title='bbox 1727 1262 1816 1315; x_wconf 90' lang='lat' dir='ltr'>die</span> 
     </span>
    </p>
   </div>
   <div class='ocr_carea' id='block_1_12' title="bbox 193 1349 504 1406">
    <p class='ocr_par' dir='ltr' id='par_1_12' title="bbox 193 1349 504 1406">
     <span class='ocr_line' id='line_1_12' title="bbox 193 1349 504 1406; baseline -0.003 -1"><span class='ocrx_word' id='word_1_107' title='bbox 193 1349 381 1406; x_wconf 91' lang='lat' dir='ltr'>obitus</span> <span class='ocrx_word' id='word_1_108' title='bbox 402 1351 504 1404; x_wconf 91' lang='lat' dir='ltr'>sui.</span> 
     </span>
    </p>
   </div>
   <div class='ocr_carea' id='block_1_13' title="bbox 265 1445 1816 1522">
    <p class='ocr_par' dir='ltr' id='par_1_13' title="bbox 265 1445 1816 1522">
     <span class='ocr_line' id='line_1_13' title="bbox 265 1445 1816 1522; baseline 0.003 -22"><span class='ocrx_word' id='word_1_109' title='bbox 265 1445 357 1501; x_wconf 91' lang='lat'>63.</span> <span class='ocrx_word' id='word_1_110' title='bbox 416 1446 658 1501; x_wconf 89' lang='lat' dir='ltr'>Domnus</span> <span class='ocrx_word' id='word_1_111' title='bbox 695 1447 960 1502; x_wconf 91' lang='lat' dir='ltr'>Beroldus</span> <span class='ocrx_word' id='word_1_112' title='bbox 991 1446 1158 1502; x_wconf 82' lang='lat' dir='ltr'>frater</span> <span class='ocrx_word' id='word_1_113' title='bbox 1196 1455 1400 1503; x_wconf 78' lang='lat' dir='ltr'>nostrae</span> <span class='ocrx_word' id='word_1_114' title='bbox 1431 1449 1816 1522; x_wconf 87' lang='lat' dir='ltr'>congregatio-</span> 
     </span>
    </p>
   </div>
   <div class='ocr_carea' id='block_1_14' title="bbox 190 1535 1814 1603">
    <p class='ocr_par' dir='ltr' id='par_1_14' title="bbox 190 1535 1814 1603">
     <span class='ocr_line' id='line_1_14' title="bbox 190 1535 1814 1603; baseline 0.001 -14"><span class='ocrx_word' id='word_1_115' title='bbox 190 1535 281 1589; x_wconf 89' lang='lat' dir='ltr'>nis</span> <span class='ocrx_word' id='word_1_116' title='bbox 311 1535 582 1590; x_wconf 88' lang='lat' dir='ltr'>sollicitus</span> <span class='ocrx_word' id='word_1_117' title='bbox 619 1535 690 1588; x_wconf 88' lang='lat' dir='ltr'>de</span> <span class='ocrx_word' id='word_1_118' title='bbox 729 1536 910 1590; x_wconf 77' lang='lat' dir='ltr'>salute</span> <span class='ocrx_word' id='word_1_119' title='bbox 951 1535 1150 1590; x_wconf 69' lang='lat' dir='ltr'>animae</span> <span class='ocrx_word' id='word_1_120' title='bbox 1182 1553 1320 1603; x_wconf 72' lang='lat' dir='ltr'>suae,</span> <span class='ocrx_word' id='word_1_121' title='bbox 1351 1536 1632 1591; x_wconf 88' lang='lat' dir='ltr'>constituit</span> <span class='ocrx_word' id='word_1_122' title='bbox 1679 1553 1814 1592; x_wconf 91' lang='lat' dir='ltr'>con-</span> 
     </span>
    </p>
   </div>
   <div class='ocr_carea' id='block_1_15' title="bbox 190 1624 1809 1681">
    <p class='ocr_par' dir='ltr' id='par_1_15' title="bbox 190 1624 1809 1681">
     <span class='ocr_line' id='line_1_15' title="bbox 190 1624 1809 1681; baseline 0.002 -2"><span class='ocrx_word' id='word_1_123' title='bbox 190 1641 364 1679; x_wconf 90' lang='lat' dir='ltr'>sensu</span> <span class='ocrx_word' id='word_1_124' title='bbox 395 1624 582 1678; x_wconf 92' lang='lat' dir='ltr'>domni</span> <span class='ocrx_word' id='word_1_125' title='bbox 624 1624 840 1678; x_wconf 87' lang='lat' dir='ltr'>abbatis</span> <span class='ocrx_word' id='word_1_126' title='bbox 879 1625 1155 1679; x_wconf 88' lang='lat' dir='ltr'>Liethardi</span> <span class='ocrx_word' id='word_1_127' title='bbox 1195 1633 1249 1679; x_wconf 90' lang='lat' dir='ltr'>et</span> <span class='ocrx_word' id='word_1_128' title='bbox 1306 1625 1554 1680; x_wconf 90' lang='lat' dir='ltr'>omnium</span> <span class='ocrx_word' id='word_1_129' title='bbox 1585 1625 1809 1681; x_wconf 86' lang='lat' dir='ltr'>fratrum</span> 
     </span>
    </p>
   </div>
   <div class='ocr_carea' id='block_1_16' title="bbox 189 1713 1809 1769">
    <p class='ocr_par' dir='ltr' id='par_1_16' title="bbox 189 1713 1809 1769">
     <span class='ocr_line' id='line_1_16' title="bbox 189 1713 1809 1769; baseline 0.001 -1"><span class='ocrx_word' id='word_1_130' title='bbox 189 1721 252 1768; x_wconf 90' lang='lat' dir='ltr'>ut</span> <span class='ocrx_word' id='word_1_131' title='bbox 281 1714 434 1769; x_wconf 91' lang='lat' dir='ltr'>omni</span> <span class='ocrx_word' id='word_1_132' title='bbox 489 1713 578 1767; x_wconf 88' lang='lat' dir='ltr'>die</span> <span class='ocrx_word' id='word_1_133' title='bbox 635 1719 886 1768; x_wconf 85' lang='lat' dir='ltr'>cantetur</span> <span class='ocrx_word' id='word_1_134' title='bbox 929 1713 1096 1767; x_wconf 92' lang='lat' dir='ltr'>missa</span> <span class='ocrx_word' id='word_1_135' title='bbox 1127 1714 1182 1766; x_wconf 91' lang='lat' dir='ltr'>in</span> <span class='ocrx_word' id='word_1_136' title='bbox 1222 1715 1472 1769; x_wconf 63' lang='lat' dir='ltr'>aacclesia</span> <span class='ocrx_word' id='word_1_137' title='bbox 1503 1715 1809 1769; x_wconf 89' lang='lat' dir='ltr'>Gemmela-</span> 
     </span>
    </p>
   </div>
   <div class='ocr_carea' id='block_1_17' title="bbox 188 1799 1810 1870">
    <p class='ocr_par' dir='ltr' id='par_1_17' title="bbox 188 1799 1810 1870">
     <span class='ocr_line' id='line_1_17' title="bbox 188 1799 1810 1870; baseline 0.001 -14"><span class='ocrx_word' id='word_1_138' title='bbox 188 1801 346 1856; x_wconf 90' lang='lat' dir='ltr'>censi</span> <span class='ocrx_word' id='word_1_139' title='bbox 380 1817 476 1870; x_wconf 91' lang='lat' dir='ltr'>pro</span> <span class='ocrx_word' id='word_1_140' title='bbox 527 1801 738 1857; x_wconf 89' lang='lat' dir='ltr'>cunctis</span> <span class='ocrx_word' id='word_1_141' title='bbox 780 1799 1040 1854; x_wconf 79' lang='lat' dir='ltr'>fidelibus</span> <span class='ocrx_word' id='word_1_142' title='bbox 1084 1799 1381 1868; x_wconf 83' lang='lat' dir='ltr'>defunctis,</span> <span class='ocrx_word' id='word_1_143' title='bbox 1425 1808 1480 1855; x_wconf 92' lang='lat' dir='ltr'>et</span> <span class='ocrx_word' id='word_1_144' title='bbox 1510 1803 1626 1858; x_wconf 69' lang='lat' dir='ltr'>hzec</span> <span class='ocrx_word' id='word_1_145' title='bbox 1675 1819 1810 1858; x_wconf 89' lang='lat' dir='ltr'>con-</span> 
     </span>
    </p>
   </div>
   <div class='ocr_carea' id='block_1_18' title="bbox 188 1893 1809 1964">
    <p class='ocr_par' dir='ltr' id='par_1_18' title="bbox 188 1893 1809 1964">
     <span class='ocr_line' id='line_1_18' title="bbox 188 1893 1809 1964; baseline 0.003 -17"><span class='ocrx_word' id='word_1_146' title='bbox 188 1894 410 1949; x_wconf 91' lang='lat' dir='ltr'>stitutio</span> <span class='ocrx_word' id='word_1_147' title='bbox 441 1894 496 1947; x_wconf 91' lang='lat' dir='ltr'>in</span> <span class='ocrx_word' id='word_1_148' title='bbox 537 1901 804 1948; x_wconf 71' lang='lat' dir='ltr'>aeternum</span> <span class='ocrx_word' id='word_1_149' title='bbox 830 1908 1153 1964; x_wconf 89' lang='lat' dir='ltr'>permanere</span> <span class='ocrx_word' id='word_1_150' title='bbox 1187 1893 1583 1950; x_wconf 87' lang='lat' dir='ltr'>inviolabiliter</span> <span class='ocrx_word' id='word_1_151' title='bbox 1622 1897 1809 1952; x_wconf 88' lang='lat' dir='ltr'>debet.</span> 
     </span>
    </p>
   </div>
   <div class='ocr_carea' id='block_1_19' title="bbox 190 1982 1814 2054">
    <p class='ocr_par' dir='ltr' id='par_1_19' title="bbox 190 1982 1814 2054">
     <span class='ocr_line' id='line_1_19' title="bbox 190 1982 1814 2054; baseline 0.001 -17"><span class='ocrx_word' id='word_1_152' title='bbox 190 1984 269 2038; x_wconf 82' lang='lat' dir='ltr'>Ad</span> <span class='ocrx_word' id='word_1_153' title='bbox 300 1983 448 2054; x_wconf 87' lang='lat' dir='ltr'>quod</span> <span class='ocrx_word' id='word_1_154' title='bbox 476 1983 833 2053; x_wconf 85' lang='lat' dir='ltr'>explendum,</span> <span class='ocrx_word' id='word_1_155' title='bbox 865 1982 1215 2037; x_wconf 77' lang='lat' dir='ltr'>medietatem</span> <span class='ocrx_word' id='word_1_156' title='bbox 1244 1983 1548 2038; x_wconf 91' lang='lat' dir='ltr'>molendini</span> <span class='ocrx_word' id='word_1_157' title='bbox 1590 1985 1644 2038; x_wconf 90' lang='lat' dir='ltr'>in</span> <span class='ocrx_word' id='word_1_158' title='bbox 1701 1984 1814 2039; x_wconf 90' lang='lat' dir='ltr'>Ma-</span> 
     </span>
    </p>
   </div>
   <div class='ocr_carea' id='block_1_20' title="bbox 189 2075 1809 2147">
    <p class='ocr_par' dir='ltr' id='par_1_20' title="bbox 189 2075 1809 2147">
     <span class='ocr_line' id='line_1_20' title="bbox 189 2075 1809 2147; baseline 0.001 -17"><span class='ocrx_word' id='word_1_159' title='bbox 189 2076 303 2130; x_wconf 83' lang='lat' dir='ltr'>nilz</span> <span class='ocrx_word' id='word_1_160' title='bbox 354 2092 517 2147; x_wconf 90' lang='lat' dir='ltr'>quam</span> <span class='ocrx_word' id='word_1_161' title='bbox 578 2075 645 2129; x_wconf 89' lang='lat' dir='ltr'>ab</span> <span class='ocrx_word' id='word_1_162' title='bbox 679 2075 896 2130; x_wconf 85' lang='lat' dir='ltr'>Elberto</span> <span class='ocrx_word' id='word_1_163' title='bbox 936 2083 991 2130; x_wconf 91' lang='lat' dir='ltr'>et</span> <span class='ocrx_word' id='word_1_164' title='bbox 1023 2075 1342 2147; x_wconf 83' lang='lat' dir='ltr'>Ercnburge</span> <span class='ocrx_word' id='word_1_165' title='bbox 1392 2092 1561 2131; x_wconf 81' lang='lat' dir='ltr'>uxore</span> <span class='ocrx_word' id='word_1_166' title='bbox 1594 2079 1714 2146; x_wconf 87' lang='lat' dir='ltr'>ejus</span> <span class='ocrx_word' id='word_1_167' title='bbox 1753 2079 1809 2133; x_wconf 93' lang='lat' dir='ltr'>in</span> 
     </span>
    </p>
   </div>
   <div class='ocr_carea' id='block_1_21' title="bbox 188 2167 1808 2241">
    <p class='ocr_par' dir='ltr' id='par_1_21' title="bbox 188 2167 1808 2241">
     <span class='ocr_line' id='line_1_21' title="bbox 188 2167 1808 2241; baseline -0.001 -18"><span class='ocrx_word' id='word_1_168' title='bbox 188 2168 512 2224; x_wconf 90' lang='lat' dir='ltr'>vadimonio</span> <span class='ocrx_word' id='word_1_169' title='bbox 564 2183 662 2238; x_wconf 91' lang='lat' dir='ltr'>pro</span> <span class='ocrx_word' id='word_1_170' title='bbox 695 2168 761 2222; x_wconf 83' lang='grc'>15</span> <span class='ocrx_word' id='word_1_171' title='bbox 808 2167 1006 2221; x_wconf 87' lang='lat' dir='ltr'>marcis</span> <span class='ocrx_word' id='word_1_172' title='bbox 1050 2168 1264 2241; x_wconf 84' lang='lat' dir='ltr'>argenti</span> <span class='ocrx_word' id='word_1_173' title='bbox 1307 2168 1550 2236; x_wconf 87' lang='lat' dir='ltr'>tenebat,</span> <span class='ocrx_word' id='word_1_174' title='bbox 1607 2169 1808 2223; x_wconf 72' lang='lat' dir='ltr'>aeccle-</span> 
     </span>
    </p>
   </div>
   <div class='ocr_carea' id='block_1_22' title="bbox 185 2259 1808 2333">
    <p class='ocr_par' dir='ltr' id='par_1_22' title="bbox 185 2259 1808 2333">
     <span class='ocr_line' id='line_1_22' title="bbox 185 2259 1808 2333; baseline 0 -18"><span class='ocrx_word' id='word_1_175' title='bbox 185 2261 286 2316; x_wconf 73' lang='lat' dir='ltr'>siae</span> <span class='ocrx_word' id='word_1_176' title='bbox 315 2260 744 2315; x_wconf 89' lang='lat' dir='ltr'>Gemmelacensi</span> <span class='ocrx_word' id='word_1_177' title='bbox 770 2259 1021 2333; x_wconf 87' lang='lat' dir='ltr'>legalitcr</span> <span class='ocrx_word' id='word_1_178' title='bbox 1051 2259 1188 2313; x_wconf 90' lang='lat' dir='ltr'>tradi</span> <span class='ocrx_word' id='word_1_179' title='bbox 1215 2259 1437 2325; x_wconf 86' lang='lat' dir='ltr'>fecerat,</span> <span class='ocrx_word' id='word_1_180' title='bbox 1459 2277 1557 2330; x_wconf 91' lang='lat' dir='ltr'>per</span> <span class='ocrx_word' id='word_1_181' title='bbox 1587 2277 1808 2315; x_wconf 91' lang='lat' dir='ltr'>manum</span> 
     </span>
    </p>
   </div>
   <div class='ocr_carea' id='block_1_23' title="bbox 187 2346 1809 2418">
    <p class='ocr_par' dir='ltr' id='par_1_23' title="bbox 187 2346 1809 2418">
     <span class='ocr_line' id='line_1_23' title="bbox 187 2346 1809 2418; baseline 0.001 -14"><span class='ocrx_word' id='word_1_182' title='bbox 187 2349 384 2405; x_wconf 92' lang='lat' dir='ltr'>domni</span> <span class='ocrx_word' id='word_1_183' title='bbox 407 2349 622 2404; x_wconf 87' lang='lat' dir='ltr'>abbatis</span> <span class='ocrx_word' id='word_1_184' title='bbox 669 2355 724 2403; x_wconf 89' lang='lat' dir='ltr'>et</span> <span class='ocrx_word' id='word_1_185' title='bbox 754 2347 1000 2402; x_wconf 90' lang='lat' dir='ltr'>omnium</span> <span class='ocrx_word' id='word_1_186' title='bbox 1045 2346 1266 2402; x_wconf 85' lang='lat' dir='ltr'>fratrum</span> <span class='ocrx_word' id='word_1_187' title='bbox 1301 2349 1602 2418; x_wconf 78' lang='lat' dir='ltr'>deputavit,</span> <span class='ocrx_word' id='word_1_188' title='bbox 1635 2356 1691 2404; x_wconf 92' lang='lat' dir='ltr'>ut</span> <span class='ocrx_word' id='word_1_189' title='bbox 1722 2367 1809 2405; x_wconf 88' lang='lat' dir='ltr'>re-</span> 
     </span>
    </p>
   </div>
   <div class='ocr_carea' id='block_1_24' title="bbox 187 2440 1807 2512">
    <p class='ocr_par' dir='ltr' id='par_1_24' title="bbox 187 2440 1807 2512">
     <span class='ocr_line' id='line_1_24' title="bbox 187 2440 1807 2512; baseline -0.002 -14"><span class='ocrx_word' id='word_1_190' title='bbox 187 2444 341 2498; x_wconf 87' lang='lat' dir='ltr'>ditus</span> <span class='ocrx_word' id='word_1_191' title='bbox 365 2443 545 2510; x_wconf 90' lang='lat' dir='ltr'>ipsius</span> <span class='ocrx_word' id='word_1_192' title='bbox 582 2441 888 2495; x_wconf 89' lang='lat' dir='ltr'>molendini</span> <span class='ocrx_word' id='word_1_193' title='bbox 915 2440 1116 2494; x_wconf 86' lang='lat' dir='ltr'>habeat</span> <span class='ocrx_word' id='word_1_194' title='bbox 1149 2441 1421 2510; x_wconf 90' lang='lat' dir='ltr'>presbiter</span> <span class='ocrx_word' id='word_1_195' title='bbox 1459 2441 1553 2512; x_wconf 92' lang='lat' dir='ltr'>qui</span> <span class='ocrx_word' id='word_1_196' title='bbox 1588 2442 1807 2496; x_wconf 89' lang='lat' dir='ltr'>missam</span> 
     </span>
    </p>
   </div>
   <div class='ocr_carea' id='block_1_25' title="bbox 187 2529 1805 2600">
    <p class='ocr_par' dir='ltr' id='par_1_25' title="bbox 187 2529 1805 2600">
     <span class='ocr_line' id='line_1_25' title="bbox 187 2529 1805 2600; baseline 0 -14"><span class='ocrx_word' id='word_1_197' title='bbox 187 2530 456 2597; x_wconf 89' lang='lat' dir='ltr'>cantabit,</span> <span class='ocrx_word' id='word_1_198' title='bbox 507 2530 751 2600; x_wconf 88' lang='lat' dir='ltr'>exceptis</span> <span class='ocrx_word' id='word_1_199' title='bbox 777 2529 1176 2584; x_wconf 88' lang='lat' dir='ltr'>oblationibus.</span> <span class='ocrx_word' id='word_1_200' title='bbox 1240 2530 1370 2583; x_wconf 87' lang='lat' dir='ltr'>Etsi</span> <span class='ocrx_word' id='word_1_201' title='bbox 1424 2530 1805 2586; x_wconf 91' lang='lat' dir='ltr'>molendinum</span> 
     </span>
    </p>
   </div>
   <div class='ocr_carea' id='block_1_26' title="bbox 183 2619 1810 2691">
    <p class='ocr_par' dir='ltr' id='par_1_26' title="bbox 183 2619 1810 2691">
     <span class='ocr_line' id='line_1_26' title="bbox 183 2619 1810 2691; baseline 0.002 -14"><span class='ocrx_word' id='word_1_202' title='bbox 183 2622 353 2677; x_wconf 89' lang='lat' dir='ltr'>fuerit</span> <span class='ocrx_word' id='word_1_203' title='bbox 383 2621 753 2691; x_wconf 90' lang='lat' dir='ltr'>redemptum,</span> <span class='ocrx_word' id='word_1_204' title='bbox 795 2620 947 2690; x_wconf 91' lang='lat' dir='ltr'>ipsos</span> <span class='ocrx_word' id='word_1_205' title='bbox 969 2619 1038 2675; x_wconf 86' lang='grc'>15</span> <span class='ocrx_word' id='word_1_206' title='bbox 1081 2636 1292 2677; x_wconf 84' lang='lat' dir='ltr'>marces</span> <span class='ocrx_word' id='word_1_207' title='bbox 1322 2622 1493 2676; x_wconf 89' lang='lat' dir='ltr'>abbas</span> <span class='ocrx_word' id='word_1_208' title='bbox 1537 2631 1592 2678; x_wconf 92' lang='lat' dir='ltr'>et</span> <span class='ocrx_word' id='word_1_209' title='bbox 1614 2623 1810 2680; x_wconf 89' lang='lat' dir='ltr'>fratres</span> 
     </span>
    </p>
   </div>
   <div class='ocr_carea' id='block_1_27' title="bbox 181 2709 1806 2782">
    <p class='ocr_par' dir='ltr' id='par_1_27' title="bbox 181 2709 1806 2782">
     <span class='ocr_line' id='line_1_27' title="bbox 181 2709 1806 2782; baseline 0.001 -15"><span class='ocrx_word' id='word_1_210' title='bbox 181 2712 473 2782; x_wconf 89' lang='lat' dir='ltr'>recipiant,</span> <span class='ocrx_word' id='word_1_211' title='bbox 507 2717 566 2766; x_wconf 88' lang='lat' dir='ltr'>et</span> <span class='ocrx_word' id='word_1_212' title='bbox 611 2710 679 2764; x_wconf 89' lang='lat' dir='ltr'>de</span> <span class='ocrx_word' id='word_1_213' title='bbox 718 2709 853 2780; x_wconf 91' lang='lat' dir='ltr'>ipsis</span> <span class='ocrx_word' id='word_1_214' title='bbox 893 2715 1187 2780; x_wconf 89' lang='lat' dir='ltr'>procurent</span> <span class='ocrx_word' id='word_1_215' title='bbox 1216 2717 1276 2765; x_wconf 89' lang='lat' dir='ltr'>ut</span> <span class='ocrx_word' id='word_1_216' title='bbox 1328 2711 1494 2766; x_wconf 89' lang='lat' dir='ltr'>missa</span> <span class='ocrx_word' id='word_1_217' title='bbox 1532 2713 1684 2766; x_wconf 92' lang='lat' dir='ltr'>omni</span> <span class='ocrx_word' id='word_1_218' title='bbox 1719 2715 1806 2769; x_wconf 91' lang='lat' dir='ltr'>die</span> 
     </span>
    </p>
   </div>
   <div class='ocr_carea' id='block_1_28' title="bbox 179 2802 1803 2874">
    <p class='ocr_par' dir='ltr' id='par_1_28' title="bbox 179 2802 1803 2874">
     <span class='ocr_line' id='line_1_28' title="bbox 179 2802 1803 2874; baseline 0.001 -15"><span class='ocrx_word' id='word_1_219' title='bbox 179 2805 238 2859; x_wconf 92' lang='lat' dir='ltr'>in</span> <span class='ocrx_word' id='word_1_220' title='bbox 296 2809 624 2874; x_wconf 90' lang='lat' dir='ltr'>perpetuum</span> <span class='ocrx_word' id='word_1_221' title='bbox 683 2808 951 2857; x_wconf 81' lang='lat' dir='ltr'>cantetur.</span> <span class='ocrx_word' id='word_1_222' title='bbox 1005 2802 1110 2866; x_wconf 84' lang='lat' dir='ltr'>Qui</span> <span class='ocrx_word' id='word_1_223' title='bbox 1167 2803 1308 2857; x_wconf 90' lang='lat' dir='ltr'>hanc</span> <span class='ocrx_word' id='word_1_224' title='bbox 1359 2805 1803 2861; x_wconf 90' lang='lat' dir='ltr'>constitutionem</span> 
     </span>
    </p>
   </div>
   <div class='ocr_carea' id='block_1_29' title="bbox 181 2897 985 2964">
    <p class='ocr_par' dir='ltr' id='par_1_29' title="bbox 181 2897 985 2964">
     <span class='ocr_line' id='line_1_29' title="bbox 181 2897 985 2964; baseline -0.002 -10"><span class='ocrx_word' id='word_1_225' title='bbox 181 2898 539 2964; x_wconf 65' lang='lat' dir='ltr'>destruxerit,</span> <span class='ocrx_word' id='word_1_226' title='bbox 569 2898 861 2954; x_wconf 88' lang='lat' dir='ltr'>anathema</span> <span class='ocrx_word' id='word_1_227' title='bbox 899 2897 985 2952; x_wconf 89' lang='lat' dir='ltr'>sit.</span> 
     </span>
    </p>
   </div>
   <div class='ocr_carea' id='block_1_30' title="bbox 1927 803 3546 882">
    <p class='ocr_par' dir='ltr' id='par_1_30' title="bbox 1927 803 3546 882">
     <span class='ocr_line' id='line_1_30' title="bbox 1927 803 3546 882; baseline 0.008 -26"><span class='ocrx_word' id='word_1_228' title='bbox 1927 803 2055 874; x_wconf 89' lang='lat' dir='ltr'>quia</span> <span class='ocrx_word' id='word_1_229' title='bbox 2089 804 2134 858; x_wconf 91' lang='lat' dir='ltr'>si</span> <span class='ocrx_word' id='word_1_230' title='bbox 2167 803 2350 876; x_wconf 89' lang='lat' dir='ltr'>aliqua</span> <span class='ocrx_word' id='word_1_231' title='bbox 2403 805 2669 860; x_wconf 85' lang='lat' dir='ltr'>secularis</span> <span class='ocrx_word' id='word_1_232' title='bbox 2711 813 2906 876; x_wconf 90' lang='lat' dir='ltr'>potens</span> <span class='ocrx_word' id='word_1_233' title='bbox 2959 825 3194 881; x_wconf 88' lang='lat' dir='ltr'>persona</span> <span class='ocrx_word' id='word_1_234' title='bbox 3235 828 3331 882; x_wconf 89' lang='lat' dir='ltr'>per</span> <span class='ocrx_word' id='word_1_235' title='bbox 3359 830 3546 868; x_wconf 89' lang='lat' dir='ltr'>coem-</span> 
     </span>
    </p>
   </div>
   <div class='ocr_carea' id='block_1_31' title="bbox 1926 894 3542 971">
    <p class='ocr_par' dir='ltr' id='par_1_31' title="bbox 1926 894 3542 971">
     <span class='ocr_line' id='line_1_31' title="bbox 1926 894 3542 971; baseline 0.007 -23"><span class='ocrx_word' id='word_1_236' title='bbox 1926 894 2133 950; x_wconf 91' lang='lat' dir='ltr'>tionem</span> <span class='ocrx_word' id='word_1_237' title='bbox 2159 897 2394 964; x_wconf 80' lang='lat' dir='ltr'>alicujus</span> <span class='ocrx_word' id='word_1_238' title='bbox 2427 897 2619 967; x_wconf 78' lang='lat' dir='ltr'>praedii</span> <span class='ocrx_word' id='word_1_239' title='bbox 2650 899 2963 970; x_wconf 89' lang='lat' dir='ltr'>superbiret</span> <span class='ocrx_word' id='word_1_240' title='bbox 3009 901 3065 956; x_wconf 92' lang='lat' dir='ltr'>in</span> <span class='ocrx_word' id='word_1_241' title='bbox 3096 910 3287 958; x_wconf 90' lang='lat' dir='ltr'>nostra</span> <span class='ocrx_word' id='word_1_242' title='bbox 3321 905 3542 971; x_wconf 88' lang='lat' dir='ltr'>vicinia,</span> 
     </span>
    </p>
   </div>
   <div class='ocr_carea' id='block_1_32' title="bbox 1926 991 3541 1071">
    <p class='ocr_par' dir='ltr' id='par_1_32' title="bbox 1926 991 3541 1071">
     <span class='ocr_line' id='line_1_32' title="bbox 1926 991 3541 1071; baseline 0.006 -28"><span class='ocrx_word' id='word_1_243' title='bbox 1926 1006 2148 1060; x_wconf 85' lang='lat' dir='ltr'>semper</span> <span class='ocrx_word' id='word_1_244' title='bbox 2185 991 2253 1046; x_wconf 87' lang='lat' dir='ltr'>ab</span> <span class='ocrx_word' id='word_1_245' title='bbox 2285 1007 2350 1045; x_wconf 89' lang='lat' dir='ltr'>ea</span> <span class='ocrx_word' id='word_1_246' title='bbox 2395 1003 2579 1046; x_wconf 90' lang='lat' dir='ltr'>nostra</span> <span class='ocrx_word' id='word_1_247' title='bbox 2608 1001 2956 1050; x_wconf 84' lang='lat' dir='ltr'>vastarentur</span> <span class='ocrx_word' id='word_1_248' title='bbox 2986 998 3192 1067; x_wconf 64' lang='lat' dir='ltr'>praedia</span> <span class='ocrx_word' id='word_1_249' title='bbox 3224 1007 3280 1053; x_wconf 91' lang='lat' dir='ltr'>et</span> <span class='ocrx_word' id='word_1_250' title='bbox 3322 999 3541 1071; x_wconf 79' lang='lat' dir='ltr'>afﬂige-</span> 
     </span>
    </p>
   </div>
   <div class='ocr_carea' id='block_1_33' title="bbox 1928 1079 3542 1160">
    <p class='ocr_par' dir='ltr' id='par_1_33' title="bbox 1928 1079 3542 1160">
     <span class='ocr_line' id='line_1_33' title="bbox 1928 1079 3542 1160; baseline 0.006 -27"><span class='ocrx_word' id='word_1_251' title='bbox 1928 1086 2080 1133; x_wconf 91' lang='lat' dir='ltr'>retur</span> <span class='ocrx_word' id='word_1_252' title='bbox 2124 1079 2352 1135; x_wconf 83' lang='lat' dir='ltr'>familia.</span> <span class='ocrx_word' id='word_1_253' title='bbox 2403 1081 2540 1135; x_wconf 87' lang='lat' dir='ltr'>Dicit</span> <span class='ocrx_word' id='word_1_254' title='bbox 2589 1083 2784 1138; x_wconf 89' lang='lat' dir='ltr'>beatus</span> <span class='ocrx_word' id='word_1_255' title='bbox 2869 1086 3241 1152; x_wconf 87' lang='lat' dir='ltr'>Jheronimus,</span> <span class='ocrx_word' id='word_1_256' title='bbox 3300 1088 3429 1160; x_wconf 87' lang='lat' dir='ltr'>quia</span> <span class='ocrx_word' id='word_1_257' title='bbox 3489 1090 3542 1143; x_wconf 91' lang='lat' dir='ltr'>in</span> 
     </span>
    </p>
   </div>
   <div class='ocr_carea' id='block_1_34' title="bbox 1926 1171 3544 1249">
    <p class='ocr_par' dir='ltr' id='par_1_34' title="bbox 1926 1171 3544 1249">
     <span class='ocr_line' id='line_1_34' title="bbox 1926 1171 3544 1249; baseline 0.007 -25"><span class='ocrx_word' id='word_1_258' title='bbox 1926 1171 2076 1225; x_wconf 91' lang='lat' dir='ltr'>omni</span> <span class='ocrx_word' id='word_1_259' title='bbox 2103 1188 2285 1226; x_wconf 89' lang='lat' dir='ltr'>rerum</span> <span class='ocrx_word' id='word_1_260' title='bbox 2315 1179 2514 1227; x_wconf 89' lang='lat' dir='ltr'>eventu</span> <span class='ocrx_word' id='word_1_261' title='bbox 2545 1175 2721 1249; x_wconf 85' lang='lat' dir='ltr'>magis</span> <span class='ocrx_word' id='word_1_262' title='bbox 2754 1179 3097 1246; x_wconf 89' lang='lat' dir='ltr'>perpendere</span> <span class='ocrx_word' id='word_1_263' title='bbox 3119 1179 3388 1234; x_wconf 90' lang='lat' dir='ltr'>debemus</span> <span class='ocrx_word' id='word_1_264' title='bbox 3411 1180 3544 1235; x_wconf 70' lang='lat' dir='ltr'>affe-</span> 
     </span>
    </p>
   </div>
   <div class='ocr_carea' id='block_1_35' title="bbox 1918 1263 3540 1340">
    <p class='ocr_par' dir='ltr' id='par_1_35' title="bbox 1918 1263 3540 1340">
     <span class='ocr_line' id='line_1_35' title="bbox 1918 1263 3540 1340; baseline 0.006 -24"><span class='ocrx_word' id='word_1_265' title='bbox 1918 1270 2064 1316; x_wconf 91' lang='lat' dir='ltr'>ctum</span> <span class='ocrx_word' id='word_1_266' title='bbox 2123 1263 2468 1330; x_wconf 88' lang='lat' dir='ltr'>intentionis,</span> <span class='ocrx_word' id='word_1_267' title='bbox 2529 1282 2692 1336; x_wconf 90' lang='lat' dir='ltr'>quam</span> <span class='ocrx_word' id='word_1_268' title='bbox 2753 1265 3008 1322; x_wconf 90' lang='lat' dir='ltr'>effectum</span> <span class='ocrx_word' id='word_1_269' title='bbox 3061 1269 3424 1340; x_wconf 88' lang='lat' dir='ltr'>operationis.</span> <span class='ocrx_word' id='word_1_270' title='bbox 3486 1272 3540 1326; x_wconf 92' lang='lat' dir='ltr'>Si</span> 
     </span>
    </p>
   </div>
   <div class='ocr_carea' id='block_1_36' title="bbox 1916 1354 3540 1428">
    <p class='ocr_par' dir='ltr' id='par_1_36' title="bbox 1916 1354 3540 1428">
     <span class='ocr_line' id='line_1_36' title="bbox 1916 1354 3540 1428; baseline 0.007 -21"><span class='ocrx_word' id='word_1_271' title='bbox 1916 1369 2046 1426; x_wconf 88' lang='lat' dir='ltr'>ergo</span> <span class='ocrx_word' id='word_1_272' title='bbox 2105 1355 2159 1408; x_wconf 91' lang='lat' dir='ltr'>in</span> <span class='ocrx_word' id='word_1_273' title='bbox 2210 1354 2506 1410; x_wconf 88' lang='lat' dir='ltr'>abbatibus</span> <span class='ocrx_word' id='word_1_274' title='bbox 2551 1357 2784 1428; x_wconf 85' lang='lat' dir='ltr'>simplex</span> <span class='ocrx_word' id='word_1_275' title='bbox 2825 1369 2881 1414; x_wconf 91' lang='lat' dir='ltr'>et</span> <span class='ocrx_word' id='word_1_276' title='bbox 2940 1369 3122 1416; x_wconf 89' lang='lat' dir='ltr'>rectus</span> <span class='ocrx_word' id='word_1_277' title='bbox 3154 1361 3256 1417; x_wconf 89' lang='lat' dir='ltr'>fuit</span> <span class='ocrx_word' id='word_1_278' title='bbox 3306 1362 3540 1419; x_wconf 72' lang='lat' dir='ltr'>affectus</span> 
     </span>
    </p>
   </div>
   <div class='ocr_carea' id='block_1_37' title="bbox 1916 1449 3537 1525">
    <p class='ocr_par' dir='ltr' id='par_1_37' title="bbox 1916 1449 3537 1525">
     <span class='ocr_line' id='line_1_37' title="bbox 1916 1449 3537 1525; baseline 0.008 -23"><span class='ocrx_word' id='word_1_279' title='bbox 1916 1449 2260 1517; x_wconf 88' lang='lat' dir='ltr'>intentionis,</span> <span class='ocrx_word' id='word_1_280' title='bbox 2294 1467 2405 1506; x_wconf 92' lang='lat' dir='ltr'>non</span> <span class='ocrx_word' id='word_1_281' title='bbox 2438 1453 2542 1507; x_wconf 85' lang='lat' dir='ltr'>erit</span> <span class='ocrx_word' id='word_1_282' title='bbox 2583 1455 2878 1525; x_wconf 87' lang='lat' dir='ltr'>culpabilis</span> <span class='ocrx_word' id='word_1_283' title='bbox 2930 1457 3029 1512; x_wconf 91' lang='lat' dir='ltr'>sed</span> <span class='ocrx_word' id='word_1_284' title='bbox 3090 1460 3420 1515; x_wconf 88' lang='lat' dir='ltr'>excusabilis</span> <span class='ocrx_word' id='word_1_285' title='bbox 3453 1460 3537 1515; x_wconf 89' lang='lat' dir='ltr'>cf-</span> 
     </span>
    </p>
   </div>
   <div class='ocr_carea' id='block_1_38' title="bbox 1917 1537 3537 1612">
    <p class='ocr_par' dir='ltr' id='par_1_38' title="bbox 1917 1537 3537 1612">
     <span class='ocr_line' id='line_1_38' title="bbox 1917 1537 3537 1612; baseline 0.007 -19"><span class='ocrx_word' id='word_1_286' title='bbox 1917 1537 2090 1594; x_wconf 90' lang='lat' dir='ltr'>fectus</span> <span class='ocrx_word' id='word_1_287' title='bbox 2148 1542 2507 1612; x_wconf 88' lang='lat' dir='ltr'>operationis.</span> <span class='ocrx_word' id='word_1_288' title='bbox 2553 1543 2660 1599; x_wconf 82' lang='lat' dir='ltr'>Nos</span> <span class='ocrx_word' id='word_1_289' title='bbox 2707 1544 3001 1601; x_wconf 88' lang='lat' dir='ltr'>redeamus</span> <span class='ocrx_word' id='word_1_290' title='bbox 3045 1547 3112 1600; x_wconf 88' lang='lat' dir='ltr'>ad</span> <span class='ocrx_word' id='word_1_291' title='bbox 3163 1548 3214 1602; x_wconf 88' lang='lat' dir='ltr'>id</span> <span class='ocrx_word' id='word_1_292' title='bbox 3250 1549 3396 1604; x_wconf 91' lang='lat' dir='ltr'>unde</span> <span class='ocrx_word' id='word_1_293' title='bbox 3449 1550 3537 1604; x_wconf 86' lang='lat' dir='ltr'>di-</span> 
     </span>
    </p>
   </div>
   <div class='ocr_carea' id='block_1_39' title="bbox 1914 1642 2321 1698">
    <p class='ocr_par' dir='ltr' id='par_1_39' title="bbox 1914 1642 2321 1698">
     <span class='ocr_line' id='line_1_39' title="bbox 1914 1642 2321 1698; baseline 0.007 -17"><span class='ocrx_word' id='word_1_294' title='bbox 1914 1642 2088 1698; x_wconf 71' lang='lat' dir='ltr'>greSSl</span> <span class='ocrx_word' id='word_1_295' title='bbox 2110 1645 2321 1684; x_wconf 73' lang='lat' dir='ltr'>SUIIIUS.</span> 
     </span>
    </p>
   </div>
   <div class='ocr_carea' id='block_1_40' title="bbox 1982 1719 3537 1800">
    <p class='ocr_par' dir='ltr' id='par_1_40' title="bbox 1982 1719 3537 1800">
     <span class='ocr_line' id='line_1_40' title="bbox 1982 1719 3537 1800; baseline 0.005 -26"><span class='ocrx_word' id='word_1_296' title='bbox 1982 1719 2071 1775; x_wconf 82' lang='lat'>65.</span> <span class='ocrx_word' id='word_1_297' title='bbox 2130 1722 2371 1776; x_wconf 89' lang='lat' dir='ltr'>Domnus</span> <span class='ocrx_word' id='word_1_298' title='bbox 2424 1723 2594 1778; x_wconf 87' lang='lat' dir='ltr'>abbas</span> <span class='ocrx_word' id='word_1_299' title='bbox 2646 1724 2970 1780; x_wconf 87' lang='lat' dir='ltr'>Liethardus</span> <span class='ocrx_word' id='word_1_300' title='bbox 3027 1728 3299 1799; x_wconf 80' lang='lat' dir='ltr'>religiosis</span> <span class='ocrx_word' id='word_1_301' title='bbox 3347 1731 3537 1800; x_wconf 82' lang='lat' dir='ltr'>patris,</span> 
     </span>
    </p>
   </div>
   <div class='ocr_carea' id='block_1_41' title="bbox 1915 1809 3540 1889">
    <p class='ocr_par' dir='ltr' id='par_1_41' title="bbox 1915 1809 3540 1889">
     <span class='ocr_line' id='line_1_41' title="bbox 1915 1809 3540 1889; baseline 0.006 -26"><span class='ocrx_word' id='word_1_302' title='bbox 1915 1809 2126 1864; x_wconf 89' lang='lat' dir='ltr'>scilicet</span> <span class='ocrx_word' id='word_1_303' title='bbox 2149 1810 2337 1865; x_wconf 93' lang='lat' dir='ltr'>domni</span> <span class='ocrx_word' id='word_1_304' title='bbox 2361 1811 2580 1866; x_wconf 89' lang='lat' dir='ltr'>abbatis</span> <span class='ocrx_word' id='word_1_305' title='bbox 2612 1813 2838 1879; x_wconf 89' lang='lat' dir='ltr'>Olberti,</span> <span class='ocrx_word' id='word_1_306' title='bbox 2893 1815 3185 1889; x_wconf 91' lang='lat' dir='ltr'>religiosus</span> <span class='ocrx_word' id='word_1_307' title='bbox 3238 1815 3404 1882; x_wconf 90' lang='lat' dir='ltr'>filius,</span> <span class='ocrx_word' id='word_1_308' title='bbox 3457 1820 3540 1872; x_wconf 93' lang='lat' dir='ltr'>his</span> 
     </span>
    </p>
   </div>
   <div class='ocr_carea' id='block_1_42' title="bbox 1916 1898 3534 1977">
    <p class='ocr_par' dir='ltr' id='par_1_42' title="bbox 1916 1898 3534 1977">
     <span class='ocr_line' id='line_1_42' title="bbox 1916 1898 3534 1977; baseline 0.006 -26"><span class='ocrx_word' id='word_1_309' title='bbox 1916 1898 2114 1968; x_wconf 90' lang='lat' dir='ltr'>quibus</span> <span class='ocrx_word' id='word_1_310' title='bbox 2155 1907 2405 1969; x_wconf 65' lang='lat' dir='ltr'>praeerat,</span> <span class='ocrx_word' id='word_1_311' title='bbox 2438 1901 2712 1976; x_wconf 73' lang='lat' dir='ltr'>religiosa:</span> <span class='ocrx_word' id='word_1_312' title='bbox 2739 1904 2862 1958; x_wconf 56' lang='lat' dir='ltr'>vitm</span> <span class='ocrx_word' id='word_1_313' title='bbox 2887 1905 3197 1976; x_wconf 83' lang='lat' dir='ltr'>exemplum</span> <span class='ocrx_word' id='word_1_314' title='bbox 3234 1907 3534 1977; x_wconf 66' lang='lat' dir='ltr'>praebebat.</span> 
     </span>
    </p>
   </div>
   <div class='ocr_carea' id='block_1_43' title="bbox 1917 1987 3539 2059">
    <p class='ocr_par' dir='ltr' id='par_1_43' title="bbox 1917 1987 3539 2059">
     <span class='ocr_line' id='line_1_43' title="bbox 1917 1987 3539 2059; baseline 0.004 -17"><span class='ocrx_word' id='word_1_315' title='bbox 1917 1987 2046 2042; x_wconf 87' lang='lat' dir='ltr'>Cum</span> <span class='ocrx_word' id='word_1_316' title='bbox 2073 2002 2169 2042; x_wconf 83' lang='lat' dir='ltr'>eos</span> <span class='ocrx_word' id='word_1_317' title='bbox 2195 1989 2538 2058; x_wconf 70' lang='lat' dir='ltr'>praecelleret</span> <span class='ocrx_word' id='word_1_318' title='bbox 2583 1990 2834 2045; x_wconf 89' lang='lat' dir='ltr'>imitabili</span> <span class='ocrx_word' id='word_1_319' title='bbox 2875 1993 3114 2059; x_wconf 85' lang='lat' dir='ltr'>actione,</span> <span class='ocrx_word' id='word_1_320' title='bbox 3152 1995 3539 2050; x_wconf 86' lang='lat' dir='ltr'>moderabatur</span> 
     </span>
    </p>
   </div>
   <div class='ocr_carea' id='block_1_44' title="bbox 1914 2080 3533 2152">
    <p class='ocr_par' dir='ltr' id='par_1_44' title="bbox 1914 2080 3533 2152">
     <span class='ocr_line' id='line_1_44' title="bbox 1914 2080 3533 2152; baseline 0.005 -20"><span class='ocrx_word' id='word_1_321' title='bbox 1914 2084 2097 2132; x_wconf 90' lang='lat' dir='ltr'>tamen</span> <span class='ocrx_word' id='word_1_322' title='bbox 2127 2080 2274 2150; x_wconf 91' lang='lat' dir='ltr'>quod</span> <span class='ocrx_word' id='word_1_323' title='bbox 2329 2081 2528 2152; x_wconf 80' lang='lat' dir='ltr'>agebat</span> <span class='ocrx_word' id='word_1_324' title='bbox 2576 2081 2843 2136; x_wconf 84' lang='lat' dir='ltr'>laudabili</span> <span class='ocrx_word' id='word_1_325' title='bbox 2899 2085 3250 2140; x_wconf 83' lang='lat' dir='ltr'>discretione.</span> <span class='ocrx_word' id='word_1_326' title='bbox 3311 2087 3434 2142; x_wconf 87' lang='lat' dir='ltr'>Erat</span> <span class='ocrx_word' id='word_1_327' title='bbox 3485 2087 3533 2141; x_wconf 90' lang='lat' dir='ltr'>ei</span> 
     </span>
    </p>
   </div>
   <div class='ocr_carea' id='block_1_45' title="bbox 1912 2167 3535 2242">
    <p class='ocr_par' dir='ltr' id='par_1_45' title="bbox 1912 2167 3535 2242">
     <span class='ocr_line' id='line_1_45' title="bbox 1912 2167 3535 2242; baseline 0.006 -21"><span class='ocrx_word' id='word_1_328' title='bbox 1912 2167 2260 2222; x_wconf 88' lang='lat' dir='ltr'>consuetudo</span> <span class='ocrx_word' id='word_1_329' title='bbox 2299 2185 2365 2222; x_wconf 86' lang='lat' dir='ltr'>ex</span> <span class='ocrx_word' id='word_1_330' title='bbox 2398 2170 2571 2225; x_wconf 91' lang='lat' dir='ltr'>multo</span> <span class='ocrx_word' id='word_1_331' title='bbox 2603 2177 2871 2240; x_wconf 86' lang='lat' dir='ltr'>tempore,</span> <span class='ocrx_word' id='word_1_332' title='bbox 2901 2179 3094 2242; x_wconf 87' lang='lat' dir='ltr'>quarta</span> <span class='ocrx_word' id='word_1_333' title='bbox 3135 2180 3188 2227; x_wconf 85' lang='lat' dir='ltr'>et</span> <span class='ocrx_word' id='word_1_334' title='bbox 3220 2180 3370 2228; x_wconf 87' lang='lat' dir='ltr'>sexta</span> <span class='ocrx_word' id='word_1_335' title='bbox 3398 2174 3535 2230; x_wconf 87' lang='lat' dir='ltr'>feria</span> 
     </span>
    </p>
   </div>
   <div class='ocr_carea' id='block_1_46' title="bbox 1911 2257 3535 2333">
    <p class='ocr_par' dir='ltr' id='par_1_46' title="bbox 1911 2257 3535 2333">
     <span class='ocr_line' id='line_1_46' title="bbox 1911 2257 3535 2333; baseline 0.005 -25"><span class='ocrx_word' id='word_1_336' title='bbox 1911 2271 2086 2328; x_wconf 81' lang='lat' dir='ltr'>usque</span> <span class='ocrx_word' id='word_1_337' title='bbox 2134 2257 2200 2311; x_wconf 87' lang='lat' dir='ltr'>ad</span> <span class='ocrx_word' id='word_1_338' title='bbox 2247 2258 2618 2327; x_wconf 88' lang='lat' dir='ltr'>vespertinam</span> <span class='ocrx_word' id='word_1_339' title='bbox 2665 2259 2773 2313; x_wconf 90' lang='lat' dir='ltr'>diei</span> <span class='ocrx_word' id='word_1_340' title='bbox 2829 2260 3019 2314; x_wconf 91' lang='lat' dir='ltr'>horam</span> <span class='ocrx_word' id='word_1_341' title='bbox 3071 2261 3344 2331; x_wconf 87' lang='lat' dir='ltr'>jejunium</span> <span class='ocrx_word' id='word_1_342' title='bbox 3404 2279 3535 2333; x_wconf 85' lang='lat' dir='ltr'>pro-</span> 
     </span>
    </p>
   </div>
   <div class='ocr_carea' id='block_1_47' title="bbox 1907 2348 3533 2421">
    <p class='ocr_par' dir='ltr' id='par_1_47' title="bbox 1907 2348 3533 2421">
     <span class='ocr_line' id='line_1_47' title="bbox 1907 2348 3533 2421; baseline 0.005 -21"><span class='ocrx_word' id='word_1_343' title='bbox 1907 2348 2146 2413; x_wconf 89' lang='lat' dir='ltr'>trahere,</span> <span class='ocrx_word' id='word_1_344' title='bbox 2177 2348 2344 2419; x_wconf 87' lang='lat' dir='ltr'>idque</span> <span class='ocrx_word' id='word_1_345' title='bbox 2375 2349 2654 2419; x_wconf 58' lang='lat' dir='ltr'>praecipue</span> <span class='ocrx_word' id='word_1_346' title='bbox 2686 2351 3066 2421; x_wconf 87' lang='lat' dir='ltr'>exequebatur</span> <span class='ocrx_word' id='word_1_347' title='bbox 3101 2351 3300 2406; x_wconf 89' lang='lat' dir='ltr'>diebus</span> <span class='ocrx_word' id='word_1_348' title='bbox 3327 2353 3533 2408; x_wconf 83' lang='lat' dir='ltr'>adven-</span> 
     </span>
    </p>
   </div>
   <div class='ocr_carea' id='block_1_48' title="bbox 1909 2436 3532 2512">
    <p class='ocr_par' dir='ltr' id='par_1_48' title="bbox 1909 2436 3532 2512">
     <span class='ocr_line' id='line_1_48' title="bbox 1909 2436 3532 2512; baseline 0.002 -22"><span class='ocrx_word' id='word_1_349' title='bbox 1909 2443 1995 2490; x_wconf 90' lang='lat' dir='ltr'>tus</span> <span class='ocrx_word' id='word_1_350' title='bbox 2047 2436 2264 2491; x_wconf 92' lang='lat' dir='ltr'>Domini</span> <span class='ocrx_word' id='word_1_351' title='bbox 2296 2444 2348 2492; x_wconf 92' lang='lat' dir='ltr'>et</span> <span class='ocrx_word' id='word_1_352' title='bbox 2387 2439 2846 2512; x_wconf 66' lang='lat' dir='ltr'>quadragesimae.</span> <span class='ocrx_word' id='word_1_353' title='bbox 2911 2440 3154 2511; x_wconf 88' lang='lat' dir='ltr'>Cumque</span> <span class='ocrx_word' id='word_1_354' title='bbox 3193 2441 3298 2494; x_wconf 90' lang='lat' dir='ltr'>sibi</span> <span class='ocrx_word' id='word_1_355' title='bbox 3326 2442 3413 2495; x_wconf 81' lang='lat' dir='ltr'>vix</span> <span class='ocrx_word' id='word_1_356' title='bbox 3441 2447 3532 2495; x_wconf 90' lang='lat' dir='ltr'>aut</span> 
     </span>
    </p>
   </div>
   <div class='ocr_carea' id='block_1_49' title="bbox 1912 2529 3533 2605">
    <p class='ocr_par' dir='ltr' id='par_1_49' title="bbox 1912 2529 3533 2605">
     <span class='ocr_line' id='line_1_49' title="bbox 1912 2529 3533 2605; baseline 0.004 -22"><span class='ocrx_word' id='word_1_357' title='bbox 1912 2529 2062 2584; x_wconf 89' lang='lat' dir='ltr'>nullo</span> <span class='ocrx_word' id='word_1_358' title='bbox 2126 2531 2291 2585; x_wconf 88' lang='lat' dir='ltr'>modo</span> <span class='ocrx_word' id='word_1_359' title='bbox 2346 2530 2512 2585; x_wconf 88' lang='lat' dir='ltr'>vellet</span> <span class='ocrx_word' id='word_1_360' title='bbox 2550 2531 2819 2605; x_wconf 89' lang='lat' dir='ltr'>indugere</span> <span class='ocrx_word' id='word_1_361' title='bbox 2861 2531 3128 2588; x_wconf 87' lang='lat' dir='ltr'>fratribus</span> <span class='ocrx_word' id='word_1_362' title='bbox 3167 2540 3348 2589; x_wconf 90' lang='lat' dir='ltr'>tamen</span> <span class='ocrx_word' id='word_1_363' title='bbox 3403 2549 3533 2589; x_wconf 86' lang='lat' dir='ltr'>con-</span> 
     </span>
    </p>
   </div>
   <div class='ocr_carea' id='block_1_50' title="bbox 1910 2619 3530 2696">
    <p class='ocr_par' dir='ltr' id='par_1_50' title="bbox 1910 2619 3530 2696">
     <span class='ocr_line' id='line_1_50' title="bbox 1910 2619 3530 2696; baseline 0.005 -24"><span class='ocrx_word' id='word_1_364' title='bbox 1910 2635 2102 2693; x_wconf 84' lang='lat' dir='ltr'>gruam</span> <span class='ocrx_word' id='word_1_365' title='bbox 2138 2619 2377 2689; x_wconf 90' lang='lat' dir='ltr'>tempori</span> <span class='ocrx_word' id='word_1_366' title='bbox 2411 2619 2768 2675; x_wconf 89' lang='lat' dir='ltr'>refectionem</span> <span class='ocrx_word' id='word_1_367' title='bbox 2821 2623 3027 2678; x_wconf 84' lang='lat' dir='ltr'>exiberi</span> <span class='ocrx_word' id='word_1_368' title='bbox 3052 2623 3283 2693; x_wconf 89' lang='lat' dir='ltr'>jubebat</span> <span class='ocrx_word' id='word_1_369' title='bbox 3320 2625 3530 2696; x_wconf 88' lang='lat' dir='ltr'>absque</span> 
     </span>
    </p>
   </div>
   <div class='ocr_carea' id='block_1_51' title="bbox 1908 2711 3531 2788">
    <p class='ocr_par' dir='ltr' id='par_1_51' title="bbox 1908 2711 3531 2788">
     <span class='ocr_line' id='line_1_51' title="bbox 1908 2711 3531 2788; baseline 0.004 -22"><span class='ocrx_word' id='word_1_370' title='bbox 1908 2711 2322 2778; x_wconf 88' lang='lat' dir='ltr'>retractatione,</span> <span class='ocrx_word' id='word_1_371' title='bbox 2370 2713 2583 2767; x_wconf 88' lang='lat' dir='ltr'>malens</span> <span class='ocrx_word' id='word_1_372' title='bbox 2614 2729 2711 2768; x_wconf 91' lang='lat' dir='ltr'>eos</span> <span class='ocrx_word' id='word_1_373' title='bbox 2763 2715 3069 2770; x_wconf 81' lang='lat' dir='ltr'>voluntarie</span> <span class='ocrx_word' id='word_1_374' title='bbox 3101 2717 3383 2788; x_wconf 89' lang='lat' dir='ltr'>pr0posito</span> <span class='ocrx_word' id='word_1_375' title='bbox 3434 2735 3531 2772; x_wconf 85' lang='lat' dir='ltr'>su-</span> 
     </span>
    </p>
   </div>
   <div class='ocr_carea' id='block_1_52' title="bbox 1909 2800 3530 2873">
    <p class='ocr_par' dir='ltr' id='par_1_52' title="bbox 1909 2800 3530 2873">
     <span class='ocr_line' id='line_1_52' title="bbox 1909 2800 3530 2873; baseline 0.005 -19"><span class='ocrx_word' id='word_1_376' title='bbox 1909 2800 2231 2870; x_wconf 89' lang='lat' dir='ltr'>peraddere,</span> <span class='ocrx_word' id='word_1_377' title='bbox 2286 2817 2447 2872; x_wconf 89' lang='lat' dir='ltr'>quam</span> <span class='ocrx_word' id='word_1_378' title='bbox 2491 2810 2769 2873; x_wconf 57' lang='lat' dir='ltr'>prmcepto</span> <span class='ocrx_word' id='word_1_379' title='bbox 2827 2819 2925 2858; x_wconf 89' lang='lat' dir='ltr'>suo</span> <span class='ocrx_word' id='word_1_380' title='bbox 2979 2813 3200 2860; x_wconf 91' lang='lat' dir='ltr'>coactos</span> <span class='ocrx_word' id='word_1_381' title='bbox 3249 2807 3530 2862; x_wconf 88' lang='lat' dir='ltr'>abstinere</span> 
     </span>
    </p>
   </div>
   <div class='ocr_carea' id='block_1_53' title="bbox 1906 2891 3531 2967">
    <p class='ocr_par' dir='ltr' id='par_1_53' title="bbox 1906 2891 3531 2967">
     <span class='ocr_line' id='line_1_53' title="bbox 1906 2891 3531 2967; baseline 0.004 -21"><span class='ocrx_word' id='word_1_382' title='bbox 1906 2891 2048 2946; x_wconf 84' lang='lat' dir='ltr'>Raro</span> <span class='ocrx_word' id='word_1_383' title='bbox 2082 2901 2175 2947; x_wconf 89' lang='lat' dir='ltr'>aut</span> <span class='ocrx_word' id='word_1_384' title='bbox 2232 2907 2534 2964; x_wconf 88' lang='lat' dir='ltr'>numquam</span> <span class='ocrx_word' id='word_1_385' title='bbox 2567 2893 2623 2948; x_wconf 94' lang='lat' dir='ltr'>in</span> <span class='ocrx_word' id='word_1_386' title='bbox 2679 2911 2906 2950; x_wconf 89' lang='lat' dir='ltr'>camera</span> <span class='ocrx_word' id='word_1_387' title='bbox 2961 2913 3059 2950; x_wconf 89' lang='lat' dir='ltr'>sua</span> <span class='ocrx_word' id='word_1_388' title='bbox 3105 2896 3410 2967; x_wconf 87' lang='lat' dir='ltr'>prandebat</span> <span class='ocrx_word' id='word_1_389' title='bbox 3437 2907 3531 2953; x_wconf 90' lang='lat' dir='ltr'>aut</span> 
     </span>
    </p>
   </div>
   <div class='ocr_carea' id='block_1_54' title="bbox 254 2981 3532 3088">
    <p class='ocr_par' dir='ltr' id='par_1_54' title="bbox 254 2981 3532 3088">
     <span class='ocr_line' id='line_1_54' title="bbox 254 2981 3532 3088; baseline -0 -46"><span class='ocrx_word' id='word_1_390' title='bbox 254 2987 347 3042; x_wconf 72' lang='grc'>64.</span> <span class='ocrx_word' id='word_1_391' title='bbox 402 2987 646 3042; x_wconf 84' lang='lat' dir='ltr'>Domnus</span> <span class='ocrx_word' id='word_1_392' title='bbox 688 2987 1024 3062; x_wconf 90' lang='lat' dir='ltr'>Sigebertus,</span> <span class='ocrx_word' id='word_1_393' title='bbox 1069 2988 1379 3059; x_wconf 89' lang='lat' dir='ltr'>descriptor</span> <span class='ocrx_word' id='word_1_394' title='bbox 1428 2989 1554 3044; x_wconf 73' lang='lat' dir='ltr'>vitae</span> <span class='ocrx_word' id='word_1_395' title='bbox 1610 2990 1798 3044; x_wconf 92' lang='lat' dir='ltr'>domni</span> <span class='ocrx_word' id='word_1_396' title='bbox 1825 3020 1873 3088; x_wconf 64' lang='grc' dir='ltr'><strong>Ο</strong></span> <span class='ocrx_word' id='word_1_397' title='bbox 1904 2981 2155 3046; x_wconf 88' lang='lat' dir='ltr'>cenabat,</span> <span class='ocrx_word' id='word_1_398' title='bbox 2190 2981 2298 3035; x_wconf 84' lang='lat' dir='ltr'>nisi</span> <span class='ocrx_word' id='word_1_399' title='bbox 2326 2982 2561 3050; x_wconf 86' lang='lat' dir='ltr'>alicujus</span> <span class='ocrx_word' id='word_1_400' title='bbox 2592 2983 2863 3054; x_wconf 61' lang='lat' dir='ltr'>praecipui</span> <span class='ocrx_word' id='word_1_401' title='bbox 2886 2985 3126 3056; x_wconf 83' lang='lat' dir='ltr'>hospitis</span> <span class='ocrx_word' id='word_1_402' title='bbox 3151 3001 3277 3040; x_wconf 91' lang='lat' dir='ltr'>cum</span> <span class='ocrx_word' id='word_1_403' title='bbox 3309 2994 3532 3061; x_wconf 87' lang='lat' dir='ltr'>c0gerct</span> 
     </span>
    </p>
   </div>
   <div class='ocr_carea' id='block_1_55' title="bbox 179 3076 1793 3145">
    <p class='ocr_par' dir='ltr' id='par_1_55' title="bbox 179 3076 1793 3145">
     <span class='ocr_line' id='line_1_55' title="bbox 179 3076 1793 3145; baseline -0.001 -11"><span class='ocrx_word' id='word_1_404' title='bbox 179 3078 404 3134; x_wconf 87' lang='lat' dir='ltr'>abbatis</span> <span class='ocrx_word' id='word_1_405' title='bbox 445 3076 675 3144; x_wconf 88' lang='lat' dir='ltr'>Olberti,</span> <span class='ocrx_word' id='word_1_406' title='bbox 708 3078 777 3132; x_wconf 91' lang='lat' dir='ltr'>de</span> <span class='ocrx_word' id='word_1_407' title='bbox 810 3077 918 3131; x_wconf 90' lang='lat' dir='ltr'>vita</span> <span class='ocrx_word' id='word_1_408' title='bbox 962 3084 1017 3131; x_wconf 91' lang='lat' dir='ltr'>et</span> <span class='ocrx_word' id='word_1_409' title='bbox 1063 3077 1277 3132; x_wconf 90' lang='lat' dir='ltr'>actibus</span> <span class='ocrx_word' id='word_1_410' title='bbox 1315 3078 1434 3145; x_wconf 86' lang='lat' dir='ltr'>ejus</span> <span class='ocrx_word' id='word_1_411' title='bbox 1478 3094 1609 3133; x_wconf 88' lang='lat' dir='ltr'>vera</span> <span class='ocrx_word' id='word_1_412' title='bbox 1638 3079 1793 3145; x_wconf 86' lang='lat' dir='ltr'>dixit,</span> 
     </span>
    </p>
   </div>
   <div class='ocr_carea' id='block_1_56' title="bbox 179 3171 1796 3245">
    <p class='ocr_par' dir='ltr' id='par_1_56' title="bbox 179 3171 1796 3245">
     <span class='ocr_line' id='line_1_56' title="bbox 179 3171 1796 3245; baseline 0.001 -18"><span class='ocrx_word' id='word_1_413' title='bbox 179 3180 237 3228; x_wconf 91' lang='lat' dir='ltr'>et</span> <span class='ocrx_word' id='word_1_414' title='bbox 294 3173 502 3243; x_wconf 90' lang='lat' dir='ltr'>absque</span> <span class='ocrx_word' id='word_1_415' title='bbox 543 3171 712 3226; x_wconf 88' lang='lat' dir='ltr'>dubio</span> <span class='ocrx_word' id='word_1_416' title='bbox 754 3173 941 3227; x_wconf 90' lang='lat' dir='ltr'>dicere</span> <span class='ocrx_word' id='word_1_417' title='bbox 997 3172 1196 3242; x_wconf 89' lang='lat' dir='ltr'>potuit,</span> <span class='ocrx_word' id='word_1_418' title='bbox 1241 3172 1371 3245; x_wconf 89' lang='lat' dir='ltr'>quia</span> <span class='ocrx_word' id='word_1_419' title='bbox 1412 3173 1506 3228; x_wconf 92' lang='lat' dir='ltr'>diu</span> <span class='ocrx_word' id='word_1_420' title='bbox 1558 3173 1608 3228; x_wconf 92' lang='lat' dir='ltr'>ei</span> <span class='ocrx_word' id='word_1_421' title='bbox 1663 3189 1796 3229; x_wconf 93' lang='lat' dir='ltr'>con-</span> 
     </span>
    </p>
   </div>
   <div class='ocr_carea' id='block_1_57' title="bbox 174 3263 1790 3334">
    <p class='ocr_par' dir='ltr' id='par_1_57' title="bbox 174 3263 1790 3334">
     <span class='ocr_line' id='line_1_57' title="bbox 174 3263 1790 3334; baseline 0 -14"><span class='ocrx_word' id='word_1_422' title='bbox 174 3265 329 3320; x_wconf 85' lang='lat' dir='ltr'>vixit.</span> <span class='ocrx_word' id='word_1_423' title='bbox 394 3263 488 3318; x_wconf 77' lang='lat' dir='ltr'>Hic</span> <span class='ocrx_word' id='word_1_424' title='bbox 566 3263 709 3318; x_wconf 89' lang='lat' dir='ltr'>inter</span> <span class='ocrx_word' id='word_1_425' title='bbox 756 3269 957 3318; x_wconf 76' lang='lat' dir='ltr'>caetera</span> <span class='ocrx_word' id='word_1_426' title='bbox 1019 3263 1312 3334; x_wconf 84' lang='lat' dir='ltr'>descripsit</span> <span class='ocrx_word' id='word_1_427' title='bbox 1365 3272 1420 3319; x_wconf 92' lang='lat' dir='ltr'>et</span> <span class='ocrx_word' id='word_1_428' title='bbox 1469 3264 1790 3320; x_wconf 83' lang='lat' dir='ltr'>dinumera—</span> 
     </span>
    </p>
   </div>
   <div class='ocr_carea' id='block_1_58' title="bbox 175 3352 1792 3426">
    <p class='ocr_par' dir='ltr' id='par_1_58' title="bbox 175 3352 1792 3426">
     <span class='ocr_line' id='line_1_58' title="bbox 175 3352 1792 3426; baseline 0.001 -18"><span class='ocrx_word' id='word_1_429' title='bbox 175 3354 258 3408; x_wconf 89' lang='lat' dir='ltr'>vit</span> <span class='ocrx_word' id='word_1_430' title='bbox 313 3369 376 3408; x_wconf 90' lang='lat' dir='ltr'>ea</span> <span class='ocrx_word' id='word_1_431' title='bbox 421 3369 544 3424; x_wconf 73' lang='lat' dir='ltr'>qua:</span> <span class='ocrx_word' id='word_1_432' title='bbox 597 3352 688 3406; x_wconf 86' lang='lat' dir='ltr'>ille</span> <span class='ocrx_word' id='word_1_433' title='bbox 736 3352 789 3406; x_wconf 95' lang='lat' dir='ltr'>in</span> <span class='ocrx_word' id='word_1_434' title='bbox 832 3369 968 3407; x_wconf 92' lang='lat' dir='ltr'>auro</span> <span class='ocrx_word' id='word_1_435' title='bbox 1008 3358 1063 3407; x_wconf 91' lang='lat' dir='ltr'>et</span> <span class='ocrx_word' id='word_1_436' title='bbox 1109 3360 1338 3426; x_wconf 89' lang='lat' dir='ltr'>argento</span> <span class='ocrx_word' id='word_1_437' title='bbox 1386 3354 1519 3408; x_wconf 90' lang='lat' dir='ltr'>satis</span> <span class='ocrx_word' id='word_1_438' title='bbox 1563 3356 1792 3425; x_wconf 85' lang='lat' dir='ltr'>cepiosa</span> 
     </span>
    </p>
   </div>
   <div class='ocr_carea' id='block_1_59' title="bbox 171 3443 1793 3515">
    <p class='ocr_par' dir='ltr' id='par_1_59' title="bbox 171 3443 1793 3515">
     <span class='ocr_line' id='line_1_59' title="bbox 171 3443 1793 3515; baseline 0 -16"><span class='ocrx_word' id='word_1_439' title='bbox 171 3443 447 3499; x_wconf 67' lang='lat' dir='ltr'>aecclesiaa</span> <span class='ocrx_word' id='word_1_440' title='bbox 477 3443 571 3498; x_wconf 89' lang='lat' dir='ltr'>Dei</span> <span class='ocrx_word' id='word_1_441' title='bbox 604 3443 854 3499; x_wconf 90' lang='lat' dir='ltr'>contulit.</span> <span class='ocrx_word' id='word_1_442' title='bbox 893 3443 1020 3506; x_wconf 71' lang='lat' dir='ltr'>Quae</span> <span class='ocrx_word' id='word_1_443' title='bbox 1059 3443 1187 3515; x_wconf 89' lang='lat' dir='ltr'>quia</span> <span class='ocrx_word' id='word_1_444' title='bbox 1236 3443 1408 3498; x_wconf 91' lang='lat' dir='ltr'>lector</span> <span class='ocrx_word' id='word_1_445' title='bbox 1438 3443 1494 3497; x_wconf 92' lang='lat' dir='ltr'>in</span> <span class='ocrx_word' id='word_1_446' title='bbox 1527 3459 1627 3498; x_wconf 91' lang='lat' dir='ltr'>suo</span> <span class='ocrx_word' id='word_1_447' title='bbox 1673 3445 1793 3499; x_wconf 93' lang='lat' dir='ltr'>loco</span> 
     </span>
    </p>
   </div>
   <div class='ocr_carea' id='block_1_60' title="bbox 171 3532 1794 3604">
    <p class='ocr_par' dir='ltr' id='par_1_60' title="bbox 171 3532 1794 3604">
     <span class='ocr_line' id='line_1_60' title="bbox 171 3532 1794 3604; baseline 0.001 -16"><span class='ocrx_word' id='word_1_448' title='bbox 171 3534 332 3589; x_wconf 87' lang='lat' dir='ltr'>facile</span> <span class='ocrx_word' id='word_1_449' title='bbox 362 3534 568 3604; x_wconf 89' lang='lat' dir='ltr'>poterit</span> <span class='ocrx_word' id='word_1_450' title='bbox 599 3534 896 3604; x_wconf 87' lang='lat' dir='ltr'>repperire,</span> <span class='ocrx_word' id='word_1_451' title='bbox 931 3532 1271 3604; x_wconf 88' lang='lat' dir='ltr'>superﬂuum</span> <span class='ocrx_word' id='word_1_452' title='bbox 1303 3534 1582 3590; x_wconf 87' lang='lat' dir='ltr'>credimus</span> <span class='ocrx_word' id='word_1_453' title='bbox 1622 3550 1686 3589; x_wconf 91' lang='lat' dir='ltr'>ea</span> <span class='ocrx_word' id='word_1_454' title='bbox 1706 3535 1794 3590; x_wconf 92' lang='lat' dir='ltr'>hic</span> 
     </span>
    </p>
   </div>
   <div class='ocr_carea' id='block_1_61' title="bbox 169 3623 1794 3696">
    <p class='ocr_par' dir='ltr' id='par_1_61' title="bbox 169 3623 1794 3696">
     <span class='ocr_line' id='line_1_61' title="bbox 169 3623 1794 3696; baseline 0.001 -18"><span class='ocrx_word' id='word_1_455' title='bbox 169 3626 376 3680; x_wconf 89' lang='lat' dir='ltr'>iterum</span> <span class='ocrx_word' id='word_1_456' title='bbox 399 3624 686 3696; x_wconf 87' lang='lat' dir='ltr'>replicare.</span> <span class='ocrx_word' id='word_1_457' title='bbox 721 3623 914 3680; x_wconf 86' lang='lat' dir='ltr'>Merito</span> <span class='ocrx_word' id='word_1_458' title='bbox 929 3639 1060 3696; x_wconf 85' lang='lat' dir='ltr'>ergo</span> <span class='ocrx_word' id='word_1_459' title='bbox 1087 3623 1338 3695; x_wconf 90' lang='lat' dir='ltr'>queritur</span> <span class='ocrx_word' id='word_1_460' title='bbox 1368 3641 1398 3678; x_wconf 89' lang='lat' dir='ltr'>a</span> <span class='ocrx_word' id='word_1_461' title='bbox 1428 3624 1635 3691; x_wconf 92' lang='lat' dir='ltr'>multis,</span> <span class='ocrx_word' id='word_1_462' title='bbox 1669 3626 1794 3696; x_wconf 90' lang='lat' dir='ltr'>quis</span> 
     </span>
    </p>
   </div>
   <div class='ocr_carea' id='block_1_62' title="bbox 171 3714 1796 3789">
    <p class='ocr_par' dir='ltr' id='par_1_62' title="bbox 171 3714 1796 3789">
     <span class='ocr_line' id='line_1_62' title="bbox 171 3714 1796 3789; baseline -0.001 -18"><span class='ocrx_word' id='word_1_463' title='bbox 171 3732 239 3771; x_wconf 89' lang='lat' dir='ltr'>ea</span> <span class='ocrx_word' id='word_1_464' title='bbox 281 3715 634 3782; x_wconf 81' lang='lat' dir='ltr'>destruxerit,</span> <span class='ocrx_word' id='word_1_465' title='bbox 667 3716 796 3787; x_wconf 89' lang='lat' dir='ltr'>quid</span> <span class='ocrx_word' id='word_1_466' title='bbox 837 3715 965 3768; x_wconf 90' lang='lat' dir='ltr'>inde</span> <span class='ocrx_word' id='word_1_467' title='bbox 1022 3714 1218 3789; x_wconf 88' lang='lat' dir='ltr'>egerit,</span> <span class='ocrx_word' id='word_1_468' title='bbox 1261 3715 1396 3786; x_wconf 92' lang='lat' dir='ltr'>quid</span> <span class='ocrx_word' id='word_1_469' title='bbox 1435 3716 1796 3772; x_wconf 88' lang='lat' dir='ltr'>emolumenti</span> 
     </span>
    </p>
   </div>
   <div class='ocr_carea' id='block_1_63' title="bbox 173 3803 1795 3876">
    <p class='ocr_par' dir='ltr' id='par_1_63' title="bbox 173 3803 1795 3876">
     <span class='ocr_line' id='line_1_63' title="bbox 173 3803 1795 3876; baseline 0.002 -16"><span class='ocrx_word' id='word_1_470' title='bbox 173 3803 434 3860; x_wconf 77' lang='lat' dir='ltr'>:ecclesia</span> <span class='ocrx_word' id='word_1_471' title='bbox 465 3805 558 3859; x_wconf 89' lang='lat' dir='ltr'>Dei</span> <span class='ocrx_word' id='word_1_472' title='bbox 614 3805 743 3859; x_wconf 90' lang='lat' dir='ltr'>inde</span> <span class='ocrx_word' id='word_1_473' title='bbox 795 3805 1072 3870; x_wconf 87' lang='lat' dir='ltr'>habuerit,</span> <span class='ocrx_word' id='word_1_474' title='bbox 1117 3806 1204 3859; x_wconf 87' lang='lat' dir='ltr'>Eis</span> <span class='ocrx_word' id='word_1_475' title='bbox 1236 3823 1338 3862; x_wconf 92' lang='lat' dir='ltr'>nos</span> <span class='ocrx_word' id='word_1_476' title='bbox 1373 3808 1795 3876; x_wconf 85' lang='lat' dir='ltr'>respondentes,</span> 
     </span>
    </p>
   </div>
   <div class='ocr_carea' id='block_1_64' title="bbox 173 3896 1796 3967">
    <p class='ocr_par' dir='ltr' id='par_1_64' title="bbox 173 3896 1796 3967">
     <span class='ocr_line' id='line_1_64' title="bbox 173 3896 1796 3967; baseline -0.001 -15"><span class='ocrx_word' id='word_1_477' title='bbox 173 3912 288 3952; x_wconf 91' lang='lat' dir='ltr'>non</span> <span class='ocrx_word' id='word_1_478' title='bbox 322 3896 565 3967; x_wconf 87' lang='lat' dir='ltr'>aliquem</span> <span class='ocrx_word' id='word_1_479' title='bbox 616 3896 886 3964; x_wconf 88' lang='lat' dir='ltr'>majorum</span> <span class='ocrx_word' id='word_1_480' title='bbox 942 3902 1255 3950; x_wconf 89' lang='lat' dir='ltr'>nostrorum</span> <span class='ocrx_word' id='word_1_481' title='bbox 1310 3910 1650 3962; x_wconf 90' lang='lat' dir='ltr'>accusamus,</span> <span class='ocrx_word' id='word_1_482' title='bbox 1697 3899 1796 3952; x_wconf 89' lang='lat' dir='ltr'>sed</span> 
     </span>
    </p>
   </div>
   <div class='ocr_carea' id='block_1_65' title="bbox 177 3987 1788 4060">
    <p class='ocr_par' dir='ltr' id='par_1_65' title="bbox 177 3987 1788 4060">
     <span class='ocr_line' id='line_1_65' title="bbox 177 3987 1788 4060; baseline 0.001 -18"><span class='ocrx_word' id='word_1_483' title='bbox 177 4004 280 4044; x_wconf 91' lang='lat' dir='ltr'>nos</span> <span class='ocrx_word' id='word_1_484' title='bbox 311 3988 463 4058; x_wconf 89' lang='lat' dir='ltr'>ipsos</span> <span class='ocrx_word' id='word_1_485' title='bbox 502 4003 844 4043; x_wconf 80' lang='lat' dir='ltr'>excusemus.</span> <span class='ocrx_word' id='word_1_486' title='bbox 902 3987 1012 4043; x_wconf 91' lang='lat' dir='ltr'>Scit</span> <span class='ocrx_word' id='word_1_487' title='bbox 1040 3989 1203 4054; x_wconf 88' lang='lat' dir='ltr'>Deus,</span> <span class='ocrx_word' id='word_1_488' title='bbox 1245 3987 1374 4058; x_wconf 89' lang='lat' dir='ltr'>quia</span> <span class='ocrx_word' id='word_1_489' title='bbox 1426 3988 1648 4042; x_wconf 91' lang='lat' dir='ltr'>multam</span> <span class='ocrx_word' id='word_1_490' title='bbox 1683 4005 1788 4060; x_wconf 90' lang='lat' dir='ltr'>pe-</span> 
     </span>
    </p>
   </div>
   <div class='ocr_carea' id='block_1_66' title="bbox 174 4079 1792 4149">
    <p class='ocr_par' dir='ltr' id='par_1_66' title="bbox 174 4079 1792 4149">
     <span class='ocr_line' id='line_1_66' title="bbox 174 4079 1792 4149; baseline 0.001 -16"><span class='ocrx_word' id='word_1_491' title='bbox 174 4081 393 4134; x_wconf 89' lang='lat' dir='ltr'>nuriam</span> <span class='ocrx_word' id='word_1_492' title='bbox 424 4079 876 4134; x_wconf 89' lang='lat' dir='ltr'>vestimentorum</span> <span class='ocrx_word' id='word_1_493' title='bbox 911 4087 965 4134; x_wconf 88' lang='lat' dir='ltr'>et</span> <span class='ocrx_word' id='word_1_494' title='bbox 1002 4079 1200 4147; x_wconf 85' lang='lat' dir='ltr'>victus,</span> <span class='ocrx_word' id='word_1_495' title='bbox 1252 4079 1695 4149; x_wconf 57' lang='lat' dir='ltr'>depraedationes</span> <span class='ocrx_word' id='word_1_496' title='bbox 1736 4089 1792 4136; x_wconf 89' lang='lat' dir='ltr'>et</span> 
     </span>
    </p>
   </div>
   <div class='ocr_carea' id='block_1_67' title="bbox 172 4169 1789 4242">
    <p class='ocr_par' dir='ltr' id='par_1_67' title="bbox 172 4169 1789 4242">
     <span class='ocr_line' id='line_1_67' title="bbox 172 4169 1789 4242; baseline 0.002 -18"><span class='ocrx_word' id='word_1_497' title='bbox 172 4169 437 4224; x_wconf 89' lang='lat' dir='ltr'>incendia</span> <span class='ocrx_word' id='word_1_498' title='bbox 469 4177 524 4224; x_wconf 90' lang='lat' dir='ltr'>et</span> <span class='ocrx_word' id='word_1_499' title='bbox 553 4170 934 4225; x_wconf 86' lang='lat' dir='ltr'>tribulationes</span> <span class='ocrx_word' id='word_1_500' title='bbox 964 4172 1163 4226; x_wconf 88' lang='lat' dir='ltr'>multas</span> <span class='ocrx_word' id='word_1_501' title='bbox 1209 4171 1354 4242; x_wconf 90' lang='lat' dir='ltr'>passi</span> <span class='ocrx_word' id='word_1_502' title='bbox 1398 4189 1609 4240; x_wconf 91' lang='lat' dir='ltr'>sumus,</span> <span class='ocrx_word' id='word_1_503' title='bbox 1642 4189 1789 4227; x_wconf 90' lang='lat' dir='ltr'>nun—</span> 
     </span>
    </p>
   </div>
   <div class='ocr_carea' id='block_1_68' title="bbox 170 4260 1785 4330">
    <p class='ocr_par' dir='ltr' id='par_1_68' title="bbox 170 4260 1785 4330">
     <span class='ocr_line' id='line_1_68' title="bbox 170 4260 1785 4330; baseline 0.006 -18"><span class='ocrx_word' id='word_1_504' title='bbox 170 4275 340 4330; x_wconf 87' lang='lat' dir='ltr'>quam</span> <span class='ocrx_word' id='word_1_505' title='bbox 378 4268 558 4314; x_wconf 88' lang='lat' dir='ltr'>tamen</span> <span class='ocrx_word' id='word_1_506' title='bbox 582 4260 650 4314; x_wconf 91' lang='lat' dir='ltr'>de</span> <span class='ocrx_word' id='word_1_507' title='bbox 683 4261 940 4315; x_wconf 90' lang='lat' dir='ltr'>thesauro</span> <span class='ocrx_word' id='word_1_508' title='bbox 971 4260 1236 4317; x_wconf 73' lang='lat' dir='ltr'>aecclesiae</span> <span class='ocrx_word' id='word_1_509' title='bbox 1280 4262 1470 4318; x_wconf 89' lang='lat' dir='ltr'>valens</span> <span class='ocrx_word' id='word_1_510' title='bbox 1501 4281 1785 4321; x_wconf 89' lang='lat' dir='ltr'>nummum</span> 
     </span>
    </p>
   </div>
   <div class='ocr_carea' id='block_1_69' title="bbox 169 4353 1784 4412">
    <p class='ocr_par' dir='ltr' id='par_1_69' title="bbox 169 4353 1784 4412">
     <span class='ocr_line' id='line_1_69' title="bbox 169 4353 1784 4412; baseline 0.004 -6"><span class='ocrx_word' id='word_1_511' title='bbox 169 4355 228 4406; x_wconf 89' lang='lat' dir='ltr'>in</span> <span class='ocrx_word' id='word_1_512' title='bbox 279 4359 499 4407; x_wconf 91' lang='lat' dir='ltr'>sumtus</span> <span class='ocrx_word' id='word_1_513' title='bbox 528 4360 744 4408; x_wconf 91' lang='lat' dir='ltr'>nostros</span> <span class='ocrx_word' id='word_1_514' title='bbox 774 4353 1044 4408; x_wconf 89' lang='lat' dir='ltr'>misimus.</span> <span class='ocrx_word' id='word_1_515' title='bbox 1096 4354 1278 4408; x_wconf 85' lang='lat' dir='ltr'>Abbas</span> <span class='ocrx_word' id='word_1_516' title='bbox 1324 4355 1645 4412; x_wconf 83' lang='lat' dir='ltr'>Liethardus</span> <span class='ocrx_word' id='word_1_517' title='bbox 1691 4374 1784 4412; x_wconf 83' lang='lat' dir='ltr'>ex-</span> 
     </span>
    </p>
   </div>
   <div class='ocr_carea' id='block_1_70' title="bbox 1899 3079 3530 3150">
    <p class='ocr_par' dir='ltr' id='par_1_70' title="bbox 1899 3079 3530 3150">
     <span class='ocr_line' id='line_1_70' title="bbox 1899 3079 3530 3150; baseline 0.004 -18"><span class='ocrx_word' id='word_1_518' title='bbox 1899 3079 2209 3144; x_wconf 88' lang='lat' dir='ltr'>auctoritas,</span> <span class='ocrx_word' id='word_1_519' title='bbox 2243 3085 2296 3133; x_wconf 91' lang='lat' dir='ltr'>et</span> <span class='ocrx_word' id='word_1_520' title='bbox 2351 3080 2468 3150; x_wconf 91' lang='lat' dir='ltr'>ipsa</span> <span class='ocrx_word' id='word_1_521' title='bbox 2495 3090 2554 3133; x_wconf 93' lang='lat' dir='ltr'>ut</span> <span class='ocrx_word' id='word_1_522' title='bbox 2595 3080 2670 3134; x_wconf 92' lang='lat' dir='ltr'>ita</span> <span class='ocrx_word' id='word_1_523' title='bbox 2732 3081 2910 3135; x_wconf 89' lang='lat' dir='ltr'>dicam</span> <span class='ocrx_word' id='word_1_524' title='bbox 2943 3098 3067 3135; x_wconf 90' lang='lat' dir='ltr'>cum</span> <span class='ocrx_word' id='word_1_525' title='bbox 3103 3083 3341 3137; x_wconf 89' lang='lat' dir='ltr'>traheret</span> <span class='ocrx_word' id='word_1_526' title='bbox 3390 3084 3530 3138; x_wconf 85' lang='lat' dir='ltr'>kari-</span> 
     </span>
    </p>
   </div>
   <div class='ocr_carea' id='block_1_71' title="bbox 1897 3170 3525 3246">
    <p class='ocr_par' dir='ltr' id='par_1_71' title="bbox 1897 3170 3525 3246">
     <span class='ocr_line' id='line_1_71' title="bbox 1897 3170 3525 3246; baseline 0.003 -22"><span class='ocrx_word' id='word_1_527' title='bbox 1897 3177 2000 3224; x_wconf 89' lang='lat' dir='ltr'>tas.</span> <span class='ocrx_word' id='word_1_528' title='bbox 2049 3170 2104 3224; x_wconf 94' lang='lat' dir='ltr'>Si</span> <span class='ocrx_word' id='word_1_529' title='bbox 2159 3170 2456 3241; x_wconf 89' lang='lat' dir='ltr'>aliquando</span> <span class='ocrx_word' id='word_1_530' title='bbox 2509 3171 2682 3240; x_wconf 89' lang='lat' dir='ltr'>major</span> <span class='ocrx_word' id='word_1_531' title='bbox 2724 3171 2886 3227; x_wconf 92' lang='lat' dir='ltr'>solito</span> <span class='ocrx_word' id='word_1_532' title='bbox 2944 3189 3073 3227; x_wconf 92' lang='lat' dir='ltr'>cum</span> <span class='ocrx_word' id='word_1_533' title='bbox 3115 3189 3244 3228; x_wconf 89' lang='lat' dir='ltr'>cura</span> <span class='ocrx_word' id='word_1_534' title='bbox 3274 3173 3525 3246; x_wconf 82' lang='lat' dir='ltr'>urgebat,</span> 
     </span>
    </p>
   </div>
   <div class='ocr_carea' id='block_1_72' title="bbox 1896 3260 3529 3334">
    <p class='ocr_par' dir='ltr' id='par_1_72' title="bbox 1896 3260 3529 3334">
     <span class='ocr_line' id='line_1_72' title="bbox 1896 3260 3529 3334; baseline 0.004 -20"><span class='ocrx_word' id='word_1_535' title='bbox 1896 3260 2088 3314; x_wconf 85' lang='lat' dir='ltr'>horam</span> <span class='ocrx_word' id='word_1_536' title='bbox 2143 3260 2358 3331; x_wconf 90' lang='lat' dir='ltr'>prandii</span> <span class='ocrx_word' id='word_1_537' title='bbox 2403 3261 2460 3314; x_wconf 92' lang='lat' dir='ltr'>in</span> <span class='ocrx_word' id='word_1_538' title='bbox 2506 3260 2799 3317; x_wconf 88' lang='lat' dir='ltr'>refectorio</span> <span class='ocrx_word' id='word_1_539' title='bbox 2857 3263 3233 3334; x_wconf 86' lang='lat' dir='ltr'>anticipabat,</span> <span class='ocrx_word' id='word_1_540' title='bbox 3274 3269 3368 3318; x_wconf 84' lang='lat' dir='ltr'>aut</span> <span class='ocrx_word' id='word_1_541' title='bbox 3405 3275 3529 3334; x_wconf 89' lang='lat' dir='ltr'>post</span> 
     </span>
    </p>
   </div>
   <div class='ocr_carea' id='block_1_73' title="bbox 1897 3351 3526 3424">
    <p class='ocr_par' dir='ltr' id='par_1_73' title="bbox 1897 3351 3526 3424">
     <span class='ocr_line' id='line_1_73' title="bbox 1897 3351 3526 3424; baseline 0.002 -20"><span class='ocrx_word' id='word_1_542' title='bbox 1897 3351 2123 3406; x_wconf 87' lang='lat' dir='ltr'>fratrum</span> <span class='ocrx_word' id='word_1_543' title='bbox 2180 3351 2544 3408; x_wconf 84' lang='lat' dir='ltr'>refectionem</span> <span class='ocrx_word' id='word_1_544' title='bbox 2605 3369 2726 3408; x_wconf 91' lang='lat' dir='ltr'>cum</span> <span class='ocrx_word' id='word_1_545' title='bbox 2810 3353 3006 3424; x_wconf 89' lang='lat' dir='ltr'>paucis</span> <span class='ocrx_word' id='word_1_546' title='bbox 3088 3353 3273 3408; x_wconf 90' lang='lat' dir='ltr'>cibum</span> <span class='ocrx_word' id='word_1_547' title='bbox 3337 3368 3526 3408; x_wconf 89' lang='lat' dir='ltr'>sume-</span> 
     </span>
    </p>
   </div>
   <div class='ocr_carea' id='block_1_74' title="bbox 1899 3438 2013 3494">
    <p class='ocr_par' dir='ltr' id='par_1_74' title="bbox 1899 3438 2013 3494">
     <span class='ocr_line' id='line_1_74' title="bbox 1899 3438 2013 3494; baseline 0.018 -2"><span class='ocrx_word' id='word_1_548' title='bbox 1899 3438 2013 3494; x_wconf 92' lang='lat' dir='ltr'>bat.</span> 
     </span>
    </p>
   </div>
   <div class='ocr_carea' id='block_1_75' title="bbox 1965 3531 3524 3590">
    <p class='ocr_par' dir='ltr' id='par_1_75' title="bbox 1965 3531 3524 3590">
     <span class='ocr_line' id='line_1_75' title="bbox 1965 3531 3524 3590; baseline 0.003 -4"><span class='ocrx_word' id='word_1_549' title='bbox 1965 3531 2055 3586; x_wconf 87' lang='lat'>66.</span> <span class='ocrx_word' id='word_1_550' title='bbox 2080 3532 2145 3566; x_wconf 65' lang='grc'>7⁷³</span> <span class='ocrx_word' id='word_1_551' title='bbox 2175 3532 2494 3588; x_wconf 69' lang='grc' dir='ltr'>Αἰοοιθείδηι</span> <span class='ocrx_word' id='word_1_552' title='bbox 2528 3534 2670 3589; x_wconf 65' lang='lat' dir='ltr'>villae</span> <span class='ocrx_word' id='word_1_553' title='bbox 2712 3534 2849 3589; x_wconf 90' lang='lat' dir='ltr'>Dion</span> <span class='ocrx_word' id='word_1_554' title='bbox 2877 3551 3000 3590; x_wconf 93' lang='lat' dir='ltr'>cum</span> <span class='ocrx_word' id='word_1_555' title='bbox 3046 3535 3328 3590; x_wconf 88' lang='lat' dir='ltr'>dominica</span> <span class='ocrx_word' id='word_1_556' title='bbox 3372 3541 3524 3590; x_wconf 89' lang='lat' dir='ltr'>corte</span> 
     </span>
    </p>
   </div>
   <div class='ocr_carea' id='block_1_76' title="bbox 1900 3622 3524 3695">
    <p class='ocr_par' dir='ltr' id='par_1_76' title="bbox 1900 3622 3524 3695">
     <span class='ocr_line' id='line_1_76' title="bbox 1900 3622 3524 3695; baseline 0.002 -17"><span class='ocrx_word' id='word_1_557' title='bbox 1900 3640 1932 3678; x_wconf 85' lang='lat' dir='ltr'>a</span> <span class='ocrx_word' id='word_1_558' title='bbox 1961 3622 2230 3679; x_wconf 89' lang='lat' dir='ltr'>Guilelmo</span> <span class='ocrx_word' id='word_1_559' title='bbox 2261 3627 2331 3680; x_wconf 92' lang='lat' dir='ltr'>do</span> <span class='ocrx_word' id='word_1_560' title='bbox 2377 3626 2648 3682; x_wconf 89' lang='lat' dir='ltr'>Bellorivo</span> <span class='ocrx_word' id='word_1_561' title='bbox 2705 3627 3011 3695; x_wconf 90' lang='lat' dir='ltr'>incensam,</span> <span class='ocrx_word' id='word_1_562' title='bbox 3067 3629 3307 3684; x_wconf 90' lang='lat' dir='ltr'>domnus</span> <span class='ocrx_word' id='word_1_563' title='bbox 3351 3628 3524 3684; x_wconf 86' lang='lat' dir='ltr'>abbas</span> 
     </span>
    </p>
   </div>
   <div class='ocr_carea' id='block_1_77' title="bbox 1903 3717 3523 3790">
    <p class='ocr_par' dir='ltr' id='par_1_77' title="bbox 1903 3717 3523 3790">
     <span class='ocr_line' id='line_1_77' title="bbox 1903 3717 3523 3790; baseline 0.004 -20"><span class='ocrx_word' id='word_1_564' title='bbox 1903 3717 2228 3772; x_wconf 87' lang='lat' dir='ltr'>Liethardus</span> <span class='ocrx_word' id='word_1_565' title='bbox 2256 3718 2386 3772; x_wconf 92' lang='lat' dir='ltr'>dum</span> <span class='ocrx_word' id='word_1_566' title='bbox 2427 3719 2608 3773; x_wconf 88' lang='lat' dir='ltr'>adhuc</span> <span class='ocrx_word' id='word_1_567' title='bbox 2651 3729 2801 3774; x_wconf 90' lang='lat' dir='ltr'>esset</span> <span class='ocrx_word' id='word_1_568' title='bbox 2849 3721 3183 3790; x_wconf 71' lang='lat' dir='ltr'>prazpositus</span> <span class='ocrx_word' id='word_1_569' title='bbox 3211 3721 3267 3774; x_wconf 91' lang='lat' dir='ltr'>in</span> <span class='ocrx_word' id='word_1_570' title='bbox 3323 3721 3523 3776; x_wconf 91' lang='lat' dir='ltr'>melius</span> 
     </span>
    </p>
   </div>
   <div class='ocr_carea' id='block_1_78' title="bbox 1900 3805 3519 3878">
    <p class='ocr_par' dir='ltr' id='par_1_78' title="bbox 1900 3805 3519 3878">
     <span class='ocr_line' id='line_1_78' title="bbox 1900 3805 3519 3878; baseline 0.002 -19"><span class='ocrx_word' id='word_1_571' title='bbox 1900 3805 2236 3860; x_wconf 86' lang='lat' dir='ltr'>reformavit.</span> <span class='ocrx_word' id='word_1_572' title='bbox 2287 3805 2606 3861; x_wconf 64' lang='lat' dir='ltr'>Ecclesiam</span> <span class='ocrx_word' id='word_1_573' title='bbox 2665 3808 2829 3863; x_wconf 90' lang='lat' dir='ltr'>etiam</span> <span class='ocrx_word' id='word_1_574' title='bbox 2895 3809 3068 3864; x_wconf 90' lang='lat' dir='ltr'>sancti</span> <span class='ocrx_word' id='word_1_575' title='bbox 3143 3809 3406 3878; x_wconf 85' lang='lat' dir='ltr'>Nycholai</span> <span class='ocrx_word' id='word_1_576' title='bbox 3465 3809 3519 3862; x_wconf 90' lang='lat' dir='ltr'>in</span> 
     </span>
    </p>
   </div>
   <div class='ocr_carea' id='block_1_79' title="bbox 1899 3897 3519 3964">
    <p class='ocr_par' dir='ltr' id='par_1_79' title="bbox 1899 3897 3519 3964">
     <span class='ocr_line' id='line_1_79' title="bbox 1899 3897 3519 3964; baseline 0.001 -11"><span class='ocrx_word' id='word_1_577' title='bbox 1899 3897 2029 3953; x_wconf 88' lang='lat' dir='ltr'>villa</span> <span class='ocrx_word' id='word_1_578' title='bbox 2057 3898 2248 3952; x_wconf 85' lang='lat' dir='ltr'>Sovrei</span> <span class='ocrx_word' id='word_1_579' title='bbox 2288 3914 2318 3952; x_wconf 87' lang='lat' dir='ltr'>a</span> <span class='ocrx_word' id='word_1_580' title='bbox 2349 3897 2722 3954; x_wconf 89' lang='lat' dir='ltr'>fundamentis</span> <span class='ocrx_word' id='word_1_581' title='bbox 2751 3901 3084 3964; x_wconf 89' lang='lat' dir='ltr'>construxit,</span> <span class='ocrx_word' id='word_1_582' title='bbox 3112 3907 3318 3954; x_wconf 90' lang='lat' dir='ltr'>cortem</span> <span class='ocrx_word' id='word_1_583' title='bbox 3352 3900 3519 3954; x_wconf 89' lang='lat' dir='ltr'>Gem-</span> 
     </span>
    </p>
   </div>
   <div class='ocr_carea' id='block_1_80' title="bbox 1893 3991 3515 4062">
    <p class='ocr_par' dir='ltr' id='par_1_80' title="bbox 1893 3991 3515 4062">
     <span class='ocr_line' id='line_1_80' title="bbox 1893 3991 3515 4062; baseline 0 -16"><span class='ocrx_word' id='word_1_584' title='bbox 1893 3991 2264 4046; x_wconf 90' lang='lat' dir='ltr'>melacensem</span> <span class='ocrx_word' id='word_1_585' title='bbox 2298 4007 2418 4062; x_wconf 62' lang='lat' dir='ltr'>quae</span> <span class='ocrx_word' id='word_1_586' title='bbox 2460 3991 2678 4062; x_wconf 85' lang='lat' dir='ltr'>Capella</span> <span class='ocrx_word' id='word_1_587' title='bbox 2721 3991 2925 4046; x_wconf 88' lang='lat' dir='ltr'>dicitur</span> <span class='ocrx_word' id='word_1_588' title='bbox 2954 3993 3022 4046; x_wconf 90' lang='lat' dir='ltr'>ab</span> <span class='ocrx_word' id='word_1_589' title='bbox 3074 3992 3288 4047; x_wconf 90' lang='lat' dir='ltr'>hostico</span> <span class='ocrx_word' id='word_1_590' title='bbox 3317 3992 3515 4046; x_wconf 88' lang='lat' dir='ltr'>Namu-</span> 
     </span>
    </p>
   </div>
   <div class='ocr_carea' id='block_1_81' title="bbox 1891 4082 3520 4148">
    <p class='ocr_par' dir='ltr' id='par_1_81' title="bbox 1891 4082 3520 4148">
     <span class='ocr_line' id='line_1_81' title="bbox 1891 4082 3520 4148; baseline 0 -10"><span class='ocrx_word' id='word_1_591' title='bbox 1891 4082 2044 4138; x_wconf 89' lang='lat' dir='ltr'>censi</span> <span class='ocrx_word' id='word_1_592' title='bbox 2071 4082 2380 4148; x_wconf 88' lang='lat' dir='ltr'>incensam,</span> <span class='ocrx_word' id='word_1_593' title='bbox 2415 4099 2535 4138; x_wconf 92' lang='lat' dir='ltr'>cum</span> <span class='ocrx_word' id='word_1_594' title='bbox 2578 4083 2838 4138; x_wconf 89' lang='lat' dir='ltr'>omnibus</span> <span class='ocrx_word' id='word_1_595' title='bbox 2876 4083 3115 4139; x_wconf 78' lang='lat' dir='ltr'>officinis</span> <span class='ocrx_word' id='word_1_596' title='bbox 3141 4083 3256 4137; x_wconf 91' lang='lat' dir='ltr'>suis</span> <span class='ocrx_word' id='word_1_597' title='bbox 3286 4099 3520 4138; x_wconf 84' lang='lat' dir='ltr'>renova-</span> 
     </span>
    </p>
   </div>
   <div class='ocr_carea' id='block_1_82' title="bbox 1891 4171 3519 4245">
    <p class='ocr_par' dir='ltr' id='par_1_82' title="bbox 1891 4171 3519 4245">
     <span class='ocr_line' id='line_1_82' title="bbox 1891 4171 3519 4245; baseline 0.001 -19"><span class='ocrx_word' id='word_1_598' title='bbox 1891 4171 1987 4238; x_wconf 88' lang='lat' dir='ltr'>vit,</span> <span class='ocrx_word' id='word_1_599' title='bbox 2042 4171 2283 4226; x_wconf 88' lang='lat' dir='ltr'>culturas</span> <span class='ocrx_word' id='word_1_600' title='bbox 2335 4187 2589 4245; x_wconf 81' lang='lat' dir='ltr'>agrorum</span> <span class='ocrx_word' id='word_1_601' title='bbox 2654 4172 2709 4225; x_wconf 92' lang='lat' dir='ltr'>in</span> <span class='ocrx_word' id='word_1_602' title='bbox 2747 4171 2895 4226; x_wconf 91' lang='lat' dir='ltr'>villis</span> <span class='ocrx_word' id='word_1_603' title='bbox 2933 4180 2989 4227; x_wconf 92' lang='lat' dir='ltr'>et</span> <span class='ocrx_word' id='word_1_604' title='bbox 3045 4172 3382 4243; x_wconf 89' lang='lat' dir='ltr'>municipiis,</span> <span class='ocrx_word' id='word_1_605' title='bbox 3417 4172 3519 4228; x_wconf 92' lang='lat' dir='ltr'>hoc</span> 
     </span>
    </p>
   </div>
   <div class='ocr_carea' id='block_1_83' title="bbox 1892 4263 3518 4336">
    <p class='ocr_par' dir='ltr' id='par_1_83' title="bbox 1892 4263 3518 4336">
     <span class='ocr_line' id='line_1_83' title="bbox 1892 4263 3518 4336; baseline -0.001 -18"><span class='ocrx_word' id='word_1_606' title='bbox 1892 4270 1975 4318; x_wconf 89' lang='lat' dir='ltr'>est</span> <span class='ocrx_word' id='word_1_607' title='bbox 2004 4263 2229 4328; x_wconf 89' lang='lat' dir='ltr'>Sterias,</span> <span class='ocrx_word' id='word_1_608' title='bbox 2269 4263 2579 4336; x_wconf 82' lang='lat' dir='ltr'>Jandrigul,</span> <span class='ocrx_word' id='word_1_609' title='bbox 2616 4264 2921 4333; x_wconf 86' lang='lat' dir='ltr'>Sethejam,</span> <span class='ocrx_word' id='word_1_610' title='bbox 2977 4263 3316 4330; x_wconf 88' lang='lat' dir='ltr'>Bavenchin,</span> <span class='ocrx_word' id='word_1_611' title='bbox 3359 4263 3518 4331; x_wconf 90' lang='lat' dir='ltr'>Dion,</span> 
     </span>
    </p>
   </div>
   <div class='ocr_carea' id='block_1_84' title="bbox 1891 4350 3517 4421">
    <p class='ocr_par' dir='ltr' id='par_1_84' title="bbox 1891 4350 3517 4421">
     <span class='ocr_line' id='line_1_84' title="bbox 1891 4350 3517 4421; baseline 0 -15"><span class='ocrx_word' id='word_1_612' title='bbox 1891 4352 2174 4417; x_wconf 89' lang='lat' dir='ltr'>Genehen,</span> <span class='ocrx_word' id='word_1_613' title='bbox 2208 4352 2421 4417; x_wconf 88' lang='lat' dir='ltr'>Sovrei,</span> <span class='ocrx_word' id='word_1_614' title='bbox 2455 4353 2594 4419; x_wconf 87' lang='lat' dir='ltr'>Niel,</span> <span class='ocrx_word' id='word_1_615' title='bbox 2639 4353 2844 4408; x_wconf 88' lang='lat' dir='ltr'>Pictam</span> <span class='ocrx_word' id='word_1_616' title='bbox 2879 4352 3086 4418; x_wconf 88' lang='lat' dir='ltr'>villam,</span> <span class='ocrx_word' id='word_1_617' title='bbox 3151 4351 3372 4421; x_wconf 86' lang='lat' dir='ltr'>Eyneis,</span> <span class='ocrx_word' id='word_1_618' title='bbox 3417 4350 3517 4406; x_wconf 84' lang='lat' dir='ltr'>Ca-</span> 
     </span>
    </p>
   </div>
   <div class='ocr_carea' id='block_1_85' title="bbox 167 4408 3514 4522">
    <p class='ocr_par' dir='ltr' id='par_1_85' title="bbox 167 4408 3514 4522">
     <span class='ocr_line' id='line_1_85' title="bbox 167 4408 3514 4522; baseline -0.002 -23"><span class='ocrx_word' id='word_1_619' title='bbox 167 4454 334 4516; x_wconf 89' lang='lat' dir='ltr'>cepto</span> <span class='ocrx_word' id='word_1_620' title='bbox 367 4445 517 4515; x_wconf 90' lang='lat' dir='ltr'>quod</span> <span class='ocrx_word' id='word_1_621' title='bbox 538 4453 1268 4516; x_wconf 85' lang='lat' dir='ltr'>acceperantantecessores</span> <span class='ocrx_word' id='word_1_622' title='bbox 1293 4448 1432 4516; x_wconf 91' lang='lat' dir='ltr'>ejus,</span> <span class='ocrx_word' id='word_1_623' title='bbox 1462 4449 1586 4519; x_wconf 91' lang='lat' dir='ltr'>plus</span> <span class='ocrx_word' id='word_1_624' title='bbox 1623 4467 1784 4522; x_wconf 89' lang='lat' dir='ltr'>quam</span> <span class='ocrx_word' id='word_1_625' title='bbox 1812 4408 1863 4474; x_wconf 83' lang='lat' dir='ltr'>D</span> <span class='ocrx_word' id='word_1_626' title='bbox 1890 4440 2113 4510; x_wconf 83' lang='lat' dir='ltr'>pellam,</span> <span class='ocrx_word' id='word_1_627' title='bbox 2173 4446 2335 4511; x_wconf 88' lang='lat' dir='ltr'>prout</span> <span class='ocrx_word' id='word_1_628' title='bbox 2372 4440 2543 4494; x_wconf 88' lang='lat' dir='ltr'>valuit</span> <span class='ocrx_word' id='word_1_629' title='bbox 2604 4441 2744 4494; x_wconf 89' lang='lat' dir='ltr'>bene</span> <span class='ocrx_word' id='word_1_630' title='bbox 2786 4449 2840 4495; x_wconf 90' lang='lat' dir='ltr'>et</span> <span class='ocrx_word' id='word_1_631' title='bbox 2889 4448 3164 4510; x_wconf 90' lang='lat' dir='ltr'>oportune</span> <span class='ocrx_word' id='word_1_632' title='bbox 3222 4438 3514 4509; x_wconf 87' lang='lat' dir='ltr'>disposuit.</span> 
     </span>
    </p>
   </div>
   <div class='ocr_carea' id='block_1_86' title="bbox 167 4537 1788 4609">
    <p class='ocr_par' dir='ltr' id='par_1_86' title="bbox 167 4537 1788 4609">
     <span class='ocr_line' id='line_1_86' title="bbox 167 4537 1788 4609; baseline 0.003 -15"><span class='ocrx_word' id='word_1_633' title='bbox 167 4545 396 4594; x_wconf 81' lang='lat' dir='ltr'>centum</span> <span class='ocrx_word' id='word_1_634' title='bbox 429 4537 621 4609; x_wconf 81' lang='lat' dir='ltr'>viginti</span> <span class='ocrx_word' id='word_1_635' title='bbox 652 4538 996 4593; x_wconf 86' lang='lat' dir='ltr'>marcharum</span> <span class='ocrx_word' id='word_1_636' title='bbox 1028 4539 1272 4609; x_wconf 91' lang='lat' dir='ltr'>precium</span> <span class='ocrx_word' id='word_1_637' title='bbox 1305 4539 1373 4594; x_wconf 87' lang='lat' dir='ltr'>de</span> <span class='ocrx_word' id='word_1_638' title='bbox 1403 4541 1656 4596; x_wconf 90' lang='lat' dir='ltr'>thesauro</span> <span class='ocrx_word' id='word_1_639' title='bbox 1678 4559 1788 4599; x_wconf 68' lang='lat' dir='ltr'>aec-</span> 
     </span>
    </p>
   </div>
   <div class='ocr_carea' id='block_1_87' title="bbox 166 4625 1786 4698">
    <p class='ocr_par' dir='ltr' id='par_1_87' title="bbox 166 4625 1786 4698">
     <span class='ocr_line' id='line_1_87' title="bbox 166 4625 1786 4698; baseline 0.002 -16"><span class='ocrx_word' id='word_1_640' title='bbox 166 4627 357 4682; x_wconf 68' lang='lat' dir='ltr'>clesire</span> <span class='ocrx_word' id='word_1_641' title='bbox 387 4625 541 4681; x_wconf 90' lang='lat' dir='ltr'>dedit</span> <span class='ocrx_word' id='word_1_642' title='bbox 564 4626 857 4682; x_wconf 87' lang='lat' dir='ltr'>deﬁciente</span> <span class='ocrx_word' id='word_1_643' title='bbox 886 4628 989 4682; x_wconf 88' lang='lat' dir='ltr'>sibi</span> <span class='ocrx_word' id='word_1_644' title='bbox 1013 4627 1272 4698; x_wconf 89' lang='lat' dir='ltr'>pecunia,</span> <span class='ocrx_word' id='word_1_645' title='bbox 1322 4629 1390 4683; x_wconf 83' lang='lat' dir='ltr'>ad</span> <span class='ocrx_word' id='word_1_646' title='bbox 1421 4630 1786 4687; x_wconf 89' lang='lat' dir='ltr'>coemtionem</span> 
     </span>
    </p>
   </div>
   <div class='ocr_carea' id='block_1_88' title="bbox 166 4714 1787 4788">
    <p class='ocr_par' dir='ltr' id='par_1_88' title="bbox 166 4714 1787 4788">
     <span class='ocr_line' id='line_1_88' title="bbox 166 4714 1787 4788; baseline 0.004 -20"><span class='ocrx_word' id='word_1_647' title='bbox 166 4715 507 4786; x_wconf 60' lang='lat' dir='ltr'>praediorum</span> <span class='ocrx_word' id='word_1_648' title='bbox 543 4714 597 4768; x_wconf 91' lang='lat' dir='ltr'>in</span> <span class='ocrx_word' id='word_1_649' title='bbox 629 4716 881 4788; x_wconf 84' lang='lat' dir='ltr'>angustis</span> <span class='ocrx_word' id='word_1_650' title='bbox 919 4716 1181 4787; x_wconf 91' lang='lat' dir='ltr'>temporis</span> <span class='ocrx_word' id='word_1_651' title='bbox 1210 4733 1318 4788; x_wconf 92' lang='lat' dir='ltr'>quo</span> <span class='ocrx_word' id='word_1_652' title='bbox 1349 4717 1522 4772; x_wconf 84' lang='lat' dir='ltr'>nimia</span> <span class='ocrx_word' id='word_1_653' title='bbox 1550 4734 1787 4775; x_wconf 66' lang='lat' dir='ltr'>annonae</span> 
     </span>
    </p>
   </div>
   <div class='ocr_carea' id='block_1_89' title="bbox 165 4805 1788 4879">
    <p class='ocr_par' dir='ltr' id='par_1_89' title="bbox 165 4805 1788 4879">
     <span class='ocr_line' id='line_1_89' title="bbox 165 4805 1788 4879; baseline 0.003 -19"><span class='ocrx_word' id='word_1_654' title='bbox 165 4808 366 4862; x_wconf 86' lang='lat' dir='ltr'>raritas</span> <span class='ocrx_word' id='word_1_655' title='bbox 394 4805 514 4860; x_wconf 91' lang='lat' dir='ltr'>fuit.</span> <span class='ocrx_word' id='word_1_656' title='bbox 552 4806 796 4878; x_wconf 88' lang='lat' dir='ltr'>Cumque</span> <span class='ocrx_word' id='word_1_657' title='bbox 829 4807 1020 4862; x_wconf 86' lang='lat' dir='ltr'>fratres</span> <span class='ocrx_word' id='word_1_658' title='bbox 1049 4815 1294 4878; x_wconf 87' lang='lat' dir='ltr'>tempore</span> <span class='ocrx_word' id='word_1_659' title='bbox 1330 4807 1508 4879; x_wconf 91' lang='lat' dir='ltr'>ipsius</span> <span class='ocrx_word' id='word_1_660' title='bbox 1547 4818 1600 4864; x_wconf 90' lang='lat' dir='ltr'>et</span> <span class='ocrx_word' id='word_1_661' title='bbox 1630 4818 1788 4865; x_wconf 89' lang='lat' dir='ltr'>ante-</span> 
     </span>
    </p>
   </div>
   <div class='ocr_carea' id='block_1_90' title="bbox 167 4897 1784 4974">
    <p class='ocr_par' dir='ltr' id='par_1_90' title="bbox 167 4897 1784 4974">
     <span class='ocr_line' id='line_1_90' title="bbox 167 4897 1784 4974; baseline 0.004 -22"><span class='ocrx_word' id='word_1_662' title='bbox 167 4913 456 4953; x_wconf 88' lang='lat' dir='ltr'>cessorum</span> <span class='ocrx_word' id='word_1_663' title='bbox 487 4897 607 4965; x_wconf 90' lang='lat' dir='ltr'>ejus</span> <span class='ocrx_word' id='word_1_664' title='bbox 638 4898 868 4952; x_wconf 90' lang='lat' dir='ltr'>nimium</span> <span class='ocrx_word' id='word_1_665' title='bbox 910 4899 1387 4964; x_wconf 89' lang='lat' dir='ltr'>contristarentur,</span> <span class='ocrx_word' id='word_1_666' title='bbox 1419 4901 1567 4973; x_wconf 89' lang='lat' dir='ltr'>quod</span> <span class='ocrx_word' id='word_1_667' title='bbox 1581 4918 1646 4957; x_wconf 90' lang='lat' dir='ltr'>ea</span> <span class='ocrx_word' id='word_1_668' title='bbox 1661 4919 1784 4974; x_wconf 70' lang='lat' dir='ltr'>quae</span> 
     </span>
    </p>
   </div>
   <div class='ocr_carea' id='block_1_91' title="bbox 166 4988 1787 5050">
    <p class='ocr_par' dir='ltr' id='par_1_91' title="bbox 166 4988 1787 5050">
     <span class='ocr_line' id='line_1_91' title="bbox 166 4988 1787 5050; baseline 0.004 -6"><span class='ocrx_word' id='word_1_669' title='bbox 166 4989 236 5044; x_wconf 84' lang='lat' dir='ltr'>ad</span> <span class='ocrx_word' id='word_1_670' title='bbox 271 4989 372 5043; x_wconf 91' lang='lat' dir='ltr'>Dei</span> <span class='ocrx_word' id='word_1_671' title='bbox 403 4988 610 5044; x_wconf 89' lang='lat' dir='ltr'>cultum</span> <span class='ocrx_word' id='word_1_672' title='bbox 659 4996 714 5044; x_wconf 89' lang='lat' dir='ltr'>et</span> <span class='ocrx_word' id='word_1_673' title='bbox 743 4991 812 5044; x_wconf 85' lang='lat' dir='ltr'>ad</span> <span class='ocrx_word' id='word_1_674' title='bbox 852 4991 1117 5046; x_wconf 64' lang='lat' dir='ltr'>ecclesia:</span> <span class='ocrx_word' id='word_1_675' title='bbox 1147 4999 1398 5049; x_wconf 90' lang='lat' dir='ltr'>ornatum</span> <span class='ocrx_word' id='word_1_676' title='bbox 1431 4995 1626 5050; x_wconf 88' lang='lat' dir='ltr'>collata</span> <span class='ocrx_word' id='word_1_677' title='bbox 1667 4994 1787 5050; x_wconf 87' lang='lat' dir='ltr'>fue-</span> 
     </span>
    </p>
   </div>
   <div class='ocr_carea' id='block_1_92' title="bbox 166 5078 1798 5156">
    <p class='ocr_par' dir='ltr' id='par_1_92' title="bbox 166 5078 1798 5156">
     <span class='ocr_line' id='line_1_92' title="bbox 166 5078 1798 5156; baseline 0.003 -23"><span class='ocrx_word' id='word_1_678' title='bbox 166 5085 292 5133; x_wconf 89' lang='lat' dir='ltr'>rant</span> <span class='ocrx_word' id='word_1_679' title='bbox 339 5078 786 5146; x_wconf 89' lang='lat' dir='ltr'>destruerentur,</span> <span class='ocrx_word' id='word_1_680' title='bbox 820 5081 1071 5150; x_wconf 86' lang='lat' dir='ltr'>quamvis</span> <span class='ocrx_word' id='word_1_681' title='bbox 1105 5082 1246 5149; x_wconf 84' lang='lat' dir='ltr'>iusta</span> <span class='ocrx_word' id='word_1_682' title='bbox 1289 5099 1454 5138; x_wconf 88' lang='lat' dir='ltr'>causa</span> <span class='ocrx_word' id='word_1_683' title='bbox 1481 5084 1536 5137; x_wconf 93' lang='lat' dir='ltr'>id</span> <span class='ocrx_word' id='word_1_684' title='bbox 1578 5084 1798 5156; x_wconf 75' lang='lat' dir='ltr'>exigere</span> 
     </span>
    </p>
   </div>
   <div class='ocr_carea' id='block_1_93' title="bbox 164 5169 1796 5241">
    <p class='ocr_par' dir='ltr' id='par_1_93' title="bbox 164 5169 1796 5241">
     <span class='ocr_line' id='line_1_93' title="bbox 164 5169 1796 5241; baseline 0.002 -20"><span class='ocrx_word' id='word_1_685' title='bbox 164 5169 474 5235; x_wconf 87' lang='lat' dir='ltr'>videretur,</span> <span class='ocrx_word' id='word_1_686' title='bbox 500 5169 728 5225; x_wconf 88' lang='lat' dir='ltr'>abbates</span> <span class='ocrx_word' id='word_1_687' title='bbox 769 5171 871 5224; x_wconf 91' lang='lat' dir='ltr'>hac</span> <span class='ocrx_word' id='word_1_688' title='bbox 902 5172 1264 5241; x_wconf 89' lang='lat' dir='ltr'>responsione</span> <span class='ocrx_word' id='word_1_689' title='bbox 1302 5188 1362 5228; x_wconf 90' lang='lat' dir='ltr'>se</span> <span class='ocrx_word' id='word_1_690' title='bbox 1402 5173 1796 5231; x_wconf 71' lang='lat' dir='ltr'>defendebant:</span> 
     </span>
    </p>
   </div>
   <div class='ocr_carea' id='block_1_94' title="bbox 166 5257 1794 5332">
    <p class='ocr_par' dir='ltr' id='par_1_94' title="bbox 166 5257 1794 5332">
     <span class='ocr_line' id='line_1_94' title="bbox 166 5257 1794 5332; baseline 0.003 -21"><span class='ocrx_word' id='word_1_691' title='bbox 166 5267 222 5312; x_wconf 90' lang='lat' dir='ltr'>et</span> <span class='ocrx_word' id='word_1_692' title='bbox 276 5258 391 5312; x_wconf 89' lang='lat' dir='ltr'>hoc</span> <span class='ocrx_word' id='word_1_693' title='bbox 448 5257 503 5310; x_wconf 91' lang='lat' dir='ltr'>in</span> <span class='ocrx_word' id='word_1_694' title='bbox 545 5259 628 5312; x_wconf 89' lang='lat' dir='ltr'>sui</span> <span class='ocrx_word' id='word_1_695' title='bbox 680 5259 1092 5314; x_wconf 85' lang='lat' dir='ltr'>excusationem</span> <span class='ocrx_word' id='word_1_696' title='bbox 1135 5258 1391 5316; x_wconf 89' lang='lat' dir='ltr'>fratribus</span> <span class='ocrx_word' id='word_1_697' title='bbox 1437 5261 1794 5332; x_wconf 89' lang='lat' dir='ltr'>objiciebant.</span> 
     </span>
    </p>
   </div>
   <div class='ocr_carea' id='block_1_95' title="bbox 165 5348 1794 5420">
    <p class='ocr_par' dir='ltr' id='par_1_95' title="bbox 165 5348 1794 5420">
     <span class='ocr_line' id='line_1_95' title="bbox 165 5348 1794 5420; baseline 0.006 -18"><span class='ocrx_word' id='word_1_698' title='bbox 165 5348 554 5418; x_wconf 90' lang='lat' dir='ltr'>Dicebantper</span> <span class='ocrx_word' id='word_1_699' title='bbox 583 5349 936 5420; x_wconf 69' lang='lat' dir='ltr'>praeditorum</span> <span class='ocrx_word' id='word_1_700' title='bbox 969 5351 1334 5407; x_wconf 90' lang='lat' dir='ltr'>coemtionem</span> <span class='ocrx_word' id='word_1_701' title='bbox 1366 5351 1484 5408; x_wconf 88' lang='lat' dir='ltr'>fieri</span> <span class='ocrx_word' id='word_1_702' title='bbox 1512 5355 1794 5411; x_wconf 65' lang='lat' dir='ltr'>atcclesia-</span> 
     </span>
    </p>
   </div>
   <div class='ocr_carea' id='block_1_96' title="bbox 166 5441 1788 5516">
    <p class='ocr_par' dir='ltr' id='par_1_96' title="bbox 166 5441 1788 5516">
     <span class='ocr_line' id='line_1_96' title="bbox 166 5441 1788 5516; baseline 0.007 -24"><span class='ocrx_word' id='word_1_703' title='bbox 166 5441 431 5494; x_wconf 86' lang='lat' dir='ltr'>sticarum</span> <span class='ocrx_word' id='word_1_704' title='bbox 457 5456 639 5494; x_wconf 91' lang='lat' dir='ltr'>rerum</span> <span class='ocrx_word' id='word_1_705' title='bbox 671 5442 1135 5508; x_wconf 89' lang='lat' dir='ltr'>meliorationem,</span> <span class='ocrx_word' id='word_1_706' title='bbox 1168 5459 1291 5498; x_wconf 91' lang='lat' dir='ltr'>cum</span> <span class='ocrx_word' id='word_1_707' title='bbox 1315 5459 1438 5512; x_wconf 91' lang='lat' dir='ltr'>nos,</span> <span class='ocrx_word' id='word_1_708' title='bbox 1471 5462 1569 5516; x_wconf 93' lang='lat' dir='ltr'>pro</span> <span class='ocrx_word' id='word_1_709' title='bbox 1598 5447 1788 5503; x_wconf 84' lang='lat' dir='ltr'>dolori</span> 
     </span>
    </p>
   </div>
   <div class='ocr_carea' id='block_1_97' title="bbox 167 5528 1790 5607">
    <p class='ocr_par' dir='ltr' id='par_1_97' title="bbox 167 5528 1790 5607">
     <span class='ocr_line' id='line_1_97' title="bbox 167 5528 1790 5607; baseline 0.006 -25"><span class='ocrx_word' id='word_1_710' title='bbox 167 5528 460 5584; x_wconf 88' lang='lat' dir='ltr'>videamus</span> <span class='ocrx_word' id='word_1_711' title='bbox 499 5528 948 5587; x_wconf 88' lang='lat' dir='ltr'>minorationem.</span> <span class='ocrx_word' id='word_1_712' title='bbox 980 5531 1268 5587; x_wconf 80' lang='lat' dir='ltr'>Addebam</span> <span class='ocrx_word' id='word_1_713' title='bbox 1304 5535 1607 5590; x_wconf 88' lang='lat' dir='ltr'>cavendum</span> <span class='ocrx_word' id='word_1_714' title='bbox 1641 5537 1790 5607; x_wconf 91' lang='lat' dir='ltr'>quod</span> 
     </span>
    </p>
   </div>
   <div class='ocr_carea' id='block_1_98' title="bbox 1890 4525 3518 4595">
    <p class='ocr_par' dir='ltr' id='par_1_98' title="bbox 1890 4525 3518 4595">
     <span class='ocr_line' id='line_1_98' title="bbox 1890 4525 3518 4595; baseline -0.002 -13"><span class='ocrx_word' id='word_1_715' title='bbox 1890 4528 2247 4584; x_wconf 88' lang='lat' dir='ltr'>Salvenerias</span> <span class='ocrx_word' id='word_1_716' title='bbox 2282 4528 2450 4582; x_wconf 88' lang='lat' dir='ltr'>etiam</span> <span class='ocrx_word' id='word_1_717' title='bbox 2495 4544 2616 4583; x_wconf 92' lang='lat' dir='ltr'>cum</span> <span class='ocrx_word' id='word_1_718' title='bbox 2652 4534 2793 4582; x_wconf 88' lang='lat' dir='ltr'>terra</span> <span class='ocrx_word' id='word_1_719' title='bbox 2822 4527 3117 4595; x_wconf 89' lang='lat' dir='ltr'>adjacenti,</span> <span class='ocrx_word' id='word_1_720' title='bbox 3152 4534 3209 4582; x_wconf 90' lang='lat' dir='ltr'>et</span> <span class='ocrx_word' id='word_1_721' title='bbox 3247 4525 3518 4582; x_wconf 90' lang='lat' dir='ltr'>molendi-</span> 
     </span>
    </p>
   </div>
   <div class='ocr_carea' id='block_1_99' title="bbox 1888 4617 3518 4686">
    <p class='ocr_par' dir='ltr' id='par_1_99' title="bbox 1888 4617 3518 4686">
     <span class='ocr_line' id='line_1_99' title="bbox 1888 4617 3518 4686; baseline -0.004 -11"><span class='ocrx_word' id='word_1_722' title='bbox 1888 4637 2016 4675; x_wconf 91' lang='lat' dir='ltr'>num</span> <span class='ocrx_word' id='word_1_723' title='bbox 2044 4620 2188 4674; x_wconf 71' lang='lat' dir='ltr'>villae</span> <span class='ocrx_word' id='word_1_724' title='bbox 2220 4619 2426 4674; x_wconf 89' lang='lat' dir='ltr'>Masniz</span> <span class='ocrx_word' id='word_1_725' title='bbox 2474 4618 2708 4674; x_wconf 84' lang='lat' dir='ltr'>infirmis</span> <span class='ocrx_word' id='word_1_726' title='bbox 2750 4619 2972 4686; x_wconf 88' lang='lat' dir='ltr'>nostris,</span> <span class='ocrx_word' id='word_1_727' title='bbox 3004 4627 3060 4674; x_wconf 88' lang='lat' dir='ltr'>et</span> <span class='ocrx_word' id='word_1_728' title='bbox 3089 4618 3157 4671; x_wconf 90' lang='lat' dir='ltr'>ad</span> <span class='ocrx_word' id='word_1_729' title='bbox 3196 4617 3518 4671; x_wconf 89' lang='lat' dir='ltr'>anniversa-</span> 
     </span>
    </p>
   </div>
   <div class='ocr_carea' id='block_1_100' title="bbox 1900 4710 3518 4787">
    <p class='ocr_par' dir='ltr' id='par_1_100' title="bbox 1900 4710 3518 4787">
     <span class='ocr_line' id='line_1_100' title="bbox 1900 4710 3518 4787; baseline -0.003 -18"><span class='ocrx_word' id='word_1_730' title='bbox 1900 4716 2040 4770; x_wconf 89' lang='lat' dir='ltr'>riam</span> <span class='ocrx_word' id='word_1_731' title='bbox 2064 4715 2209 4768; x_wconf 91' lang='lat' dir='ltr'>diem</span> <span class='ocrx_word' id='word_1_732' title='bbox 2253 4731 2365 4768; x_wconf 66' lang='lat' dir='ltr'>suae</span> <span class='ocrx_word' id='word_1_733' title='bbox 2399 4714 2767 4784; x_wconf 90' lang='lat' dir='ltr'>depositionis</span> <span class='ocrx_word' id='word_1_734' title='bbox 2805 4712 3063 4767; x_wconf 84' lang='lat' dir='ltr'>fratribus</span> <span class='ocrx_word' id='word_1_735' title='bbox 3092 4711 3382 4787; x_wconf 79' lang='lat' dir='ltr'>delegavit.</span> <span class='ocrx_word' id='word_1_736' title='bbox 3415 4710 3518 4764; x_wconf 85' lang='lat' dir='ltr'>Ad-</span> 
     </span>
    </p>
   </div>
   <div class='ocr_carea' id='block_1_101' title="bbox 1887 4800 3518 4874">
    <p class='ocr_par' dir='ltr' id='par_1_101' title="bbox 1887 4800 3518 4874">
     <span class='ocr_line' id='line_1_101' title="bbox 1887 4800 3518 4874; baseline -0.001 -18"><span class='ocrx_word' id='word_1_737' title='bbox 1887 4802 2029 4858; x_wconf 91' lang='lat' dir='ltr'>didit</span> <span class='ocrx_word' id='word_1_738' title='bbox 2083 4803 2249 4858; x_wconf 91' lang='lat' dir='ltr'>etiam</span> <span class='ocrx_word' id='word_1_739' title='bbox 2301 4801 2449 4873; x_wconf 90' lang='lat' dir='ltr'>quod</span> <span class='ocrx_word' id='word_1_740' title='bbox 2502 4801 2800 4873; x_wconf 87' lang='lat' dir='ltr'>adquisivit</span> <span class='ocrx_word' id='word_1_741' title='bbox 2847 4802 2902 4856; x_wconf 91' lang='lat' dir='ltr'>in</span> <span class='ocrx_word' id='word_1_742' title='bbox 2959 4801 3082 4858; x_wconf 90' lang='lat' dir='ltr'>villa</span> <span class='ocrx_word' id='word_1_743' title='bbox 3132 4818 3256 4874; x_wconf 63' lang='lat' dir='ltr'>quae</span> <span class='ocrx_word' id='word_1_744' title='bbox 3305 4800 3518 4856; x_wconf 82' lang='lat' dir='ltr'>Rosiris</span> 
     </span>
    </p>
   </div>
   <div class='ocr_carea' id='block_1_102' title="bbox 1887 4889 3517 4962">
    <p class='ocr_par' dir='ltr' id='par_1_102' title="bbox 1887 4889 3517 4962">
     <span class='ocr_line' id='line_1_102' title="bbox 1887 4889 3517 4962; baseline -0.002 -14"><span class='ocrx_word' id='word_1_745' title='bbox 1887 4893 2108 4960; x_wconf 90' lang='lat' dir='ltr'>dicitur,</span> <span class='ocrx_word' id='word_1_746' title='bbox 2158 4898 2214 4947; x_wconf 90' lang='lat' dir='ltr'>et</span> <span class='ocrx_word' id='word_1_747' title='bbox 2272 4893 2327 4946; x_wconf 91' lang='lat' dir='ltr'>in</span> <span class='ocrx_word' id='word_1_748' title='bbox 2382 4891 2512 4946; x_wconf 75' lang='lat' dir='ltr'>villa</span> <span class='ocrx_word' id='word_1_749' title='bbox 2559 4891 2732 4947; x_wconf 89' lang='lat' dir='ltr'>sancti</span> <span class='ocrx_word' id='word_1_750' title='bbox 2780 4891 2956 4958; x_wconf 90' lang='lat' dir='ltr'>Pauli,</span> <span class='ocrx_word' id='word_1_751' title='bbox 3009 4900 3064 4947; x_wconf 90' lang='lat' dir='ltr'>et</span> <span class='ocrx_word' id='word_1_752' title='bbox 3116 4891 3171 4946; x_wconf 91' lang='lat' dir='ltr'>in</span> <span class='ocrx_word' id='word_1_753' title='bbox 3229 4889 3336 4946; x_wconf 89' lang='lat' dir='ltr'>alia</span> <span class='ocrx_word' id='word_1_754' title='bbox 3393 4906 3517 4962; x_wconf 60' lang='lat' dir='ltr'>quas</span> 
     </span>
    </p>
   </div>
   <div class='ocr_carea' id='block_1_103' title="bbox 1886 4983 3516 5054">
    <p class='ocr_par' dir='ltr' id='par_1_103' title="bbox 1886 4983 3516 5054">
     <span class='ocr_line' id='line_1_103' title="bbox 1886 4983 3516 5054; baseline -0.001 -16"><span class='ocrx_word' id='word_1_755' title='bbox 1886 4983 2099 5040; x_wconf 85' lang='lat' dir='ltr'>Wastin</span> <span class='ocrx_word' id='word_1_756' title='bbox 2141 4985 2365 5053; x_wconf 92' lang='lat' dir='ltr'>dicitur,</span> <span class='ocrx_word' id='word_1_757' title='bbox 2417 4993 2472 5038; x_wconf 91' lang='lat' dir='ltr'>et</span> <span class='ocrx_word' id='word_1_758' title='bbox 2520 4984 2740 5039; x_wconf 87' lang='lat' dir='ltr'>fratrem</span> <span class='ocrx_word' id='word_1_759' title='bbox 2787 4983 2881 5054; x_wconf 91' lang='lat' dir='ltr'>qui</span> <span class='ocrx_word' id='word_1_760' title='bbox 2930 4984 3012 5038; x_wconf 91' lang='lat' dir='ltr'>eis</span> <span class='ocrx_word' id='word_1_761' title='bbox 3061 4998 3250 5039; x_wconf 88' lang='lat' dir='ltr'>curam</span> <span class='ocrx_word' id='word_1_762' title='bbox 3307 4983 3516 5053; x_wconf 88' lang='lat' dir='ltr'>impen-</span> 
     </span>
    </p>
   </div>
   <div class='ocr_carea' id='block_1_104' title="bbox 1899 5077 2320 5133">
    <p class='ocr_par' dir='ltr' id='par_1_104' title="bbox 1899 5077 2320 5133">
     <span class='ocr_line' id='line_1_104' title="bbox 1899 5077 2320 5133; baseline 0 -2"><span class='ocrx_word' id='word_1_763' title='bbox 1899 5077 2054 5133; x_wconf 87' lang='lat' dir='ltr'>deret</span> <span class='ocrx_word' id='word_1_764' title='bbox 2083 5077 2320 5132; x_wconf 92' lang='lat' dir='ltr'>instituit</span> 
     </span>
    </p>
   </div>
   <div class='ocr_carea' id='block_1_105' title="bbox 1969 5162 3515 5241">
    <p class='ocr_par' dir='ltr' id='par_1_105' title="bbox 1969 5162 3515 5241">
     <span class='ocr_line' id='line_1_105' title="bbox 1969 5162 3515 5241; baseline -0.001 -21"><span class='ocrx_word' id='word_1_765' title='bbox 1969 5165 2058 5220; x_wconf 84' lang='lat'>67.</span> <span class='ocrx_word' id='word_1_766' title='bbox 2091 5165 2221 5222; x_wconf 83' lang='lat' dir='ltr'>Cum</span> <span class='ocrx_word' id='word_1_767' title='bbox 2269 5167 2514 5241; x_wconf 83' lang='lat' dir='ltr'>legamus</span> <span class='ocrx_word' id='word_1_768' title='bbox 2557 5171 2611 5220; x_wconf 88' lang='lat' dir='ltr'>et</span> <span class='ocrx_word' id='word_1_769' title='bbox 2642 5165 2902 5232; x_wconf 85' lang='lat' dir='ltr'>sciamus,</span> <span class='ocrx_word' id='word_1_770' title='bbox 2960 5165 3109 5236; x_wconf 89' lang='lat' dir='ltr'>quod</span> <span class='ocrx_word' id='word_1_771' title='bbox 3147 5164 3277 5219; x_wconf 88' lang='lat' dir='ltr'>villa</span> <span class='ocrx_word' id='word_1_772' title='bbox 3324 5162 3515 5218; x_wconf 85' lang='lat' dir='ltr'>Salve-</span> 
     </span>
    </p>
   </div>
   <div class='ocr_carea' id='block_1_106' title="bbox 1901 5253 3512 5329">
    <p class='ocr_par' dir='ltr' id='par_1_106' title="bbox 1901 5253 3512 5329">
     <span class='ocr_line' id='line_1_106' title="bbox 1901 5253 3512 5329; baseline -0.003 -17"><span class='ocrx_word' id='word_1_773' title='bbox 1901 5257 2084 5312; x_wconf 88' lang='lat' dir='ltr'>nerias</span> <span class='ocrx_word' id='word_1_774' title='bbox 2110 5258 2176 5313; x_wconf 91' lang='lat' dir='ltr'>de</span> <span class='ocrx_word' id='word_1_775' title='bbox 2207 5259 2429 5329; x_wconf 81' lang='lat' dir='ltr'>praediis</span> <span class='ocrx_word' id='word_1_776' title='bbox 2445 5259 2589 5314; x_wconf 90' lang='lat' dir='ltr'>beati</span> <span class='ocrx_word' id='word_1_777' title='bbox 2621 5257 2865 5314; x_wconf 77' lang='lat' dir='ltr'>Guiberti</span> <span class='ocrx_word' id='word_1_778' title='bbox 2899 5257 3083 5322; x_wconf 88' lang='lat' dir='ltr'>fuerit,</span> <span class='ocrx_word' id='word_1_779' title='bbox 3115 5256 3366 5328; x_wconf 90' lang='lat' dir='ltr'>queritur</span> <span class='ocrx_word' id='word_1_780' title='bbox 3382 5253 3512 5325; x_wconf 88' lang='lat' dir='ltr'>quid</span> 
     </span>
    </p>
   </div>
   <div class='ocr_carea' id='block_1_107' title="bbox 1901 5345 3516 5420">
    <p class='ocr_par' dir='ltr' id='par_1_107' title="bbox 1901 5345 3516 5420">
     <span class='ocr_line' id='line_1_107' title="bbox 1901 5345 3516 5420; baseline -0.004 -17"><span class='ocrx_word' id='word_1_781' title='bbox 1901 5349 1956 5404; x_wconf 93' lang='lat' dir='ltr'>in</span> <span class='ocrx_word' id='word_1_782' title='bbox 1990 5364 2057 5403; x_wconf 88' lang='lat' dir='ltr'>ea</span> <span class='ocrx_word' id='word_1_783' title='bbox 2093 5348 2266 5404; x_wconf 86' lang='lat' dir='ltr'>abbas</span> <span class='ocrx_word' id='word_1_784' title='bbox 2299 5350 2624 5405; x_wconf 85' lang='lat' dir='ltr'>Liethardus</span> <span class='ocrx_word' id='word_1_785' title='bbox 2672 5347 3021 5420; x_wconf 89' lang='lat' dir='ltr'>adquisierit,</span> <span class='ocrx_word' id='word_1_786' title='bbox 3061 5346 3139 5401; x_wconf 82' lang='lat' dir='ltr'>Ad</span> <span class='ocrx_word' id='word_1_787' title='bbox 3171 5347 3314 5400; x_wconf 89' lang='lat' dir='ltr'>hanc</span> <span class='ocrx_word' id='word_1_788' title='bbox 3348 5345 3516 5398; x_wconf 88' lang='lat' dir='ltr'>inter-</span> 
     </span>
    </p>
   </div>
   <div class='ocr_carea' id='block_1_108' title="bbox 1894 5437 3511 5517">
    <p class='ocr_par' dir='ltr' id='par_1_108' title="bbox 1894 5437 3511 5517">
     <span class='ocr_line' id='line_1_108' title="bbox 1894 5437 3511 5517; baseline -0.006 -19"><span class='ocrx_word' id='word_1_789' title='bbox 1894 5443 2236 5517; x_wconf 85' lang='lat' dir='ltr'>rogationem</span> <span class='ocrx_word' id='word_1_790' title='bbox 2293 5458 2478 5498; x_wconf 85' lang='lat' dir='ltr'>veram</span> <span class='ocrx_word' id='word_1_791' title='bbox 2537 5443 2734 5498; x_wconf 86' lang='lat' dir='ltr'>damus</span> <span class='ocrx_word' id='word_1_792' title='bbox 2763 5440 3180 5513; x_wconf 79' lang='lat' dir='ltr'>reSponsionem</span> <span class='ocrx_word' id='word_1_793' title='bbox 3262 5437 3511 5492; x_wconf 82' lang='lat' dir='ltr'>Consen—</span> 
     </span>
    </p>
   </div>
   <div class='ocr_carea' id='block_1_109' title="bbox 1892 5527 3514 5611">
    <p class='ocr_par' dir='ltr' id='par_1_109' title="bbox 1892 5527 3514 5611">
     <span class='ocr_line' id='line_1_109' title="bbox 1892 5527 3514 5611; baseline -0.007 -19"><span class='ocrx_word' id='word_1_794' title='bbox 1892 5537 2081 5611; x_wconf 79' lang='lat' dir='ltr'>guinei</span> <span class='ocrx_word' id='word_1_795' title='bbox 2112 5536 2260 5592; x_wconf 88' lang='lat' dir='ltr'>beati</span> <span class='ocrx_word' id='word_1_796' title='bbox 2294 5537 2542 5592; x_wconf 88' lang='lat' dir='ltr'>Guiberti</span> <span class='ocrx_word' id='word_1_797' title='bbox 2575 5543 2700 5608; x_wconf 91' lang='lat' dir='ltr'>post</span> <span class='ocrx_word' id='word_1_798' title='bbox 2716 5536 2931 5592; x_wconf 89' lang='lat' dir='ltr'>obitum</span> <span class='ocrx_word' id='word_1_799' title='bbox 2945 5535 3066 5605; x_wconf 89' lang='lat' dir='ltr'>ejus</span> <span class='ocrx_word' id='word_1_800' title='bbox 3090 5532 3276 5590; x_wconf 89' lang='lat' dir='ltr'>omnia</span> <span class='ocrx_word' id='word_1_801' title='bbox 3305 5527 3514 5600; x_wconf 73' lang='lat' dir='ltr'>praedia</span> 
     </span>
    </p>
   </div>
   <div class='ocr_carea' id='block_1_110' title="bbox 1525 5634 2152 5693">
    <p class='ocr_par' dir='ltr' id='par_1_110' title="bbox 1525 5634 2152 5693">
     <span class='ocr_line' id='line_1_110' title="bbox 1525 5634 2152 5693; baseline 0.002 -4"><span class='ocrx_word' id='word_1_802' title='bbox 1525 5634 1747 5692; x_wconf 72' lang='lat' dir='ltr'>VARIIE</span> <span class='ocrx_word' id='word_1_803' title='bbox 1778 5637 2152 5693; x_wconf 81' lang='lat' dir='ltr'>LECTIONES.</span> 
     </span>
    </p>
   </div>
   <div class='ocr_carea' id='block_1_111' title="bbox 237 5726 2390 5797">
    <p class='ocr_par' dir='ltr' id='par_1_111' title="bbox 237 5726 2390 5797">
     <span class='ocr_line' id='line_1_111' title="bbox 237 5726 2390 5797; baseline 0.005 -18"><span class='ocrx_word' id='word_1_804' title='bbox 237 5726 302 5758; x_wconf 65' lang='lat'>7“</span> <span class='ocrx_word' id='word_1_805' title='bbox 336 5727 479 5780; x_wconf 78' lang='lat' dir='ltr'>Hinc</span> <span class='ocrx_word' id='word_1_806' title='bbox 510 5727 642 5780; x_wconf 74' lang='lat' dir='ltr'>inde</span> <span class='ocrx_word' id='word_1_807' title='bbox 671 5729 848 5781; x_wconf 71' lang='lat' dir='ltr'>littera</span> <span class='ocrx_word' id='word_1_808' title='bbox 873 5732 1038 5797; x_wconf 76' lang='lat' dir='ltr'>paulo</span> <span class='ocrx_word' id='word_1_809' title='bbox 1068 5731 1264 5793; x_wconf 64' lang='lat' dir='ltr'>minor,</span> <span class='ocrx_word' id='word_1_810' title='bbox 1306 5731 1399 5784; x_wconf 77' lang='lat' dir='ltr'>sed</span> <span class='ocrx_word' id='word_1_811' title='bbox 1421 5747 1614 5789; x_wconf 82' lang='lat' dir='ltr'>manus</span> <span class='ocrx_word' id='word_1_812' title='bbox 1641 5739 1718 5790; x_wconf 81' lang='lat' dir='ltr'>est</span> <span class='ocrx_word' id='word_1_813' title='bbox 1747 5736 1927 5792; x_wconf 81' lang='lat' dir='ltr'>eadem</span> <span class='ocrx_word' id='word_1_814' title='bbox 1950 5739 1997 5791; x_wconf 80' lang='lat' dir='ltr'>et</span> <span class='ocrx_word' id='word_1_815' title='bbox 2013 5739 2198 5791; x_wconf 77' lang='lat' dir='ltr'>auctor</span> <span class='ocrx_word' id='word_1_816' title='bbox 2227 5735 2390 5790; x_wconf 77' lang='lat' dir='ltr'>idem.</span> 
     </span>
    </p>
   </div>
  </div>
