3930 6204
428 293 534 351 639

422 513 602 576 partes
640 508 928 577 facientes,
975 510 1061 564 vix
1119 512 1189 566 de
1228 513 1462 588 singulis
1493 532 1658 571 unam
1691 525 1899 588 partem
1934 536 2040 576 aec-

422 595 604 650 clesiae
674 598 1034 668 reliquerunt,
1114 607 1168 654 et
1252 618 1321 656 ne
1407 620 1571 658 unam
1651 614 1862 676 partem
1934 625 2039 664 mc-

415 687 596 742 clesim
630 688 897 760 integram
925 691 1271 748 dimiserunt.
1320 694 1430 749 Hoc
1463 696 1741 769 hodieque
1769 700 2040 769 probatur

421 779 476 832 in
509 779 703 848 majori
735 782 862 835 villa
893 782 1152 839 Gemblus
1187 792 1242 839 et
1273 785 1329 840 in
1361 787 1484 841 aliis
1511 789 1631 857 ejus
1665 793 2038 860 possessioni-

417 864 540 932 bus,
589 867 644 920 in
700 869 900 939 quibus
953 871 1158 926 multos
1214 888 1692 944 compossessores
1740 879 2033 937 habemus.

417 955 573 1022 Quod
615 974 745 1032 ergo
792 960 847 1014 in
891 961 1018 1016 villa
1055 962 1402 1019 Salvenerias
1460 983 1686 1023 censum
1728 971 1912 1038 solvit,
1965 972 2036 1026 de

420 1055 768 1120 possessione
802 1055 948 1111 beati
973 1058 1218 1112 Guiberti
1265 1059 1388 1117 fuit.
1433 1061 1644 1118 Curiam
1676 1081 1804 1121 vero
1837 1075 1894 1121 et
1923 1075 2034 1122 ter-

413 1158 526 1196 ram
555 1145 622 1198 ad
654 1145 824 1215 ipsam
866 1149 1259 1218 pertinentem,
1302 1151 1372 1206 de
1405 1153 1634 1209 aliorum
1664 1159 2039 1227 possessioni-

414 1234 513 1288 bus
562 1234 857 1307 adquisivit
918 1239 1092 1294 abbas
1159 1243 1504 1301 Liethardus.
1548 1247 1672 1317 Ipse
1734 1265 2036 1321 numquam

411 1337 610 1376 vacans
663 1325 918 1381 vanitatis
974 1339 1108 1395 etio,
1155 1331 1254 1384 sed
1314 1333 1724 1390 aecclesiasticaa
1781 1338 2042 1393 utilitatis

410 1413 672 1470 continuo
717 1416 958 1490 flagrans
1006 1420 1314 1488 desiderio,
1349 1423 1579 1494 criptam
1612 1442 1734 1498 quae
1776 1428 1880 1483 sub
1930 1429 2034 1484 ab-

411 1498 538 1554 bate
565 1501 838 1560 Tietmaro
877 1506 1148 1564 aedificata
1193 1519 1316 1566 erat
1353 1527 1456 1566 suo
1496 1513 1684 1570 labore
1731 1517 2034 1588 praecipuo,

404 1591 438 1646 8
471 1591 740 1649 Kalendas
772 1599 1000 1670 Augusti
1033 1601 1273 1671 Optinuit
1302 1607 1615 1660 consecrari
1649 1609 1716 1662 ab
1770 1610 2036 1682 episcopo

405 1682 728 1740 Lcodicensi
766 1687 1011 1758 Otberto,
1054 1708 1164 1762 quo
1197 1694 1361 1748 etiam
1405 1696 1494 1751 die
1525 1697 1763 1754 celebris
1806 1701 2037 1759 habetur

404 1786 606 1834 nostrae
645 1782 912 1838 aecclesiaa
945 1787 1118 1854 major
1159 1788 1458 1848 dedicatio.

471 1864 559 1919 68.
610 1865 740 1922 Cum
776 1871 1015 1940 quodam
1049 1881 1297 1947 tempore
1337 1878 1604 1936 invitante
1662 1884 1858 1940 eodem
1891 1903 2033 1957 pras-

400 1955 522 2011 sule
551 1955 815 2014 Leodium
865 1963 1062 2031 adiret,
1120 1975 1174 2021 et
1207 1967 1391 2024 fervor
1420 1972 1555 2026 solis
1613 1982 1810 2045 utpote
1842 1955 2033 2033 media

402 2050 591 2100 testate
616 2047 804 2103 omnia
836 2051 1006 2106 nimio
1046 2061 1181 2108 aestu
1211 2055 1478 2114 alliceret.
1521 2069 1742 2118 coactus
1771 2080 1880 2120 non
1931 2083 2030 2122 sua

403 2141 489 2188 set
535 2151 759 2193 suorum
812 2141 1154 2213 lassitudine,
1201 2148 1364 2216 jussit
1419 2150 1502 2206 eis
1545 2170 1703 2209 escas
1761 2157 1877 2212 dari
1930 2176 2028 2230 pro

405 2225 557 2280 nimii
589 2231 790 2285 caloris
829 2234 1182 2292 alleviatione
1213 2247 1269 2294 et
1299 2241 1400 2297 via:
1425 2247 1777 2314 postmodum
1811 2252 2026 2306 accele-

403 2316 634 2373 ratione.
693 2319 862 2392 Equis
918 2325 985 2378 ad
1037 2337 1253 2397 pastum
1308 2331 1574 2402 dimissis,
1627 2337 1681 2390 in
1720 2339 2026 2406 ,viridiario

402 2408 549 2477 quod
580 2410 681 2466 vite
711 2415 1030 2488 contiguum
1061 2430 1198 2484 erat,
1233 2423 1514 2479 discubuit
1543 2443 1666 2482 cum
1709 2433 1847 2489 suis.
1873 2434 2027 2499 Quod

398 2501 686 2566 postquam
719 2501 871 2556 multi
909 2505 1004 2575 qui
1057 2507 1112 2560 in
1160 2508 1341 2564 vicino
1391 2520 1548 2568 erant
1595 2531 2025 2588 conspexerunt,

403 2584 648 2656 undique
679 2589 748 2642 ad
780 2605 904 2645 eum
933 2594 1338 2661 conï¬‚uxerunt,
1373 2600 1494 2670 ipse
1524 2617 1620 2657 eos
1665 2621 1778 2660 non
1811 2611 2024 2679 repelli.

401 2684 484 2732 set
513 2679 579 2732 de
624 2680 711 2736 his
753 2684 957 2754 quibus
993 2688 1256 2745 utebatur
1295 2709 1417 2747 cum
1456 2695 1592 2759 suis,
1629 2699 1790 2768 jussit
1821 2702 1902 2756 eis
1928 2704 2030 2758 be-

402 2770 572 2842 nigne
626 2775 880 2842 praeberi.
924 2778 1098 2834 Jussit
1129 2783 1292 2837 etiam
1350 2786 1430 2840 eis
1485 2789 1670 2844 vinum
1721 2794 2022 2863 prepinari,

396 2878 519 2916 cum
546 2862 714 2918 sciret
751 2866 863 2922 illic
889 2870 956 2923 ad
989 2888 1120 2926 usus
1170 2891 1303 2930 suos
1333 2884 1388 2930 et
1429 2894 1653 2936 suorum
1696 2899 1804 2938 non
1834 2887 1935 2940 nisi
1971 2889 2026 2942 in

395 2965 597 3020 ascopa
652 2955 884 3010 modicae
923 2962 1249 3028 quantitatis
1295 2965 1483 3021 vinum
1541 2970 1751 3026 haberi.
1800 2974 2024 3044 Expleta

394 3037 719 3106 refectione,
789 3047 1029 3115 quesivit
1067 3066 1098 3104 a
1147 3052 1424 3122 ministro,
1472 3073 1538 3110 an
1575 3075 1890 3130 superesset
1931 3066 2026 3120 ali-

394 3130 529 3202 quid
575 3133 687 3188 vini
721 3139 868 3207 quod
908 3140 1014 3195 sibi
1048 3157 1241 3213 posset
1267 3150 1572 3218 propinari.
1625 3154 1750 3209 Ille:
1800 3158 2023 3216 Gratias

393 3225 520 3287 Deo,
569 3223 770 3296 inquit,
820 3231 885 3284 de
909 3249 1079 3300 parvo
1115 3239 1331 3293 vasculo
1384 3245 1565 3298 multis
1594 3245 1750 3301 hodie
1781 3250 2024 3307 decenter

385 3321 701 3387 propinavi,
732 3328 782 3378 et
812 3325 986 3383 adhuc
1012 3338 1256 3399 superest
1286 3337 1433 3403 quod
1460 3341 1645 3395 multis
1689 3348 1868 3411 possit
1895 3362 2020 3416 pro-

384 3414 595 3481 pinari.
632 3415 810 3472 Mirati
864 3431 992 3476 sunt
1019 3425 1110 3495 qui
1146 3427 1393 3498 aderant,
1429 3431 1495 3487 de
1534 3435 1748 3490 tantillo
1795 3442 2017 3498 vasculo

389 3508 499 3556 tam
552 3506 742 3562 multis
798 3510 984 3566 vinum
1043 3515 1348 3586 suffecisse,
1423 3527 1476 3576 et
1528 3526 1767 3582 crevisse
1830 3531 2016 3600 potius

386 3606 547 3660 quam
603 3594 891 3654 defecisse.
926 3602 1106 3658 Abbas
1137 3621 1272 3660 vero
1302 3610 1495 3681 gratiae
1548 3613 1644 3667 Dei
1698 3624 1753 3671 et
1794 3619 2016 3674 miseri-

387 3683 588 3738 cordize
622 3686 906 3745 humiliter
928 3697 1220 3764 reputavit,
1254 3701 1403 3771 quod
1431 3703 1538 3757 sibi
1568 3713 1621 3760 et
1649 3709 1764 3762 suis
1795 3710 2012 3766 habun-

384 3772 534 3829 davit
564 3783 618 3830 et
661 3782 1192 3849 superhabundavit.
1249 3791 1559 3861 Supersunt
1587 3798 1864 3872 hodieque
1916 3805 2009 3874 qui

384 3862 513 3918 huic
541 3864 684 3922 facto
721 3870 1066 3945 interfuere;
1100 3885 1156 3934 et
1194 3883 1338 3952 quod
1384 3891 1513 3942 tunc
1553 3889 1751 3944 accidit
1776 3862 2010 3951 narrant

384 3957 736 4024 generationi
769 3960 980 4018 alterae.

455 4046 544 4102 69.
597 4049 792 4108 Contra
824 4071 920 4110 eos
974 4059 1067 4129 qui
1101 4065 1555 4130 possessionibus
1591 4072 1856 4129 aacclrsize
1890 4077 2006 4133 vio-

384 4135 610 4193 lentiam
641 4141 846 4199 inferre
874 4147 960 4201 vel
992 4165 1085 4204 eas
1115 4154 1459 4210 conabantur
1489 4159 1772 4229 invadere,
1805 4176 2010 4236 quanta

384 4226 435 4280 ei
464 4229 635 4284 animi
662 4239 971 4292 constantia
1017 4239 1205 4311 fuerit,
1256 4247 1441 4303 multis
1471 4256 1856 4320 praetermissis
1905 4260 2010 4316 hoc

385 4332 498 4372 uno
528 4321 654 4374 sciri
688 4325 907 4392 poterit.
941 4327 1170 4386 Onulfus
1203 4334 1272 4388 de
1305 4335 1438 4391 Dion
1469 4343 1743 4410 superiori
1782 4357 1901 4403 erat
1928 4351 2011 4404 vir

389 4589 646 4648 abbatem
679 4595 1030 4654 Liethardum
1061 4606 1426 4664 exacerbabat
1465 4610 1665 4684 jurgiis
1691 4589 1872 4671 coram
1907 4635 2009 4689 po-

394 4680 514 4737 sitis
549 4684 739 4741 multis
777 4690 1056 4747 nobilibus
1097 4695 1252 4761 viris,
1320 4708 1531 4770 partem
1577 4720 1687 4760 non
1732 4709 2002 4765 modicam

394 4772 612 4840 prtedii,
639 4777 790 4847 quod
821 4779 1062 4838 habebat
1085 4783 1138 4837 in
1175 4785 1307 4842 Dion
1356 4788 1630 4861 inferiori,
1665 4812 1762 4864 per
1795 4814 1920 4853 eum
1952 4808 2007 4856 et

392 4876 490 4931 per
510 4866 764 4933 praelatos
805 4872 1217 4934 Gemblacensis
1237 4883 1517 4940 recclesize
1548 4888 1739 4945 dicens
1774 4907 1832 4948 se
1867 4895 2005 4950 ami-

388 4950 547 5018 sisse,
595 4956 714 5011 sola
769 4962 1122 5021 collimitanei
1176 4969 1280 5024 loci
1311 4972 1612 5043 vicinitate,
1655 4994 1766 5035 non
1819 4982 2004 5055 aliqua

390 5041 702 5102 rationabili
749 5067 916 5109 causa
945 5059 1234 5117 existente.
1269 5064 1448 5120 Abbas
1486 5071 1844 5130 exacerbatus
1889 5093 2000 5133 non

389 5139 772 5211 exacerbabat,
798 5156 880 5204 set
906 5153 1215 5210 ecclesiam
1255 5159 1426 5215 nichil
1459 5162 1659 5232 injuste
1691 5170 1998 5241 possidere,

387 5231 638 5328 modesta
675 5245 1039 5328 responsione
1104 5249 1432 5311 afï¬rmabat.
1489 5231 1759 5328 Addebat,
1802 5231 1998 5323 decere

385 5319 625 5377 nobilem
663 5327 840 5386 virum
868 5335 984 5390 suis
1013 5346 1331 5398 contentum
1363 5363 1506 5416 esse,
1538 5365 1659 5405 cum
1693 5362 1924 5423 possent
1947 5358 1998 5412 ei

381 5415 668 5484 sufficere;
701 5439 811 5479 non
837 5427 1046 5485 debere
1075 5447 1196 5488 cum
1228 5436 1532 5498 offensione
1560 5444 1657 5500 Dei
1688 5454 1744 5502 et
1773 5457 1996 5506 sancto-

383 5520 503 5560 rum
533 5510 926 5571 aicclesiastica
955 5517 1237 5590 invadere,
1268 5528 1398 5596 quia
1427 5547 1537 5587 non
1580 5543 1770 5604 posset
1798 5537 1848 5592 ei
1895 5540 2001 5594 im-

379 5611 528 5668 pune
565 5601 783 5660 cedere.
832 5605 930 5661 Hic
985 5613 1476 5676 ammonitionibus
1513 5601 1832 5696 ab-incepto
1885 5645 1996 5684 non

377 5691 758 5764 revocabatur,
809 5705 895 5753 set
936 5699 1124 5755 verbis
1167 5704 1405 5775 omissis,
1459 5714 1627 5770 armis
1655 5731 1754 5770 sua
1799 5718 1903 5774 sibi
1935 5737 1996 5776 se

1649 303 1794 358 SlGE
1810 304 2001 361 BERTI
2050 307 2570 372 GEMBLACENSIS.

424 419 596 490 ipsius
634 421 971 490 invaserunt,
1015 430 1070 478 et
1111 423 1240 496 quia
1280 426 1434 481 multi
1476 434 1650 495 erant,
1695 431 1896 486 multas
1935 433 2037 487 sibi
2065 439 2118 507 Î‘
2143 436 2545 497 vindicaturum
2572 445 2905 505 minabatur.
2960 454 3142 512 Abbas

3675 349 3783 408 640

3185 469 3412 520 econtra
3451 475 3690 530 armavit
3720 495 3779 533 se

2144 545 2253 584 non
2313 535 2481 589 armis
2523 537 2734 594 militiae
2768 546 3084 616 mundanae,
3136 561 3222 607 set
3259 559 3428 613 armis
3485 564 3778 639 religionis

2147 618 2354 639 ,Î¼ÎµÎ¼Î¼
2389 638 2427 639 Î·
2533 624 2553 639 Ï
2616 634 2624 639 ,
2669 627 2698 639 ..
3075 638 3080 639 ,

2141 618 2476 690 Christianae,
2529 624 2790 684 fratribus
2855 648 3025 703 super
3073 638 3182 695 hoc
3225 646 3454 718 negotio
3515 618 3778 711 indicens

2139 711 2458 768 continuam
2493 719 2797 776 orationem
2822 725 2890 778 ad
2912 727 3118 796 Deum;
3155 731 3273 802 ipse
3304 753 3432 794 vero
3451 757 3580 798 cum
3606 749 3778 804 multa

2140 798 2322 853 cordis
2352 810 2406 856 et
2435 807 2682 875 corporis
2712 813 3044 872 contritione
3075 823 3418 882 continuavit
3447 831 3772 891 triduanum

2141 1183 2266 1223 cum
2318 1174 2509 1241 paucis
2565 1175 2946 1238 familiaribus.
3021 1186 3265 1261 Cumque
3323 1194 3560 1254 Onulfus
3629 1218 3770 1274 equo

2141 1259 2510 1333 descendens,
2556 1270 2704 1338 quod
2737 1287 2894 1328 suum
2935 1277 3158 1336 dicebat
3176 1259 3370 1340 imetiri
3421 1259 3698 1363 cepisset:
3720 1306 3772 1352 et

2142 1358 2264 1420 post
2306 1354 2710 1414 dimensionem
2765 1365 2832 1417 ad
2885 1367 3100 1424 libitum
3132 1388 3293 1429 suum
3351 1388 3569 1437 mastam
3631 1389 3767 1456 poni

2142 1443 2327 1512 vellet,
2351 1446 2570 1506 incaute
2599 1452 2887 1526 incedens,
2916 1464 3097 1519 calcar
3126 1467 3334 1524 sinistri
3367 1474 3528 1542 pedis
3559 1478 3768 1539 dextra:

2138 1547 2252 1588 suae
2276 1534 2425 1591 tibia;
2449 1539 2648 1608 infixit,
2681 1560 2852 1616 seque
2890 1552 3132 1622 graviter
3154 1534 3483 1618 vulneravit.
3527 1565 3765 1640 Moxque

2138 1621 2461 1695 dragunculi
2493 1631 2687 1686 morbo
2742 1649 2802 1688 se
2841 1636 3158 1708 invadente,
3193 1661 3336 1714 pene
3389 1621 3765 1726 exanimatus,

2139 1707 2342 1767 infecto
2395 1718 2618 1787 negotio
2649 1721 2718 1774 ad
2757 1738 2856 1778 sua
2913 1728 3096 1784 rediit.
3131 1707 3234 1787 Per
3275 1735 3516 1794 triduum

2060 1798 2286 1879 Bquod
2345 1805 2669 1874 supervixit,
2716 1825 2817 1866 nec
2873 1817 3204 1874 comedendi
3249 1839 3353 1879 nec
3392 1798 3766 1890 bibendi

2134 1887 2365 1945 facultas
2396 1893 2447 1947 ei
2475 1894 2602 1964 fuit,
2628 1899 2822 1972 sicque
2852 1905 2962 1961 vita
2986 1907 3247 1966 decessit.
3284 1915 3627 1977 Godefridus
3657 1925 3764 1982 dux

2134 1982 2401 2050 praedium
2445 1986 2602 2054 cujus
2649 1991 2716 2046 lis
2759 1999 2868 2048 tam
2897 1999 3188 2058 manifesto
3228 2005 3323 2060 Dei
3364 2008 3585 2076 judicio
3608 2013 3766 2072 finita

2133 2081 2270 2140 erat,
2302 2078 2567 2134 aecclesiaa
2599 2083 2978 2156 confirmavit;
3028 2094 3280 2152 tecclesia
3311 2099 3422 2156 Deo
3449 2106 3760 2164 auxiliante

2132 2165 2266 2220 illud
2300 2170 2549 2237 possidet
2578 2181 2632 2228 et
2665 2179 2991 2245 possidebit.
3034 2186 3286 2257 Ignoscat
3326 2192 3472 2248 Deus
3509 2197 3595 2251 eis
3624 2216 3764 2270 quos

2131 2261 2434 2316 contrarios
2474 2271 2527 2318 et
2562 2282 2738 2322 rerum
2790 2279 3098 2330 nostrarum
3151 2296 3479 2349 pervaseres
3524 2292 3764 2359 pertuli-

2132 2363 2256 2403 mus
2285 2357 2339 2404 et
2373 2352 2719 2421 perferimus.
2756 2361 3047 2434 Agnoscat,
3081 2375 3136 2422 et
3174 2377 3235 2425 ut
3263 2388 3391 2428 suas
3440 2391 3763 2438 remuneret

2132 2451 2229 2491 eos
2258 2454 2490 2509 quorum
2533 2449 2804 2503 munerati
2833 2466 3024 2508 sumus
3064 2462 3518 2525 possessionibus
3550 2477 3612 2523 et
3640 2485 3759 2524 sus-

2131 2532 2327 2586 tentati
2368 2532 2742 2594 facultatibus.
2781 2543 2981 2600 Horum
3010 2551 3259 2606 omnium
3287 2558 3612 2629 praecipuus
3661 2562 3758 2618 fuit

2134 2625 2421 2695 Beroldus,
2477 2634 2736 2690 sacerdos
2805 2639 3119 2715 religiosus,
3185 2648 3341 2716 cujus
3403 2661 3458 2706 et
3540 2656 3599 2710 in
3654 2657 3756 2714 boc

2129 2719 2396 2786 opusculo
2428 2728 2482 2775 et
2531 2724 2584 2777 in
2631 2726 2743 2781 Vita
2799 2730 3056 2788 Tietmari
3096 2735 3315 2794 abbatis
3365 2746 3745 2805 meminimus.

2129 2806 2225 2862 Hic
2255 2818 2454 2866 nostrae
2485 2813 2807 2874 fraternitati
2841 2825 3193 2896 conjunctus,
3229 2839 3283 2886 et
3314 2833 3520 2892 domno
3550 2840 3748 2896 abbati

2126 2895 2417 2955 Liethardo
2473 2905 2810 2975 carissimus,
2869 2924 3094 2969 centum
3145 2917 3309 2975 libras
3367 2939 3745 2998 nummorum,

2127 2999 2237 3038 non
2268 2987 2370 3040 sub
2391 3005 2500 3042 una
2531 2992 2650 3048 vice
2681 3005 2764 3050 set
2791 2997 3026 3055 diversis
3048 3004 3287 3076 vicibus,
3321 3011 3376 3064 in
3409 3017 3746 3081 praediorum

2127 3079 2590 3150 coemptionibus,
2630 3086 2684 3140 in
2730 3088 2962 3146 diversis
3008 3094 3129 3162 ejus
3179 3098 3334 3155 dedit
3392 3079 3746 3165 utilitatibus.

2125 3163 2392 3236 Tempore
2438 3178 2617 3226 autem
2660 3175 2822 3243 hujus
2865 3180 3080 3237 abbatis
3120 3187 3275 3253 obiit,
3335 3199 3389 3245 et
3439 3163 3742 3265 sepulturae

2124 3253 2302 3310 locum
2353 3268 2480 3312 ante
2511 3260 2678 3316 altare
2721 3274 2922 3322 saneta
2973 3271 3295 3340 Gerdrudis,
3345 3253 3523 3348 cujus
3557 3285 3746 3339 turrim

2123 3346 2239 3400 suis
2265 3348 2632 3408 tediï¬eaverat
2679 3355 2968 3428 impensis,
3019 3367 3252 3436 accepit.
3290 3369 3402 3424 Hoc
3432 3372 3605 3447 digne
3639 3392 3749 3430 me-

2122 3438 2249 3507 ruit,
2284 3442 2412 3511 quia
2447 3444 2549 3498 loci
2581 3448 2753 3501 nostri
2789 3450 2996 3508 honore
3028 3464 3082 3510 et
3113 3458 3349 3516 utilitate
3373 3438 3541 3519 nichil
3566 3470 3747 3523 carius

2121 3529 2334 3598 habuit,
2361 3534 2451 3588 cui
2485 3552 2593 3591 non
2618 3539 2793 3595 solum
2817 3559 2917 3598 sua
2943 3556 3027 3600 set
3057 3555 3111 3603 et
3131 3565 3191 3604 se
3214 3551 3392 3622 ipsum
3420 3555 3744 3628 impendere

2117 3640 2339 3696 semper
2369 3637 2588 3698 paratus
2621 3632 2740 3688 fuit.

2185 3713 2274 3770 70.
2326 3716 2479 3772 Oddo
2519 3723 2819 3778 canonicus
2877 3734 2931 3781 et
2970 3729 3214 3787 decanus
3290 3738 3462 3792 sancti
3511 3740 3735 3797 Martini

2114 3801 2486 3873 Leodioensis,
2539 3814 2988 3884 consanguineus
3017 3818 3205 3875 domni
3248 3823 3525 3882 Liethardi
3567 3831 3742 3886 abba-

2111 3897 2199 3965 tis,
2247 3914 2378 3972 erga
2418 3917 2520 3957 nos
2566 3904 2667 3959 fuit
2711 3923 2820 3962 non
2857 3909 2995 3964 fictae
3045 3923 3131 3970 set
3160 3917 3419 3985 perfecta:
3458 3923 3738 3982 karitatis.

2109 3991 2360 4062 Denique
2415 4011 2541 4051 mox
2590 4009 2649 4052 ut
2694 4015 2794 4055 nos
2839 4010 2893 4056 et
2943 4014 3130 4061 nostra
3161 4009 3520 4070 fraternitatis
3559 4021 3740 4094 gratia

2111 4080 2258 4148 cepit
2279 4082 2521 4146 visitare,
2545 4085 2697 4141 dedit
2725 4090 2948 4158 pallium
2967 4093 3298 4159 jacintinum
3323 4110 3519 4158 sancto
3548 4080 3736 4174 á¼”Î´Ï…-Î¿,

2111 4169 2180 4224 de
2220 4187 2330 4241 quo
2375 4173 2430 4226 in
2482 4177 2778 4248 praaeipuis
2809 4182 3311 4254 sollempnitatibus
3353 4194 3474 4262 ejus
3505 4169 3739 4254 ornatur

2110 4261 2300 4316 altare.
2331 4263 2488 4319 Dedit
2515 4274 2571 4322 et
2597 4277 2808 4339 septem
2827 4289 3039 4330 marcas
3069 4283 3280 4352 argenti
3305 4261 3476 4354 super
3508 4291 3735 4345 vadium

2115 4357 2381 4414 Guarneri
2421 4361 2488 4416 de
2542 4363 2819 4434 Firminis,
2863 4378 2917 4424 et
2961 4373 3168 4428 rezlitus
3196 4377 3317 4444 ejus
3353 4382 3735 4441 anniversaria

2111 4447 2202 4502 die
2233 4464 2349 4503 suae
2369 4451 2736 4520 depositionis
2766 4461 3052 4515 constituit
3080 4464 3198 4518 dari
3241 4466 3502 4526 fratribus
3535 4473 3734 4549 singu-

2107 4535 2174 4590 lis
2217 4538 2392 4592 annis.
2463 4539 2768 4613 Engrannis
2822 4546 2890 4600 de
2951 4549 3189 4606 Balastra
3269 4555 3489 4612 hortatu
3539 4535 3732 4616 domui

2106 4627 2324 4683 abbatis
2351 4629 2624 4686 Liethardi
2654 4633 2820 4690 frater
2860 4637 3034 4694 factus
3090 4650 3290 4698 nostra:
3345 4653 3736 4723 congregatio-

2107 4717 2212 4782 nis,
2236 4720 2391 4775 dedit
2416 4722 2651 4778 nobisin
2682 4726 2888 4784 Leodio
2918 4732 3065 4786 unde
3087 4737 3372 4791 annuatim
3400 4742 3734 4809 persolvun-

2107 4820 2194 4868 tur
2221 4815 2442 4888 triginta
2464 4818 2700 4888 denarii,
2733 4830 2786 4877 et
2815 4824 3032 4880 vineam
3058 4827 3112 4881 in
3142 4830 3390 4895 Juniaco,
3447 4843 3501 4889 et
3529 4837 3588 4891 in
3621 4839 3728 4894 Ge-

2106 4904 2298 4959 nitinis
2327 4912 2439 4962 tres
2491 4909 2724 4977 solidos,
2773 4914 2914 4968 etin
2966 4916 3117 4970 Tillir
3171 4926 3225 4973 et
3265 4921 3318 4974 in
3372 4921 3552 4979 Huten
3619 4935 3730 4981 tres

2104 4993 2312 5050 solidos
2344 5003 2398 5052 et
2432 4997 2486 5051 in
2516 4997 2873 5072 Gondulpunt
2914 5013 3124 5075 partem
3158 5010 3483 5068 molendini.
3516 5015 3732 5071 Eterel-

2102 5102 2224 5141 mus
2246 5087 2316 5143 de
2347 5087 2680 5147 Wisenbech
2714 5095 2966 5164 praelium
2996 5099 3142 5169 quod
3165 5100 3408 5156 habebat
3441 5104 3499 5158 in
3530 5107 3731 5162 Melan-

2101 5175 2181 5232 riv
2208 5177 2432 5232 tradidit
2470 5188 2658 5237 sancto
2718 5183 2901 5252 Petro,
2943 5196 3216 5256 praesente
3259 5191 3466 5248 domno
3526 5195 3726 5254 abbate

2101 5267 2409 5324 Liethardo.
2459 5272 2756 5344 Argentum
2804 5292 2936 5331 vero
2989 5279 3140 5349 quod
3186 5280 3236 5333 ei
3273 5289 3392 5336 erat
3453 5284 3720 5345 dandum.

2102 5355 2419 5413 Tietbaldus
2448 5358 2583 5414 civis
2629 5367 2682 5415 et
2707 5361 2876 5418 frater
2927 5372 3117 5420 noster
3162 5370 3458 5438 persolvit,
3509 5382 3567 5428 et
3594 5390 3722 5430 cen-

2099 5463 2218 5500 sum
2265 5449 2386 5516 ejus
2415 5450 2485 5508 ad
2533 5453 2965 5509 anniversariam
3019 5457 3163 5512 diem
3217 5459 3302 5513 sui
3347 5460 3539 5518 obitus
3592 5480 3720 5520 con-

2099 5538 2298 5595 stituit.

2167 5632 2255 5687 71.
2299 5632 2558 5689 Vivianus
2599 5637 2690 5708 qui
2724 5643 2778 5692 et
2815 5638 3154 5706 Lambertus,
3198 5641 3483 5698 fratruelis
3527 5645 3714 5700 domni

2097 5722 2311 5780 abbatis
2347 5724 2647 5796 Liethardi,
2685 5745 2716 5783 a
2749 5729 2987 5800 puerilia
3027 5731 3290 5787 educatus
3329 5733 3399 5788 ab
3429 5750 3497 5791 eo
3535 5737 3594 5791 in
3632 5737 3719 5792 ha-
