3930 6204
161 268 269 325 δυ
1202 262 1384 318 GEST.
1431 262 1575 317 ABB.
1621 260 1860 317 GEMBL.
1902 260 2157 318 CONTIN.
2204 262 2519 319 GODESCH.
3398 273 3506 332 642

168 382 294 440 bitu
321 381 585 450 clericali,
619 381 675 436 in
707 382 881 438 virum
914 382 1208 452 honestum
1247 389 1303 438 et
1339 384 1661 458 religiosum
1702 400 1796 441 ex-
1818 388 1873 456 Α
1897 385 2114 441 malens
2180 385 2235 440 in
2317 392 2616 456 conspectu
2675 389 2769 443 Dei
2837 390 3061 449 humilis
3129 412 3292 469 quam
3362 416 3505 471 prie-

173 476 375 542 crevit,
406 481 461 530 et
496 475 679 546 quoad
719 475 873 543 vixit,
902 475 1055 531 utilis
1095 483 1150 531 et
1191 474 1374 532 ﬁdelis
1416 476 1799 535 Gemblacensi
1898 483 2253 547 sumptuosus
2317 478 2575 543 inveniri,
2643 478 2845 537 obnixe
2886 486 3063 554 petiit.
3126 488 3181 542 in
3234 490 3505 550 cimiterio

173 565 448 621 aecclesiae
482 564 601 619 iuit.
633 564 880 636 Denique
910 564 978 618 de
1018 564 1183 620 rebus
1214 566 1565 636 proprietatis
1594 584 1707 623 suae
1748 578 1803 625 et

176 659 252 715 de
283 658 368 713 his
389 674 512 730 quas
541 657 764 712 decenti
785 656 1030 712 sollertia
1055 657 1370 728 adquisivit,
1403 659 1801 734 quinquaginta

178 759 238 806 et
267 756 481 821 septem
520 748 730 805 solidos
774 749 1058 804 annuatim
1090 756 1279 806 sancto
1314 750 1474 806 Petro
1503 750 1797 826 delegavit.

180 841 295 898 llos
313 850 498 897 autem
522 840 769 896 decrevit
788 856 915 908 esse
932 839 1035 895 sub
1059 858 1226 896 manu
1249 842 1496 897 custodis
1516 843 1800 899 aecclesiaa.

181 940 239 990 et
273 949 339 989 ex
373 934 462 987 bis
488 932 697 1005 jugiter
733 933 803 987 ab
830 948 896 988 eo
919 932 1036 988 dari
1067 932 1250 988 lumen
1280 932 1531 990 decentis
1565 935 1804 991 lucerna:

182 1033 315 1081 ante
344 1025 515 1081 altare
547 1033 753 1083 sanctae
769 1026 865 1081 Dei
883 1026 1172 1101 genitricis
1200 1027 1398 1083 Maria).
1430 1027 1490 1083 In
1514 1027 1606 1083 die
1620 1035 1803 1085 autem

182 1117 566 1173 anniversaria
596 1117 780 1174 obitus
806 1117 891 1173 sui
924 1118 1211 1174 constituit
1258 1117 1601 1174 karitativam
1655 1120 1805 1175 refe-

184 1209 430 1267 ctionem
460 1207 808 1265 sufﬁcienter
834 1207 1095 1265 fratribus
1119 1209 1259 1276 dari,
1290 1216 1351 1265 ut
1382 1211 1437 1264 in
1466 1210 1589 1267 loco
1620 1218 1807 1267 nostro

185 1316 415 1372 semper
435 1300 718 1368 essetejus
746 1299 838 1370 pia
866 1298 1196 1366 recordatio,
1226 1306 1282 1354 et
1310 1314 1410 1370 pro
1440 1314 1508 1355 eo
1538 1300 1607 1355 ad
1633 1300 1804 1355 Deum

185 1391 391 1448 devota
418 1389 767 1463 supplicatio.
803 1388 884 1445 Sit
912 1390 963 1445 ei
991 1396 1045 1446 et
1069 1389 1329 1446 omnibus
1359 1388 1809 1446 benefactoribns

188 1479 398 1535 nostris
424 1485 646 1534 aeterna
676 1478 799 1534 vitae
822 1477 1121 1549 possessio,
1163 1485 1217 1534 et
1250 1478 1528 1548 justorum
1558 1478 1806 1534 omnium

186 1569 433 1625 letentur
457 1568 757 1626 consortio.
790 1568 962 1625 Amen

266 1659 355 1715 72.
384 1659 631 1715 Domnus
651 1657 989 1732 Sygebertus
1006 1673 1221 1714 morum
1240 1657 1515 1729 probitate
1540 1665 1595 1714 et
1619 1658 1805 1715 scien-

186 1749 284 1806 tiae
340 1750 749 1822 multiplicitate
788 1749 1081 1806 laudabilis
1108 1757 1164 1805 et
1204 1757 1391 1824 gratus
1430 1751 1515 1807 sui
1546 1752 1809 1824 temporis

190 1843 562 1914 sapientibus,
598 1857 710 1898 non
741 1842 954 1917 indiget
983 1842 1185 1898 nostris
1215 1842 1498 1911 laudibus,
1528 1844 1660 1916 quia
1685 1843 1808 1900 lau-

190 1934 330 1990 dant
350 1950 476 1990 eum
499 1950 669 2006 opera
696 1934 835 2002 ejus.
862 1933 991 1989 Cum
1014 1933 1159 1990 enim
1183 1940 1329 1990 esset
1351 1934 1619 2004 juvenilis
1632 1935 1808 1992 aetatis

188 2029 446 2095 tempore
497 2022 778 2079 Mascelini
809 2022 1048 2090 abbatis,
1087 2022 1447 2079 Mettensibus
1477 2022 1806 2093 notiﬁcatus,

186 2112 323 2169 etin
354 2111 589 2168 cenobio
614 2113 787 2167 sancti
806 2112 1079 2168 Vincentii
1108 2112 1367 2183 martyris
1398 2128 1520 2168 cum
1544 2112 1807 2169 Fulcuino

181 2200 391 2256 abbate
419 2201 515 2256 diu
546 2207 921 2268 conversatus,
962 2199 1251 2271 sapientiae
1289 2200 1412 2256 fons
1460 2209 1656 2273 patens
1693 2207 1809 2257 erat

185 2309 302 2350 non
332 2294 510 2350 solum
542 2295 828 2350 monachis
873 2301 955 2349 set
993 2301 1047 2349 et
1083 2294 1301 2350 clericis
1355 2295 1423 2350 ad
1467 2310 1528 2350 se
1558 2294 1805 2368 undique

182 2385 622 2443 conﬂuentibus.
674 2386 854 2442 Multis
901 2385 1250 2441 Mettensium
1308 2385 1585 2459 hodieque
1627 2385 1806 2443 dulcis

185 2484 273 2533 est
314 2477 434 2549 ejus
462 2477 751 2544 memoria,
803 2477 858 2532 in
892 2476 1093 2549 quibus
1147 2477 1327 2532 adhuc
1374 2486 1673 2549 supersunt
1706 2478 1808 2535 do-

184 2569 382 2626 ctrinae
413 2570 534 2643 ejus
577 2570 830 2645 vestigia.
861 2570 990 2635 Quae
1043 2570 1132 2625 vel
1189 2577 1394 2641 quanta
1452 2569 1567 2625 illic
1596 2570 1807 2645 degens

185 2672 385 2737 rogatu
414 2681 602 2722 eorum
627 2666 830 2737 scripta
860 2665 1117 2734 ediderit,
1153 2664 1272 2735 ipse
1298 2664 1539 2720 ostendit
1569 2664 1623 2718 in
1663 2664 1805 2720 libro

183 2755 487 2812 illustrium
535 2756 801 2824 virorum,
835 2772 1000 2828 quem
1058 2756 1391 2827 composuit.
1448 2754 1558 2809 Nec
1597 2754 1805 2809 solum-

177 2847 352 2904 modo
384 2848 723 2912 cbristianis,
745 2848 843 2904 sed
875 2856 931 2905 et
955 2848 1148 2905 Judeis
1178 2847 1234 2902 in
1265 2845 1460 2903 eadem
1491 2845 1626 2901 urbe
1650 2860 1805 2901 com-

1900 572 2087 658 postro
2157 566 2720 658 patribusgomnibus
2782 575 3134 644 consepeliri.
3192 579 3337 635 Obiit
3375 599 3509 658 ergo
3580 602 3590 611 '

1899 653 1932 708 3
1983 655 2165 710 Nonas
2216 655 2483 723 Octobris,
2538 663 2785 730 tempore
2837 660 3026 717 domni
3079 664 3354 723 Liethardi
3413 653 3515 725 ab-

1898 743 2060 800 batis.

1993 853 2328 895 RECORDATIO
2369 858 2757 899 DEFUNCTORUN
2792 861 3039 901 FRATRUM
3079 863 3420 906 NOSTRORUH.

1976 935 2144 988 Justis
2169 932 2238 966 ⁷⁷²
2256 941 2549 1002 consertus,
2576 940 2722 992 vivat
2746 940 2951 995 Christo
2963 941 3281 1010 Sigebertus,

1978 1026 2209 1082 Mundus
2226 1033 2517 1094 mutatur;
2552 1033 2769 1097 transit,
2801 1031 2933 1086 dum
2957 1038 3103 1087 stare
3121 1040 3370 1102 putatur.

1983 1118 2165 1171 Vivens
2189 1120 2390 1172 transit
2413 1120 2584 1187 homo,
2613 1120 2702 1173 sed
2733 1125 3031 1188 pertransit
3054 1124 3342 1180 moriendo.

1977 1207 2164 1261 Eheu!
2200 1222 2342 1263 mors
2368 1209 2574 1264 homini
2586 1213 2766 1278 parcit
2795 1212 2954 1279 nulli,
2985 1213 3151 1269 datur
3172 1220 3339 1282 omni,

1980 1298 2238 1363 Prw/imas
2264 1304 2454 1354 maztas
2478 1301 2686 1355 nullius
2710 1305 2952 1369 praeterit
2979 1309 3130 1361 tetas.

1976 1389 2114 1442 Huic
2138 1389 2342 1443 mundo
2366 1390 2618 1459 laerymm
2643 1393 2691 1445 si
2714 1392 2992 1459 defunctos
3020 1409 3269 1450 revocare

1975 1484 2212 1548 Possent,
2242 1488 2387 1549 quot,
2427 1485 2610 1551 quales
2633 1484 2802 1551 nobis,
2835 1501 3001 1553 quam
3035 1490 3341 1556 spirituales

1976 1568 2230 1624 Omnibus
2255 1576 2307 1624 et
2333 1571 2472 1625 clari
2491 1572 2704 1637 studiis,
2731 1578 2783 1626 et
2810 1576 2912 1629 heu
2940 1576 3091 1631 modo
3115 1580 3252 1645 rari,

1977 1661 2182 1725 Essent,
2202 1662 2424 1714 emerito
2443 1660 2671 1726 cie/tendi
2698 1676 2823 1716 cum
2849 1664 3111 1731 Sigeberto

1979 1749 2081 1805 Sed
2108 1753 2237 1819 quia
2273 1753 2542 1820 prmclari,
2574 1757 2715 1819 rari,
2747 1761 3021 1822 nequeunt
3054 1761 3313 1827 revocari,

1980 1840 2172 1895 Mundo
2210 1841 2497 1909 subtracti,
2526 1844 2638 1896 sint
2665 1844 2906 1898 caelicolis
2931 1848 3140 1901 sociati.

1982 1929 2133 1984 Nobis
2156 1930 2396 1984 solamen
2422 1930 2516 1984 dat
2551 1946 2757 2000 semper
2779 1946 2835 1987 se
2857 1937 3010 1988 Deus.
3046 1936 3238 1990 Amen.

1979 2016 2067 2075 73.
2103 2019 2348 2076 Domnus
2399 2019 2571 2075 abbas
2619 2021 2943 2079 Liethardus
2995 2024 3199 2081 domno
3238 2025 3524 2097 Sigeberto

1909 2106 2004 2161 diu
2031 2108 2292 2176 convixit,
2334 2110 2432 2165 sed
2465 2125 2573 2166 non
2605 2110 2701 2166 diu
2727 2113 3043 2182 supervixit.
3077 2115 3206 2169 Post
3227 2115 3346 2170 haec
3374 2117 3522 2171 enim

1908 2217 2030 2273 quae
2060 2203 2129 2258 de
2151 2218 2218 2259 eo
2243 2204 2695 2275 conscripsimus,
2719 2213 2774 2261 et
2804 2214 2924 2276 post
2945 2208 3115 2263 multa
3141 2224 3263 2279 quae
3294 2215 3522 2280 praeter-

1905 2290 2176 2357 misimus,
2218 2291 2466 2353 sentiens
2502 2292 2605 2347 sibi
2649 2295 2897 2365 corporis
2925 2296 3069 2351 vires
3096 2296 3337 2352 deﬁcere
3367 2304 3421 2352 et
3451 2299 3520 2353 ad

1907 2381 2253 2450 procuranda
2306 2397 2431 2452 qua:
2484 2391 2871 2453 procuraverat
2909 2400 3020 2440 non
3070 2384 3350 2453 sufﬁcere,
3393 2403 3518 2444 cum

1906 2471 2166 2529 fratribus
2191 2489 2330 2545 quos
2368 2474 2600 2530 idoneos
2633 2483 2863 2532 noverat
2893 2477 3092 2548 partito
3132 2478 3521 2535 sollicitudinis

1908 2579 2022 2619 suae
2070 2579 2263 2632 onere,
2294 2566 2660 2634 orationibus,
2699 2567 2906 2641 vigiliis
2954 2576 3009 2623 et
3036 2568 3265 2639 jejuuiis
3293 2569 3522 2625 curabat

1907 2653 2239 2723 propensius
2275 2653 2551 2720 insistere,
2580 2661 2641 2709 ut
2666 2655 2899 2711 Domino
2931 2671 3030 2727 per
3050 2657 3379 2727 egritudinis
3405 2674 3520 2713 mo-

1906 2742 2126 2797 lestiam
2155 2759 2215 2798 se
2245 2743 2462 2799 vocanti
2495 2743 2735 2814 paratior
2764 2753 2952 2815 posset
2979 2761 3289 2801 occurrere.
3323 2747 3522 2802 Fratri-

1905 2833 2010 2890 bus
2065 2835 2229 2889 etiam
2257 2850 2399 2906 quos
2428 2841 2659 2906 paterne
2699 2842 3048 2907 tractaverat,
3102 2844 3159 2892 et
3196 2838 3266 2892 ad
3305 2854 3372 2893 ea
3394 2854 3521 2909 quae

174 2939 667 2995 manentibusera;
695 2940 1034 3005 carissimus,
1068 2956 1168 3011 pro
1199 2955 1265 2996 eo
1301 2938 1447 3011 quod
1478 2936 1799 2992 Hebraicam
1903 2922 2001 2977 Dei
2028 2930 2157 2979 sunt
2184 2923 2352 2978 verbo
2382 2929 2436 2978 et
2465 2924 2719 2995 exemplo
2754 2924 3098 2990 incitaverat,
3122 2927 3520 2981 commendans

171 3030 467 3086 veritatem
499 3046 530 3084 a
574 3030 789 3085 caeteris
820 3030 1165 3087 editionibus
1184 3046 1476 3086 secernere
1509 3035 1627 3085 erat
1651 3027 1801 3099 peri-

1916 3011 2323 3067 Jnanimitatem
2347 3011 2600 3068 fraternae
2629 3013 2965 3082 dilectionis,
2996 3021 3051 3070 et
3080 3014 3364 3070 caritatem
3394 3032 3518 3087 qua:

173 3128 289 3189 ms,
314 3129 371 3177 ει
408 3122 465 3176 in
497 3122 586 3177 his
617 3138 740 3194 qua,
790 3123 1097 3179 secundum
1150 3122 1472 3178 Hebraicam
1517 3122 1803 3178 veritatem
1831 3090 1880 3160 C
1902 3113 1986 3161 est
2025 3106 2304 3163 vinculum
2334 3107 2711 3178 perfectionis,
2744 3108 2886 3163 inter
2914 3109 3082 3164 verba
3120 3109 3224 3180 piae
3248 3109 3523 3165 ammoni-

172 3213 460 3281 dicebant,
490 3214 793 3270 Judeorum
824 3223 942 3271 erat
988 3215 1343 3271 consentiens
1376 3212 1796 3271 assertionibus.

1916 3202 2067 3259 ,ionis
2097 3204 2179 3259 eis
2213 3203 2474 3259 ﬂentibus
2520 3204 2802 3272 valedixit,
2862 3212 2917 3259 et
2968 3204 3232 3260 vicesimo
3275 3205 3522 3260 secundo

100 3364 103 3369 η
172 3302 307 3359 Post
330 3302 564 3357 multum
592 3303 858 3374 temporis
873 3303 964 3359 vix
994 3304 1283 3375 impetrata
1302 3302 1553 3375 licentia,
1575 3302 1800 3357 rediens
1901 3314 2048 3356 anno
2077 3315 2192 3355 sum
2220 3298 2560 3371 praelationis
2606 3300 2642 3354 2
2674 3300 2858 3355 Nonas
2898 3299 3177 3357 Februarii
3202 3300 3359 3356 obiit.
3395 3301 3521 3355 Frao

173 3396 246 3452 ad
277 3395 573 3452 cenobium
606 3394 1026 3462 Gemblacense,
1073 3395 1245 3451 multa
1277 3396 1513 3452 contulit
1540 3395 1608 3450 ad
1640 3411 1798 3451 usum
1902 3396 2012 3445 tres
2040 3402 2164 3443 cum
2195 3388 2370 3443 multo
2400 3403 2615 3443 merore
2642 3388 3022 3459 perselventes
3076 3389 3127 3444 ei
3166 3388 3375 3444 funeris
3405 3389 3515 3444 ob-

178 3492 237 3542 et
292 3490 548 3540 ornatum
594 3484 881 3552 aacclesias,
922 3500 1043 3557 quis
1106 3484 1447 3556 adquisierat
1494 3484 1804 3540 voluntaria
1902 3479 2178 3551 sequium,
2206 3479 2387 3549 palam
2418 3478 2694 3534 faciebant
2722 3496 2887 3551 quam
2905 3480 3207 3555 benignum
3231 3496 3361 3553 erga
3392 3495 3521 3535 eum

184 3591 380 3633 eorum
419 3592 559 3649 quos
588 3576 918 3633 instruxerat
955 3576 1305 3632 liberalitate.
1361 3576 1807 3647 Frequentabant

189 3673 378 3723 autem
436 3682 563 3722 eum
618 3665 854 3738 majores
905 3675 1057 3729 natu,
1117 3665 1538 3721 excellentiores
1606 3664 1802 3740 gradu,

191 3759 470 3815 acutiores
510 3775 697 3827 sensu,
753 3758 847 3830 qui
887 3764 1042 3814 erant
1094 3757 1151 3813 in
1190 3756 1329 3813 urbe
1358 3755 1701 3821 Leodicensi,
1756 3756 1804 3811 si

191 3846 331 3921 quid
362 3847 673 3920 questionis
700 3853 1017 3903 occurreret
1068 3846 1173 3915 eis,
1205 3846 1273 3902 ad
1304 3846 1454 3901 hunc
1503 3844 1720 3901 deferre
1751 3852 1807 3900 et

190 3956 320 3996 cum
381 3955 447 3995 eo
499 3938 750 3996 conferre
806 3938 973 3995 soliti.
1034 3939 1234 3995 Horum
1310 3936 1622 4009 praecipuus
1689 3943 1807 3992 erat

190 4031 434 4088 domnus
462 4030 767 4099 Heinricus,
796 4029 1217 4087 archidiaconus
1243 4036 1298 4085 et
1334 4030 1580 4085 decanus
1605 4029 1807 4086 aeccle—

190 4126 290 4184 sia:
315 4127 491 4184 sancti
517 4125 812 4195 Lamberti,
847 4127 1003 4195 cujus
1042 4134 1235 4199 rogatu
1274 4125 1494 4198 scripsit
1520 4125 1590 4180 ad
1624 4123 1810 4180 Trevi-

1905 3572 2175 3628 liaberent
2201 3571 2473 3628 affectum.
2499 3574 2698 3629 Dantes
2718 3574 2907 3646 itaque
2937 3575 2987 3628 ci
3019 3575 3200 3631 locum
3218 3576 3517 3647 sepulturas

1905 3671 2033 3720 ante
2086 3664 2257 3719 altare
2295 3672 2497 3720 sach
2551 3666 2648 3720 Dei
2700 3666 2987 3740 genitricis
3031 3667 3231 3734 Mariae,
3273 3683 3339 3721 ex
3384 3675 3515 3722 tunc

1905 3764 1961 3814 et
1989 3772 2135 3813 nunc
2163 3762 2322 3812 orant
2361 3758 2531 3812 Deum
2562 3772 2661 3827 pro
2690 3758 2812 3825 ejus
2850 3766 3056 3813 aaterna
3084 3758 3297 3830 requie.

1975 3850 2095 3905 Vita
2120 3850 2284 3917 Deus,
2314 3849 2482 3906 vitam
2521 3850 2615 3904 det
2643 3849 2694 3904 ei
2747 3850 2868 3905 sine
2899 3849 3011 3905 ﬁne
3056 3850 3294 3905 beatam.
3330 3851 3525 3906 Amen.

2537 3954 2887 3994 EPITHAFIUM.

1909 4030 2082 4088 Abbas
2108 4032 2443 4100 Liethardus,
2472 4034 2641 4088 veluti
2668 4033 2836 4088 ludas
2865 4033 3201 4100 Machabeus,

1980 4130 2103 4182 Dux
2122 4127 2290 4182 bonus
2312 4134 2379 4182 ut
2405 4131 2581 4195 Josue,
2604 4128 2830 4197 prwfuit
2853 4128 3115 4183 (ecclesia.

193 4236 393 4277 renses
431 4218 633 4274 librum
690 4218 759 4274 de
821 4218 1051 4289 jejuniis
1087 4224 1325 4290 quatuor
1380 4226 1716 4289 temporum,
1757 4224 1814 4272 et
1911 4223 2012 4274 Pro
2035 4234 2144 4288 qua
2170 4218 2327 4285 bella,
2366 4222 2545 4274 minas
2575 4220 2702 4274 tulit
2729 4224 2781 4274 et
2803 4222 3037 4276 convitia
3060 4219 3237 4274 multa
3264 4232 3279 4285 ;

193 4312 371 4369 multa
397 4328 522 4385 quae
552 4319 949 4367 commemorat
967 4310 1026 4366 in
1056 4310 1200 4367 libro
1225 4311 1520 4366 illustrium
1547 4311 1809 4367 virorum.
1982 4312 2082 4363 Nec
2110 4313 2294 4362 tamen
2320 4310 2381 4361 in
2407 4307 2585 4363 studio
2607 4307 2810 4363 destitit
2847 4324 2880 4361 a
2911 4307 3113 4363 bravio.

193 4405 256 4459 In
309 4401 547 4459 cenobio
586 4400 965 4457 Gemblacensi
1012 4416 1102 4455 me
1156 4400 1252 4471 qui
1283 4400 1402 4455 haec
1440 4399 1729 4470 descripsi,
1760 4405 1815 4454 et
1838 4468 1875 4471 _
1913 4401 2013 4453 Per
2032 4402 2107 4452 tot
2132 4396 2367 4464 sudores,
2397 4399 2483 4451 vir
2510 4398 2687 4465 fortis,
2719 4399 3038 4466 Marthaque
3069 4397 3249 4452 sollers

191 4496 372 4552 multo
410 4495 672 4551 meliores
725 4494 989 4563 erudivit,
1034 4510 1268 4567 quorum
1319 4495 1526 4551 multos
1579 4500 1705 4550 ante
1753 4510 1805 4551 se

1985 4492 2189 4544 Cuncta
2208 4490 2543 4543 ministravit
2569 4488 2859 4556 fratribus,
2900 4495 2963 4544 ut
2981 4490 3178 4558 potuit.

192 4583 485 4657 praemisit,
518 4597 743 4654 paucos,
774 4599 874 4656 pro
904 4582 1091 4640 dolorl
1126 4590 1251 4655 post
1275 4598 1336 4639 se
1367 4582 1593 4638 dimisit.
1628 4581 1696 4638 Ut
1731 4581 1815 4638 vir
1912 4580 2151 4647 Defessus
2192 4579 2429 4647 tandem,
2461 4584 2674 4635 terrena
2701 4582 2914 4650 negotia
2941 4593 3217 4651 spernens,

195 4673 445 4746 prudens
475 4688 600 4728 cum
637 4678 783 4729 esset
821 4671 1009 4728 multa;
1052 4670 1356 4748 gravitatis,
1410 4685 1523 4727 non
1580 4677 1699 4727 erat
1733 4670 1816 4726 in-
1984 4672 2153 4740 Elegit
2182 4672 2396 4741 parient
2433 4671 2757 4741 Magdalenen
2776 4672 3028 4741 parilem.

197 4763 455 4820 discreta:
469 4760 824 4826 austeritatis,
843 4768 928 4818 set
955 4769 1075 4818 erat
1102 4760 1172 4817 ad
1197 4775 1394 4817 omnes
1408 4766 1469 4816 ut
1496 4775 1586 4816 res
1616 4774 1815 4831 posce-
1914 4765 2085 4827 Quam
2107 4762 2212 4818 sibi
2246 4776 2317 4818 ne
2336 4763 2508 4830 tollas,
2535 4766 2630 4832 qui
2651 4766 2822 4833 gratis
2850 4764 3069 4835 singula
3096 4764 3283 4828 donas,

197 4852 296 4909 bat
345 4851 599 4907 discreta
650 4849 1066 4906 mediocritatis.
1122 4848 1529 4920 Scripturarum
1573 4848 1809 4904 maxime
1982 4858 2084 4921 Qui
2109 4856 2277 4913 bona;
2296 4856 2927 4924 “solus,huicmiserere
2945 4862 3097 4914 Deus,
3121 4856 3313 4912 Amen.
3341 4852 3534 4911 Amen.

200 4944 513 5001 divinarum
545 4941 708 4998 lectio
760 4948 817 4998 et
845 4941 1133 4998 meditatio
1180 4955 1303 4998 cum
1344 4942 1679 5013 occupabat;
1729 4948 1816 4997 set
2367 4947 2452 5002 DE
2482 4946 2786 5005 ANSELMO
2814 4948 3084 5005 ABBATE.

199 5041 386 5091 tamen
431 5031 713 5089 cotidiana
750 5032 1041 5088 missarum
1086 5030 1387 5088 celebratio
1435 5038 1492 5087 et
1519 5031 1719 5088 devota
1746 5031 1815 5086 ad
1987 5037 2079 5092 74.
2118 5036 2562 5105 Gemblacenses,
2602 5037 2847 5094 scientes
2886 5038 3019 5110 quia
3064 5035 3303 5093 ﬁliorum
3345 5041 3429 5092 est
3469 5035 3541 5092 de

200 5124 376 5180 Deum
401 5122 578 5178 oratio
608 5137 830 5193 semper
854 5137 979 5177 eum
1000 5120 1424 5193 praeoccupabat
1471 5121 1658 5197 Longa
1687 5136 1820 5177 con-
1923 5125 2220 5182 amissione
2264 5125 2436 5198 patris
2463 5126 2763 5198 spiritualis
2803 5125 3143 5196 contristari,
3191 5130 3247 5181 et
3284 5124 3414 5198 quia
3445 5140 3540 5178 sa-

201 5213 382 5271 fectus
400 5218 690 5270 senectute
713 5229 836 5273 cum
868 5214 1227 5271 decubuisset
1239 5220 1483 5270 extrema
1512 5214 1825 5288 egritudine
1926 5218 2170 5290 pientum
2202 5225 2287 5274 est
2304 5217 2740 5291 undequumque
2769 5225 3014 5276 exortam
3042 5216 3318 5273 tristitiam
3347 5215 3544 5272 mode-

202 5307 376 5364 nichil
407 5305 671 5361 amittens
729 5305 908 5361 insitae
946 5307 1052 5363 sibi
1099 5306 1431 5378 prudentiae,
1485 5305 1824 5379 fratrumque
1929 5311 2055 5377 rari,
2083 5309 2447 5366 conferebant
2476 5311 2545 5366 ad
2570 5309 2807 5368 invicem
2824 5309 2961 5366 illud
2976 5308 3183 5365 dictum
3215 5308 3368 5365 beati
3391 5306 3544 5363 Pauli

201 5401 464 5458 voluntas
493 5403 665 5465 esset,
698 5403 758 5453 ut
787 5413 911 5455 cum
941 5398 1119 5456 obiret
1148 5397 1290 5454 intra
1316 5398 1712 5455 monasterium
1736 5414 1824 5454 se-
1929 5398 2193 5471 apostoli:
2235 5399 2598 5468 Aporiamur,
2637 5405 2717 5457 set
2750 5416 2857 5456 non
2895 5399 3240 5455 destituimur
3294 5399 3369 5468 (Il
3421 5392 3540 5453 Cor.

205 5492 447 5564 pultare
502 5490 689 5547 locum
743 5490 1035 5562 acciperet,
1083 5497 1143 5548 ut
1196 5490 1281 5548 vir
1333 5491 1545 5548 altioris
1606 5490 1827 5548 consilii
1928 5504 2003 5555 IV,
2056 5486 2134 5558 8).
2175 5486 2522 5559 Aporiamur,
2569 5488 2700 5560 quia
2746 5489 3043 5546 amissione
3082 5487 3272 5545 domui
3328 5482 3546 5542 abbatis

1558 5592 1780 5651 νΑῐιυΕ
1817 5587 2198 5648 LECTIONES.

280 5700 353 5736 τυ
386 5699 563 5755 Justis
589 5725 658 5736 —
689 5703 819 5751 aetas
839 5697 909 5765 (υ.
940 5699 1073 5767 1-5)
1105 5699 1219 5753 alia
1244 5713 1411 5754 manu
1437 5700 1496 5753 in
1537 5699 1647 5755 loco
1660 5712 1805 5756 raso.
