3930 6204
366 291 472 347 643

1573 284 1922 341 SIGEBERTI
1967 284 2484 341 GEMBLACENSIS.

3600 281 3714 335 644

365 420 642 474 Liethardi
701 419 1070 474 contristatur.
1127 416 1222 471 Set
1263 430 1374 470 non
1439 415 1811 486 destituimur,
1855 416 1984 487 quia
2007 420 2062 488 Α
2088 417 2337 471 ruricolis
2353 415 2529 471 fuerat
2550 413 2910 480 contraditus,
2931 429 2996 468 eo
3020 419 3180 484 pacto
3208 418 3266 466 ut
3283 418 3436 466 "terra
3467 412 3715 479 exculta,

365 511 634 584 largiente
658 512 767 566 Deo
795 511 1068 565 habemus
1092 525 1156 563 ex
1200 507 1363 563 nobis
1393 523 1558 579 quem
1594 508 1853 562 idoneum
1885 523 1986 577 pa-

367 611 500 658 trem
555 609 610 656 et
638 601 976 672 provisorem
1011 599 1413 654 constituamus
1463 598 1643 653 nobis.
1708 599 1824 653 Non
1855 611 1986 671 ergo

366 691 524 746 decet
557 706 656 745 nos
686 690 942 744 mestitiae
972 689 1210 755 deditos,
1244 704 1346 743 nos
1384 698 1438 742 et
1468 695 1654 742 nostra
1685 687 1985 759 negligere,

366 795 450 841 set
479 786 748 840 sollicitos
786 792 840 839 et
861 785 1166 841 concordes
1195 800 1321 838 eum
1365 783 1458 854 qui
1488 783 1608 837 loco
1641 789 1851 848 nostro,
1885 796 1987 835 no-

368 878 453 931 bis
485 884 540 932 et
569 876 772 932 nostris
807 877 1000 947 prosit,
1039 876 1246 945 absque
1287 872 1556 928 dilatione
1587 872 1826 943 {eligere
1881 871 1989 926 Hoc

369 982 540 1020 unum
574 966 820 1019 omnium
853 963 1167 1029 consilium,
1201 964 1406 1016 dictum
1441 978 1503 1016 ac
1534 961 1756 1016 factum.
1793 960 1987 1030 Elege-

370 1065 498 1113 runt
522 1059 784 1114 domnum
811 1058 1126 1112 Anselmum
1153 1058 1406 1111 abbatem
1449 1063 1720 1111 octavum.
1758 1053 1853 1108 llic
1879 1053 1988 1108 Deo

369 1149 521 1222 digni
566 1149 808 1216 Guerini,
844 1149 1001 1217 cujus
1033 1149 1086 1201 in
1117 1148 1226 1202 vita
1257 1147 1475 1201 abbatis
1506 1145 1764 1201 Tietmari
1800 1144 1994 1199 memi-

371 1242 572 1305 nimus,
604 1240 704 1293 fuit
734 1239 1180 1312 consanguineus
1221 1249 1278 1294 et
1309 1238 1629 1307 discipulus.
1665 1236 1830 1305 Cujus
1879 1235 1996 1289 imi-

371 1335 515 1382 tatus
556 1327 930 1398 prudentiam,
960 1343 1175 1382 morum
1209 1327 1536 1400 elegantiam
1580 1333 1635 1380 et
1684 1323 1878 1380 orandi
1909 1324 1992 1378 in-

369 1421 652 1486 stantiam,
688 1421 912 1476 multam
959 1420 1065 1475 sibi
1100 1423 1242 1476 inter
1271 1437 1400 1476 suos
1458 1419 1794 1492 adquisierat
1840 1434 1998 1474 reve-

371 1513 606 1567 rentiam
627 1519 681 1566 et
702 1513 848 1583 apud
883 1520 1173 1568 extraneos
1199 1512 1648 1568 benivolentiam.
1686 1511 1813 1565 Cum
1844 1509 1992 1564 enim

366 1603 478 1671 jam
538 1610 683 1656 esset
757 1609 1009 1656 maturus
1059 1608 1218 1656 aetate
1283 1608 1336 1655 et
1404 1600 1673 1665 moribus,
1749 1598 1990 1664 Francis,

373 1694 622 1764 quamvis
653 1709 682 1746 a
719 1692 956 1748 cenobio
1008 1692 1388 1746 Gemblacensi
1429 1690 1592 1762 longe
1635 1689 1880 1754 remotis,
1912 1689 1998 1744 in-

372 1783 551 1838 notuit
590 1781 731 1836 fama
758 1782 1064 1850 prudentiae
1097 1781 1238 1849 ejus,
1258 1789 1312 1836 et
1342 1780 1499 1851 primi
1528 1796 1653 1834 eum
1683 1779 1996 1834 habuerunt

373 1875 763 1947 magistrumet
791 1874 944 1945 quasi
969 1874 1272 1929 secundum
1301 1874 1559 1928 abbatem
1601 1871 1997 1926 Altovillaren-

373 1983 480 2034 ses,
516 1975 642 2037 post
669 1984 765 2023 eos
797 1968 1223 2024 Latiniacenses.
1260 1968 1409 2022 Inter
1448 1983 1588 2038 quos
1629 1968 1794 2040 longo
1845 1972 1992 2020 tem-

375 2075 506 2129 pore
534 2067 922 2126 commoratus,
953 2066 1008 2114 et
1045 2060 1201 2130 quasi
1241 2061 1531 2130 speculum
1583 2058 1888 2114 honestatis
1922 2055 1996 2112 fa-

375 2158 512 2216 ctus,
547 2167 655 2206 non
687 2151 860 2206 solum
907 2152 1090 2206 minus
1121 2151 1416 2221 capacibus
1467 2151 1746 2221 proderat,
1808 2157 1892 2203 set
1947 2153 2002 2201 et

375 2237 499 2300 illos
529 2246 623 2317 qui
653 2246 792 2302 alios
828 2245 1101 2301 instruere
1129 2245 1315 2300 idonei
1356 2252 1562 2310 essent,
1605 2244 1884 2315 profusius
1913 2242 2000 2296 in-

375 2337 652 2402 struebat;
695 2353 793 2408 per
858 2353 996 2408 quos
1051 2352 1227 2409 usque
1295 2337 1459 2392 hodie
1497 2337 1647 2391 radix
1705 2333 1992 2405 sapientiae

377 2444 537 2499 quam
598 2428 678 2482 eis
726 2428 980 2494 inseruit,
1046 2427 1385 2483 fructiﬁcans
1463 2433 1792 2498 perseverat.
1845 2425 1995 2479 Tunc

376 2519 642 2590 temporis
689 2520 843 2574 multi
901 2519 1127 2575 fratrum
1179 2526 1488 2575 nostrorum
1533 2534 1642 2573 non
1698 2519 1884 2573 solum
1938 2517 1995 2570 in

380 2607 597 2663 Francia
643 2617 726 2662 set
761 2615 816 2663 et
877 2609 931 2662 in
963 2609 1088 2663 aliis
1136 2609 1426 2680 provintiis
1475 2607 1717 2680 magistri
1751 2614 1805 2661 et
1837 2604 1994 2677 quasi

377 2700 609 2755 secundi
639 2700 870 2756 abbates
892 2708 1048 2755 erant
1079 2701 1135 2755 in
1167 2701 1354 2755 multis
1369 2699 1644 2762 cenobiis,
1676 2714 1742 2754 eo
1761 2697 1909 2768 quod
1943 2697 1999 2750 in

377 2791 663 2863 scripturis
710 2794 967 2848 humanis
1037 2792 1123 2848 vel
1178 2793 1379 2846 divinis
1416 2791 1718 2853 exercitati,
1767 2791 1998 2844 multum

382 2883 614 2937 fructum
651 2883 938 2952 sapientiae
972 2880 1362 2952 relinquebant
1392 2880 1833 2951 quibuscumque
1864 2877 2003 2933 locis

381 2972 615 3028 fuissent
645 2973 903 3028 adhibiti.

450 3061 536 3116 75.
570 3062 811 3116 Domnus
841 3062 1133 3115 Anselmus
1185 3060 1406 3116 tandem
1448 3075 1698 3114 reversus
1732 3060 1800 3114 ad
1833 3067 2004 3114 ceno;

382 3151 535 3206 bium
565 3151 988 3219 Gemblacense,
1022 3152 1088 3204 de
1117 3151 1205 3205 die
1247 3152 1302 3204 in
1335 3151 1480 3205 diem
1509 3150 1766 3205 studebat
1795 3149 1850 3203 in
1881 3164 2001 3202 me-

383 3242 492 3296 lius
520 3241 793 3313 proﬁcere
819 3241 920 3295 sub
949 3241 1155 3295 domno
1187 3240 1482 3296 Liethardo
1527 3239 1726 3295 abbate
1791 3239 2000 3294 Biblio-

383 3331 556 3386 theeae
585 3330 837 3384 assiduus
865 3335 1137 3384 scrutator
1186 3337 1322 3394 erat,
1358 3336 1414 3382 et
1455 3329 1548 3382 ubi
1593 3328 1800 3382 utilitas
1830 3344 1995 3399 expo-

383 3420 592 3486 scebat,
654 3435 775 3472 eam
833 3417 1184 3472 emendando
1240 3423 1293 3471 et
1346 3416 1600 3489 augendo
1658 3415 2000 3471 meliorabat.

385 3514 856 3584 Quandocumque
885 3529 916 3566 a
945 3512 1178 3568 lectione
1209 3511 1294 3567 vel
1321 3511 1571 3566 oratione
1605 3509 1852 3576 vacabat,
1895 3510 2006 3566 fra-

385 3602 561 3658 tribus
581 3603 898 3671 junioribus
927 3603 1139 3674 aliquid
1167 3604 1420 3657 humanae
1447 3601 1531 3657 vel
1558 3601 1757 3656 divinae
1791 3602 2004 3673 paginae

387 3695 710 3760 disserebat,
740 3711 851 3750 non
897 3694 1274 3750 tantummodo
1320 3694 1375 3747 in
1417 3709 1476 3748 se
1503 3693 1625 3764 ipso
1666 3692 1868 3760 virere,
1909 3693 2007 3748 sed

390 3797 444 3846 et
477 3792 531 3845 in
562 3791 644 3845 eis
675 3797 800 3861 post
821 3790 1030 3846 obitum
1063 3806 1221 3845 suum
1247 3789 1439 3845 volens
1476 3788 1682 3843 vivere.
1715 3789 1880 3843 Datus
1907 3787 2009 3842 ab-

396 3883 515 3949 bas,
545 3889 804 3952 suscepto
838 3883 992 3938 oneri
1025 3889 1079 3936 et
1132 3881 1330 3937 honori
1362 3888 1550 3951 aptum
1590 3897 1649 3934 se
1695 3880 2009 3950 exhibebat,

393 3980 448 4028 et
485 3989 718 4043 persona
747 3975 869 4042 ejus
897 3980 952 4028 et
983 3973 1278 4044 prudentia
1309 3972 1395 4026 his
1421 3971 1514 4043 qui
1556 3988 1682 4026 eum
1722 3977 2008 4039 noverant,

393 4064 734 4119 honorabilis
764 4073 901 4119 erat.
937 4065 1150 4119 Fratres
1180 4070 1362 4120 autem
1395 4078 1532 4134 quos
1551 4063 1886 4118 sollertiores
1914 4079 2010 4120 no-

390 4163 563 4223 verat,
624 4156 728 4210 sibi
770 4156 1127 4230 adjungebat,
1180 4162 1236 4210 et
1283 4155 1366 4209 eis
1403 4154 1790 4210 aecclesiastica
1832 4153 2013 4210 ofﬁcia

392 4244 797 4312 committebat,
839 4250 894 4298 et
935 4261 1034 4315 per
1071 4259 1168 4299 eos
1199 4243 1415 4316 agebat,
1465 4243 1610 4314 quod
1642 4259 1742 4314 per
1768 4259 1826 4297 se
1847 4259 2013 4317 agere

392 4337 617 4394 nolebat
662 4345 755 4394 aut
812 4354 926 4393 non
988 4338 1224 4403 valebat,
1291 4339 1537 4410 Denique
1593 4337 2009 4405 monasterium,

392 4431 714 4498 claustrum,
749 4430 1126 4496 refectorium,
1157 4429 1562 4497 dormitorium,
1612 4429 1930 4500 capitolium
1957 4438 2012 4485 et

390 4535 589 4575 omnes
620 4518 932 4574 claustralis
961 4517 1127 4574 curiae
1157 4516 1408 4574 ofﬁcinas
1449 4524 1505 4572 et
1535 4532 1728 4572 omnes
1771 4517 2010 4573 exterio-

392 4623 479 4662 res
509 4607 691 4662 curias
728 4624 827 4678 per
862 4623 959 4663 eos
997 4603 1233 4661 ediﬁciis
1281 4603 1616 4673 honestavit,
1656 4613 1712 4660 et
1755 4621 2008 4679 agrorum

390 4699 485 4771 qui
529 4698 586 4753 in
614 4699 817 4754 vicinia
847 4705 1006 4754 erant
1031 4697 1383 4768 coemptione
1413 4695 1818 4767 multiplicavit.

459 4794 548 4848 76.
584 4793 700 4849 Scit
726 4794 973 4864 prudens
1008 4793 1202 4859 lector,
1256 4791 1388 4863 quia
1425 4797 1642 4847 veteres
1671 4797 1831 4847 cattas
1884 4792 2009 4862 plus

389 4887 730 4944 auctoritatis
756 4889 962 4946 habent
1001 4906 1101 4945 sua
1121 4889 1326 4944 inculta
1355 4894 1644 4953 vetustate,
1675 4904 1836 4960 quam
1861 4887 2008 4958 quod

390 4993 539 5030 nunc
589 4978 839 5032 moderni
893 4986 1237 5049 componunt
1283 4976 1637 5041 taceuratiori
1697 4982 2006 5032 venustate.

391 5063 632 5129 Quedam
652 5079 781 5137 ergo
804 5083 928 5137 quae
959 5075 1113 5142 gesta
1141 5075 1270 5124 sunt
1301 5066 1465 5138 hujus
1490 5064 1705 5120 abbatis
1733 5071 2004 5134 tempore,

389 5153 535 5208 sicut
564 5153 620 5207 in
668 5154 829 5209 cartis
866 5156 1218 5211 continentur
1248 5155 1581 5210 inseruimus
1621 5152 1748 5208 huic
1798 5152 2009 5206 descri—

390 5241 570 5313 ptioni
610 5250 828 5310 nostrae,
871 5242 1018 5298 bona
1043 5246 1110 5300 ad
1150 5245 1429 5301 suadelam
1462 5243 1592 5299 boni
1623 5243 1832 5314 operis,
1865 5242 2009 5296 mala

392 5329 461 5386 ad
489 5329 760 5386 cautelam
791 5331 1163 5388 adhibendam
1196 5335 1454 5406 posteris.

459 5421 549 5478 77.
585 5421 819 5493 Campus
841 5423 1066 5494 quidam
1100 5425 1405 5497 municipio
1448 5425 1644 5496 Eineys
1694 5430 1832 5493 erat,
1865 5440 2006 5480 con—

388 5508 606 5584 tiguus;
648 5511 738 5568 hic
783 5529 815 5568 a
832 5511 1027 5582 priscis
1055 5515 1400 5584 temporibus
1429 5530 1461 5569 a
1480 5513 1648 5570 nostri
1678 5513 1782 5569 loci
1811 5514 2011 5570 abbate

2087 517 2334 580 quartam
2363 510 2587 584 garbam
2634 507 2909 563 inferrent
2934 505 3153 562 horreis
3209 504 3505 560 azcclesize.
3547 505 3713 559 Tem-

2090 615 2220 670 pore
2251 606 2431 654 autem
2465 597 2820 669 procedente,
2851 595 2921 650 ob
2959 593 3307 650 sterilitatem
3350 595 3419 649 ab
3446 593 3714 668 agricolis

2090 688 2392 761 neglectus,
2441 687 2671 742 vacabat
2700 684 2892 740 urticis
2935 683 3089 738 rubis
3137 691 3192 738 et
3231 683 3502 738 sentibus.
3556 683 3713 738 Hunc

2089 779 2275 850 itaque
2301 784 2584 833 vacantem
2611 777 2850 833 domnus
2879 775 3053 829 abbas
3091 773 3420 829 Liethardus
3449 773 3716 829 vestiario

2089 871 2301 926 addidit
2332 868 2972 926 inconsultisheredibus
3010 867 3177 937 (898).
3210 865 3574 920 Vestierarius
3603 867 3715 920 ita-

2091 978 2196 1032 que
2227 971 2426 1016 terram
2450 961 2623 1015 marla
2653 969 2708 1015 et
2739 959 2867 1014 fimo
2901 959 3280 1032 inpinguatam
3337 963 3517 1013 aratro
3543 973 3715 1012 exeo-

2095 1055 2217 1122 luit,
2274 1053 2497 1110 domum
2546 1051 3011 1124 superediﬁcavit,
3067 1051 3369 1107 bubulcum
3430 1050 3712 1118 adhibuit,

2095 1144 2246 1200 omni
2286 1160 2492 1219 genere
2545 1144 2748 1198 laboris
2805 1142 3136 1197 Wineritilio
3177 1173 3247 1181 —
3289 1142 3368 1196 sic
3398 1141 3545 1195 enim
3579 1156 3715 1213 ager

2093 1235 2395 1291 vocabatur
2426 1265 2493 1272 —
2525 1250 2708 1289 curam
2752 1233 3040 1303 impendit.
3086 1233 3300 1287 Interea
3338 1231 3576 1286 heredes
3603 1230 3712 1284 ad-

2096 1330 2244 1391 sunt,
2285 1324 2354 1378 de
2385 1322 2650 1393 injustitia
2677 1329 3110 1392 conqueruntur,
3144 1322 3367 1376 domum
3394 1319 3720 1390 superposi-

2095 1423 2205 1469 tam
2229 1415 2549 1478 incendunt,
2585 1423 2753 1485 utque
2791 1412 2895 1466 sibi
2927 1412 3206 1466 hereditas
3245 1409 3508 1464 reddatur
3529 1408 3715 1464 omni—

2096 1502 2276 1556 modis
2329 1512 2651 1574 exposcunt.
2684 1502 2882 1555 Verum
2931 1501 3061 1554 dum
3103 1501 3220 1554 haec
3255 1499 3323 1552 lis
3353 1497 3714 1569 protrahitur,

2097 1591 2334 1647 domnus
2359 1591 2531 1645 abbas
2566 1590 2894 1644 Liethardus
2941 1589 3051 1644 vita
3081 1589 3418 1661 defungitur,
3478 1588 3714 1656 ejusque

2099 1687 2153 1741 in
2184 1687 2306 1743 loco
2348 1687 2586 1742 domnus
2632 1686 2925 1740 Anselmus
2988 1684 3161 1740 abbas
3216 1685 3570 1757 subrogatur,
3629 1682 3715 1736 vir

2097 1784 2248 1832 certe
2275 1775 2434 1830 bona;
2464 1775 2744 1830 memoriae
2783 1781 2836 1829 et
2875 1773 3150 1844 praeclarae
3193 1772 3460 1840 scientiae,
3501 1779 3554 1826 et
3587 1771 3716 1826 ido-

2097 1884 2234 1922 neus
2283 1868 2349 1921 ad
2391 1883 2532 1922 onus
2588 1866 3004 1921 sustentandum
3065 1865 3210 1937 quod
3253 1865 3304 1918 ei
3371 1863 3718 1933 imposuerat

2097 1970 2328 2010 concors
2377 1955 2602 2010 fratrum
2644 1955 2859 2011 caritas.
2903 1955 2995 2009 Set
3034 1971 3132 2026 pro
3164 1953 3347 2010 dolorl
3401 1952 3485 2007 vir
3534 1959 3718 2006 tantus

2101 2053 2223 2116 post
2243 2045 2520 2101 modicum
2549 2046 2762 2102 viribus
2783 2045 3030 2116 corporis
3051 2042 3716 2120 egritudinedestituitur,

2102 2149 2157 2193 et
2186 2139 2407 2213 vigente
2435 2139 2664 2193 scientia
2695 2138 2924 2212 ingenio
2951 2144 3006 2192 et
3035 2136 3308 2206 facundia,
3341 2135 3467 2190 cibo
3491 2135 3720 2190 tenuiet

2103 2238 2235 2301 potu
2255 2231 2366 2285 vini
2403 2246 2670 2302 perparvo
2698 2229 3038 2286 stomachum
3069 2230 3460 2285 lasesseentem
3493 2237 3718 2283 susten-

2097 2327 2190 2376 tat.
2227 2321 2382 2376 Hunc
2411 2337 2543 2395 ergo
2588 2321 2644 2374 in
2701 2319 2970 2393 regimine
3009 2320 3272 2389 positum,
3316 2319 3550 2372 heredes
3601 2317 3718 2389 agri

2096 2409 2320 2476 adeunt,
2353 2419 2408 2464 et
2428 2418 2487 2463 ut
2507 2409 2610 2462 sibi
2633 2409 2910 2463 hereditas
2939 2424 3108 2462 causa
3136 2407 3490 2481 negligentia
3511 2407 3717 2462 amissa

2098 2501 2373 2566 reddatur,
2407 2501 2633 2555 omnino
2681 2500 3010 2571 deposcunt.
3052 2499 3234 2553 Abbas
3272 2515 3395 2552 eum
3442 2497 3560 2552 suis
3609 2498 3718 2552 ha-

2099 2591 2213 2646 bito
2243 2590 2498 2656 consilio,
2518 2591 2607 2644 die
2635 2590 2780 2644 dicta
2809 2589 3010 2658 placito
3042 2604 3138 2643 eos
3166 2586 3342 2654 audit,
3375 2593 3431 2640 et
3459 2586 3580 2658 lege
3595 2587 3722 2640 data

2099 2696 2131 2733 a
2159 2678 2446 2748 scabiniis,
2486 2694 2660 2748 super
2700 2677 2752 2731 id
2786 2677 2932 2748 quod
2975 2676 3265 2746 petebatur
3314 2675 3438 2730 illos
3476 2674 3722 2730 exaudit.

2100 2770 2243 2840 Ergo
2282 2767 2583 2838 unicuique
2612 2773 2765 2838 parte
2795 2782 2918 2837 qua
2965 2765 3072 2819 sibi
3112 2764 3460 2835 competebat
3483 2764 3722 2830 reddita,

2104 2877 2231 2932 pars
2250 2860 2362 2934 agri
2383 2860 2563 2913 adhuc
2577 2859 2820 2914 restabat
2847 2858 3107 2923 maxima.
3141 2857 3441 2912 Balduinus
3461 2857 3720 2925 clericus,

2101 2951 2252 3006 filius
2277 2951 2590 3017 Alberonis,
2624 2967 2780 3020 cujus
2819 2949 2874 3004 in
2904 2950 3014 3005 vita
3042 2949 3300 3004 Tietmari
3341 2948 3558 3004 abbatis
3597 2964 3724 3002 me-

2104 3045 2368 3098 minimus
2415 3043 2646 3098 consilio
2701 3042 2922 3096 abbatis
2973 3047 3207 3112 praeerat
3249 3048 3382 3095 tunc
3430 3040 3722 3111 temporis.

2108 3134 2203 3188 Hic
2258 3133 2313 3187 in
2354 3133 2507 3187 nullo
2560 3149 2591 3186 a
2642 3131 2886 3202 paternis
2925 3131 3175 3186 moribus
3228 3131 3576 3201 discrepans,
3618 3131 3725 3185 nisi

2101 3223 2249 3295 quod
2273 3224 2326 3277 in
2350 3222 2676 3292 accipiendo
2706 3221 2917 3275 avidior
2945 3229 3000 3276 et
3027 3221 3082 3274 in
3115 3220 3404 3292 querendo
3427 3218 3536 3274 fuit
3570 3227 3728 3274 astu-

2103 3318 2227 3382 tior,
2262 3315 2535 3371 residuam
2588 3321 2800 3386 partem
2855 3313 2969 3388 agri
3007 3313 3347 3383 concupivit,
3413 3320 3467 3367 et
3498 3313 3724 3368 duabus

2105 3405 2302 3461 marcis
2332 3405 2541 3477 argenti
2583 3403 2888 3476 promissis,
2929 3418 3049 3457 eam
3094 3401 3200 3457 sibi
3241 3401 3362 3456 dari
3402 3401 3471 3456 ab
3524 3402 3725 3457 abbate

2106 3499 2283 3570 petiit.
2319 3497 2500 3552 Abbas
2530 3511 2755 3568 prorsus
2785 3494 2997 3550 abnuit.
3034 3496 3128 3550 Ille
3155 3510 3254 3566 per
3284 3495 3642 3566 praepositum
3673 3500 3728 3548 et

2107 3591 2210 3646 sibi
2263 3590 2514 3644 intimum
2561 3588 2896 3643 Adelardum
2931 3594 2987 3642 et
3043 3587 3314 3658 quosdam
3358 3586 3583 3642 fratrum
3633 3585 3727 3656 qui

2109 3681 2224 3756 agri
2259 3681 2618 3752 quantitatem
2659 3678 2882 3750 penitus
2923 3677 3274 3751 ignorabant,
3317 3677 3578 3732 abbatem
3621 3675 3730 3730 cir-

2111 3773 2389 3830 cumvenit
2419 3772 2486 3825 ad
2505 3771 2779 3836 ultimum,
2813 3778 2869 3825 et
2884 3769 3034 3824 nulla
3065 3769 3365 3841 quantitate
3401 3769 3518 3842 agri
3551 3768 3728 3822 deno-

2111 3869 2340 3935 minata,
2391 3867 2593 3921 taxavit
2641 3881 2864 3920 censum
2919 3865 3163 3936 quinque
3203 3863 3534 3926 solidorum,
3579 3862 3730 3917 e124

2111 3963 2383 4038 bonuaria
2410 3969 2568 4016 terrae
2598 3962 2811 4031 accepit
2839 3961 3141 4016 secundum
3168 3959 3310 4013 velle
3337 3974 3522 4024 suum,
3547 3957 3600 4012 Si
3625 3959 3729 4013 hoc

2107 4053 2315 4122 justum
2357 4051 2479 4118 fuit,
2512 4052 2657 4106 Deus
2689 4050 2873 4118 justus
2898 4049 3065 4121 judex
3111 4049 3330 4103 viderit.
3360 4048 3472 4103 Hoc
3499 4048 3594 4102 ubi
3643 4064 3730 4102 re-

2114 4145 2311 4200 scitum
2346 4150 2429 4197 est
2480 4158 2510 4195 a
2554 4140 2832 4207 fratribus,
2874 4141 2944 4194 de
2975 4139 3240 4208 injustitia
3289 4139 3437 4209 apud
3470 4139 3726 4193 abbatem

2113 4238 2554 4305 conqueruntur.
2583 4230 2677 4285 Set
2702 4229 2757 4284 id
2789 4229 2986 4284 frustra
3015 4228 3133 4285 fuit.
3167 4228 3347 4282 Abbas
3382 4228 3535 4282 enim
3567 4242 3734 4298 super

2114 4342 2210 4382 eos
2235 4325 2329 4396 qui
2371 4323 2739 4379 interfuerant
2768 4338 2986 4378 causam
3039 4320 3316 4389 rejiciens,
3364 4321 3434 4375 de
3466 4319 3730 4377 omnibus

2112 4432 2170 4471 se
2201 4414 2442 4470 reddidit
2471 4419 2810 4469 excusatum.
2855 4410 3083 4466 Domine
3125 4411 3268 4465 Deus
3299 4415 3512 4476 noster,
3544 4408 3730 4480 judice

2038 4487 2094 4555 D
2113 4525 2332 4564 causam
2365 4515 2628 4562 nostram.

2179 4598 2268 4652 78.
2305 4595 2667 4669 Berengarius
2707 4594 2800 4665 qui
2842 4592 3107 4664 praedium
3161 4591 3310 4663 quod
3351 4591 3557 4646 dicitur
3616 4591 3728 4644 Ruz

2112 4708 2236 4749 cum
2269 4706 2476 4766 genero
2507 4705 2607 4744 suo
2635 4687 2936 4744 Reinbaldo
2970 4688 3170 4757 injuste
3201 4686 3547 4757 possidebat,
3579 4684 3727 4739 mul-

2111 4784 2180 4841 tis
2209 4784 2445 4839 afﬂictus
2473 4781 2856 4846 incommodis,
2887 4780 3193 4835 deliberata
3225 4778 3480 4846 consilio,
3513 4793 3730 4850 posses-

2111 4874 2328 4929 sionem
2359 4874 2678 4928 damnosam
2733 4871 2987 4927 vendidit
3038 4871 3254 4926 Freiero
3313 4870 3535 4925 cuidam
3568 4869 3726 4925 laico.

2111 4965 2364 5019 Freierus
2400 4954 2568 5019 veluti
2628 4977 2791 5017 cecus
2855 4960 2921 5028 _in
2975 4959 3185 5015 foveam
3242 4960 3526 5031 delapsus,
3583 4958 3730 5031 quod

2111 5060 2527 5126 comparaverat
2555 5068 2680 5107 sero
2729 5051 2987 5127 cognovit
3024 5051 3181 5107 malis
3235 5052 3620 5123 proventibus.
3661 5051 3731 5106 De

2110 5145 2390 5216 emptione
2411 5143 2602 5216 prmdii
2635 5143 2780 5214 apud
2811 5159 2942 5198 suos
2959 5143 3332 5214 conqueritur,
3371 5150 3425 5197 et
3452 5140 3730 5214 quomodo

2110 5235 2216 5290 hoc
2245 5241 2447 5300 careat,
2489 5232 2687 5288 tacitus
2738 5248 2927 5286 secum
2967 5232 3190 5304 cogitat.
3234 5232 3329 5287 Cui
3365 5233 3552 5288 statim
3587 5230 3727 5304 quod

2111 5331 2336 5404 optabat
2355 5329 2572 5386 accidit.
2606 5328 2855 5402 Tietgero
2888 5327 3057 5396 enim,
3088 5326 3200 5382 tilio
3231 5327 3533 5399 supradicti
3567 5327 3729 5382 Hein-

2110 5421 2270 5488 fredi,
2303 5420 2469 5474 ﬁliam
2501 5435 2652 5474 suam
2686 5426 2916 5490 nuptum
2959 5417 3130 5483 dedit,
3175 5433 3338 5488 quem
3366 5416 3581 5488 prtedio
3609 5431 3732 5488 per-

2112 5510 2338 5568 ditionis
2365 5524 2491 5565 cum
2522 5507 2706 5579 aliqua
2718 5515 2873 5578 parte
2903 5505 3154 5579 pecuniae
3187 5506 3334 5562 dotis
3364 5506 3594 5562 nomine
3632 5504 3727 5560 do-

1000 5663 1007 5668 .
1947 5611 2149 5668 NOTAE.

453 5708 593 5778 (898)
625 5709 662 5764 ι.
698 5726 750 5778 q.
781 5719 954 5775 supra
982 5710 1231 5765 ruricolis
1271 5710 1562 5765 Germanic
1589 5710 1774 5776 erben,
1802 5725 2060 5783 agrorum
2092 5721 2478 5779 possessores.
