3930 6204
172 277 274 332 διδ
1128 270 1311 327 GEST.
1354 269 1500 325 ABB.
1544 268 1781 327 GEMBL.
1823 299 1889 309 —
1927 270 2184 327 CONTIN.
2227 275 2547 335 GODESCHI
3390 294 3495 351 646

177 406 340 461 navit.
382 400 489 468 Sic,
513 400 846 471 disponente
876 398 1011 467 Deo,
1047 399 1157 454 Ruz
1187 399 1255 454 ab
1284 405 1511 455 externa
1539 397 1704 454 domo
1730 397 1787 451 in
1815 404 1862 472 A
1888 409 2077 476 giente,
2107 408 2397 462 acclesiam
2412 413 2473 463 ut
2498 413 2736 466 cernitur
2756 414 2912 469 hodie
2930 416 3310 486 ediﬁcaverunt
3329 423 3495 477 multo

178 497 396 552 domum
442 493 593 548 illius
630 493 726 565 qui
766 507 893 548 eum
927 494 1083 565 prius
1127 500 1440 565 pervaserat
1470 493 1779 547 revertitur.
1883 500 2101 566 sumpta
2120 500 2169 551 et
2194 497 2392 563 labore,
2422 501 2483 553 ut
2497 500 2638 555 locus
2656 501 2747 555 ille
2773 518 2879 557 non
2900 505 3165 561 habitatio
3186 513 3498 575 vastatoris,

174 591 287 646 Non
317 595 437 659 post
484 590 716 642 multum
758 596 996 658 tempus.
1039 588 1326 661 Tictgerus
1358 588 1489 642 dum
1534 587 1623 641 die
1649 602 1785 642 con-
1885 586 1976 641 sed
2028 587 2217 641 domus
2264 591 2399 641 esset
2442 587 2761 644 Salvatoris.
2814 591 3127 648 Gaudebam
3173 602 3352 653 actum
3387 615 3499 655 meo

175 682 315 737 dicta
344 681 411 736 ad
443 680 705 751 placitum
730 680 1010 752 quoddam
1041 680 1290 752 quolibet
1319 696 1442 736 cum
1471 678 1661 735 amicis
1689 695 1787 734 va—
1887 676 2130 741 consilio,
2160 676 2305 730 unde
2353 678 2493 732 mihi
2526 680 2585 732 in
2614 678 2975 737 Gemblacensi
3011 685 3224 741 cenobio
3253 694 3381 743 esset
3427 690 3502 744 ad

175 773 274 841 dit,
304 773 363 828 in
413 772 599 827 medio
642 772 843 827 itinere
874 772 925 827 ei
954 772 1114 827 miles
1142 772 1285 827 alius
1317 771 1593 838 occurrit;
1628 770 1787 842 equis
1888 764 2057 818 Deum
2070 765 2326 834 ῙνθίΙίιθηε
2350 765 2590 833 fratrum
2610 771 2804 835 οναιίο,
2834 770 3033 825 estinde
3048 774 3242 828 υίοίηίε
3262 790 3503 845 710121081“-

176 866 475 933 concitatis,
506 867 576 921 ab
596 866 844 938 utrisque
872 866 1036 922 simul
1067 867 1429 930 concurritur,
1460 882 1638 938 equus
1669 864 1792 933 ejus
1892 858 2129 912 turbatio
2158 858 2252 912 sed
2277 860 2586 915 animarum
2624 865 2673 916 εί
2701 876 2984 931 Corporum
3031 869 3166 919 esset
3192 868 3501 925 οοηεοιαείοο

175 959 239 1014 ab
266 972 408 1030 equo
440 957 591 1013 illius
622 964 989 1013 terramtenus
1014 958 1411 1029 prosternitur;
1447 958 1568 1029 ipse
1605 956 1791 1031 gravi-
1894 946 2129 1016 Cumque
2163 952 2389 1016 Ρνορτθν
2426 951 2581 1017 Pacis
2624 953 2673 1003 εί
2711 952 3003 1005 concordia?
3049 954 3315 1009 υηίταίθηι
3350 957 3509 1011 mum

176 1054 255 1102 ter
273 1045 519 1112 collisus,
542 1044 800 1100 omnibus
828 1046 1090 1100 membris
1107 1045 1440 1109 concutitur,
1472 1051 1527 1099 et
1556 1043 1625 1099 ab
1651 1042 1794 1098 ami-
1892 1034 2023 1088 ίιιιιϐ
2064 1038 2425 1103 convenirent,
2458 1042 2507 1091 εἰ
2532 1039 2604 1091 ad
2641 1039 3001 1095 habitandum
3030 1042 3139 1097 είδε
3163 1043 3345 1098 domos
3387 1059 3510 1099 00n-

177 1134 253 1189 cis
274 1134 499 1200 relatus,
527 1141 719 1189 octava
751 1134 839 1189 die
870 1134 1075 1190 ﬁnitur.
1106 1136 1247 1190 Dicit
1291 1135 1558 1206 propheta
1590 1134 1787 1188 David:

1899 1126 2179 1192 struerent,
2213 1125 2402 1179 iterum
2441 1125 2622 1182 habito
2664 1131 2887 1183 consilio
2916 1146 3034 1185 cum
3072 1134 3264 1188 amicis
3300 1136 3431 1189 meis
3458 1138 3509 1190 et

175 1229 355 1282 Justus
379 1241 455 1292 es,
501 1229 738 1288 nomine,
788 1231 838 1281 ετ
875 1232 1083 1284 rectum
1119 1229 1391 1282 ndicium
1439 1231 1588 1282 ιυωη
1620 1226 1786 1296 (Ρεαι,
1891 1229 2009 1269 cum
2034 1217 2347 1286 supradicto
2376 1217 2569 1273 abbate
2596 1227 2645 1274 et
2669 1221 2891 1287 familia
2916 1224 3183 1292 acclesia,
3214 1225 3423 1280 decrevi
3445 1231 3507 1282 ut

178 1330 353 1379 cxvm,
371 1315 499 1386 137)
523 1332 538 1381 ;
571 1322 625 1370 et
645 1315 773 1387 quia
801 1316 931 1371 huic
956 1316 1247 1372 sententia
1278 1316 1657 1372 contradicere
1678 1331 1789 1371 non

1899 1306 2035 1362 locus
2065 1308 2155 1362 ille
2180 1323 2297 1363 cum
2323 1310 2519 1379 oppido
2559 1311 2925 1368 Gemblacensi
2953 1318 3051 1383 jus
3096 1315 3267 1383 legale
3295 1320 3344 1371 et
3375 1332 3507 1373 con-

178 1420 465 1475 possumus
488 1404 699 1476 judicio
726 1405 821 1460 Dei
862 1406 1048 1461 omnia
1079 1405 1501 1461 committamus.
1896 1400 2334 1456 suetudinarium
2354 1404 2412 1456 in
2431 1404 2674 1459 omnibus
2697 1405 2912 1460 haberet
2934 1421 3124 1461 unum.
3157 1408 3245 1461 Me
3266 1415 3507 1479 excepto,

241 1498 325 1554 79.
357 1496 513 1553 Caria
542 1498 611 1554 de
634 1498 991 1556 villicatione,
1026 1501 1273 1556 Otbertus
1317 1502 1504 1568 gratia
1535 1502 1629 1555 Dei
1664 1503 1795 1556 Leo-
1894 1495 2075 1549 nullus
2097 1496 2174 1550 ibi
2193 1500 2484 1568 quicquam
2493 1498 2646 1568 juris
2674 1500 2905 1554 haberet.
2938 1501 3277 1557 Advocatum
3301 1505 3511 1560 nullum

176 1586 467 1641 dicensium
494 1588 791 1657 episcopus,
832 1589 1049 1643 decanis
1078 1590 1387 1660 prapositis
1425 1593 1475 1644 et
1503 1590 1792 1646 abbatibus
1894 1587 2005 1642 nisi
2032 1604 2112 1643 me
2138 1592 2461 1660 susciperet;
2490 1607 2590 1661 per
2617 1592 2863 1647 abbatem
2890 1597 2939 1647 et
2962 1609 3064 1662 per
3088 1609 3168 1648 me
3195 1597 3245 1649 si
3280 1600 3511 1653 necessi-

176 1681 222 1732 et
243 1678 485 1733 omnibus
515 1679 614 1733 sub
649 1683 909 1748 potestate
936 1685 1123 1734 nostra
1164 1680 1480 1748 degentibus
1526 1683 1792 1737 acclesia-
1821 1728 1866 1753 η
1893 1680 1978 1731 tas
2004 1680 2260 1746 exigeret,
2291 1680 2654 1749 componenda
2691 1688 3151 1752 componerentur,
3190 1687 3512 1753 corrigenda

180 1728 217 1732 η
650 1728 903 1748 rh---“
1166 1728 1479 1748 mam---“
1526 1728 1763 1737 -m---“
2008 1728 2260 1746 ην--
2294 1728 2651 1749 ---ατ-.--ηπ
2694 1728 3151 1752 --.ατ-.-η-.--κη
3192 1728 3509 1753 --...,-......

179 1788 295 1826 rum
330 1775 425 1826 Dei
450 1773 763 1827 rectoribus.
794 1775 1189 1830 Contentionem
1224 1776 1375 1830 illam
1402 1792 1518 1845 qua
1538 1778 1691 1844 facta
1715 1781 1791 1831 est
1819 1728 1869 1796 Β
1892 1768 2307 1835 corrigerentur.
2338 1768 2593 1835 Quamvis
2612 1774 2791 1824 αιιίθηι
2810 1786 2923 1838 090,
2955 1773 3096 1826 Sicut
3126 1778 3175 1828 ει
3213 1780 3509 1831 antecesso-

177 1861 233 1914 in
262 1861 627 1916 Gemblacensi
666 1862 958 1930 parrochia
989 1864 1127 1917 inter
1156 1864 1403 1918 abbatem
1442 1869 1491 1919 et
1528 1866 1790 1933 villicum,
1891 1874 1975 1913 res
2004 1862 2128 1926 mei,
2164 1874 2269 1929 Ρεν
2296 1876 2517 1914 manum
2547 1862 2889 1930 imperatoris
2919 1864 3022 1917 δίνη
3051 1867 3376 1921 constitutus
3402 1867 3509 1921 αά-

179 1950 303 2003 satis
323 1953 650 2018 compertam
686 1951 833 2005 vobis
863 1966 975 2005 esse
1001 1954 1373 2019 cognovimus;
1400 1954 1539 2008 unde
1564 1971 1629 2009 ne
1657 1956 1793 2025 quid
1890 1953 2108 2003 υοσαίιιε
2161 1948 2549 2005 θθηιὺιιισθηείε
2593 1952 2835 2019 Catulli“,
2890 1957 3067 2007 tamen
3103 1959 3165 2009 ut
3213 1957 3512 2012 οηιηὶηιοάο

178 2041 277 2094 tale
311 2042 617 2111 aliquando
657 2044 715 2097 in
746 2043 874 2099 locis
904 2047 1099 2100 vestris
1129 2046 1364 2114 accidat,
1404 2053 1587 2103 cautos
1608 2064 1700 2104 vos
1730 2065 1793 2105 ac

176 2136 417 2192 sollicitos
454 2137 679 2191 reddere
707 2141 1039 2194 curavimus.
1070 2142 1466 2198 Villicationem
1486 2160 1654 2214 quam
1664 2148 1794 2214 jure

176 2229 502 2286 hereditario
545 2232 733 2286 Emmo
758 2233 975 2288 villicus
1012 2235 1381 2305 sibi‘retinere
1413 2240 1789 2306 temptaverat,

176 2324 344 2374 nostro
372 2324 542 2389 atque
568 2322 807 2375 omnium
855 2322 1068 2391 judicio
1097 2324 1259 2391 digne
1290 2325 1358 2378 ab
1396 2341 1453 2379 eo
1501 2331 1790 2396 receptam,

180 2415 332 2470 abbas
378 2416 545 2470 alteri
581 2418 897 2486 cuicumque
934 2419 1160 2474 voluerit
1222 2420 1288 2473 de
1329 2423 1498 2476 servis
1546 2424 1792 2478 acclesiae

180 2509 387 2563 tribuat.
429 2509 588 2575 Quod
623 2511 831 2576 factum
859 2515 920 2565 ut
956 2513 1202 2568 omnibus
1232 2514 1483 2569 acclesiis
1526 2518 1586 2569 in
1613 2531 1791 2571 caem-

179 2599 315 2667 plum
335 2605 684 2669 permaneat,
712 2603 1086 2659 interdicimus
1121 2607 1221 2659 Dei
1244 2610 1294 2659 et
1329 2610 1519 2662 nostra
1557 2610 1792 2663 auctori-

182 2693 298 2758 tate,
323 2697 382 2747 ut
408 2693 596 2748 nullus
627 2694 795 2749 abbas
823 2695 1093 2762 Emmoni,
1120 2700 1281 2767 quasi
1306 2699 1507 2766 heredi,
1540 2705 1639 2755 aut
1660 2702 1793 2770 ﬁliis

182 2786 287 2855 ejus
323 2792 606 2858 tamquam
643 2790 803 2844 malis
841 2791 1109 2845 malorum
1164 2792 1470 2861 heredibus,
1509 2795 1794 2850 villicandi

179 2882 480 2946 potestatem
499 2882 742 2950 amplius
768 2883 999 2948 tribuat,
1024 2899 1090 2937 ne
1121 2887 1446 2941 novissimus
1466 2902 1616 2942 error
1639 2888 1795 2957 pejor

180 2970 344 3035 priore
367 2971 482 3039 ﬁat.
512 2969 670 3035 Quod
686 2972 737 3025 si
756 2973 879 3040 quis
895 2972 1048 3026 illum
1069 2976 1345 3043 tamquam
1359 2977 1791 3031 misericordiam

183 3057 363 3116 habens
391 3077 558 3132 super
589 3077 708 3117 eum
745 3064 1060 3118 reinducere
1096 3070 1457 3135 temptaverit,
1497 3084 1608 3124 non
1643 3070 1795 3138 ﬁlius

182 3148 345 3204 libera
368 3166 489 3220 qua
518 3154 597 3205 est
648 3155 820 3206 mater
846 3154 1107 3220 acclesia,
1148 3155 1244 3209 sed
1284 3157 1498 3212 adulter
1529 3158 1793 3214 adultera

178 3237 463 3307 judicatus,
485 3241 778 3295 anathema
804 3244 1135 3297 maranatha
1159 3246 1277 3313 ﬁat,
1305 3246 1374 3300 ab
1402 3250 1639 3303 omnium
1664 3250 1793 3317 ﬁde-

186 3325 306 3382 lium
345 3329 555 3384 Christi
584 3332 846 3384 consortio
886 3336 1214 3399 segregatus.
1249 3334 1446 3389 Actum
1483 3339 1544 3389 in
1572 3337 1789 3404 Leodio,

185 3423 227 3475 et
255 3420 506 3478 bonorum
560 3424 828 3491 virorum,
860 3424 1139 3491 abbatum,
1179 3427 1687 3484 archidiaconorum
1742 3434 1792 3485 et

185 3508 430 3566 laicorum
458 3512 838 3579 conﬁrmatum
893 3514 1212 3568 testimonio.
1261 3517 1472 3570 Testes:
1532 3519 1794 3587 Berenga-

185 3601 289 3655 rius
312 3603 475 3657 abbas
497 3605 683 3658 sancti
708 3605 1016 3670 Laurentii,
1051 3606 1293 3661 Olbertus
1317 3607 1484 3663 abbas
1505 3611 1683 3664 sancti
1696 3612 1792 3665 Ja-

187 3693 305 3748 cobi.
344 3696 617 3763 Rodulfus
645 3697 813 3752 abbas
841 3700 1018 3753 sancti
1040 3699 1326 3754 Trudonis.
1357 3701 1662 3769 Stephanus
1691 3704 1792 3758 ab-

189 3779 275 3837 bas
308 3785 637 3840 Broniensis.
671 3786 984 3842 Aleaander
1012 3788 1450 3844 archidiaconus.
1483 3790 1796 3847 Fredericus

188 3875 613 3932 archidiaconus.
646 3878 915 3933 Henricus
942 3879 1379 3936 archidiaconus.
1413 3883 1673 3937 Henricus
1701 3899 1795 3938 ar-

187 3962 539 4021 chidiaconus.
574 3966 824 4020 Andreas
862 3966 1291 4024 archidiaconus.

247 4056 331 4112 80.
361 4056 518 4112 Carta
569 4057 775 4112 montis
813 4059 988 4113 sancti
1019 4059 1289 4115 Guiberti.
1339 4063 1404 4116 In
1435 4063 1649 4118 nomine
1671 4079 1796 4118 san-

189 4146 276 4198 cta
299 4150 346 4200 et
396 4147 698 4201 individua
737 4149 1044 4203 Trinitatis.
1092 4149 1424 4218 Godefridus
1482 4154 1670 4219 gratia
1698 4156 1797 4209 Dei

189 4248 344 4293 comes
362 4240 736 4306 Lovaniensis,
768 4240 886 4295 duo:
909 4241 1304 4309 Lothariensis,
1325 4245 1568 4299 omnibus
1597 4247 1802 4301 verita-

190 4333 253 4386 tis
287 4336 492 4389 amicis.
526 4335 612 4391 Sit
636 4341 826 4391 notum
853 4337 1023 4405 vobis,
1056 4339 1189 4408 quia
1216 4338 1404 4393 diebus
1432 4340 1564 4394 meis
1594 4344 1644 4393 et
1670 4341 1795 4395 An-

1892 2044 2024 2095 esset
2060 2044 2186 2095 rata
2213 2057 2327 2095 mea
2353 2045 2687 2110 constitutio,
2728 2044 2981 2100 adhibita
3019 2050 3098 2101 est
3133 2050 3295 2102 etiam
3321 2048 3514 2103 Leodi-

1893 2134 2061 2186 censis
2089 2134 2327 2203 episcopi
2358 2135 2486 2188 talis
2514 2137 2872 2204 conﬁrmatio,
2904 2140 2964 2190 ut
2988 2138 3040 2191 si
3074 2153 3167 2204 ego
3203 2138 3286 2192 vel
3310 2139 3512 2209 aliquis

1891 2237 2247 2278 successorum
2273 2239 2511 2278 meorum
2529 2225 2675 2294 quod
2703 2229 3053 2282 constitutum
3076 2232 3153 2300 est
3183 2230 3511 2284 immutave-

1890 2319 1987 2385 rit,
2028 2319 2318 2373 anathema
2354 2322 2446 2374 sit.
2477 2321 2671 2388 Amen,
2702 2337 2878 2375 amen.
2933 2325 3132 2376 Actum
3180 2338 3323 2377 anno
3362 2324 3504 2379 dom.

1890 2410 1999 2464 inc.
2033 2409 2216 2473 “23°,
2248 2403 2620 2479 indictione],
2652 2417 2845 2482 epacta
2868 2413 2987 2480 22°,
3018 2413 3211 2469 domno
3240 2415 3509 2471 Alberone

1886 2502 2062 2568 primo
2083 2502 2246 2571 hujus
2276 2506 2509 2558 nominis
2537 2505 2940 2559 Leodicensium
2969 2508 3212 2575 episcopo

1959 2588 2049 2645 8|.
2092 2589 2247 2644 Carta
2276 2591 2345 2645 de
2387 2591 2730 2647 Dudinsarte.
2762 2596 2959 2650 Notum
2998 2597 3072 2650 sit
3086 2596 3340 2651 omnibus
3362 2596 3504 2650 dili-

1890 2679 2134 2747 gentibus
2159 2682 2463 2745 veritatem,
2491 2697 2613 2750 qua
2638 2688 2713 2737 est
2745 2685 2902 2748 Deus,
2945 2684 3131 2739 ducem
3154 2684 3508 2752 Godefridum

1891 2774 2147 2826 seniorem
2202 2772 2424 2842 ejusque
2462 2773 2633 2840 ﬁlium
2676 2777 2988 2844 equivocum
3027 2775 3381 2843 Godefridum
3414 2777 3506 2845 ju-

1890 2866 2096 2919 niorem
2123 2879 2226 2933 pro
2254 2865 2427 2919 salute
2463 2866 2772 2921 animarum
2807 2884 3030 2923 suarum
3065 2869 3366 2923 tradidisse
3403 2871 3506 2923 Deo

1893 2957 1942 3007 et
1972 2958 2157 3009 sancto
2186 2956 2341 3008 Petro
2374 2955 2432 3009 in
2447 2956 2744 3024 parrochia
2758 2959 3045 3012 Braniensi
3067 2958 3341 3027 quoddam
3362 2973 3507 3027 pra-

1896 3050 2048 3104 dium
2092 3049 2397 3104 Dudinsart
2446 3052 2670 3106 dictum.
2744 3054 2980 3122 Denique
3039 3052 3290 3108 adstante
3332 3054 3506 3107 multa

1818 3098 1868 3167 Ο
1890 3141 2204 3210 frequentia
2234 3142 2497 3196 nobilium
2524 3157 2846 3213 suorumque
2879 3098 3145 3211 ﬁdelium,
3186 3144 3420 3198 decrevit
3446 3147 3507 3198 ut

1891 3236 2001 3290 hac
2026 3235 2247 3289 traditio
2273 3239 2399 3290 rata
2438 3239 2487 3289 et
2520 3236 2835 3291 inconvulsa
2860 3236 3018 3290 duret
3056 3238 3118 3290 in
3164 3240 3500 3305 perpetuum.

1891 3326 2036 3392 Ergo
2064 3326 2413 3392 largitoribus
2439 3330 2485 3380 et
2518 3326 2870 3396 adjutoribus
2909 3326 3072 3395 hujus
3118 3328 3354 3381 muneris
3380 3342 3508 3381 ora-

1891 3433 2013 3474 mus
2038 3422 2265 3489 pramia
2296 3424 2504 3473 alerna
2544 3421 3025 3484 remunorationis;
3076 3418 3421 3488 pradonibus
3458 3424 3509 3474 et

1893 3507 2200 3575 raptoribus
2225 3508 2405 3573 minas
2437 3511 2487 3560 et
2512 3522 2685 3577 penas
2721 3510 3137 3561 interminamus
3172 3511 3384 3562 atoma
3409 3524 3507 3562 ea-

1893 3599 2413 3652 communicationis.
2451 3599 2654 3651 Testes:
2697 3597 3027 3665 Godefridus
3065 3614 3234 3653 comes
3292 3602 3505 3655 Namn-

1891 3688 2064 3741 censis
2083 3685 2307 3755 ejusque
2324 3686 2471 3753 ﬁlius
2491 3686 2773 3739 Henricus.
2811 3686 2980 3739 Testis
3009 3686 3276 3740 Henricus
3295 3687 3507 3754 junior,

1894 3775 2039 3843 ﬁlius
2065 3776 2237 3844 ipsius
2261 3774 2440 3828 ducis.
2491 3773 2793 3828 Willelmus
2821 3773 3116 3828 advocatus
3167 3774 3233 3828 de
3274 3777 3511 3832 Namuco

1896 3864 2113 3934 ejusque
2131 3865 2307 3931 frater
2344 3863 2650 3918 Anselmus.
2684 3862 2870 3929 Erfelo
2893 3864 2957 3916 de
2982 3862 3145 3918 Calvo
3174 3867 3368 3928 monte,
3410 3865 3513 3920 Ge-

1894 3954 2095 4009 rardus
2125 3954 2191 4008 de
2230 3954 2436 4021 Wanga
2485 3956 2536 4007 et
2560 3952 2710 4017 ﬁlius
2766 3951 2882 4020 ejus
2928 3952 3211 4005 Henricus.
3244 3953 3510 4008 Henricus

1895 4042 1961 4097 de
1987 4043 2219 4098 Btrbais.
2271 4042 2500 4098 Scherus
2526 4041 2592 4095 de
2641 4041 2865 4105 Wavra,
2898 4039 3201 4095 Gothuinus
3231 4040 3297 4093 de
3341 4042 3513 4095 Lava-

1893 4133 2003 4187 nio.
2032 4135 2242 4188 Franco
2272 4134 2337 4187 de
2362 4133 2606 4188 Brosella
2631 4136 2680 4187 et
2712 4132 2813 4186 alii
2846 4130 3009 4185 multi
3047 4130 3247 4184 nobiles
3273 4135 3320 4184 rt
3345 4134 3512 4185 servi.

1904 4226 2104 4281 Actum
2132 4228 2192 4281 in
2216 4226 2479 4293 Gemblus,
2508 4241 2654 4281 anno
2697 4225 2913 4279 Domini
2948 4220 3105 4277 1131.
3138 4222 3398 4276 Lothario
3435 4239 3516 4278 re-

1896 4323 2118 4387 gnante,
2145 4318 2283 4373 dono
2313 4318 2633 4373 Alexandro
2670 4316 3070 4373 Leodicensium
3100 4315 3363 4383 episcopo,
3401 4316 3516 4370 An-

190 4425 334 4480 selmi
360 4427 749 4484 Gemblacensis
786 4429 1000 4485 abbatis
1018 4406 1189 4500 juata
1215 4431 1408 4485 villam
1436 4445 1554 4501 qua
1583 4433 1797 4489 Belrius
1824 4421 1884 4490 D
1904 4409 2063 4501 δειῗηο
2092 4409 2282 4463 abba“
2308 4408 2479 4461 locum
2514 4411 2758 4501 ’fos‘mm
2795 4409 3021 4501 νεξθἾίῖ·
3043 4497 3051 4501 _
3075 4406 3330 4501 {irequ
3364 4420 3517 4501 Pf’P“

190 4512 379 4570 dicitur
424 4522 543 4573 erat
569 4520 712 4574 locus
740 4522 837 4589 qui
878 4535 1021 4575 nunc
1059 4522 1210 4576 Mons
1247 4523 1424 4576 sancti
1449 4520 1690 4577 Guiberti
1737 4525 1802 4578 de

190 4605 387 4660 nomine
433 4606 551 4675 ejus
588 4611 1024 4676 cognominatur.
1064 4610 1218 4665 Mons
1267 4610 1488 4679 quidem
1537 4612 1797 4680 incultus,

191 4696 277 4750 sed
328 4702 620 4756 munitioni
668 4705 805 4758 satis
854 4708 1038 4774 aptus.
1084 4704 1360 4760 Pradium
1402 4704 1798 4763 Gemblacensis

190 4786 419 4843 ecclesia
439 4794 577 4856 erat,
616 4795 666 4845 et
693 4793 931 4847 acclesia
958 4808 1080 4863 qua
1102 4795 1162 4848 in
1180 4809 1238 4849 eo
1266 4796 1471 4863 fuerat,
1493 4795 1617 4864 jam
1631 4797 1798 4852 multo

192 4877 413 4946 tempore
430 4880 701 4937 destructa
716 4888 855 4951 erat,
877 4885 972 4939 sed
999 4889 1176 4941 tamen
1197 4886 1488 4942 secundum
1515 4890 1798 4957 quantita-

191 4963 286 5020 tem
319 4983 489 5037 suam,
549 4974 696 5042 quod
738 4976 1046 5032 Leodicensi
1099 4978 1347 5033 acclesia
1400 4979 1626 5035 debebat
1655 4985 1792 5035 tem-

189 5070 310 5124 pore
326 5075 558 5130 congruo
567 5068 920 5134 persolvebat.
952 5069 1139 5124 Abbas
1159 5074 1207 5123 et
1227 5071 1479 5125 monachi
1499 5075 1550 5126 et
1572 5072 1795 5139 familia

191 5148 426 5207 (ecclesia
463 5156 704 5213 timentes
743 5159 890 5229 quod
943 5160 1245 5216 timendum
1294 5166 1433 5224 erat,
1490 5162 1694 5218 scilicet
1739 5179 1806 5218 ne

191 5249 513 5310 quacumque
537 5248 809 5301 occasione
832 5248 1070 5318 injustas
1094 5263 1360 5319 pervasor
1382 5249 1557 5303 locum
1579 5247 1806 5301 invade-

189 5329 281 5393 ret,
310 5333 357 5382 et
397 5336 692 5391 munitione
720 5338 993 5407 ediﬁcata,
1022 5340 1227 5395 vicinos
1266 5344 1316 5395 et
1370 5342 1609 5395 maxime
1634 5341 1803 5406 fami-

190 5416 311 5475 liam
345 5426 591 5482 acclesia
619 5432 906 5501 afﬂigeret,
938 5435 1123 5489 habito
1151 5449 1355 5489 mecum
1383 5434 1627 5501 consilio,
1658 5436 1807 5500 feria

193 5515 383 5573 quarta
409 5516 627 5583 pascha
653 5521 916 5587 feretrum
943 5527 1121 5578 sancti
1139 5521 1386 5579 Guiberti
1405 5539 1525 5578 cum
1555 5523 1805 5592 reliquiis

192 5595 313 5685 illuc
350 5602 792 5681 ἀφοτεαυεναηε,
824 5618 874 5669 et
910 5616 1012 5670 Deo
1042 5617 1356 5684 cooperante
1395 5617 1446 5668 et
1464 5628 1565 5685 per
1595 5613 1805 5669 beatum

198 5683 496 5750 Guibertum
527 5697 754 5765 inﬁrmis
808 5705 1033 5760 multam
1088 5683 1384 5758 sanitatum
1414 5683 1652 5770 gratiam
1693 5706 1805 5758 lar-

1900 4499 2072 4554 sedem
2101 4501 2397 4554 Romanam
2450 4496 2798 4564 gubernante,
2832 4495 3122 4562 Godefrido
3162 4494 3293 4549 duce
3346 4494 3519 4549 advo—

1900 4596 2018 4647 cato
2073 4594 2275 4658 nostro,
2334 4590 2597 4646 secundas
2643 4593 2830 4660 partes
2884 4589 3002 4659 ejus
3058 4590 3358 4658 adjuvante
3404 4589 3519 4658 ﬁlio

1899 4693 2089 4751 Seheri
2120 4690 2413 4746 Bernardo.

1968 4787 2057 4843 82.
2092 4785 2241 4841 Dicet
2268 4783 2502 4856 aliquis:
2532 4783 2677 4851 Quid
2703 4785 2963 4839 utilitatis
3002 4782 3157 4837 habet
3193 4783 3519 4851 conscriptio

1897 4886 2176 4938 cartarum
2205 4879 2233 4935 ?
2263 4879 2716 4951 Respondemus:
2747 4879 2981 4934 Multum
3027 4893 3124 4947 per
3155 4892 3358 4931 omnem
3403 4892 3517 4931 mo-

1895 4974 2045 5040 dum,
2077 4975 2210 5044 quia
2236 4974 2507 5027 continent
2526 4971 2822 5042 privilegia
2848 4970 3213 5026 acclesiarum
3260 4971 3310 5023 et
3338 4968 3518 5023 acele-

1892 5068 2240 5122 siasticarum
2269 5065 2685 5135 possessionum.
2740 5060 2943 5117 lccirco
2971 5059 3178 5132 placuit
3206 5065 3520 5115 antecesso-

1904 5156 2059 5211 ribus
2078 5155 2304 5223 nostris,
2334 5152 2540 5226 placuit
2568 5158 2623 5207 et
2647 5150 2811 5207 nobis
2833 5165 2928 5205 eas
2959 5150 3205 5204 inserere
3241 5155 3518 5219 Opportu-

1905 5248 1993 5303 nis
2019 5246 2075 5302 in
2113 5246 2271 5307 locis,
2327 5259 2397 5299 ne
2436 5242 2762 5297 indecenter
2796 5245 3107 5297 tractentur
3143 5238 3211 5293 ab
3258 5237 3520 5302 incautis,

1905 5344 1960 5394 et
1990 5352 2112 5408 qua:
2143 5333 2341 5388 habitae
2371 5339 2426 5387 et
2465 5330 2685 5386 exibita
2727 5335 2981 5404 poterant
3033 5326 3289 5401 ignorata
3335 5324 3521 5381 notiti-

1906 5445 2051 5495 care,
2083 5435 2139 5483 et
2168 5440 2492 5497 pervasores
2517 5423 2874 5497 redarguere,
2899 5436 3011 5477 non
3051 5419 3251 5475 habita
3279 5434 3383 5474 nec
3401 5418 3521 5473 exi-

1906 5521 2036 5577 bita
2064 5517 2356 5574 videantur
2386 5512 2754 5587 ignorantiam
2793 5526 3018 5585 augere,
3053 5515 3108 5565 et
3137 5505 3525 5579 pervasoribus

1908 5609 1977 5665 ad
2007 5602 2319 5663 invadenda
2370 5615 2482 5656 non
2537 5614 2637 5655 sua
2675 5597 2960 5655 audaciam
3003 5595 3230 5651 addere.
3281 5591 3525 5649 Ecclesia

1908 5696 2079 5754 sancti
2109 5691 2253 5750 Petri
2291 5689 2349 5745 in
2392 5687 2524 5744 villa
2549 5702 2672 5760 qua
2712 5685 2986 5745 Bavenchi
3014 5683 3237 5751 dicitur,
3269 5678 3522 5735 dedicata
