3930 6204
358 287 460 342 64⁵7
1549 262 1893 322 SIGEBERTI
1937 253 2454 314 GEMBLACENSIS.
3596 231 3709 297 648

364 412 652 469 dicebatur
672 417 725 464 et
755 408 808 462 in
850 403 1118 462 cimiterio
1149 401 1270 470 ejus
1302 396 1503 454 mortui
1533 394 1971 466 sepeliebantur;
2000 390 2055 457 Α
2081 403 2194 441 ram
2227 384 2411 439 divina
2443 378 2754 437 visitatione
2795 392 2892 447 per
2920 376 3143 430 beatum
3185 371 3509 426 Gui‘bertum
3543 371 3711 441 vigo—

362 507 457 560 sed
489 503 616 576 quia
643 501 762 556 dies
806 493 1172 552 dedicationis
1216 489 1595 564 ignorabatur,
1645 487 1841 540 iterum
1877 484 1977 537 de-
2079 490 2214 548 rata,
2289 478 2595 534 admirante
2659 480 2714 529 et
2777 471 3157 528 conclamante
3219 465 3707 522 circumstantium

1856 575 1862 576 ,
2169 570 2182 576 -
2604 565 2615 576 1
2970 575 2973 576 ,
3021 558 3120 576 .u"
3156 573 3274 576 _-,-_
3344 563 3389 576 ,Α
3422 570 3602 576 ---...---
3643 553 3706 576 -J

363 575 597 650 dicanda
653 606 774 645 esse
824 586 1197 656 jndicabatur.
1258 582 1428 651 Hujus
1484 579 1563 633 rei
1623 575 1977 633 contentione

363 683 534 739 multo
563 661 811 749 tempore
866 674 1200 746 perdurante
1262 672 1498 725 domnus
1559 666 1731 720 abbas
1787 663 1979 718 Ansel-

366 791 488 830 mus
511 778 732 842 accepta
758 767 1128 840 oportunitate
1154 762 1398 818 dedicari
1418 760 1544 815 fecit
1565 776 1685 813 eam
1713 775 1745 812 a
1773 757 1978 813 domno

366 865 672 924 Alexandro
706 860 1123 918 Leodicensium
1165 855 1409 912 antistite
1449 851 1709 908 Kalendis
1737 851 1982 920 Septem-

367 958 499 1018 bris.
536 953 629 1026 qui
660 953 778 1007 dies
808 958 889 1005 est
922 946 1310 1004 sollemnitatis
1345 942 1518 998 sancti
1550 939 1724 1012 Egidii
1746 937 1977 992 abbatis.

370 1049 654 1105 Consensu
720 1049 911 1116 rogatu
997 1038 1245 1108 ejusdem
1313 1033 1560 1107 praesulis
1616 1031 1719 1086 sub
1787 1030 1982 1084 iisdem

369 1142 566 1198 diebus
597 1147 681 1194 est
726 1140 1048 1191 consecrata
1099 1129 1347 1187 aacelesia
1387 1134 1573 1182 nostra
1613 1124 1669 1178 in
1707 1123 1836 1179 villa
1865 1137 1987 1192 qua:

369 1234 572 1288 dicitur
623 1229 826 1294 Castra,
862 1243 892 1280 a
921 1226 1124 1280 domno
1157 1219 1470 1287 Godefrido,
1502 1216 1752 1289 quamvis
1785 1213 1991 1286 Anglo-

370 1341 488 1380 rum
523 1322 805 1392 episcopo,
834 1327 1017 1373 tamen
1037 1313 1398 1384 compatriota
1426 1319 1634 1374 nostro,
1665 1308 1694 1363 3
1725 1307 1853 1363 Idus
1878 1307 1986 1362 No-

370 1413 631 1476 vembris,
687 1411 778 1482 qui
833 1409 954 1464 dies
1004 1413 1085 1462 est
1143 1403 1504 1476 depositionis
1552 1400 1725 1455 sancti
1773 1398 1987 1453 Martini

369 1500 729 1560 confessoris.
788 1497 946 1552 Facta
995 1504 1080 1550 est
1130 1502 1313 1549 autem
1354 1494 1547 1547 harum
1607 1488 1985 1544 aacclesiarum

371 1595 709 1654 consecratio
749 1608 895 1648 anno
918 1590 1134 1645 Domini
1169 1589 1329 1646 “33°
1358 1587 1448 1652 773,
1471 1584 1672 1639 multas
1705 1583 1988 1655 impensas

374 1688 720 1760 expendente
749 1686 952 1740 domno
986 1682 1184 1737 abbate
1207 1679 1482 1735 Anselmo.

444 1785 532 1842 83.
569 1783 739 1850 Hujus
771 1779 985 1835 abbatis
1031 1778 1230 1833 diebus
1284 1774 1440 1830 multi
1474 1790 1574 1846 per
1608 1773 1829 1827 beatum
1862 1768 1988 1824 Gui-

372 1876 601 1932 bertum
646 1889 676 1927 a
719 1871 950 1926 diversis
988 1867 1327 1923 sanabantur
1357 1861 1791 1936 egritudinibus,
1831 1857 1989 1912 multi

372 1963 728 2021 Solvebantur
774 1977 802 2014 a
851 1957 1063 2014 catenis
1115 1965 1171 2010 et
1247 1952 1629 2023 compedibus.
1688 1949 1794 2004 Nos
1864 1946 1994 2018 quia

375 2057 622 2114 brevitati
654 2054 962 2115 studemus,
1009 2057 1061 2106 et
1089 2051 1258 2104 multa
1287 2048 1553 2102 virtutum
1595 2045 1715 2113 ejus
1754 2042 1992 2115 insignia

374 2148 489 2204 suis
519 2148 573 2201 in
608 2145 744 2199 locis
788 2142 1098 2212 conscripta
1130 2139 1399 2192 habemus
1450 2153 1519 2189 ne
1575 2135 1864 2210 culpemnr
1917 2131 1995 2184 si-

376 2239 542 2294 luisse
570 2236 639 2289 de
689 2233 967 2297 omnibus,
1030 2245 1199 2284 unum
1234 2227 1302 2281 de
1345 2224 1532 2279 multis
1568 2221 1989 2278 conscribimus.

375 2326 569 2383 Mulier
596 2308 844 2395 quaadam
879 2317 1240 2393 Haginoensis
1280 2315 1640 2370 diuturnitate
1665 2310 1995 2386 egritudinis

370 2415 482 2485 jam
514 2418 845 2484 praemortua
886 2424 952 2462 ex
977 2407 1158 2462 media
1219 2414 1376 2477 parte
1417 2404 1500 2460 sui
1557 2401 1826 2471 corporis,
1859 2399 1996 2454 coti-

377 2503 466 2558 die
518 2499 877 2562 moriebatur,
933 2505 988 2550 et
1043 2511 1152 2550 non
1219 2493 1578 2549 moriebatur.
1644 2488 1993 2552 Moriebatur,

378 2592 508 2664 quia
535 2598 594 2645 ut
624 2589 728 2643 sibi
771 2587 1080 2649 videbatur,
1116 2584 1399 2657 graviores
1430 2587 1604 2634 morte
1646 2578 1865 2632 dolores
1899 2593 1997 2646 pa-

378 2682 639 2738 tiebatur.
668 2679 787 2732 Non
808 2674 1168 2738 moriebatur,
1198 2672 1327 2744 quia
1351 2671 1568 2724 dolores
1600 2668 1704 2738 ipsi
1739 2681 1998 2736 suprema

375 2779 551 2828 morte
577 2786 686 2824 non
725 2767 1078 2822 finiebantur.
1135 2763 1325 2832 Inopia
1372 2769 1425 2815 et
1473 2759 1854 2830 inquietudine
1911 2757 1998 2810 in-

379 2859 655 2916 ﬁrmitatis
693 2858 800 2927 jam
831 2855 984 2910 oneri
1013 2861 1067 2908 et
1114 2852 1260 2906 tedio
1290 2858 1404 2905 erat
1446 2849 1642 2904 vicinis
1682 2847 1798 2901 suis
1827 2854 1880 2901 et
1906 2860 1999 2900 co-

379 2951 579 3025 gnatis.
614 2945 982 3014 Pctiititaque
1021 2943 1092 2995 ab
1121 2942 1203 2995 eis
1230 2942 1332 2995 hoc
1359 2938 1516 3011 quasi
1557 2944 1862 2992 extremum
1903 2936 2000 2989 beo

2082 570 2260 635 turba,
2293 583 2460 638 super
2512 565 2685 635 pedes
2715 577 2848 617 suos
2882 558 3127 616 constitit
3151 573 3305 624 sana,
3339 563 3393 611 et
3422 570 3607 626 usque
3640 553 3709 609 ad

2079 661 2246 714 altare
2277 656 2421 712 beati
2469 653 2712 708 Guiberti
2763 651 3030 722 processit
3059 655 3300 704 oratura.
3348 645 3532 700 Abbas
3575 660 3710 700 evo-

2080 756 2253 813 catus,
2279 743 2499 799 advenit
2527 758 2650 796 cum
2681 739 2964 808 fratribus,
2993 745 3047 793 et
3099 752 3198 808 pro
3241 752 3303 790 re
3335 751 3458 806 qua:
3483 733 3715 788 accide-

2081 848 2162 895 rat
2201 836 2416 894 decenti
2464 849 2719 889 sermone
2770 831 2955 886 habito
3009 829 3077 884 ad
3137 827 3402 899 populum
3448 827 3546 898 qui
3587 826 3704 882 cir-

2082 931 2410 995 cumstabat,
2442 928 2614 982 Deum
2655 925 2820 980 etiam
2851 924 2970 994 ipse
3013 919 3376 996 gloriﬁcabat,
3429 919 3525 991 qui
3579 935 3714 973 san-

2089 1029 2207 1077 ctos
2229 1035 2359 1074 suos
2387 1019 2462 1072 ita
2501 1014 2790 1089 glorificat.

2091 1154 2128 1210 Ο
2158 1153 2246 1225 pie
2261 1161 2577 1207 sanctorum
2605 1150 2725 1204 laus
2754 1147 2932 1221 gloria
2960 1145 3172 1202 Christe
3205 1152 3446 1210 tuorum,

2091 1242 2276 1317 Signis
2305 1240 2597 1297 Guibertus
2629 1238 2775 1309 quod
2803 1236 2990 1299 claret,
3016 1235 3129 1309 agit
3150 1242 3240 1288 tua
3260 1233 3454 1298 virtus,

2092 1331 2264 1403 Digne
2295 1329 2540 1385 laudaris
2570 1343 2666 1398 per
2697 1342 2842 1387 eum,
2877 1324 2970 1396 qui
2999 1324 3080 1378 sic
3107 1321 3384 1393 operaris;

2091 1423 2261 1498 Digne
2301 1422 2578 1488 laudatur,
2609 1419 2701 1490 qni
2731 1426 2910 1472 tecum
2943 1415 3026 1471 sic
3052 1421 3337 1485 operatur.

2090 1519 2230 1572 Laus
2247 1522 2360 1582 tua,
2378 1513 2497 1570 laus
2521 1513 2668 1582 ejus;
2705 1526 2806 1566 nos
2825 1511 2942 1564 laus
2966 1515 3060 1562 tua
3084 1507 3256 1562 salvet
3285 1505 3496 1576 etejus.
3521 1505 3715 1557 Amen.

2015 1675 2064 1743 Β
2158 1677 2246 1732 84.
2278 1675 2470 1730 Sermo
2495 1671 2684 1729 domni
2710 1669 2926 1726 abbatis
2955 1666 3197 1722 Anselmi
3238 1664 3305 1719 ad
3323 1675 3715 1735 quoscumque

2093 1770 2285 1824 fuisset
2315 1767 2558 1831 habitus,
2599 1764 2770 1819 multo
2813 1760 3098 1832 sapientiae
3131 1759 3244 1812 sale
3277 1763 3391 1812 erat
3422 1755 3707 1821 conditus,

2094 1877 2205 1917 non
2244 1860 2631 1928 undecumque
2671 1855 2902 1910 collecta
2931 1850 3263 1908 verbositate
3290 1847 3715 1914 immoderatus,

2093 1959 2175 2007 set
2206 1967 2308 2022 pro
2337 1949 2677 2005 audientium
2737 1944 3041 2017 capacitate
3079 1949 3134 1997 et
3182 1939 3448 2010 temporis
3487 1945 3720 2009 Oportu-

2095 2045 2266 2099 nitate
2306 2043 2640 2098 moderatus.
2681 2038 2735 2094 Si
2779 2037 2946 2092 fiebat
2978 2036 3045 2089 ad
3088 2034 3375 2106 p0pnlum,
3432 2031 3640 2086 leniter
3667 2037 3721 2086 et

2097 2153 2199 2208 per
2236 2152 2299 2190 ea
2333 2151 2454 2206 quae
2494 2147 2691 2203 capere
2737 2135 2995 2201 poterant
3021 2126 3299 2198 praebebat
3325 2124 3408 2179 eis
3437 2123 3601 2195 quasi
3636 2121 3721 2176 la-

2098 2227 2200 2283 ctis
2247 2225 2506 2296 poculum
2542 2223 2830 2276 insinuans
2897 2219 2996 2284 eis,
3053 2215 3334 2288 quomodo
3393 2213 3719 2278 vivendum,

2099 2315 2235 2386 quid
2277 2313 2584 2377 vitandum,
2618 2310 2751 2382 quid
2784 2314 2930 2364 esset
2961 2306 3356 2378 appetendum.
3412 2303 3468 2357 Si
3501 2317 3719 2358 sermo-

2099 2407 2388 2462 nicabatnr
2419 2403 2696 2468 fratribus,
2729 2401 2812 2455 vel
2846 2399 3124 2470 aliquibus
3155 2396 3333 2452 nodos
3363 2395 3720 2467 questionum

2100 2494 2424 2551 enodandos
2467 2492 2514 2546 ei
2548 2506 2646 2561 pro
2694 2488 3052 2560 ponentibus,
3092 2493 3149 2540 ut
3188 2485 3370 2539 scriba
3409 2484 3606 2538 doctus
3656 2483 3726 2536 de

2100 2587 2357 2641 thesauro
2407 2582 2591 2636 cordis
2647 2580 2731 2633 sui
2786 2577 3107 2650 proferebat
3154 2591 3294 2630 nova
3335 2582 3390 2630 et
3433 2584 3641 2638 vetera,
3673 2579 3729 2626 et

2099 2671 2350 2745 quamvis
2381 2668 2727 2740 multiplicia,
2758 2673 2942 2722 tamen
2984 2663 3404 2736 interrogationi
3445 2679 3638 2718 eorum
3673 2667 3728 2716 et

2101 2781 2214 2820 sua:
2238 2761 2591 2832 responsioni
2638 2757 3026 2815 convenientia
3056 2755 3356 2812 adhibebat
3380 2754 3720 2810 testimonia.

2103 2852 2426 2908 Gaudebant
2478 2865 2608 2921 ergo
2663 2848 2763 2913 illi,
2820 2854 2948 2902 nota
2998 2846 3104 2900 sibi
3147 2861 3245 2916 per
3301 2861 3426 2898 eum
3486 2841 3724 2898 certiora

2102 2941 2242 3006 fieri,
2275 2947 2330 2994 et
2361 2940 2546 3010 ignota
2575 2935 2866 2991 notificari.
2913 2936 3036 3003 Ipse
3065 2933 3286 2987 tandem
3315 2930 3604 2987 confectus
3625 2945 3722 2986 se-

380 3022 662 3105 neﬁcium,
716 3041 773 3088 ut
809 3031 1064 3086 vehiculo
1110 3029 1419 3083 deferretur
1486 3028 1552 3080 ad
1605 3025 1992 3080 Gemblacense

2101 3039 2323 3088 nectute
2376 3038 2430 3084 et
2459 3029 2707 3099 corporis
2737 3025 3140 3088 imbecillitate,
3178 3031 3340 3079 nocte
3394 3028 3449 3078 et
3477 3022 3571 3078 die
3597 3037 3726 3077 ora-

381 3129 720 3193 ccenobinm,
748 3132 807 3179 ut
826 3124 956 3176 dum
985 3122 1096 3175 illic
1117 3121 1358 3174 aleretur
1384 3117 1703 3173 elemosinis
1727 3114 1995 3180 tidelium,

383 3237 574 3276 eorum
621 3217 969 3270 alleviaretur
1017 3211 1329 3267 sollicitudo
1373 3220 1430 3265 et
1477 3210 1705 3264 tedium.
1754 3207 1995 3262 Tandem

385 3311 532 3383 quod
563 3309 723 3380 petiit
749 3305 1081 3376 impetravit,
1115 3311 1168 3360 et
1191 3302 1470 3358 Gemblaci
1496 3303 1552 3355 in
1585 3299 1843 3372 hospitali
1868 3315 1997 3370 pau-

387 3415 578 3471 perum
618 3395 940 3467 aliquandiu
973 3393 1191 3447 mansit.
1227 3392 1360 3446 Nota
1385 3400 1501 3444 erat
1531 3405 1637 3444 non
1659 3388 1833 3443 solum
1867 3387 1993 3457 opi-

386 3494 590 3557 danis,
637 3498 720 3545 set
770 3497 824 3544 et
887 3488 1115 3559 Opidum
1166 3484 1605 3557 frequentatibus
1676 3481 1952 3536 extraneis
1985 3523 2000 3548 ,

387 3586 515 3657 quia
559 3587 763 3656 quanto
816 3581 987 3649 major
1017 3587 1070 3634 et
1102 3577 1392 3633 infirmitas
1431 3575 1626 3636 inerat,
1677 3580 1826 3628 tanto
1869 3571 2001 3626 visi-

388 3676 618 3734 tantium
653 3674 825 3742 major
850 3673 1115 3728 sedulitas
1156 3671 1206 3725 ei
1239 3670 1447 3723 aderat.
1492 3668 1678 3738 Neque
1710 3666 1858 3721 enim
1897 3679 2002 3735 po-

388 3773 531 3821 terat
566 3778 794 3837 surgere
825 3763 985 3824 lectc,
1013 3761 1099 3814 vel
1132 3757 1340 3813 moveri
1369 3759 1510 3822 loco,
1536 3755 1641 3809 nisi
1675 3754 1856 3809 alieno
1883 3769 2001 3807 sus-

388 3866 694 3914 tentaretur
739 3854 1116 3910 amminiculo.
1169 3853 1412 3907 Tandem
1457 3850 1798 3906 revolutione
1835 3848 2002 3902 annui

389 3947 654 4020 temporis
692 3946 881 4000 aderat
905 3941 1523 3999 celebrisanniversaria
1551 3939 1670 3993 dies
1700 3937 2008 4008 depositio-

392 4038 479 4092 nis
508 4037 654 4092 beati
676 4034 941 4102 Guiberti,
974 4041 1030 4089 et
1057 4033 1229 4088 multa
1275 4029 1434 4086 turba
1465 4029 1665 4085 civium
1721 4037 1775 4082 et
1822 4035 1988 4082 extra-

393 4145 622 4186 neorum
665 4129 927 4183 intererat
972 4126 1170 4181 votiva:
1223 4124 1344 4194 ejus
1388 4119 1769 4178 sollemnitati.
1813 4119 2008 4175 Mulier

391 4226 709 4298 supradicta
728 4224 855 4296 quia
874 4223 1142 4276 interesse
1175 4235 1284 4274 non
1313 4224 1546 4290 poterat,
1579 4216 2004 4283 lamentabatur,

393 4327 449 4376 et
497 4326 557 4375 ut
598 4319 728 4373 illuc
771 4315 1080 4371 deferretur
1131 4313 1336 4369 obnixe
1371 4307 1721 4382 precabatur.
1764 4309 2007 4365 Tandem

393 4411 594 4479 delata,
625 4410 816 4466 orabat
845 4424 967 4464 cum
986 4406 1295 4462 lacrimosis
1317 4403 1640 4481 gemitibus,
1671 4407 1729 4457 ut
1756 4417 1853 4473 per
1879 4417 2011 4457 ora-

393 4500 600 4556 tionem
634 4499 778 4554 beati
819 4495 1063 4552 Guiberti
1106 4511 1138 4549 a
1169 4505 1275 4550 tam
1305 4493 1456 4567 gravi
1481 4499 1536 4546 et
1567 4492 1828 4547 diuturna
1860 4489 2014 4548 inﬁr-

2099 3125 2234 3181 tioni
2275 3120 2504 3177 vacabat
2557 3126 2612 3174 et
2656 3117 2995 3190 psalmodize.
3048 3115 3319 3170 Vicesimo
3370 3114 3530 3168 tertio
3581 3129 3724 3168 anno

2098 3230 2210 3268 suae
2236 3208 2593 3282 przelationis,
2631 3207 2880 3261 sentiens
2909 3204 3264 3259 acerbitatem
3315 3203 3524 3257 ultimae
3589 3202 3730 3276 egri-

2099 3299 2308 3356 tudinis
2354 3300 2411 3352 in
2448 3313 2508 3352 se
2564 3295 2824 3370 grassari,
2880 3303 3210 3349 conventum
3271 3291 3496 3346 fratrum
3553 3291 3718 3359 jussit

2103 3389 2390 3455 accersiri;
2425 3397 2480 3442 et
2512 3386 2773 3441 decenter
2803 3399 2900 3438 eos
2921 3398 3267 3449 ammonens,
3298 3388 3357 3436 ut
3381 3381 3451 3435 ad
3482 3380 3581 3435 Dei
3615 3379 3723 3435 ob-

2103 3480 2357 3552 sequium
2391 3477 2559 3533 ﬁxum
2601 3476 2873 3530 haberent
2899 3474 3098 3529 mentis
3129 3473 3497 3544 propositum,
3525 3486 3724 3527 conso-

2104 3576 2319 3631 labatur
2365 3589 2534 3644 super
2559 3587 2659 3626 suo
2691 3571 2934 3625 discessu
2962 3569 3258 3624 mestitiam
3293 3583 3509 3633 eorum,
3556 3582 3721 3622 orans

2105 3684 2135 3722 a
2185 3668 2298 3722 Deo
2341 3666 2422 3720 eis
2484 3663 2600 3718 dari
2663 3662 3067 3718 consolatorem
3112 3667 3359 3715 sanctum
3435 3659 3720 3729 Spiritum.

2105 3763 2350 3817 Fratrum
2389 3775 2521 3814 vera
2550 3758 2836 3830 diligentia
2870 3756 3123 3811 sollerter
3171 3755 3220 3810 ei
3261 3753 3533 3819 adhibuit,
3567 3752 3727 3824 quic-

2107 3853 2240 3925 quid
2273 3851 2659 3908 aacclesiastica
2689 3847 3024 3923 religiositas
3059 3847 3148 3902 tali
3182 3861 3430 3917 personze
3462 3845 3518 3899 in
3574 3844 3725 3900 obitu

2108 3948 2190 4004 vel
2223 3952 2349 4016 post
2368 3943 2580 4000 obitum
2611 3941 2861 3995 adhiberi
2889 3940 3122 3996 censuit.
3146 3941 3266 4010 Ipse
3292 3939 3531 3993 domnus
3562 3937 3728 3992 abbas

2105 4035 2394 4092 Anselmls
2437 4033 2468 4088 8
2513 4031 2786 4086 Kalendas
2827 4029 3000 4083 Martii
3033 4028 3147 4082 vita
3206 4026 3462 4092 decessit,
3517 4034 3574 4080 et
3605 4031 3728 4080 ante
3812 4047 3814 4049 ·

2107 4130 2307 4181 sanctae
2339 4122 2526 4178 Crucis
2551 4120 2722 4175 altare
2759 4118 3058 4189 sepultura;
3090 4117 3269 4172 locum
3302 4115 3533 4184 accepit.
3589 4115 3730 4170 Lati-

2108 4217 2397 4272 niacenses
2427 4220 2481 4268 et
2510 4211 2958 4268 Altovillarenses
3005 4207 3354 4264 conferentes
3385 4206 3453 4259 ad
3494 4206 3726 4261 invicem

2111 4305 2411 4377 benignum
2439 4319 2606 4375 quem
2651 4317 2783 4375 erga
2823 4314 2920 4355 eos
2944 4297 3216 4353 habuerat
3259 4296 3452 4350 vivens
3484 4295 3722 4349 animum

2114 4403 2170 4452 et
2187 4394 2491 4467 proficuum
2526 4393 2635 4449 sibi
2677 4391 2965 4463 sapientiae
3013 4390 3134 4458 ejus
3187 4387 3454 4454 studium,
3498 4386 3726 4442 moleste

2115 4489 2370 4546 ferebant
2394 4488 2517 4556 ejus
2545 4486 2778 4551 obitum,
2821 4490 2875 4538 et
2901 4482 3007 4554 piae
3043 4479 3443 4537 recordationis
3479 4486 3534 4534 et
3564 4479 3726 4533 devo-

393 4587 582 4642 mitate
608 4585 848 4657 eriperet
882 4600 1002 4639 eam
1038 4583 1202 4637 Deus.
1253 4581 1517 4636 Exaudita
1545 4586 1630 4634 est
1684 4586 1872 4635 autem
1902 4595 2016 4636 non
2117 4589 2186 4638 tae
2211 4579 2480 4637 orationis
2529 4578 2580 4634 ei
2630 4575 2930 4632 exibebant
2968 4572 3239 4629 ofﬁcium.
3272 4572 3539 4626 Miserunt
3569 4571 3726 4625 etiam

391 4687 452 4736 ut
497 4679 610 4736 vita
665 4677 980 4740 decederet,
1029 4681 1114 4731 set
1153 4681 1212 4731 ut
1254 4674 1514 4730 virtutum
1567 4673 1714 4730 beati
1767 4671 2011 4728 Guiberti

391 4769 623 4826 evidens
651 4766 1027 4824 testimonium
1057 4766 1284 4822 viveret.
1320 4764 1445 4820 Post
1477 4779 1644 4819 unam
1683 4763 1891 4836 quippe
1914 4763 2015 4818 ho-

2120 4669 2286 4726 nobis
2328 4675 2566 4740 expertae
2635 4665 2740 4720 sibi
2803 4663 3096 4734 probitatis
3150 4661 3272 4729 ejus
3320 4659 3725 4715 testimonium:

2116 4760 2260 4817 istud
2277 4759 2427 4833 quod
2460 4756 2892 4828 subscripsimus
2913 4753 3278 4825 epitaphium.

972 4887 1374 4946 EPITAPHIUM
1414 4887 1618 4944 DOMNl
1660 4886 1948 4942 ANSELMI
1987 4883 2259 4941 ABBATIS
2298 4882 2336 4936 Α
2379 4878 2659 4936 FRANCIS
2698 4873 3143 4934 COMPOSITUM.

396 4993 492 5052 Hic
517 4993 770 5065 Anselme
802 4995 960 5062 situs,
989 5000 1234 5065 spectate
1264 4989 1475 5065 colore,
1493 4995 1659 5057 statu,
1682 5006 1759 5045 re.

466 5067 600 5138 Rem
644 5064 836 5138 fenicis
861 5065 1008 5136 (899)
1025 5063 1183 5138 agis;
1224 5064 1366 5138 vivit
1389 5063 1538 5116 enim
1562 5071 1662 5138 tua
1687 5077 1839 5138 spes.

395 5137 469 5192 Te
487 5137 641 5194 color
659 5133 952 5197 illustrem.
977 5133 1149 5191 status
1181 5134 1502 5207 egregium,
1524 5133 1798 5207 placidum
1822 5148 1908 5187 res

467 5209 758 5276 Fecerunt,
779 5207 911 5263 clari
942 5223 1064 5279 quae
1090 5208 1190 5262 tria
1208 5205 1340 5262 Sunt
1359 5205 1619 5268 hominis,

2113 4987 2278 5042 Fama
2322 4983 2603 5057 frequens,
2635 4996 2872 5054 persona
2912 4985 3128 5051 patens,
3160 4975 3282 5031 sine
3322 4989 3606 5057 murmure
3645 4977 3724 5027 te-

2188 5128 2329 5184 Urbe
2366 5127 2531 5182 domo
2556 5124 2748 5180 laudes
2773 5121 3086 5192 explicuere
3117 5127 3238 5192 tuas
3474 5046 3660 5118 [cum],

2116 5200 2191 5256 Te
2221 5201 2357 5267 Noe,
2387 5198 2490 5254 Job
2526 5197 2717 5253 Daniel
2743 5189 3037 5250 virtutibus
3068 5189 3453 5256 excoluerunt,

1752 5331 1970 5387 VARUE
2003 5327 2384 5385 LECTIONES.

463 5437 533 5474 ⁷⁷³
557 5435 857 5494 millesimo
891 5435 1194 5492 centesimo
1215 5435 1405 5490 addito
1431 5435 1540 5491 alio
1571 5438 1800 5504 tempore
1826 5435 1890 5488 in
1915 5433 2025 5488 loco
2063 5445 2227 5486 vacuo
2250 5430 2435 5485 relicto
2466 5443 2661 5489 χχχιιι,

1968 5556 2156 5614 NOTAE
2167 5595 2182 5611 .

467 5636 615 5708 (899)
649 5637 690 5690 l.
726 5649 776 5691 e.
803 5629 1101 5703 phmnicis.
