3930 6204
393 261 489 313 651

1600 252 1944 307 θιϐεθειιτι
1984 251 2490 307 GEMBLACENSIS.

3624 269 3725 323 652

926 380 1019 435 Cui
1050 384 1236 434 uoster
1258 393 1438 435 sermo
1464 376 1727 451 persolvit
1755 378 1938 434 debita
1966 379 2192 449 scripto.

921 470 1109 527 Vixisti
1148 485 1409 538 concors;
1439 470 1591 527 vivas
1621 484 1722 540 per
1750 470 1937 525 secula
1967 483 2237 529 consors:

921 562 1041 616 Sint
1068 566 1124 616 et
1148 559 1425 615 defunctis
1463 558 1656 615 eadem
1684 559 1964 615 consortia
1995 557 2218 613 nostris.

924 651 1063 704 Dant
1087 648 1252 704 binos
1275 663 1484 715 versus,
1515 646 1686 703 nostri
1718 647 1788 702 de
1827 662 1910 711 se,
1944 646 2049 701 sibi
2075 662 2270 701 versus

518 785 607 839 87.
651 781 805 837 ITEM
844 782 1058 837 PAUCA
1098 781 1181 835 DE
1221 781 1325 836 HIS
1366 780 1516 846 QUiE
1554 780 1595 835 Α
1635 779 1860 835 DOMNO
1900 778 2155 833 ABBATE
2195 777 2505 834 ANSELMO
2544 779 2671 834 VEL
2708 780 2832 838 SUB
2873 782 2954 837 ΕΟ
2995 783 3164 839 SUNT
3204 786 3587 852 ADQUISITA.

459 908 700 962 Domnus
737 904 910 960 abbas
954 904 1241 960 Anselmus
1279 904 1413 960 emit
1452 918 1484 960 a
1522 901 1786 959 Richeldc
1816 902 2005 958 relicta
2032 906 2080 973 Α
2109 902 2356 956 Anselmo
2393 902 2584 957 abbate
2642 905 3122 975 Gemblacensium,
3161 909 3271 964 Oda
3323 911 3604 969 abbatissa
3645 919 3737 970 Ni-

389 995 718 1052 llerethonis
749 996 820 1051 de
850 994 1089 1051 Lovanio
1130 1000 1187 1049 et
1216 991 1327 1048 ﬁlia
1373 993 1493 1063 ejus
1532 991 1763 1047 Amabili
1805 998 1859 1047 et
1883 1006 2004 1045 ma-

389 1089 494 1144 rito
534 1088 708 1159 ipsius
760 1086 983 1142 Amulfo
1038 1086 1107 1141 de
1139 1085 1366 1142 Filforth
1408 1085 1474 1140 l6
1519 1084 1716 1140 marcis
1762 1083 2001 1158 argenti,

387 1179 651 1252 quicquid
682 1179 871 1235 allodii
899 1178 1141 1234 habebat
1169 1177 1225 1233 in
1273 1177 1540 1233 Melenriv
1565 1177 1689 1245 jure
1729 1175 2003 1230 heredita-

388 1274 489 1340 rio,
509 1270 843 1343 astipulante
873 1271 1171 1329 Godefrido
1187 1272 1347 1329 duce.
1374 1270 1545 1341 Hujus
1566 1269 1756 1325 allodii
1787 1268 2002 1324 reditus

385 1366 439 1420 in
471 1364 562 1421 die
588 1364 959 1421 anniversaria
998 1365 1084 1420 sui
1114 1364 1300 1420 obitus
1331 1363 1399 1419 ad
1438 1361 1891 1434 supplementum
1920 1359 2001 1414 vi-

383 1464 502 1513 ctus
537 1458 823 1514 constituit
852 1456 969 1512 dari
1010 1455 1289 1512 fratribus.

451 1546 540 1604 88.
573 1547 958 1603 Vadimonium
993 1546 1143 1619 quod
1189 1543 1569 1611 Malchelmus,
1615 1542 1788 1617 Euge,
1822 1540 2000 1598 Gode-

381 1633 595 1693 scalcus
644 1636 917 1692 dederunt
971 1641 1163 1691 sancto
1195 1634 1354 1690 Petro
1403 1647 1502 1704 pro
1541 1631 1574 1687 8
1624 1631 1843 1698 mercis,
1896 1631 2003 1685 hoc

382 1728 560 1798 ipsum
592 1725 813 1781 vadium
866 1724 1170 1780 Guilelmus
1213 1722 1282 1777 de
1313 1719 1583 1776 Marebais
1616 1724 1671 1773 et
1708 1733 1846 1774 uxor
1884 1719 2003 1786 ejus

380 1814 642 1878 Helvidis,
703 1814 893 1870 relicta
938 1812 1186 1884 praedicti
1227 1810 1489 1886 Engonis,
1532 1808 2001 1865 conﬁrmaverunt

378 1913 567 1962 sancto
607 1906 768 1961 Petro
817 1912 873 1962 et
906 1904 1112 1961 domno
1140 1903 1395 1959 Anselmo
1424 1902 1609 1957 abbati
1649 1917 1749 1971 per
1772 1916 1995 1955 manum

378 1995 606 2069 Seyheri
645 1993 894 2051 advocati
925 2008 1025 2065 pro
1077 1992 1150 2050 20
1178 1991 1381 2047 marcis
1422 1989 1656 2066 argenti,
1706 1989 1859 2061 prius
1884 1990 1918 2045 8
1946 1995 1999 2043 et

381 2091 504 2157 post
532 2084 602 2140 12
631 2083 933 2141 concessis.

450 2178 539 2233 89.
590 2176 744 2231 Carta
774 2176 844 2231 de
894 2191 1169 2232 consensu
1212 2174 1443 2231 duarum
1483 2170 1875 2235 mcclesiarum,
1909 2168 1996 2223 Ni-

356 2269 697 2344 ‘t'igellensis
727 2277 781 2324 et
808 2268 1237 2324 Gemblacensis.
1287 2271 1496 2323 Sanctae
1521 2266 1766 2321 (ecclesia:
1793 2264 1896 2329 ﬁlii
1932 2269 1994 2316 ut

383 2380 556 2419 unum
592 2365 653 2416 in
702 2364 906 2417 Christo
944 2364 1144 2431 possint
1190 2362 1311 2427 ﬁeri
1359 2363 1485 2430 paci
1524 2365 1574 2413 et
1616 2357 1996 2412 (ecclesiasticae

378 2454 626 2507 inherent
654 2455 878 2517 unitati,
927 2453 1150 2506 scientes
1199 2454 1328 2519 quia
1354 2464 1465 2504 non
1498 2454 1573 2503 est
1620 2452 1753 2501 Deus
1782 2445 1993 2499 dissen-

376 2544 563 2608 sionis,
592 2541 683 2596 sed
704 2543 855 2610 pacis
892 2545 944 2594 et
990 2540 1308 2593 dilectionis.
1366 2543 1460 2592 Nos
1506 2550 1711 2606 quoque
1752 2540 1994 2590 Gemme-

377 2631 610 2685 lacenses
639 2632 839 2698 fratres
873 2643 971 2699 pro
1002 2629 1213 2683 modulo
1252 2632 1432 2681 nostro
1473 2640 1659 2681 eorum
1696 2625 1996 2678 immitato-

376 2735 459 2775 res
484 2736 592 2775 esse
617 2724 885 2791 cupimus,
929 2721 1261 2790 providentes
1295 2734 1413 2787 quae
1459 2720 1607 2787 pacis
1635 2723 1685 2771 et
1738 2715 1993 2769 utilitatis

375 2819 507 2868 sunt
534 2814 684 2868 nobis
734 2820 785 2869 et
840 2815 1035 2867 nostris
1070 2812 1474 2867 successoribus.
1530 2813 1609 2864 Sit
1655 2824 1775 2877 ergo
1802 2813 1989 2862 notum

377 2908 527 2961 bona:
550 2909 843 2963 voluntatis
883 2908 1205 2971 hominibus,
1233 2907 1296 2961 de
1340 2922 1513 2975 parva
1541 2907 1631 2961 sed
1668 2919 1776 2957 non
1808 2903 1990 2972 parvi-

372 2997 653 3066 pendenda
702 3013 761 3051 re
822 2996 951 3065 quid
986 2998 1288 3051 convenerit
1344 2996 1491 3049 nobis
1528 3001 1577 3050 et
1635 2994 1992 3062 Nivigellensis

376 3090 582 3145 cenobii
624 3090 1143 3145 sanctimonialibus.
1200 3095 1265 3143 In
1317 3092 1448 3145 vilia
1503 3092 1761 3144 Anastica
1806 3095 1994 3143 manet

374 3182 624 3237 (ecclesia:
704 3187 900 3236 nostra:
978 3183 1196 3248 fami'ia
1222 3225 1238 3249 ,
1307 3184 1399 3237 cui
1466 3197 1534 3236 ex
1616 3184 1727 3249 ipso
1796 3180 1995 3249 prtedio

372 3274 558 3327 omnia
585 3278 744 3327 erant
786 3286 853 3326 ea:
885 3274 1175 3337 sententia,
1222 3275 1329 3325 nisi
1366 3273 1505 3341 quod
1540 3271 1835 3326 molendini
1862 3285 1993 3324 con-

370 3367 618 3421 struendi
638 3369 711 3420 eis
739 3379 851 3419 non
888 3370 1004 3419 erat
1041 3367 1209 3434 copia.
1253 3370 1352 3419 Nec
1389 3365 1536 3419 istud
1573 3366 1792 3419 omnino
1837 3365 1991 3418 dene-

370 3464 592 3528 gaverat
619 3460 719 3513 loci
745 3463 971 3525 natura,
997 3457 1087 3511 sed
1122 3471 1312 3512 cursus
1357 3473 1511 3527 aqua‘.
1549 3456 1816 3522 defluebat
1836 3471 1998 3526 super

2024 2218 2072 2285 Β

2090 994 2495 1071 ηυίθειιρηηςὶωη.

2175 1084 2263 1139 90.
2303 1084 2510 1139 Gratias
2540 1084 2672 1153 Deo,
2722 1086 2855 1158 quia
2908 1088 3000 1143 ubi
3034 1089 3377 1147 habundavit
3416 1103 3729 1164 peccatum,

2103 1173 2613 1245 superhabundavit
2668 1178 2871 1251 gratia,
2928 1178 3219 1237 Hvilardus
3258 1182 3395 1238 civis
3449 1195 3645 1242 noster
3697 1205 3728 1244 ιι

2103 1268 2309 1325 domno
2338 1270 2539 1325 abbate
2591 1270 2852 1328 Anselmo
2892 1280 2946 1329 et
2975 1274 3044 1329 ab
3085 1277 3237 1331 omni
3290 1288 3572 1336 conventu
3606 1280 3723 1338 fra-

2102 1366 2245 1415 trum
2300 1360 2473 1430 petita
2524 1366 2578 1415 et
2617 1369 2842 1433 accepta
2880 1370 3068 1419 nostra
3114 1365 3404 1434 societate,
3445 1370 3636 1426 socius
3675 1382 3728 1427 et

2102 1450 2379 1520 particeps
2420 1450 2667 1505 omnium
2697 1450 3101 1508 beneﬁciorum
3132 1453 3279 1510 efﬁci
3308 1458 3533 1513 meruit.
3566 1458 3721 1516 Unde

2100 1545 2305 1617 gratias
2329 1559 2520 1619 agens,
2556 1561 2794 1602 marcam
2826 1548 3040 1621 argenti
3080 1547 3343 1606 fratribus
3374 1568 3475 1623 pro
3507 1554 3735 1611 caritate

2104 1634 2320 1701 obtulit,
2350 1641 2405 1689 et
2442 1635 2708 1707 quamdiu
2742 1637 2899 1703 vixit,
2931 1637 3096 1694 nobis
3132 1650 3187 1694 et
3214 1641 3333 1697 loco
3367 1653 3556 1698 nostro
3580 1645 3736 1701 utilis

2102 1736 2325 1793 semper
2345 1720 2468 1778 fuit.
2498 1722 2706 1779 Partem
2735 1725 2883 1780 enim
2908 1725 3098 1782 allodii
3128 1728 3427 1785 Franconis
3446 1732 3517 1786 de
3535 1732 3735 1802 Felliv,

2102 1823 2225 1879 qua:
2253 1808 2306 1862 in
2338 1808 2466 1863 villa
2492 1808 2698 1864 Mazniz
2727 1810 2854 1879 jure
2883 1814 3200 1883 patrimonii
3229 1818 3418 1872 uxoris
3442 1836 3558 1875 suae
3604 1822 3733 1877 Hel-

2100 1896 2243 1952 vidis
2272 1897 2325 1951 ei
2354 1898 2725 1969 competebat,
2762 1915 2858 1955 sex
2885 1902 3086 1958 marcis
3133 1905 3299 1971 emit;
3354 1906 3530 1978 ipsius
3562 1918 3726 1967 terrae

2099 1987 2310 2043 reditus
2356 1988 2607 2060 quamvis
2664 1991 2719 2046 in
2748 1991 2859 2047 vita
2887 2010 2986 2049 sua
3030 1995 3143 2050 cibi
3183 1998 3423 2055 retinere
3470 2002 3732 2072 voluerit,

2098 2086 2283 2134 tamen
2336 2096 2403 2135 ex
2436 2081 2520 2138 eis
2548 2081 2700 2138 solus
2728 2098 2837 2139 non
2890 2086 3164 2154 comedit,-
3216 2099 3302 2145 set
3353 2091 3599 2149 stabilito
3631 2095 3733 2150 die

2096 2173 2382 2227 annuatim
2414 2174 2615 2229 exinde
2640 2174 2904 2231 fratribus
2944 2178 3056 2233 cibi
3085 2187 3145 2235 et
3172 2188 3335 2252 potus
3364 2187 3730 2256 praeparatio-

2096 2281 2222 2320 nem
2263 2266 2438 2332 dedit,
2481 2274 2867 2324 testamentum
2909 2269 3140 2341 faciens,
3181 2274 3317 2329 dixit
3358 2283 3419 2331 ut
3451 2276 3603 2347 ipsos
3634 2295 3734 2334 re-

2095 2356 2263 2423 ditus,
2306 2357 2360 2411 id
2393 2366 2477 2413 est
2514 2360 2568 2413 li
2601 2360 2833 2428 solidos,
2866 2371 2989 2432 post
3038 2374 3269 2420 mortem
3318 2367 3495 2437 ipsius
3518 2368 3728 2425 fratres

2096 2448 2393 2518 accipiant,
2446 2456 2500 2505 et
2530 2456 2589 2506 ut
2642 2451 2902 2507 beneﬁcii
2946 2454 3108 2523 hujus
3151 2473 3447 2525 memores,
3508 2474 3729 2516 nomen

2094 2555 2257 2593 suum
2310 2556 2537 2613 suaeque
2580 2542 2835 2616 conjugis
2892 2544 3057 2602 Deda:
3123 2564 3346 2604 suorum
3396 2550 3728 2607 nominibus

2097 2637 2222 2698 post
2246 2629 2457 2684 obitum
2490 2631 2692 2685 ascribi
2721 2631 2942 2687 faciant.

2163 2717 2252 2772 9|.
2290 2717 2556 2789 Tempore
2578 2718 2767 2773 domni
2807 2720 3049 2775 Anselmi
3078 2722 3294 2777 abbatis
3326 2724 3597 2782 llenricus
3639 2728 3719 2785 de

2094 2807 2298 2879 Lopum
2330 2826 2429 2880 pro
2467 2811 2641 2865 salute
2671 2812 2870 2867 animae
2922 2829 3036 2869 suae
3065 2814 3288 2869 tradidit
3327 2816 3439 2873 Deo
3500 2828 3555 2874 et
3582 2836 3722 2876 san-

2093 2902 2181 2951 cto
2232 2897 2395 2954 Petro
2430 2900 2495 2953 15
2525 2899 2798 2955 bonuaria
2828 2902 3055 2957 arabilis
3085 2909 3245 2982 terra:
3275 2904 3465 2961 invilla
3497 2909 3726 2966 Sivirei.

2095 2988 2206 3044 Hoc
2232 2989 2504 3047 beneﬁcio
2531 2992 2803 3048 animatus
2833 3009 3009 3066 nepos
3047 2995 3168 3063 ejus
3193 2994 3469 3053 Gerardus
3500 2999 3574 3054 de
3603 3000 3727 3056 Ma-

2099 3083 2300 3140 rebaco
2333 3084 2557 3141 tradidit
2586 3094 2643 3143 et
2698 3086 2819 3158 ipse
2875 3088 2932 3142 in
2970 3090 3162 3143 eadem
3204 3090 3333 3145 villa
3362 3091 3473 3147 alia
3523 3094 3593 3147 15
3625 3094 3729 3151 bo-

2098 3174 2311 3241 nuaria,
2345 3174 2493 3229 Idem
2538 3174 2812 3231 Gcrardus
2867 3185 3086 3233 mortuo
3145 3177 3259 3235 ﬁlio
3314 3196 3415 3236 suo
3447 3180 3721 3252 Gerardo,

2096 3268 2345 3338 permisit
2380 3268 2645 3324 aecclesiae
2673 3276 2874 3325 nostra:
2907 3287 3006 3341 pro
3046 3273 3224 3327 salute
3265 3290 3366 3329 sua
3392 3283 3449 3333 et
3487 3278 3726 3335 absolu-

2094 3360 2245 3417 tione
2277 3360 2375 3416 ﬁlii
2404 3362 2487 3416 sui
2536 3361 2806 3417 decimam
2835 3380 2997 3437 quam
3031 3365 3101 3420 de
3138 3366 3368 3423 culturis
3418 3370 3726 3430 dominicis
3760 3426 3772 3437 ,

2096 3453 2404 3525 accipiebat
2449 3454 2505 3509 in
2537 3455 2660 3526 ipsa
2689 3455 2820 3510 villa
2855 3454 3075 3525 Sivirei,
3133 3458 3377 3515 decimas
3406 3461 3572 3518 etiam
3605 3480 3726 3521 om-

365 3550 633 3620 praedium
690 3548 1050 3616 Nivigellense,
1098 3552 1370 3616 quantum
1429 3563 1533 3617 par
1582 3546 1743 3602 boum
1788 3549 1847 3601 in
1902 3547 1989 3601 die
2010 3580 2059 3649 Ο
2090 3543 2242 3597 nium
2270 3543 2753 3611 nutrimentorum,
2783 3559 2906 3616 qua:
2940 3544 3198 3625 ibi_infra
3224 3546 3560 3606 dominicam
3594 3568 3722 3610 cor.

365 3649 533 3713 potest
570 3656 745 3696 arare.
780 3646 848 3697 Ne
886 3645 1069 3695 tamen
1098 3642 1241 3693 inter
1289 3656 1383 3694 nos
1412 3646 1584 3694 essent
1628 3643 1839 3710 jurgia,
1867 3656 1984 3709 quae
2014 3636 2059 3649 ν
2085 3642 2193 3692 tem
2234 3636 2559 3692 retinentur.
2592 3636 2971 3709 Coemptione,
3003 3647 3059 3694 et
3105 3655 3488 3699 successorum
3520 3660 3716 3703 eorum

367 3732 1006 3786 znterdumsucerescunt
1044 3745 1209 3800 usque
1238 3732 1306 3784 ad
1352 3732 1658 3798 homicidia,
1700 3747 1826 3787 cum
1871 3734 1985 3786 suis

364 3824 600 3891 praelatis
636 3824 901 3877 consensit
928 3825 1210 3892 utriusque
1236 3823 1440 3878 cenobii
1481 3824 1718 3891 familia,
1763 3830 1825 3877 ut
1853 3839 1982 3879 cur-

363 3930 487 3970 sum
512 3929 663 3984 aquae
689 3930 785 3984 per
806 3904 1440 3983 Nwigellense'prcedium
1481 3916 1696 3971 haberet
1735 3922 1988 3971 constru-

363 4011 453 4061 cta
480 4022 515 4060 α
538 4008 924 4061 mansionariis
947 4009 1140 4061 nostris
1178 4007 1442 4073 officina;
1471 4009 1551 4063 his
1594 4011 1688 4077 qui
1731 4023 1827 4064 suo
1859 4012 1990 4078 jure

361 4101 628 4151 cesserant
674 4096 774 4149 tali
799 4095 1170 4150 vicissitudine
1216 4096 1449 4165 reddita,
1496 4104 1556 4151 ut
1604 4100 1677 4152 eis
1714 4100 1858 4153 inter
1885 4113 1986 4153 no-

359 4190 493 4241 stros
520 4186 847 4241 concedatur
887 4187 971 4239 uti
1008 4191 1227 4239 mortua
1251 4186 1410 4253 silva,
1464 4193 1515 4241 et
1568 4194 1630 4242 ut
1655 4194 1984 4256 oportunum

358 4283 529 4347 fuerit
552 4281 771 4336 consilio
808 4286 859 4334 ct
886 4281 1092 4334 auxilio
1114 4282 1184 4333 sit
1213 4284 1288 4335 eis
1320 4288 1505 4336 nostra
1534 4285 1755 4338 vicinia.
1787 4286 1984 4338 Actum

357 4369 639 4425 dominica:
667 4371 1066 4424 incarnationis
1096 4386 1243 4427 anno
1276 4370 1459 4438 “29°,
1488 4372 1782 4427 indictione
1817 4376 1980 4442 septi-

355 4476 468 4529 ma,
503 4463 746 4516 Lothario
769 4475 889 4529 rege
930 4464 1145 4531 imperii
1180 4468 1390 4533 sceptra
1414 4470 1662 4534 tenente;
1702 4466 1980 4532 Godefrido

358 4555 678 4609 Lovaniensi
702 4554 1151 4622 Lotharingorum
1174 4555 1326 4622 duce,
1366 4558 1461 4626 qui
1484 4558 1650 4611 etiam
1688 4557 1977 4612 advocatus

351 4655 588 4715 praeerat
615 4651 896 4717 utriusque
934 4648 1140 4704 cenobii
1165 4650 1431 4717 familias;
1471 4653 1716 4708 Heinrico
1758 4651 1823 4706 de
1862 4655 1977 4706 Bir-

354 4739 469 4794 bais
502 4741 765 4796 secundas
778 4744 895 4812 ejus
930 4747 1113 4811 partes
1138 4744 1580 4798 amministrante
1616 4746 1976 4814 Nivigellensi-

354 4828 452 4883 bus
482 4870 500 4896 ,
547 4832 814 4887 Bernardo
863 4832 927 4886 de
979 4830 1165 4887 Orbais
1218 4832 1683 4889 Gemblacensibus
1703 4852 1721 4902 ;
1781 4835 1973 4891 domno

2085 3731 2395 3806 largitione,
2422 3744 2569 3786 nunc
2602 3731 2853 3801 possidet
2882 3733 3297 3790 Gemblacensis
3327 3737 3584 3794 iecclesia
3611 3740 3717 3795 sil-

2088 3839 2207 3879 vam
2238 3830 2292 3878 et
2322 3823 2591 3896 quicquid
2619 3823 2765 3892 juris
2819 3839 3012 3880 eorum
3063 3831 3181 3882 erat
3218 3826 3277 3881 in
3330 3822 3526 3884 eadem
3558 3831 3712 3887 villa.

2090 3915 2202 3973 Deo
2228 3915 2452 3990 gratias.

2506 4065 2637 4123 CUR
2668 4066 2934 4125 DICITUR
2966 4068 3291 4129 GEMBLUS.

2155 4201 2246 4257 92.
2278 4201 2539 4258 Gemblus
2578 4203 2975 4276 interpretatur
3001 4222 3206 4277 gemma
3233 4216 3288 4265 et
3315 4210 3563 4280 baculus,

2081 4293 2229 4365 quod
2261 4293 2336 4349 ita
2372 4294 2698 4367 exponitur:
2729 4296 2859 4352 Gem
2887 4314 3118 4367 gemma,
3161 4301 3290 4357 Blus
3320 4302 3567 4360 baculus.

2081 4381 2363 4451 Gemblus,
2392 4401 2611 4457 gemma
2642 4386 2868 4454 decens,
2916 4386 3148 4443 baculus
3204 4389 3351 4445 bona
3392 4391 3536 4447 dans
3569 4396 3710 4450 mala

3368 4481 3629 4553 [credens,

2077 4568 2375 4634 Sustentat,
2401 4569 2601 4637 munit,
2620 4586 2761 4643 quos
2785 4571 3035 4629 Christus
3067 4573 3316 4631 moribus
3334 4577 3488 4642 unit;

2079 4658 2138 4712 Et
2176 4673 2316 4730 quos
2342 4674 2437 4714 cor
2466 4674 2658 4726 unum,
2692 4677 2835 4732 quos
2863 4678 3027 4717 verus
3055 4677 3212 4719 amor
3241 4661 3370 4720 facit
3394 4682 3590 4734 unum,

2078 4743 2161 4799 Hii
2200 4744 2417 4812 merito,
2452 4761 2685 4803 numero
2707 4755 2978 4820 crescant,
3006 4749 3262 4822 placeant
3292 4768 3516 4825 quoque
3548 4754 3693 4809 Chri-

3276 4842 3400 4914 [διο.
3435 4845 3627 4902 Amen.

1812 4978 2225 4994 Ψ

1147 5065 2099 5162 PANEGERICUS
2211 5074 2902 5163 LIBELLUS.

794 5208 877 5265 DE
905 5210 1201 5268 OLBERTO
1240 5214 1514 5269 ABBATE.

348 5296 458 5354 Vox
474 5296 813 5357 consolantis
837 5318 951 5370 cor,
984 5304 1095 5361 cari
1125 5314 1299 5361 morte
1328 5307 1568 5363 dolentis
1594 5326 1607 5362 :

298 5435 317 5445 ς
414 5387 585 5443 Verus
624 5389 909 5459 pacificus,
943 5407 1034 5447 rex
1073 5393 1167 5464 qui
1206 5395 1349 5467 regit
1383 5396 1591 5469 omnia,
1626 5395 1891 5467 Christus,

344 5478 408 5537 Et
426 5479 585 5551 cujus
609 5480 759 5552 pacis
783 5483 940 5557 regni
971 5498 1083 5541 non
1126 5491 1210 5539 est
1238 5503 1461 5560 quoque
1484 5488 1633 5555 ﬁnis,

2073 5221 2196 5290 Ipse
2226 5220 2372 5277 Deus
2409 5236 2597 5288 verus,
2629 5222 2795 5277 homo
2826 5229 2988 5278 natus
3013 5221 3228 5294 virgine
3277 5237 3457 5290 verus,

2069 5312 2145 5367 De
2165 5311 2373 5368 mundo
2395 5327 2655 5383 sponsam
2683 5312 2807 5382 pius
2832 5310 3140 5367 ecclesiam
3166 5310 3272 5365 sibi
3300 5318 3547 5367 sanctam

2067 5400 2258 5475 Elegit,
2291 5417 2442 5474 Virgo
2467 5408 2759 5477 generaret
2780 5418 2903 5474 qua:
2934 5401 3034 5456 sibi
3058 5416 3265 5472 sponso

2066 5493 2316 5561 Sanctos,
2355 5493 2450 5565 qui
2477 5493 2589 5549 nati
2625 5494 2855 5560 mundo,
2889 5492 3219 5564 Christoque
3252 5495 3456 5561 renati,

1688 5588 1912 5645 VARl/E
1953 5590 2335 5646 LECTIONES.

409 5682 498 5740 7".
529 5686 725 5765 Littera
752 5682 985 5765 initialis
1012 5698 1269 5765 versuum
1318 5687 1533 5765 collecta
1568 5692 1663 5765 ita
1700 5691 1894 5747 habet:
1931 5692 2040 5750 Hoc
2080 5691 2209 5749 fecit
2235 5710 2447 5765 versus,
2479 5693 2638 5750 Petre
2690 5702 2903 5762 sancte,
2937 5701 3062 5749 tuus
3104 5692 3500 5751 Godescalcus.
3562 5694 3679 5752 Cla-

339 5752 494 5829 viger
530 5756 673 5810 alme
701 5754 832 5823 poli,
867 5761 924 5809 tu
957 5770 1155 5824 precor
1178 5754 1309 5810 huic
1337 5757 1508 5825 aperi.
1552 5759 1745 5817 Amen.
