3930 6204
154 332 265 389 653
1114 329 1315 384 GESTA
1359 329 1500 383 ABR.
1546 330 1779 384 GEMBI..
1830 362 1889 369 ——
1934 330 2193 385 CONTlN.
2242 331 2559 385 CODESCli.
3398 341 3505 398 654

152 453 347 506 Essent
380 449 439 503 in
461 448 652 504 mundi
673 448 921 504 tenebris
952 455 1012 504 ut
1038 450 1222 505 sidera
1243 451 1399 519 clari,
1806 461 1860 527 Α
1887 455 2053 510 Norat
2084 471 2334 528 persona)
2362 456 2492 512 dare
2523 459 2907 515 convenientia
2928 462 3149 534 cuique.

150 541 368 597 Peccati
414 540 676 596 tenebras
706 541 853 596 docti
880 541 1160 612 depellere
1190 548 1359 597 tetras
1888 547 2039 613 Quod
2064 550 2252 604 decuit
2280 550 2487 617 docuit,
2520 550 2648 604 dum
2671 551 2970 622 prudenter
2999 553 3143 609 bona
3166 556 3303 611 dixit
3331 574 3345 623 ;

147 641 420 695 Etlumen
450 638 578 693 fidei
610 636 923 693 diffundere
957 638 1160 711 cuique
1198 638 1388 705 ﬁdeli;
1889 638 2042 703 Quod
2075 640 2285 707 docuit,
2326 640 2513 696 decuit
2571 653 2690 712 post
2730 642 2986 713 dogmata
3035 644 3165 699 dum
3196 646 3338 703 bene
3376 648 3515 705 vixit

150 732 266 786 Non
302 735 733 803 praesumentes,
777 727 1021 783 subimet
1058 729 1217 801 quasi
1250 727 1613 797 sufﬁcientes,
1837 748 1843 753 '
1889 730 1928 785 Ο
1952 731 2058 785 nisi
2087 746 2238 786 mors
2268 740 2507 803 raperet,
2542 732 2711 788 decus
2738 735 2889 789 hunc
2918 741 2973 790 et
3002 735 3111 791 vita
3141 736 3405 807 deceret;

151 825 262 880 Nec
295 823 410 877 sibi
439 838 496 878 se
538 839 639 895 per
663 839 724 877 se
753 822 1050 878 credentes
1078 822 1429 878 consuluisse
1463 841 1478 889 ;
1891 822 2004 878 Heu
2033 839 2185 878 mors
2208 824 2355 879 hunc
2383 826 2584 895 rapuit,
2616 841 2737 898 quae
2777 826 2909 881 nulli
2943 844 3172 899 parcere
3198 831 3370 887 novit.

151 918 367 972 Christo
393 916 556 987 cujus
589 921 765 977 erant,
800 914 949 986 quod
980 920 1140 970 erant
1164 916 1298 984 justi
1330 915 1681 986 reputabant,
1892 911 2025 968 Hinc
2060 913 2237 981 dolor,
2282 914 2410 968 hinc
2440 913 2619 981 fletus,
2655 914 2784 969 hinc
2812 918 3012 972 mentis
3044 934 3129 973 me
3164 928 3315 976 tenet
3343 927 3511 978 estus.

154 1011 215 1065 Ut
244 1010 391 1064 dans
418 1006 698 1073 affectum,
735 1006 914 1063 fautor
940 1006 1066 1077 pius
1098 1014 1246 1063 esset
1272 1023 1484 1063 eorum.
1959 1004 2068 1061 Vox
2092 1006 2432 1061 consolantis
2463 1021 2575 1075 cor,
2611 1008 2721 1062 cari
2754 1019 2929 1064 morte
2958 1010 3233 1067 dolentis:

152 1098 208 1152 Et
234 1098 377 1152 dans
403 1094 687 1163 affectum,
728 1096 984 1151 meritum
1018 1096 1323 1151 cumularet
1354 1112 1568 1152 eorum.
1889 1094 2045 1159 Quod
2072 1096 2211 1151 dicis
2241 1097 2390 1161 noxi,
2424 1098 2686 1169 quoniam
2712 1108 2893 1154 tecum
2926 1106 3019 1155 tua
3045 1101 3173 1157 novi

156 1197 210 1250 Et
232 1210 344 1251 non
379 1193 628 1249 contenti
655 1192 881 1248 sibimet
912 1194 1260 1264 propriaeque
1290 1192 1450 1247 saluti
1891 1187 2079 1243 Dicam
2109 1189 2259 1259 quod
2290 1189 2455 1256 nosti,
2484 1189 2742 1261 quoniam
2774 1206 2987 1246 mecum
3030 1208 3154 1247 mea
3174 1193 3339 1248 nosti.

154 1290 535 1355 Consuluisse,
568 1289 676 1360 piis
708 1290 1072 1360 praesentibus
1100 1298 1266 1361 atque
1297 1288 1515 1356 futuris,
1962 1279 2174 1335 Peccati
2203 1297 2401 1352 penam
2436 1298 2672 1353 peccans
2691 1282 2847 1338 dedit
2867 1284 3124 1339 omnibus
3153 1285 3347 1353 Adam,

154 1383 442 1439 Notificata
472 1382 601 1449 sibi,
628 1382 912 1438 noscenda
942 1381 1150 1437 dabant
1177 1382 1296 1436 vice
1331 1381 1525 1437 Christi

1888 1370 1953 1425 Et
1991 1371 2197 1426 crimen
2231 1373 2412 1428 cuncti
2445 1374 2735 1430 moriendo
2768 1375 2925 1429 luunt
2955 1376 3354 1446 prothOplasti;

155 1472 217 1527 Ut
247 1471 329 1527 sic
352 1471 533 1526 divini
572 1486 923 1527 succrescere
946 1470 1159 1526 semina
1189 1470 1344 1526 verbi
1888 1464 2001 1520 Stat
2022 1483 2120 1521 sua
2148 1467 2346 1538 cuique
2378 1468 2528 1535 dies;
2572 1477 2664 1523 tua
2692 1485 2903 1541 pauper
2927 1477 3055 1538 stat,
3098 1478 3192 1526 tua
3222 1472 3393 1528 dives.

157 1566 409 1629 Possent,
438 1579 564 1618 cum
594 1564 730 1619 tanti
757 1563 893 1619 tales
912 1573 1213 1635 essentque
1239 1563 1500 1629 ministri,
1888 1552 2005 1608 Non
2037 1571 2247 1625 pauper
2286 1557 2542 1627 supplex,
2567 1572 2677 1611 non
2710 1573 2900 1632 regum
2931 1566 3130 1614 cuncta
3161 1560 3413 1631 supellex

156 1656 253 1710 Per
276 1669 421 1727 quos
452 1653 702 1725 suppleri
745 1669 885 1709 nova
927 1659 1155 1724 possent
1182 1653 1379 1708 horrea
1409 1652 1603 1707 Christi
1889 1644 2036 1701 lianc
2066 1647 2289 1701 redimit
2309 1654 2537 1715 sortem,
2588 1648 2696 1704 heu
2729 1665 2842 1704 non
2872 1649 3067 1704 adimit
3096 1651 3227 1722 quia
3281 1661 3510 1708 mortem

160 1743 247 1798 Sic
276 1759 440 1798 nova.
467 1742 600 1797 Nam
631 1742 805 1796 sancti
835 1758 933 1812 per
960 1748 1185 1797 sanctos
1209 1741 1556 1811 multiplicati
1816 1794 1861 1812 η
1964 1737 2191 1793 indiciis
2218 1753 2447 1808 Operum
2482 1738 2562 1793 fas
2593 1744 2677 1793 est
2704 1740 3051 1810 perpendere
3083 1757 3297 1795 verum.

165 1836 374 1910 Ingenti
404 1851 541 1891 cura
573 1841 815 1905 querunt
843 1832 1056 1889 Christo
1089 1849 1230 1888 nova
1259 1832 1431 1900 lucra,
1814 1794 1864 1862 Β
1895 1828 2094 1884 Horum
2118 1830 2381 1901 pleraque
2409 1830 2753 1885 monimenta
2782 1831 2970 1905 vigent
2998 1832 3297 1904 hodieque,

163 1924 532 1996 Ecclesiaaque
565 1932 750 1994 patres
782 1923 991 1993 primos
1018 1923 1146 1977 dum
1183 1922 1520 1992 posteriores
1892 1917 2074 1972 Abbas
2096 1918 2347 1974 Olbertus
2373 1919 2580 1990 quibus
2613 1920 2788 1975 extitit
2826 1921 2998 1989 utilis,
3018 1929 3199 1992 aptus,

164 2017 341 2072 Sancti
366 2025 676 2082 sectantur,
704 2016 832 2070 dum
866 2015 1177 2086 praecipuos
1197 2015 1500 2082 imitantur,
1893 2007 1952 2061 lu
1983 2007 2196 2062 cunctis
2227 2008 2587 2079 rebus,petiit
2609 2025 2744 2080 quas
2774 2009 3030 2080 publicus
3068 2026 3218 2065 usus.

165 2106 260 2162 Per
276 2122 539 2178 sponsam
564 2119 773 2176 sponso
803 2104 1105 2160 succrescit
1133 2103 1310 2178 gloria
1332 2103 1571 2159 Christo.
1890 2096 2083 2153 Omnia
2113 2097 2357 2153 Christus
2372 2108 2488 2154 erat
2517 2099 2641 2166 sibi,
2670 2100 2822 2155 solus
2854 2099 3183 2157 sufﬁciebat.

230 2197 410 2252 Abbas
438 2195 698 2253 Olbertus
724 2203 946 2250 sanctos
978 2202 1162 2265 patres
1194 2194 1460 2262 imitatus,
1890 2188 1987 2254 Qui
2016 2189 2123 2243 sibi
2156 2190 2338 2245 danda
2365 2191 2553 2259 dabat,
2586 2192 2716 2263 quia
2754 2209 2912 2247 mens
2942 2193 3033 2264 pia
3061 2193 3243 2248 danda
3270 2195 3504 2269 rogabat

169 2289 289 2345 Cum
320 2307 434 2346 non
467 2290 541 2345 sit
564 2289 801 2359 flendus,
832 2294 1009 2343 mater
1050 2287 1119 2321 τεο
1153 2304 1250 2344 cur
1279 2295 1410 2342 sunt
1447 2288 1547 2342 tibi
1576 2287 1738 2342 ﬂetus
1760 2287 1789 2340 ?
1961 2278 2100 2334 Dicit
2127 2280 2456 2350 prudentem
2480 2281 2754 2352 sapientia
2788 2298 2887 2351 per
2913 2281 3296 2337 Salomonem:

166 2382 313 2436 Flcns
332 2382 482 2437 veris
540 2380 807 2444 lacrimis,
835 2395 1002 2450 super
1054 2379 1202 2433 hunc
1232 2394 1447 2434 merore
1470 2378 1718 2452 gravaris
1892 2367 2136 2423 Leliﬁcal
2156 2376 2384 2423 matrem
2421 2369 2526 2423 Sibi
2552 2386 2674 2441 quae
2705 2371 2896 2445 genuit
2925 2371 3255 2442 sapientem:

170 2472 269 2526 Sed
290 2489 491 2528 caveas
520 2471 689 2526 nimie
720 2470 922 2526 tristari
947 2469 1197 2542 qualibet
1226 2486 1289 2524 ex
1314 2485 1393 2536 re,
1891 2462 2042 2527 Quod
2072 2464 2313 2534 probitas
2340 2465 2450 2519 nati
2482 2464 2541 2520 fit
2570 2466 2897 2521 sustentatio
2932 2467 3115 2533 matri,

176 2562 231 2616 Et
271 2570 457 2618 teneas
495 2563 707 2630 animo,
739 2571 1028 2634 quantum,
1061 2577 1177 2629 cur,
1222 2560 1527 2633 quomodo,
1568 2560 1789 2633 quando
1893 2554 1955 2609 Et
1979 2555 2148 2610 decus
2169 2556 2453 2623 eximium,
2488 2572 2599 2613 non
2632 2558 2959 2613 sustentatio
2992 2566 3221 2615 tantum.

173 2655 432 2710 Tristibus
462 2662 521 2710 et
553 2655 676 2710 letis
702 2654 757 2708 in
790 2654 961 2709 rebus
992 2660 1044 2709 te
1077 2653 1404 2708 modereris.
1892 2643 2143 2698 Gralalur
2170 2651 2295 2699 nato
2328 2652 2500 2699 mater
2529 2645 2599 2699 de
2629 2661 2687 2700 sc
2717 2655 3006 2720 generato,

176 2748 280 2803 Fiet
302 2749 627 2820 prudenter,
660 2748 789 2820 quia
828 2765 917 2803 res
940 2747 1225 2803 moderata
1257 2747 1522 2802 decenter

1893 2735 1946 2789 Si
1981 2735 2111 2803 sibi,
2144 2736 2301 2808 sique
2331 2737 2464 2806 suis,
2497 2738 2544 2792 si
2572 2738 2746 2812 gloria
2780 2738 3122 2809 posteritatis

238 2837 341 2891 Vox
361 2854 588 2893 merens
618 2838 844 2893 monitis
872 2838 989 2893 haec
1018 2837 1111 2893 dat
1142 2852 1409 2908 responsa
1439 2836 1718 2891 monentis
1894 2830 2162 2898 Existens,
2204 2832 2369 2887 dictis
2392 2832 2657 2887 clarescat
2689 2834 2888 2890 clarior
2916 2834 3055 2889 actis

177 2929 346 2984 Dicam
387 2930 539 3002 quod
568 2929 778 3001 queris,
810 2944 908 2984 cur
936 2929 1037 2983 sim
1066 2929 1279 2984 turbata
1311 2928 1574 3000 querelis.
1894 2926 2097 2981 Enituit
2120 2927 2244 2982 talis
2277 2934 2406 2983 tuus
2435 2928 2526 2984 hic
2554 2930 2754 2985 merito
2793 2930 3075 3001 specialis,

178 3017 295 3082 Quae
323 3018 737 3093 continguntur,
779 3017 1018 3073 lacrima}
1046 3018 1306 3073 simulare
1332 3017 1617 3084 videntur;
1902 3017 1961 3072 Et
1982 3024 2038 3072 tu
2078 3019 2387 3093 gaudebas;
2419 3021 2772 3095 gaudendum
2798 3022 3007 3093 quippe
3044 3020 3279 3076 sciebas.

180 3109 296 3175 Quas
335 3128 445 3167 non
474 3110 782 3184 ﬁnguntur,
816 3110 1002 3166 cordis
1024 3120 1237 3166 secreta
1267 3109 1525 3166 fatentur.
1824 3157 1869 3184 η
1900 3108 2105 3164 Gaudia
2136 3112 2410 3182 sperasti;
2440 3128 2604 3183 quem
2625 3112 2800 3166 deﬂes
2827 3111 3084 3167 matcrm
3115 3111 3333 3178 amasti,

255 3157 296 3165 ,ν
338 3157 445 3167 κ-.-
474 3157 782 3184 .---,,....-_-,
818 3157 1001 3166 μνη.-
1025 3157 1237 3166 ww-.-
1906 3157 2105 3164 νην-.-
2137 3157 2372 3182 εἴων...
2396 3157 2410 3178 ,
2441 3157 2604 3183 ηπ...
2627 3157 2800 3166 μω.--
2827 3157 2990 3167 ......-.
3115 3157 3333 3178 -..._..-.,

248 3203 322 3257 Ad
350 3219 545 3258 verum
577 3218 746 3274 cogor
761 3202 975 3269 ﬂetum,
1009 3204 1137 3257 dum
1169 3211 1343 3258 mesta
1376 3202 1664 3269 recordor,
1822 3157 1871 3226 C
1900 3200 2145 3274 Remque
2202 3213 2401 3259 tenens
2440 3210 2667 3273 certam,
2711 3220 2867 3276 spem
2903 3202 3218 3275 spondebas
3255 3201 3354 3258 tibi
3398 3202 3518 3258 lon-

193 3293 333 3358 Quod
372 3311 523 3352 mors
553 3294 831 3350 Olbertum
866 3294 989 3349 tulit
1023 3294 1277 3350 abbatem
1311 3294 1481 3350 michi
1515 3302 1794 3367 quartum,
3310 3291 3458 3365 [gam
3479 3288 3517 3363 ς]

187 3383 394 3441 Menbra
421 3386 656 3455 decens,
688 3392 877 3456 aptum
926 3393 1091 3456 caput
1121 3399 1154 3441 ο
1184 3390 1347 3455 caput
1384 3392 1468 3440 est
1506 3385 1674 3442 michi
1712 3401 1800 3440 ra.-
1901 3378 2010 3434 Sed
2051 3380 2159 3435 ruit
2198 3381 2315 3437 haec
2340 3390 2430 3437 tua
2460 3398 2607 3453 Spes,
2641 3383 2902 3455 quoniam
2943 3399 3073 3455 spes
3101 3398 3215 3439 non
3251 3387 3371 3437 erat
3402 3381 3522 3436 haec

1528 3478 1722 3550 [Pluma
3331 3470 3519 3545 [Spes-1

191 3564 314 3621 liinc
337 3566 602 3622 membris
668 3565 793 3620 aliis
814 3564 989 3620 virtus
1018 3564 1199 3620 fuerat
1233 3565 1513 3635 specialis,
1902 3563 2233 3635 Perpetuum
2266 3568 2474 3624 mundo
2501 3584 2625 3623 nam
2646 3570 2779 3640 quid
2802 3569 3054 3625 consistit
3082 3570 3135 3623 in
3160 3567 3309 3625 isto?

196 3654 417 3713 Affectus
444 3658 609 3733 grati,
653 3657 778 3713 lctis
806 3657 889 3712 vel
918 3656 1169 3712 tristibus
1197 3657 1310 3728 apti
1339 3675 1353 3724 ;
1902 3656 1986 3711 Nil
2014 3657 2223 3713 mundo
2254 3667 2489 3727 certum,
2510 3661 2679 3716 nichil
2707 3662 2857 3716 omni
2877 3669 3031 3732 parte
3063 3662 3307 3716 beatum.

191 3744 362 3800 Mestis
388 3748 662 3810 solamen,
688 3745 816 3800 lctis
846 3744 1063 3802 fuerant
1097 3746 1488 3813 moderamen;
1676 3754 1681 3759 '
1904 3750 2047 3821 Spes
2075 3750 2368 3805 commissa
2384 3752 2517 3819 Deo,
2545 3759 2650 3807 stat
2679 3753 2735 3807 in
2766 3754 2870 3809 hoc
2899 3754 3208 3810 certissima
3237 3759 3408 3809 certo.

197 3832 384 3891 Cuncta
409 3836 696 3908 probanda
727 3836 990 3907 probans,
1042 3842 1097 3891 et
1148 3852 1352 3893 nomen
1409 3835 1654 3890 moribus
1709 3850 1794 3890 or-
1905 3839 2086 3893 Abbas
2117 3839 2389 3908 Olbertus,
2425 3841 2569 3897 felici
2594 3841 2704 3898 fine
2733 3843 2948 3909 beatus,

1551 3925 1729 4000 [nans.
1907 3931 1999 3986 Cui
2031 3932 2174 3988 bene
2204 3932 2431 3989 servivit
2470 3935 2685 4003 vivens,
2710 3934 2787 3989 illi
2811 3934 2975 3990 modo
3004 3933 3161 4000 vivit,

198 4016 388 4077 Merum
418 4036 695 4077 rumorem
726 4026 965 4095 gratum,
990 4035 1091 4077 ceu
1116 4020 1296 4076 thuris
1326 4019 1578 4087 odorem,
1904 4020 1966 4075 Et
1991 4030 2220 4076 mortem
2260 4022 2460 4091 nescit,
2492 4024 2623 4095 quia
2660 4040 2784 4080 cum
2817 4023 3027 4079 Christo
3055 4021 3373 4095 requiescit.

204 4104 285 4161 llic
312 4109 617 4176 emittebat,
647 4125 752 4164 nec
779 4125 842 4164 se
870 4108 1106 4163 celando
1132 4107 1353 4163 latebat.
1903 4109 2047 4165 Mors
2068 4110 2192 4166 tulit
2210 4112 2358 4168 hunc
2379 4112 2791 4185 mundo,longo
2821 4128 2932 4168 non
2955 4110 3178 4166 abstulit
3202 4127 3341 4167 aevo.

199 4195 317 4253 Nam
348 4201 427 4257 sic
458 4201 636 4273 pluris
686 4207 821 4267 erat,
855 4201 1119 4273 quoniam
1160 4200 1336 4275 magis
1367 4199 1496 4254 inde
1533 4198 1803 4269 placebat.
1906 4196 2035 4262 Quis
2062 4207 2411 4272 quantusque
2444 4201 2565 4268 fuit,
2592 4202 2720 4273 quia
2742 4202 3035 4273 posteritas
3062 4200 3411 4267 memorabit,

200 4285 284 4344 llic
307 4290 437 4347 mihi
464 4293 761 4348 multorum
790 4300 957 4363 caput
996 4298 1078 4347 est
1110 4299 1164 4347 et
1195 4307 1361 4347 causa
1390 4291 1689 4358 bonorum,
1906 4289 2048 4365 Ergo
2079 4290 2258 4359 dolor,
2292 4291 2451 4348 fletus
2482 4301 2660 4349 cesset
2686 4294 2809 4361 tibi,
2852 4293 3055 4348 mentis
3094 4300 3149 4347 et
3178 4299 3379 4360 aestus;

200 4373 383 4449 Virque
415 4381 524 4439 Deo
564 4388 771 4456 gratus,
804 4381 951 4437 bona
982 4397 1203 4454 queque
1229 4397 1418 4453 parare
1450 4387 1695 4451 paratus,
1908 4382 2007 4437 Det
2045 4383 2146 4438 tibi
2178 4384 2448 4453 solamen,
2479 4386 2573 4440 det
2609 4387 2658 4441 ei
2686 4386 2933 4459 requiem
2974 4386 3140 4441 Deus.
3182 4386 3379 4441 Amen.

203 4462 360 4550 [itque
388 4471 517 4527 satis
538 4480 750 4536 cautus,
776 4470 918 4525 mala
940 4486 1159 4542 queque
1192 4485 1387 4525 cavere
1417 4470 1657 4541 peritus;

242 4478 517 4584 :tqne‘satis
538 4480 750 4536 cautus,
776 4478 918 4584 mala
940 4486 1176 4584 queque‘
1192 4485 1387 4525 cavere
1417 4478 1657 4541 peritus;
1829 4516 1887 4584 Β
1909 4564 1947 4584 υ
2227 4566 2237 4584 1
2426 4478 2805 4579 MATHElJNO
2837 4478 3108 4584 AB‘BaTE.

207 4553 419 4633 Singula
445 4564 795 4635 dispensans,
817 4569 871 4618 et
890 4579 1003 4617 rem
1029 4578 1129 4634 pro
1160 4567 1411 4632 tempore
1434 4577 1694 4633 pensans,

1909 4564 2018 4620 Vox
2048 4566 2388 4622 consolantis
2415 4583 2512 4623 cor
2549 4569 2661 4623 cari
2692 4576 2868 4624 morte
2906 4566 3181 4623 dolentis:

206 4642 415 4705 Vivebat
450 4651 684 4721 Christo,
714 4654 938 4709 solvens
965 4668 1065 4707 sua
1094 4650 1284 4705 munia
1316 4650 1545 4705 mundo.
2017 4657 2373 4714 Communem
2402 4666 2603 4715 sortem
2635 4660 2828 4717 vivens
2856 4659 3090 4715 evadere
3120 4666 3357 4715 mortem

268 4737 544 4814 Nunquam
575 4745 701 4817 plus
730 4744 838 4800 sibi
872 4761 933 4800 se
962 4743 1157 4810 voluit,
1184 4748 1267 4797 set
1296 4758 1355 4798 se
1395 4742 1645 4817 magisin
1676 4756 1737 4797 se
1910 4752 2040 4819 Quis
2070 4752 2266 4823 potuit,
2298 4768 2397 4808 seu
2434 4753 2560 4826 quis
2587 4754 2833 4825 poterit?
2857 4770 3007 4810 mors
3025 4755 3150 4823 jura
3182 4754 3419 4822 tenebit,

214 4823 497 4901 Continuit,
537 4851 668 4891 cura
706 4850 927 4906 semper
964 4833 1233 4890 cohibens
1264 4831 1567 4901 moderata,

1969 4858 2043 4898 uae
2066 4859 2165 4914 per
2186 4823 2501 4915 prolapsum
2535 4823 2689 4900 tenet
2719 4845 2775 4899 in
2827 4844 3033 4900 mundo
3064 4845 3521 4916 prothoplastum.

214 4915 266 4969 Et
289 4935 536 4987 crescens
563 4927 619 4982 in
650 4942 739 4995 se;
776 4942 965 4983 casum
993 4940 1104 4981 non
1134 4923 1358 4995 pertulit
1390 4940 1420 4978 a
1448 4940 1528 4978 sc.
1919 4931 2059 5008 Ergo
2114 4949 2213 5005 per
2270 4933 2415 4988 hunc
2463 4933 2715 4989 homines
2770 4933 2901 5006 quia
2956 4948 3104 4989 mors
3169 4915 3420 4990 transivit
3472 4933 3529 4987 in

215 5008 415 5072 Viveret
436 5027 493 5074 ut
522 5022 682 5092 iuste,
715 5028 893 5077 tenuit
918 5035 1113 5075 manus
1150 5019 1281 5074 hinc
1307 5026 1417 5085 tua,
1460 5017 1705 5084 Christe;
3276 5019 3533 5095 [omnes,]

215 5098 315 5163 Qua
343 5117 693 5182 sustentatus,
722 5129 821 5184 per
846 5119 897 5168 te
939 5112 1116 5168 luerat
1147 5111 1244 5166 tibi
1282 5118 1488 5186 gratus.
1918 5110 2045 5165 Cum
2076 5111 2187 5167 sint
2226 5111 2375 5167 mille
2403 5112 2555 5168 modi
2585 5113 2799 5180 mortis,
2828 5128 2972 5168 mors
3000 5127 3111 5167 una
3136 5110 3318 5168 timori

279 5194 436 5253 Fonte
466 5200 642 5259 ﬂuens
666 5204 799 5273 oris,
828 5210 984 5278 grato
1015 5202 1394 5258 moderamine
1416 5202 1599 5258 cordis
1919 5202 2010 5256 Est
2032 5202 2243 5257 homini
2275 5203 2498 5275 cuique,
2528 5210 2761 5259 mortem
2794 5202 2992 5257 metuit
3020 5201 3125 5256 sibi
3158 5201 3435 5273 quisque;

218 5278 365 5341 Norat
391 5290 634 5361 dicendi,
664 5301 904 5365 tempus,
947 5298 1213 5365 noratque
1242 5292 1502 5360 docendi,
1921 5291 2027 5345 Sed
2058 5290 2199 5346 bene
2222 5291 2346 5362 quis
2367 5291 2613 5348 metuit?
2645 5292 2762 5347 Sibi
2803 5291 2897 5364 qui
2927 5298 3182 5346 metuens
3204 5290 3349 5345 bene
3386 5288 3538 5343 vivit.

222 5371 386 5433 Doctis
414 5381 656 5453 dicendi,
699 5401 809 5441 non
838 5386 1033 5441 doctos
1065 5385 1235 5459 digna
1265 5384 1525 5453 docendi,
1924 5382 2057 5438 Huic
2095 5399 2244 5439 mors
2274 5400 2383 5440 non
2415 5385 2573 5440 dolor
2611 5391 2714 5454 est,
2744 5385 2836 5457 qui
2879 5382 2998 5439 linit
3036 5391 3210 5439 morte
3250 5382 3473 5438 dolores

223 5461 351 5553 later
373 5471 647 5534 discentes
678 5486 734 5534 et
763 5480 1021 5553 dogmata
1051 5477 1217 5550 digna
1245 5477 1511 5533 docentes
1921 5472 2129 5535 Mundi,
2170 5472 2265 5543 qui
2295 5472 2450 5526 nimii
2481 5489 2605 5528 cum
2631 5474 2743 5528 sint
2769 5481 3054 5545 nequeunt
3078 5471 3357 5527 numerari
3384 5489 3400 5535 ;

224 5550 455 5617 Existens
474 5566 711 5635 medius,
751 5576 807 5622 et
838 5550 1120 5637 utrimque
1147 5564 1278 5619 satis
1300 5565 1633 5620 moderatus.
1922 5562 2050 5617 Cum
2073 5561 2186 5617 sint
2213 5561 2517 5631 innumeri,
2547 5578 2773 5632 prorsus
2804 5570 3091 5635 nequeunt
3116 5559 3366 5632 superari

1561 5668 1785 5724 VARI/Ii
1821 5668 2196 5729 LECTIONES.

226 5755 287 5791 "‘°
313 5765 339 5816 ὸ
364 5776 805 5841 suprascriptum.
837 5776 1145 5827 vocativum
1175 5787 1360 5828 casum
1390 5774 1732 5840 signiﬁcem.
1812 5772 1874 5807 79’
1903 5776 1933 5828 ὸ
1955 5787 2116 5841 super
2139 5770 2415 5826 scribitur.
