3930 6204
392 260 499 317 655

392 387 544 443 Uniri
576 386 785 443 Christo
825 386 931 441 nisi
963 388 1032 443 sit
1072 388 1162 459 pia
1201 388 1534 447 sollicitudo.

497 480 588 535 Est
651 480 829 535 honor
864 486 1131 544 aeternus,
1184 497 1349 552 quem
1397 482 1489 536 dat
1528 483 1670 538 caris
1706 484 1811 539 sibi
1856 484 2008 540 Chri-

1827 574 2003 646 [stus.]

389 662 678 736 Nunquam
704 662 947 729 deficiet,
972 663 1103 734 quia
1131 662 1459 719 sufficientia
1491 665 1584 721 fiet

394 752 467 806 Ex
498 752 643 823 ipso,
674 768 775 823 per
812 767 960 819 eum,
986 766 1083 822 per
1120 768 1285 822 quem
1308 758 1434 807 sunt
1465 755 1650 809 omnia
1680 772 1881 811 rerum.

392 842 656 898 Abbatem
698 843 952 915 quintum
984 842 1081 897 tibi
1112 842 1431 898 defunctum
1466 846 1822 900 l‘lathelinum

391 935 494 991 (Zur
523 936 623 991 ﬂes
650 952 781 1011 grex
812 936 1047 991 Christi?
1088 937 1297 1001 Letare,
1333 940 1480 1008 quod
1524 940 1666 995 hunc
1696 940 1931 995 habuisti

389 1028 858 1099 Dispensatorem,
889 1044 998 1082 non
1039 1028 1157 1083 solo
1183 1029 1408 1083 nomine
1440 1039 1649 1100 patrem

390 1115 449 1170 ln
477 1132 534 1170 re
561 1117 861 1185 communi,
887 1116 979 1187 qui
1012 1131 1122 1169 non
1146 1116 1250 1169 sibi
1279 1119 1600 1172 commodus
1631 1120 1722 1173 uni

390 1207 530 1264 Vixit
559 1210 676 1264 avis
702 1225 842 1275 rara,
875 1208 972 1263 sed
1003 1224 1124 1263 raro
1152 1224 1380 1263 munere
1410 1226 1533 1264 cara

392 1299 517 1369 Ore,
549 1317 715 1355 manu
741 1306 928 1374 gratus
950 1299 1069 1368 fuit,
1097 1300 1359 1355 omnibus
1390 1302 1575 1357 omnia
1606 1300 1797 1359 factus.

391 1395 546 1451 Hune
575 1410 789 1451 morum
822 1395 1078 1467 gravitas,
1110 1394 1233 1449 vitae
1264 1394 1544 1450 decoravit
1576 1397 1860 1465 honestas;

387 1487 560 1542 Verus
584 1502 738 1543 amor
768 1486 984 1553 Christi,
1016 1485 1300 1557 splendor,
1335 1486 1518 1542 fervor
1544 1487 1646 1543 fuit
1678 1490 1788 1556 isti,

385 1579 517 1635 Nam
542 1580 648 1635 sibi
674 1578 941 1643 fervebat,
963 1578 1266 1649 splendens
1294 1578 1417 1633 aliis
1445 1580 1717 1649 radiabat,

386 1674 718 1745 Suppositus
743 1672 908 1747 lignis
927 1672 1078 1725 velut
1109 1670 1264 1725 ardet
1294 1678 1351 1726 et
1388 1672 1587 1727 emicat
1618 1673 1792 1745 ignis:

386 1766 448 1820 Et
472 1764 746 1820 fraternus
767 1779 943 1830 amor,
965 1770 1228 1835 tanquam
1259 1762 1537 1818 redicibus
1569 1764 1733 1821 arbdr

383 1856 513 1911 Fixa
541 1856 723 1923 bonis,
757 1854 991 1911 fructum
1019 1861 1232 1927 gratum
1267 1854 1533 1910 reddebat
1563 1862 1618 1911 et
1646 1864 1853 1928 aptum.

384 1949 546 2004 Istius
576 1964 708 2003 cura
735 1951 883 2002 stant
916 1962 1040 2018 quae
1080 1945 1297 2001 fuerant
1327 1946 1557 2011 ruitura,

382 2044 567 2099 Rebus
594 2044 651 2097 in
671 2042 917 2098 adversis
938 2041 1106 2097 turris
1136 2039 1316 2096 fuerat
1342 2041 1499 2112 quasi
1524 2040 1713 2109 fortis;

380 2133 583 2189 Vivens
621 2133 880 2197 discrete,
903 2147 1101 2187 curans
1127 2130 1369 2185 curanda
1389 2131 1660 2187 modeste.

384 2225 593 2282 Prefuit
620 2225 723 2280 iste
740 2223 936 2298 gradu,
969 2229 1052 2277 set
1080 2228 1231 2278 recto
1261 2222 1467 2293 profuit
1496 2229 1639 2279 actu.

380 2318 553 2375 Iustis
574 2316 747 2372 adniti
778 2321 937 2370 norat
960 2314 1253 2386 pravisque
1279 2313 1464 2368 reniti.

380 2412 614 2469 Immitis
642 2412 857 2477 mitem,
884 2408 980 2465 sed
1013 2415 1069 2465 et
1096 2409 1391 2479 impatiens
1431 2410 1732 2476 patientem

381 2501 675 2558 Mirabatur
699 2515 847 2565 eum,
878 2497 984 2553 sibi
1015 2512 1337 2568 proponens
1360 2498 1704 2554 imitandum.

380 2592 579 2647 Dicens
599 2587 835 2645 dicenda
855 2586 1175 2658 faciensque
1203 2586 1354 2657 prior
1380 2585 1632 2642 facienda

377 2680 576 2736 Vitavit
607 2679 847 2750 culpam,
878 2676 1099 2731 laudem
1128 2676 1330 2731 meruit
1368 2676 1472 2730 sibi
1503 2677 1751 2733 multam.

380 2771 542 2827 Panis
571 2768 803 2826 meroris
832 2766 937 2822 fuit
963 2766 1092 2821 huic
1122 2775 1395 2837 potusque
1427 2766 1637 2822 doloris

380 2865 571 2920 Carnis
592 2864 826 2919 claustra
839 2861 973 2932 pati,
1004 2859 1208 2915 differri
1234 2877 1338 2915 nec
1367 2861 1563 2916 sociari

380 2952 612 3019 Christo,
633 2952 791 3021 cujus
818 2966 971 3005 amor
997 2948 1103 3003 sibi
1120 2956 1252 3004 tunc
1268 2958 1384 3005 erat
1406 2951 1632 3006 intimus
1662 2952 1843 3007 ardor.

378 3046 439 3101 Et
462 3051 663 3101 terram
692 3049 854 3098 term
880 3041 1143 3107 reddens,
1177 3042 1416 3096 animam
1443 3043 1538 3097 tibi
1576 3044 1805 3111 Christe,

373 3137 579 3193 Mundo
604 3135 936 3198 subtractus,
962 3133 1158 3188 letatur
1187 3149 1314 3203 pars
1343 3140 1433 3188 tua
1472 3133 1667 3201 factus,

375 3230 531 3284 Hunc
556 3228 685 3284 vita)
716 3225 923 3299 fragilis
947 3224 991 3279 si
1020 3239 1161 3279 noxa
1183 3230 1335 3279 tenet
1363 3226 1614 3280 venialis.

372 3316 506 3372 Nam
535 3314 692 3371 viciis
731 3328 899 3368 nemo
929 3313 1051 3367 sine
1074 3313 1338 3379 nascitur,
1375 3322 1458 3368 est
1482 3314 1601 3369 sine
1641 3332 1822 3372 nemo.

373 3406 568 3462 Christi
600 3421 733 3479 grex
763 3419 877 3469 ora,
913 3401 1170 3473 precibus
1191 3401 1380 3457 delere
1421 3403 1625 3459 labora.

368 3499 520 3555 Votis
550 3496 755 3568 placari
786 3496 900 3550 vult
922 3493 1181 3558 Christus,
1212 3493 1440 3566 vultque
1463 3497 1668 3567 rogari;

368 3587 485 3655 Est,
522 3603 645 3642 cum
678 3584 965 3653 sitjustus,
1000 3581 1155 3653 pius;
1204 3589 1285 3637 est
1315 3582 1601 3654 ignoscere
1634 3593 1882 3657 promtus

472 3679 581 3733 Hec
608 3676 714 3731 sibi
743 3673 951 3729 dicenti
986 3671 1119 3728 dicit
1151 3689 1281 3747 grex
1316 3675 1444 3729 talia
1477 3675 1701 3731 Christi:

365 3769 520 3836 Quod
546 3767 748 3823 suades
772 3764 992 3832 faciam,
1018 3781 1130 3818 rem
1155 3766 1280 3832 jure
1312 3782 1505 3822 mones
1536 3769 1663 3838 quia
1684 3768 1908 3839 justam.

365 3858 592 3913 Umbras
618 3856 905 3927 culparum
936 3858 1103 3908 tetras
1129 3852 1386 3924 princeps
1416 3855 1765 3911 tenebrarum

360 3949 479 4003 Non
500 3947 650 4013 huic,
677 3961 789 4001 non
820 3942 1026 3998 nostris
1049 3942 1348 4011 defunctis,
1387 3943 1603 4016 ingerat
1633 3945 1834 4009 hostis;

361 4040 468 4097 Sed
512 4038 584 4094 sit
659 4038 741 4093 eis
800 4035 1045 4108 requies,
1094 4035 1165 4090 sit
1214 4036 1303 4089 lux
1362 4052 1461 4107 per
1513 4037 1698 4092 secula
1755 4053 1973 4109 perpes.

1742 4127 1974 4202 [Amen.]

757 4200 840 4254 DE
878 4197 1257 4253 THIETMARO
1299 4197 1570 4255 ABBATE.

352 4314 460 4370 Vos
484 4309 823 4369 consolantis
854 4323 969 4373 cor,
1002 4307 1114 4361 cari
1142 4313 1318 4362 morte
1348 4306 1615 4363 dolentis:

1614 264 1958 322 SlGEBERTl
2000 264 2513 327 GEMBLACENSIS.

3622 276 3735 334 656

2035 402 2086 468 Α
2114 398 2314 466 Abbas,
2345 400 2437 471 qui
2468 407 2653 455 sextus
2692 400 2854 457 nobis
2881 400 3057 457 fuerat
3089 402 3392 472 Hiemarus,

2112 487 2201 542 Vir
2219 489 2472 559 simplex,
2506 496 2704 556 rectus,
2733 490 2972 561 patiens,
3002 491 3245 559 humilis,
3274 493 3374 548 tibi
3406 499 3625 568 gratus.

2110 576 2311 643 Gloria,
2344 578 2572 643 divitiae,
2602 595 2700 633 ceu
2731 586 2934 650 puncto
2965 580 3185 636 mobilis
3217 582 3368 637 horae

2108 666 2424 723 Permutant
2450 669 2724 734 dominos,
2758 685 2897 740 quos
2921 686 3060 726 vano
3089 679 3330 726 scemate
3363 671 3545 727 nudos

2107 759 2295 813 Aufert
2322 761 2446 814 huic
2473 761 2679 816 mundo
2711 776 2879 829 mors,
2913 778 3025 817 non
3055 763 3341 834 placabilis
3367 779 3523 820 auro.

2110 846 2232 901 llaec
2262 848 2425 902 homo
2456 848 2584 903 dum
2608 850 2804 916 cernit,
2830 850 2960 922 quid
2983 858 3127 906 terra
3147 852 3401 924 cinisque
3427 853 3679 924 superbit
3704 852 3734 906 ?

2108 936 2244 1000 Quid
2277 937 2452 991 cuivis
2481 938 2684 1008 cupido
2707 940 2931 1009 prodest
2958 942 3499 1013 mundanacupido?

2110 1025 2212 1079 Cur
2237 1026 2423 1080 studet
2449 1027 2681 1094 ambire,
2706 1043 2829 1083 cum
2860 1045 3021 1103 reges
3052 1031 3230 1085 cernit
3256 1031 3435 1099 obire,

2111 1118 2172 1172 Et
2201 1134 2321 1172 cum
2354 1125 2595 1173 rectores
2617 1136 2762 1175 mors
2792 1120 2998 1192 abripit
3030 1122 3365 1178 inferiores?

2108 1206 2368 1262 Mundum
2406 1223 2527 1263 cum
2582 1208 2840 1282 linquunt
2906 1212 2974 1266 de
3012 1212 3218 1267 mundo
3276 1218 3494 1284 sumpta
3552 1212 3731 1267 relin-

3507 1301 3727 1372 [quunt]

2110 1384 2170 1440 Et
2201 1386 2606 1441 mundanarum
2636 1386 2746 1455 iam
2778 1386 2912 1441 nudi
2935 1386 3271 1454 divitiarum,

2104 1478 2296 1533 Secum
2328 1478 2444 1533 sola
2472 1477 2651 1532 ferunt
2679 1478 2824 1534 bona
2844 1479 2929 1533 vel
2949 1480 3090 1534 mala
3119 1495 3241 1552 qua:
3261 1485 3605 1536 meruerunt.

2105 1570 2211 1624 Sed
2236 1569 2367 1624 felix
2396 1570 2527 1637 exit,
2569 1571 2663 1642 qui
2688 1570 2819 1625 dum
2852 1570 3004 1638 vixit,
3037 1572 3180 1626 bene
3207 1571 3361 1627 vixit.

2215 1661 2494 1717 Justorum
2524 1676 2773 1727 consors,
2803 1668 2862 1716 ut
2882 1674 3147 1733 penarum
3173 1662 3314 1717 foret
3351 1677 3560 1729 exsors,

2104 1754 2207 1809 Per
2237 1762 2448 1825 portam
2481 1753 2626 1820 vitae,
2660 1752 2958 1821 Christum,
2989 1754 3086 1808 sed
3118 1770 3226 1809 non
3259 1754 3483 1809 aliunde

2102 1843 2335 1910 intrans,
2374 1849 2725 1915 augmentum
2756 1850 2913 1913 pater
2943 1842 3031 1897 hic
3058 1843 3261 1897 meruit
3290 1844 3633 1898 meritorum.

2101 1931 2308 2002 Nempe
2337 1930 2491 2005 gregi
2529 1929 2723 1985 Christi
2745 1930 2967 1985 servivit
2989 1945 3140 1986 more
3172 1929 3435 1998 ministri,

2101 2020 2454 2092 Correxitquc
2475 2020 2551 2091 pii
2579 2021 2716 2075 dans
2743 2020 2999 2095 dogmate
3030 2037 3183 2076 more
3222 2022 3491 2096 magistri,
3520 2058 3527 2065 -

2101 2110 2170 2164 Se
2200 2109 2368 2163 studii
2397 2109 2624 2164 formam
2658 2110 2932 2179 praebens,
2964 2110 3088 2165 vitae
3116 2125 3338 2182 quoque
3367 2126 3642 2167 normam.

2098 2201 2342 2257 Moribus
2366 2200 2577 2267 inculti,
2606 2200 2698 2255 tali
2735 2200 2836 2255 sub
2869 2216 3093 2256 vomere
3123 2202 3277 2257 culti.
3512 2204 3515 2207 ’

2100 2293 2356 2349 Ornatum
2386 2309 2598 2347 morum
2625 2292 2944 2364 fructusque
2972 2293 3179 2349 dabant
3209 2294 3548 2362 animorum;

2097 2383 2236 2439 Justi
2268 2383 2359 2455 qui
2388 2382 2628 2449 fuerant,
2648 2398 2773 2437 cum
2795 2382 2945 2450 justo
2976 2381 3360 2453 proﬁciebant.

2099 2477 2387 2552 Stringens
2415 2477 2634 2548 spiritui
2656 2492 2714 2530 se
2746 2475 3016 2547 compede
3053 2476 3330 2548 spirituali

2096 2563 2163 2618 Se
2185 2563 2283 2619 tibi
2304 2564 2540 2632 subjecit
2571 2565 2735 2619 lhesu
2760 2563 2828 2598 ⁷⁸³
2856 2579 3192 2636 carnemque
3210 2565 3450 2639 subegit,

2098 2658 2248 2712 lllam
2278 2658 2504 2729 spiritui
2535 2674 2818 2730 nunquam
2849 2674 3045 2729 passus
3071 2658 3370 2726 dominari,

2096 2753 2235 2816 Quin
2261 2753 2613 2824 potiussubdi
2642 2755 2875 2828 cogebat
2904 2761 2958 2809 et
2984 2755 3295 2809 extenuari.

2095 2844 2185 2898 Sic
2215 2845 2386 2918 magis
2417 2844 2697 2899 imbellem
2730 2844 2958 2916 cupiens
2973 2861 3135 2917 quam
3162 2845 3277 2900 fere
3310 2846 3597 2902 rebellem.

2097 2930 2219 2987 Haac
2247 2932 2355 2987 sibi
2387 2932 2618 2999 dicenti,
2659 2932 2795 2988 dicit
2823 2948 2955 3005 grex
2993 2933 3123 2988 talia
3154 2934 3387 2988 Christi:

2014 3043 2063 3111 ρ
2092 3026 2227 3082 Vera
2257 3027 2450 3094 refers,
2482 3027 2675 3098 paucis
2708 3028 3085 3103 perstringens
3116 3027 3354 3098 plurima
3382 3028 3584 3083 verbis.

2088 3122 2242 3178 Justa
2289 3121 2515 3185 docens,
2549 3121 2754 3191 injuste
2801 3137 3021 3189 cavens,
3064 3129 3219 3193 pater
3258 3123 3346 3179 hic
3397 3122 3545 3179 bona
3576 3141 3707 3179 sua-

3452 3214 3636 3287 [dens.

2090 3310 2199 3365 Hoc
2223 3310 2405 3365 studio
2434 3310 2625 3373 crevit,
2660 3317 2846 3381 gratus
2876 3308 3330 3381 spernendasque
3361 3311 3599 3381 sprevit;

2094 3399 2190 3454 Hic
2209 3416 2423 3454 morum
2455 3399 2667 3454 meritis
2705 3399 2774 3453 ad
2802 3413 2944 3454 onus
2975 3404 3259 3469 promotus
3286 3398 3531 3466 honoris,

2094 3489 2392 3543 intendens
2421 3487 2576 3544 oneri
2602 3486 3099 3558 superintendebat
3126 3487 3346 3554 honori,

2092 3582 2335 3654 Remque
2356 3583 2636 3653 decusque
2656 3581 2820 3636 dabat
2839 3580 2968 3648 sibi,
2991 3580 3139 3652 quod
3163 3581 3468 3651 prudenter
3487 3581 3709 3656 agebat,

2089 3672 2153 3727 Ut
2184 3680 2421 3746 tempus,
2453 3673 2720 3745 probitas,
2753 3688 2860 3738 res,
2885 3687 2983 3727 seu
3024 3672 3289 3743 poscebat
3315 3673 3597 3729 honestas.

2155 3765 2397 3821 Justicia:
2427 3765 2606 3821 cultor
2638 3764 2757 3832 fuit,
2788 3764 2917 3819 hinc
2948 3763 3205 3818 inimicus
3234 3769 3289 3818 et
3313 3762 3463 3819 ultor

2085 3854 2295 3912 Peccati
2319 3857 2571 3928 pedicam
2603 3854 3020 3911 noninveniens
3052 3852 3355 3909 inimicam.

2082 3942 2137 4001 Si
2173 3947 2322 4002 ferus
2340 3946 2587 4014 accedat,
2618 3960 2717 3999 sua
2747 3943 2988 4013 dampna
3007 3941 3284 4015 gemendo
3316 3943 3558 4000 recedat.

2081 4041 2176 4096 llic
2201 4039 2349 4095 vivat
2373 4037 2591 4104 melius,
2625 4035 2800 4090 fuerat
2848 4033 2937 4091 cui
2984 4033 3171 4089 vivere
3201 4031 3468 4090 Christus.
3502 4036 3691 4091 Amen.

2494 4126 2577 4181 DE
2612 4122 2976 4180 LIETHABDO
3003 4121 3276 4178 ABBATE.

2077 4220 2187 4275 Vox
2213 4217 2554 4275 consolantis
2583 4231 2698 4282 cor,
2730 4214 2840 4269 cari
2873 4218 3050 4269 morte
3080 4211 3353 4268 dolentis:

2146 4314 2286 4369 Nulli
2312 4319 2612 4384 perpetuus
2641 4309 3042 4365 mundanarum
3077 4309 3242 4363 datur
3267 4324 3401 4364 usus

456 4403 673 4472 Anceps
701 4405 785 4454 est
813 4396 1074 4457 mundus,
1108 4411 1358 4467 praeceps
1395 4396 1571 4453 fluitat
1601 4397 1706 4453 sibi
1740 4415 1968 4469 cursus;
1995 4395 2048 4465 D
2068 4410 2290 4476 Rerum;
2324 4414 2453 4463 sunt
2483 4406 2662 4474 oneri,
2692 4421 2815 4476 quae
2845 4410 2975 4459 sunt
3006 4404 3075 4459 ad
3110 4408 3331 4475 tempus
3363 4404 3582 4460 honori.

348 4491 535 4547 Rebus
566 4486 863 4545 mundanis
886 4484 1190 4539 miscentur
1215 4485 1390 4540 tristia
1420 4486 1564 4553 letis,

347 4587 777 4657 Succeduntque
798 4581 927 4648 sibi,
962 4580 1091 4651 quia
1122 4580 1201 4634 sic
1227 4579 1395 4634 currit
1419 4587 1534 4635 rota
1561 4582 1774 4636 mundi.

347 4678 555 4736 Herens
585 4675 855 4741 instabili,
897 4672 1083 4727 nullus
1106 4671 1307 4744 poterit
1336 4671 1595 4727 stabiliri.

342 4767 558 4824 Transit
580 4784 705 4823 cum
736 4765 969 4829 mundo,
1001 4761 1095 4833 qui
1136 4777 1246 4817 non
1276 4761 1420 4816 bene
1448 4760 1582 4816 vivit
1615 4762 1671 4816 in
1704 4762 1818 4818 illo.

342 4859 444 4926 Qui
476 4859 727 4931 sequitur
753 4858 1005 4918 Jhesum,
1031 4853 1158 4908 felix
1181 4858 1482 4926 conregnat
1510 4853 1567 4907 in
1587 4870 1784 4909 aevum.

337 4948 403 5003 Et
433 4948 560 5020 quis
589 4964 714 5003 eum
741 4942 1034 5018 sequitur?
1078 4943 1179 5007 Qui
1214 4949 1399 4997 mente
1429 4958 1673 5015 sequens
1700 4944 1963 5001 imitatur.

339 5041 398 5095 ln
430 5039 594 5095 rebus
614 5038 805 5094 mundi
832 5053 960 5110 spes
981 5042 1063 5091 est
1088 5035 1296 5090 incerta
1314 5034 1482 5090 futuri
1506 5052 1519 5088 :

335 5132 533 5187 Multos
552 5130 672 5201 ipsa
691 5137 873 5185 tamen
902 5127 1049 5203 c0gil
1075 5126 1316 5199 perferre
1338 5127 1609 5198 laborem,

334 5221 611 5278 Incertum
642 5220 834 5289 ﬁnem,
867 5226 1075 5276 certum
1107 5216 1394 5289 prebendo
1421 5218 1692 5275 laborem.

438 5313 632 5391 Migrat
660 5313 729 5369 ab
771 5314 872 5369 hac
899 5312 1010 5367 vita
1038 5309 1192 5376 felix,
1222 5309 1310 5364 cui
1337 5309 1406 5364 sit
1434 5311 1524 5366 via
1552 5311 1663 5367 vita

331 5403 595 5477 Christus,
624 5406 834 5480 quique
848 5404 991 5460 viam
1016 5400 1204 5467 talem,
1234 5402 1436 5457 meruit
1454 5417 1678 5475 quoque
1692 5402 1879 5460 vitam.

330 5499 540 5561 Christe
564 5500 911 5570 viam,vitam
941 5503 992 5552 te
1020 5495 1325 5567 promeruit
1344 5496 1451 5551 sibi
1482 5514 1663 5555 veram

2069 4501 2256 4557 Mundi
2289 4505 2658 4570 contemptor,
2690 4498 2820 4554 felix
2848 4496 3191 4553 mercabitur
3227 4504 3446 4568 emptor

2070 4591 2170 4648 Pro
2202 4591 2351 4664 gazis
2381 4588 2595 4657 mundi,
2624 4604 2786 4660 gazas
2818 4594 2872 4643 et
2887 4586 3089 4659 gaudia
3121 4583 3256 4651 ccli;

2068 4685 2291 4756 Emptor
2311 4683 2417 4738 erit
2446 4681 2594 4750 felix,
2625 4689 2680 4736 et
2710 4678 3067 4736 commutatio
3108 4676 3236 4733 felix

2068 4773 2196 4838 Quae
2228 4770 2380 4826 dabit
2410 4769 2667 4840 emptori,
2700 4767 2847 4839 quod
2878 4766 2930 4820 ei
2952 4766 3024 4822 sit
3052 4781 3273 4837 semper
3299 4764 3518 4821 honori.

2071 4863 2311 4921 Caelestis
2338 4862 2525 4934 patriae
2546 4861 2831 4917 concivem
2866 4858 3082 4914 civibus
3110 4873 3259 4924 esse,

2068 4954 2250 5009 Mente
2282 4952 2384 5007 frui
2415 4951 2647 5017 Christo,
2680 4948 2888 5004 mundo
2914 4947 3123 5003 meritis
3154 4955 3436 5019 superato.

2122 5046 2323 5102 Pistica
2353 5060 2454 5100 ceu
2486 5043 2695 5099 nardus
2730 5041 2988 5097 redolens
3014 5039 3189 5095 abbas
3220 5039 3550 5095 Liethardus

2050 5139 2332 5211 Septimus
2357 5135 2607 5199 accessit,
2640 5135 2734 5207 qui
2768 5134 2919 5189 nullo
2952 5131 3173 5189 turbine
3205 5132 3391 5199 cessit,

2056 5228 2193 5295 Quin
2217 5232 2404 5299 pastor
2430 5240 2611 5291 verus,
2649 5222 2833 5294 pravis
2858 5221 3073 5277 ratione
3102 5235 3333 5275 severus

2055 5319 2230 5388 Esset,
2262 5317 2566 5373 mansuetis
2590 5319 2937 5383 mansuetus,
2976 5320 3166 5388 gratus
3193 5311 3468 5368 honestis.

2054 5408 2172 5465 Non
2230 5408 2410 5463 honor
2464 5404 2594 5460 huic
2648 5402 2746 5459 sed
2793 5418 2935 5458 onus
2998 5399 3121 5464 fuit,
3184 5399 3415 5456 exilium
3458 5412 3670 5472 quoque

3327 5487 3603 5560 [mundus.

1695 5626 1915 5682 νΑΒΙιΈ
1944 5628 2214 5684 LECTION
2221 5625 2319 5682 ES.

397 5703 467 5741 ⁷⁸³
496 5706 527 5760 ὸ
553 5701 1009 5773 superscriptum,
