3930 6204
247 358 351 414 657
1190 352 1400 410 GESTA
1441 354 1583 409 ABB.
1629 353 1866 409 GEMBL.
1908 381 1962 392 -——
2016 350 2273 409 CONTlN.
2318 351 2634 407 GODESCH.
3473 355 3580 414 658

245 484 414 542 Vanis
447 500 557 540 non
598 482 742 538 hesit
770 482 868 538 sed
896 481 1107 538 Christo
1134 489 1321 554 gratus
1347 482 1583 548 adhesit,
1893 478 1950 549 Α
1973 479 2160 537 Clarus
2185 479 2390 546 divina,
2423 479 2615 534 mundi
2643 478 2714 514 ⁷⁸⁸
2744 494 2967 550 quoque
2995 481 3367 554 philosophia,

250 575 390 631 Huic
410 575 609 630 herere
635 573 841 628 bonum
861 581 1145 643 reputans,
1170 571 1394 627 sibimet
1413 570 1532 627 fore
1558 587 1865 640 summum;
1969 573 2152 630 Abba:
2173 574 2481 641 Anselmus,
2510 588 2724 630 morum
2757 572 3030 644 probitate
3059 578 3340 646 probatus,

247 664 360 719 Nec
386 680 448 718 se
491 662 761 731 frustrari,
792 662 891 716 sed
916 662 995 717 sic
1033 661 1269 718 vivendo
1300 661 1473 716 beari.
1970 667 2159 723 Extitit
2184 671 2408 723 octavus
2434 665 2618 735 nobis,
2643 664 2813 741 digne
2843 668 3263 736 memorandus;

251 755 314 808 Et
341 751 632 824 speculum
658 749 853 819 factus,
874 766 1060 807 sacros
1076 751 1360 807 crescebat
1386 751 1439 806 in
1467 758 1651 817 actus;
1971 755 2062 812 Vir
2092 756 2337 828 prudens
2364 754 2550 811 verbis
2580 761 2635 810 et
2653 754 2902 810 discreta:
2940 754 3243 827 gravitatis,

246 851 874 928 Excellensque‘gradu,
899 852 999 908 fuit
1028 852 1392 909 excellentior
1422 859 1569 920 actu,
1973 848 2035 903 Et
2062 864 2300 920 persona
2327 848 2553 916 decens,
2586 843 2655 902 ad
2690 862 2893 903 nomen
2922 846 3170 903 moribus
3199 848 3411 905 addens

321 950 459 1018 Apte
487 944 804 1018 proﬁciens,
834 950 960 1016 apte
988 943 1325 1017 profectibus
1353 943 1585 1012 addens,
1973 938 2132 994 Esset
2156 937 2304 1010 quod
2331 945 2545 1010 gratum
2566 935 2781 993 cunctis
2820 944 2875 992 et
2897 936 3334 1008 suscipiendum.

246 1036 522 1092 Christum
539 1048 894 1106 praeponens,
924 1050 1024 1088 usu
1056 1034 1337 1105 presentia
1365 1040 1618 1106 tangens,
1973 1030 2359 1102 lnterpellatus
2379 1031 2449 1087 de
2477 1046 2535 1085 re
2561 1044 2891 1102 quacunque
2915 1036 3157 1105 rogatus,

248 1124 538 1180 Reddebat
561 1131 777 1200 gratum
808 1138 1028 1194 semper
1051 1122 1267 1180 Christo
1298 1122 1640 1179 famulatum.
1972 1126 2127 1182 Esset
2159 1125 2400 1181 difficilis
2424 1125 2745 1196 nodosaque
2775 1126 2992 1197 questio
3022 1126 3296 1197 quamvis,

245 1212 330 1267 Ad
369 1218 589 1284 tempus
628 1213 893 1267 mundum
927 1212 1173 1267 retinens
1202 1211 1271 1267 ad
1301 1211 1550 1282 corporis
1576 1227 1761 1277 usum,
1970 1215 2038 1271 Se
2067 1214 2451 1287 percunctanti
2484 1229 2709 1286 prorsus
2742 1229 2857 1270 non
2883 1214 3079 1271 abnuit
3108 1215 3229 1282 ulli,

245 1302 526 1358 Instanter
547 1309 762 1375 gratum
788 1300 954 1370 justis
982 1300 1242 1374 gradiens
1272 1300 1376 1356 iter
1402 1307 1598 1368 artum,
1971 1307 2109 1373 Quin
2143 1308 2505 1380 reSponderet
2531 1322 2907 1379 responsaque
2932 1314 3086 1383 grata
3111 1307 3368 1377 referret,

248 1396 546 1451 Multorum
578 1395 766 1451 tritum
792 1395 907 1464 jam
944 1411 1044 1467 per
1072 1395 1305 1469 vestigia
1344 1401 1583 1466 patrum,
1970 1400 2152 1456 Nodos
2178 1400 2480 1472 prudenter
2508 1399 2729 1455 solvens
2757 1405 2811 1454 et
2840 1397 3201 1456 sufﬁcienter.

244 1488 514 1545 Intuitum
546 1487 767 1547 mentis,
788 1488 1013 1544 direscit
1043 1487 1403 1561 deSpicientis
1966 1488 2161 1544 Gratus
2189 1487 2428 1544 dicendo
2470 1487 2664 1554 fuerat,
2696 1494 2993 1562 gratusque
3022 1487 3297 1557 docendo,

240 1578 512 1635 Mundum
536 1596 661 1635 cum
692 1580 931 1652 pompis,
962 1580 1230 1634 Christum
1253 1580 1431 1635 solum
1462 1578 1719 1646 sitientis,
1964 1580 2129 1634 Norat
2155 1584 2428 1649 Oportune
2460 1578 2589 1648 quia
2628 1576 2812 1632 dicere
2844 1592 3087 1652 congrua
3116 1578 3336 1651 cuique.

240 1671 425 1741 Atque
452 1669 577 1726 cibo
608 1669 704 1725 tali
737 1669 1014 1741 cupientis
1043 1669 1245 1724 mentis
1276 1670 1478 1736 cibari;
1966 1669 2097 1726 Cum
2122 1669 2318 1725 sollers
2348 1668 2550 1724 faceret
2579 1667 2728 1739 quod
2767 1684 2940 1740 seque
2970 1684 3212 1741 suosque
3256 1670 3508 1739 deceret,

242 1762 338 1818 Est
367 1778 480 1819 non
511 1763 749 1819 carnalis
785 1764 1071 1836 quoniam,
1101 1764 1197 1819 sed
1215 1764 1541 1836 spiritualis.
1888 1783 1941 1855 B
1964 1763 2137 1819 Noxia
2154 1762 2378 1829 vitabat,
2407 1760 2573 1816 simul
2596 1767 2649 1816 et
2666 1760 2890 1817 vitanda
2923 1762 3182 1830 docebat,

320 1852 606 1925 Temporis
634 1868 882 1920 accessu,
913 1852 1030 1907 vitii
1061 1852 1329 1925 cujusque
1349 1870 1569 1910 recessu
1888 1848 1934 1855 —
1964 1851 2177 1907 Gnarus
2205 1851 2386 1906 metiri
2406 1865 2524 1916 sua,
2548 1864 2629 1915 se,
2648 1855 3017 1920 metuensque
3037 1848 3224 1903 futuri.

244 1943 483 2011 Gratior,
516 1948 570 1997 et
595 1957 808 1999 morum
840 1957 961 1997 cum
984 1957 1243 1997 successu
1267 1943 1577 2011 meliorum,
1965 1945 2136 2001 Utres
2159 1941 2443 2017 poscebat,
2474 1942 2719 2014 prudens
2737 1943 3037 2013 prudenter
3065 1942 3288 2017 agebat.

240 2039 476 2095 Certans
495 2043 738 2108 Optatam
763 2037 983 2092 tandem
1005 2037 1325 2109 contingere
1350 2044 1573 2104 metam,
1964 2034 2147 2091 Extitit
2172 2034 2399 2090 omnino
2432 2032 2608 2102 major
2635 2031 2740 2087 sibi
2780 2031 3117 2099 sollicitudo,

236 2127 473 2195 Esuriit,
500 2126 656 2194 sitiit,
688 2125 861 2193 flevit,
891 2126 1131 2193 sudavit,
1161 2135 1216 2181 et
1237 2127 1382 2194 alsit,
1963 2127 2040 2183 Ne
2062 2126 2256 2182 mundi
2278 2141 2421 2181 curae
2453 2124 2500 2180 si
2527 2124 2594 2158 ⁷⁸⁷
2617 2124 2742 2195 plus
2767 2124 2916 2192 justo
2946 2122 3056 2178 sibi
3090 2139 3233 2181 eam
3258 2124 3328 2159 ⁷⁸⁸

235 2220 435 2276 Totum
466 2234 527 2274 se
557 2229 771 2291 gratum
806 2218 1020 2275 Christo
1051 2220 1310 2290 praebens
1339 2219 1719 2276 holocaustum
1965 2220 2182 2286 Essent,
2213 2217 2413 2273 tardari
2445 2223 2650 2288 posset,
2682 2231 2785 2272 nec
2813 2217 2863 2271 ei
2894 2214 3166 2286 famulari,

238 2317 308 2371 Et
335 2332 449 2372 non
482 2321 667 2370 mente
687 2314 791 2371 levi
814 2324 1078 2385 reputans
1107 2331 1268 2387 quam
1300 2316 1568 2370 sitbrevis
1598 2315 1720 2371 aevi.
1964 2309 2063 2377 Qui
2103 2324 2262 2365 curas
2296 2306 2516 2377 supplet
2543 2305 2859 2376 maioraque
2898 2321 3127 2360 munera
3156 2305 3369 2362 confert

234 2410 514 2478 Tempore
540 2423 703 2478 quam
738 2423 902 2478 parvo
933 2415 1151 2462 maneat
1180 2407 1456 2462 mundana
1488 2423 1756 2483 propago,
1965 2400 2135 2463 Quam
2167 2411 2397 2468 sperans
2427 2394 2627 2466 poscit,
2656 2394 2702 2447 Si
2734 2408 2843 2448 non
2876 2394 3151 2464 sperando
3183 2396 3434 2465 tepescit.

239 2504 354 2573 Spe
383 2500 512 2556 linis
543 2507 782 2556 mentem
810 2499 1061 2555 ﬁrmabat
1092 2500 1229 2555 dura
1257 2494 1550 2568 ferentem,
1965 2494 2071 2565 Spe
2102 2498 2284 2548 certus
2312 2490 2430 2557 tali,
2463 2488 2705 2544 certabat
2726 2488 3002 2559 spirituali

236 2595 320 2651 Ad
353 2594 626 2650 Christum
650 2592 815 2648 ﬁnem
845 2594 1101 2660 tendens,
1126 2593 1249 2649 sine
1274 2594 1381 2648 ﬁne
1410 2600 1746 2650 manentem.

1672 2611 1746 2648 m,
1968 2579 2253 2636 Desudans
2278 2576 2459 2633 studio
2500 2575 2751 2631 famulari
2772 2575 2964 2630 sedule
2988 2575 3219 2632 Christo.

234 2687 359 2752 Quo
387 2692 799 2741 consummatus
826 2684 1028 2758 gaudet
1052 2685 1170 2739 sine
1211 2684 1321 2739 ﬁne
1360 2685 1577 2751 beatus,
1965 2675 2083 2730 Non
2114 2673 2266 2728 rudis
2292 2677 2384 2727 aut
2409 2686 2641 2742 Operum
2672 2684 2769 2724 seu
2796 2668 3034 2737 justiciae
3061 2670 3398 2739 studiorum,

232 2782 500 2854 Quisquis
528 2796 650 2837 cum
682 2781 790 2835 vita
819 2780 985 2854 digne
1008 2780 1200 2836 dilexit
1226 2781 1281 2836 in
1310 2789 1436 2836 ista.

1966 2765 2054 2820 Sic
2083 2761 2401 2818 exercitium
2428 2759 2588 2814 simul
2617 2758 2907 2813 exercebat
2936 2773 3150 2827 eorum,

233 2875 550 2930 Persistens
576 2872 647 2907 793
664 2879 847 2943 cepto,
877 2872 1012 2927 nulli
1036 2873 1179 2927 male
1209 2873 1376 2928 cessit
1405 2873 1620 2944 inepto,

1966 2862 2197 2916 Essetut
2222 2858 2278 2910 in
2309 2860 2434 2911 voto
2460 2853 2589 2919 sibi,
2622 2852 2700 2906 nil
2732 2866 3057 2922 przeponcre
3082 2858 3252 2909 recto.

234 2966 489 3022 Moribus
520 2971 574 3020 et
605 2964 985 3020 facto~certans
1001 2964 1326 3020 melioribus
1354 2942 1517 3036 apto,
1967 2953 2105 3025 Ergo
2136 2963 2334 3022 τθεεηε
2349 2952 2619 3036 mentem:
2641 2942 2737 2998 sed
2769 2958 2879 2997 non
2910 2942 3139 3036 Humilis
3156 2950 3434 3018 egentem.

236 3055 308 3110 Et
335 3052 617 3108 redimens
636 3059 875 3123 tempus,
904 3060 1089 3127 gratos
1114 3053 1167 3107 in
1193 3034 1437 3124 tempore
1471 3053 1679 3110 fructus
1960 3044 2046 3103 Nil
2077 3057 2188 3098 non
2212 3037 2538 3111 proﬁcuum,
2572 3035 2648 3089 nil
2680 3050 2791 3127 non
2833 3034 3136 3127 temptabat
3162 3036 3479 3127 honestum,

233 3145 549 3212 Rcddebat,
579 3145 775 3201 studiis
796 3124 1007 3200 addens
1035 3161 1258 3216 Operam
1293 3146 1603 3216 probitatis.
1879 3182 1924 3216 ,η
1957 3137 2075 3191 Νοῐι
2114 3130 2299 3186 dubia?
2328 3126 2549 3193 mentis:
2579 3124 2976 3216 califlncefta
2999 3124 3270 3216 Δείξηβῐηίε.

311 3240 437 3295 Haec
464 3237 570 3292 sibi
610 3237 816 3292 dicenti
857 3236 991 3292 dicit
1005 3213 1134 3309 grex
1158 3213 1538 3293 talia-Christi:
1878 3213 1926 3250 υ
1955 3222 2109 3290 Quod
2140 3234 2376 3290 sponsor
2404 3231 2573 3309 verus
2598 3215 2690 3269 dat
2719 3213 2937 3309 {illectis
2966 3214 3069 3269 sibi
3098 3215 3360 3309 Christus.

228 3333 376 3387 Vera
394 3329 582 3397 refert,
604 3328 806 3397 fateor;
836 3306 1155 3386 verum—non
1183 3329 1495 3400 inficiabor,
1954 3314 2141 3372 (ἷονάίδ
2179 3310 2365 3367 (Ῐθνοῖί
2391 3307 2603 3364 δῐυάυίί
2627 3306 2905 3378 Ρτοδίίδῑθ
2936 3308 3161 3373 mereri.

229 3423 471 3498 Dignum
494 3422 848 3477 commendas
876 3429 937 3475 ut
967 3421 1136 3493 digno
1165 3422 1332 3494 digna
1362 3421 1661 3493 rependas,
1950 3409 2133 3463 δυεῖοε
2162 3404 2662 3498 ηιίῗθΐξῂᾆιιδίοδίξυε
2693 3401 2924 3498 Sinden?
2952 3401 3180 3498 ίῐξιίῐδνί,

227 3492 330 3566 Hic
344 3526 510 3566 verus
541 3518 746 3580 pastor,
778 3508 973 3564 Christi
1006 3492 1201 3565 sollers
1230 3492 1491 3574 imitator,

1476 3551 1491 3574 ,
1951 3500 2083 3553 Actu
2110 3493 2384 3552 consimili
2418 3492 2668 3548 certabat
2697 3492 2780 3546 eis
2803 3492 3025 3560 sociari,

224 3604 532 3659 Verborum
567 3618 785 3674 parcus,
816 3602 913 3657 sed
949 3603 1145 3657 honori
1173 3603 1423 3658 moribus
1452 3611 1632 3673 aptus,
1950 3584 2143 3640 omnia
2174 3582 2454 3637 mundana
2495 3580 2984 3674 Γθρυιτωδ-Ὑίῖιυίθ
3015 3581 3231 3638 minora

225 3696 298 3752 Ut
335 3694 523 3750 decuit
560 3671 715 3755 vixit,
744 3696 875 3765 quia
905 3709 1019 3749 non
1056 3694 1158 3750 soli
1191 3694 1298 3749 sibi
1329 3671 1500 3759 vixit;
1948 3677 2165 3743 Mentis,
2200 3680 2407 3730 natura?
2438 3689 2561 3745 qua3
2600 3671 2936 3727 mundioiam
2964 3678 3131 3765 ίίθηθῐ
3161 3674 3217 3729 in
3243 3691 3324 3732 se?

174 3814 183 3821 -
225 3785 358 3839 Plus
387 3782 510 3837 aliis
542 3782 610 3838 de
640 3799 697 3838 se
726 3764 889 3854 quam
924 3781 1201 3853 proﬁcuus
1237 3783 1307 3817 73‘
1347 3781 1452 3837 sibi
1488 3796 1585 3851 per
1623 3797 1703 3846 se,
1952 3771 2099 3826 lianc
2129 3768 2461 3834 sectabatur,
2494 3782 2593 3837 per
2622 3781 2743 3819 eam
2786 3765 2918 3836 quia
2947 3764 3196 3822 Christus
3225 3768 3431 3837 aditur,

224 3873 454 3931 Praefuit
492 3874 762 3941 ecclesiae,
806 3874 1029 3929 sitcum
1061 3874 1274 3929 Christo
1317 3875 1437 3928 sine
1490 3873 1599 3928 ﬁne
1654 3873 1844 3927 Amen.
1955 3866 2016 3921 Et
2069 3877 2280 3919 memor
2332 3862 2449 3932 ipse
2502 3858 2605 3926 sui,
2663 3872 2874 3912 memor
2922 3864 2978 3913 et
3034 3857 3103 3894 7'9
3162 3875 3332 3930 super
3385 3863 3574 3920 omnia

683 3965 766 4020 DE
795 3964 1094 4021 ANSELMO
1125 3965 1395 4019 ABBATE.
3259 3952 3499 4025 [Christi]

223 4060 340 4114 Vox
379 4057 721 4114 consolantis
760 4072 872 4122 cor,
916 4056 1026 4112 cari
1057 4062 1234 4112 morte
1274 4055 1516 4111 dolentis
1548 4073 1574 4109 ε.
1952 4050 2023 4104 Se
2048 4047 2155 4103 sibi
2188 4061 2299 4101 non
2326 4044 2461 4099 tanti
2483 4041 2631 4108 fecit,
2666 4041 2933 4097 Christum
2962 4041 3070 4096 sibi
3101 4042 3316 4114 quanti.

296 4146 527 4202 Nomine
555 4146 736 4220 signat
767 4147 953 4210 homo,
986 4146 1167 4201 carnis
1196 4145 1300 4200 sibi
1332 4162 1456 4217 quae
1496 4145 1567 4200 sit
1595 4143 1771 4217 origo.
1951 4141 2085 4196 Huic
2111 4155 2173 4195 se
2194 4137 2545 4194 committens
2563 4143 2618 4190 et
2644 4141 2832 4190 mente
2862 4133 3103 4190 fideliter
3125 4135 3352 4204 lierens,

221 4238 436 4293 Nomen
470 4251 763 4292 commune
803 4234 1086 4306 preprium
1127 4251 1260 4300 non,
1293 4234 1390 4289 sed
1422 4233 1700 4308 generale.
1949 4229 2151 4285 Mundo
2174 4227 2467 4284 defunctus
2504 4225 2655 4283 vivat
2688 4224 2850 4294 justis
2878 4224 3139 4282 sociatus.

216 4327 293 4382 Te
322 4326 423 4381 tibi
450 4325 643 4396 pandit
667 4326 855 4390 homo,
883 4323 1092 4398 fragilis
1113 4323 1310 4379 similis
1338 4338 1560 4395 quoque
1582 4322 1713 4376 limo
1954 4323 2079 4377 Haec
2114 4334 2327 4375 merces
2354 4332 2586 4389 operum
2618 4316 2689 4371 sit
2717 4315 2769 4370 ei
2801 4315 2921 4370 sine
2953 4314 3062 4371 ﬁne
3093 4316 3388 4384 bonorum,

220 4415 440 4470 lleuvix
471 4413 750 4478 subsistis,
783 4413 1090 4468 substantia
1120 4412 1447 4483 spiritualis,
1874 4462 1924 4484 η
1947 4418 2070 4473 Haec
2087 4416 2488 4472 mundanorum
2521 4412 2744 4484 requies
2765 4411 3003 4484 ﬁnisque
3034 4411 3304 4468 laborum.

216 4503 282 4559 Ni
313 4518 517 4573 corpus
543 4507 780 4575 vegetet,
812 4500 913 4555 tibi
946 4518 1109 4573 quam
1141 4462 1284 4556 [rleus
1310 4500 1462 4556 addit
1487 4507 1542 4555 et
1563 4500 1768 4568 aufert;
1873 4462 1928 4531 Β
1948 4510 2181 4573 Fratres,
2215 4522 2338 4579 qua}
2372 4504 2557 4561 turbet
2585 4462 2682 4560 vos
2704 4505 2818 4574 jam
2845 4462 3218 4576 qlierimonia,
3247 4510 3457 4571 cesset;

218 4594 386 4650 Addit
413 4594 647 4661 νίοιυτο,
672 4594 831 4663 hibet
869 4593 1073 4649 aurem
1102 4594 1387 4650 moriluw-
1944 4599 2304 4670 Omnipotens
2328 4595 2401 4650 sit
2429 4610 2580 4666 Spes,
2608 4593 2857 4649 sitvobis
2886 4593 3149 4659 anchora,
3178 4592 3248 4647 sit
3278 4608 3385 4660 res,

218 4690 345 4745 Flos
361 4689 555 4744 mundi
596 4697 821 4753 marcet,
849 4689 1097 4760 probitas
1127 4688 1380 4743 laudatur
1413 4694 1467 4743 et
1492 4688 1658 4761 alget,
1945 4690 2139 4748 Omnia
2166 4690 2236 4745 sit
2263 4687 2442 4753 vobis,
2472 4695 2529 4741 et
2558 4685 2933 4757 multiplicans
2966 4685 3113 4740 bona
3153 4683 3333 4755 vobis,

218 4781 363 4835 Laus
391 4786 475 4836 est
503 4794 614 4836 non
647 4779 791 4847 ficta,
819 4796 987 4852 quam
1028 4779 1360 4836 confirmant
1390 4780 1479 4850 pia
1504 4779 1647 4834 facta
1677 4779 1767 4835 ⁷⁸⁵.
1946 4779 2120 4834 .\ddat
2149 4783 2391 4834 rectores
2421 4774 2731 4846 fratresque
2757 4772 2918 4829 bonis
2946 4772 3228 4828 meliores.
3261 4772 3453 4829 Amen.

723 4990 839 5093 DE
909 4989 1571 5096 GOMBUSTIONE
1640 4992 2237 5098 MONAS'i‘ERII
2310 4987 3050 5094 GEMBLACENSIS

1377 5135 1722 5198 AUCTORE
1785 5135 2161 5199 GUIBERTO
2214 5134 2416 5215 (901).

290 5241 591 5313 Expediam
631 5241 701 5275 79°
742 5242 953 5313 paucis,
1005 5243 1051 5297 si
1098 5248 1278 5298 tamen
1315 5260 1424 5313 prae
1452 5244 1643 5300 dolore
1684 5243 1838 5299 sufti-
1942 5243 2408 5300 circumvallantis
2437 5259 2547 5309 me,
2577 5244 2684 5298 hoc
2721 5248 2804 5297 est
2841 5241 3213 5297 miserabilem
3258 5244 3477 5303 ruinam
3508 5254 3564 5304 et

220 5334 380 5401 ciam,
445 5333 845 5389 lacrimabilem
914 5350 1131 5390 causam
1192 5335 1430 5407 gemitus
1493 5343 1549 5391 et
1608 5335 1841 5392 tristitiae
1942 5335 2376 5391 destructionem
2421 5335 2672 5391 ecclesiae
2730 5342 2953 5402 nostrae,
2985 5333 3043 5389 in
3073 5351 3183 5407 qua
3211 5335 3330 5393 fere
3384 5355 3561 5412 usque

1564 5437 1784 5492 VARl/E
1825 5437 2212 5493 LECTIONES.

287 5535 357 5569 ⁷⁸³
372 5536 536 5591 codex
562 5537 649 5590 hic
682 5539 903 5609 signum
937 5538 1268 5609 p/tragraplii
1296 5537 1470 5609 habet,
1494 5541 1630 5606 quod
1640 5555 1733 5593 nos
1756 5555 1907 5593 versu
1938 5539 2006 5592 Ιιΐί
2037 5537 2400 5592 adhibendum
2424 5540 2683 5609 duximus
2709 5538 2779 5571 ⁷⁸⁸
2803 5537 3132 5609 proﬁcicens
3152 5541 3380 5606 fortasse
3405 5541 3562 5593 initio

215 5609 481 5681 scriptum
504 5612 640 5660 erat.
693 5606 877 5681 __"f‘5_fa
912 5610 971 5681 in
998 5608 1111 5681 loco
1134 5621 1273 5660 raso.
1330 5606 1424 5681 _735
1447 5611 1825 5681 mundumque
1851 5611 2128 5677 legebatur
2154 5612 2324 5676 primo
2422 5607 2488 5681 “ff”
2514 5612 2578 5681 in
2631 5610 2738 5681 loco
2767 5606 2908 5663 raso.
2982 5610 3049 5643 ⁷⁸⁸
3075 5626 3207 5681 cure
3237 5626 3372 5665 corr.
3407 5622 3558 5681 care.

216 5676 284 5711 7”
322 5681 613 5741 insertum,
693 5676 763 5711 79°
793 5677 1053 5747 Sequitur
1082 5676 1380 5731 destructio
1441 5680 1525 5731 vel
1574 5676 1759 5750 potius
1793 5676 2107 5736 combustio
2141 5678 2460 5734 monasterii
2500 5679 2910 5734 Gcmblacensis
2939 5695 3063 5749 qua:
3096 5679 3236 5735 facta
3275 5684 3357 5733 est
3406 5677 3562 5747 [deest

280 5841 639 5913 1901)iibbas
668 5840 815 5897 fuita
875 5840 1661 5907 1195-1205;obiita.1208.
1792 5776 2001 5831 Μ)Τῶ
