3930 6204
336 308 441 362 ϋῧο

1552 308 1900 366 SIGEBERTI
1943 309 2462 366 GEMBLACENSIS.

3577 316 3685 373 660

336 434 405 488 ad
435 440 667 489 mortem
714 434 1054 506 periclitatus
1087 451 1230 492 sum.
1287 434 1559 508 Oppidum
1602 441 1850 491 nostrum
1892 435 1948 491 in
1973 438 2026 509 Α
2053 436 2205 493 mine
2235 437 2724 512 congredientibus
2755 438 2884 495 hinc
2914 440 3137 506 nostris,
3170 438 3301 495 hinc
3326 440 3684 508 adversariis,

339 525 581 582 confinio
613 527 967 583 Lovaniensis
996 528 1228 584 ducatus
1257 536 1311 584 et
1355 529 1743 584 Namurcensis
1777 529 1949 585 comi-

341 628 486 676 tatus
512 622 675 676 situm
708 638 829 677 esse
869 622 1193 690 dinoscitur,
1231 624 1380 696 quod
1419 623 1471 678 ei
1515 624 1719 694 saepius
1750 622 1953 679 factum

340 713 507 769 estin
538 713 794 786 laqueum
827 721 882 769 et
927 715 1277 771 eversionem
1325 723 1377 771 et
1416 715 1756 782 scandalum,
1789 723 1843 772 et
1886 716 1954 771 ad

342 803 573 857 insidias
598 802 1041 871 sanctificationi,
1084 811 1139 860 et
1168 804 1223 859 in
1253 804 1532 871 diabolum
1567 803 1794 860 malum.
1830 805 1955 860 Orta

343 898 527 970 itaque
557 913 734 969 nuper
762 897 1038 954 simultate
1073 899 1215 955 inter
1256 898 1454 954 ducem
1505 899 1651 968 (902)
1693 907 1747 954 et
1778 899 1956 955 comi-

345 996 452 1043 tem
485 989 630 1058 (903)
690 988 799 1060 [απ.
849 990 1036 1059 1185],
1086 1005 1271 1045 comes
1302 989 1446 1044 idem
1488 988 1787 1060 improvise
1820 989 1956 1045 illud

344 1096 467 1135 cum
498 1081 740 1136 exercitu
781 1097 883 1136 suo
911 1081 1294 1147 circumdedit,
1327 1088 1383 1136 et
1434 1081 1681 1136 immisso
1721 1080 1849 1154 igne
1902 1082 1957 1136 in

344 1172 572 1237 munita,
618 1173 672 1227 id
705 1173 883 1228 estm
918 1173 1050 1228 foris
1099 1174 1299 1229 vallum
1356 1181 1410 1228 et
1461 1190 1678 1228 murum
1710 1171 1958 1241 offendit,

342 1265 563 1335 penitus
589 1266 960 1336 depopulatus
992 1271 1095 1321 est.
1139 1265 1270 1321 Cum
1302 1282 1431 1322 vero
1471 1266 1610 1321 nihil
1666 1267 1770 1322 tale
1801 1283 1961 1323 vere-

345 1361 518 1419 retur,
571 1352 757 1408 ﬂabris
791 1360 1105 1421 ventorum,
1139 1354 1232 1426 qui
1274 1354 1746 1410 vehementissimi
1779 1355 1961 1410 insur-

344 1445 563 1516 gebant,
598 1444 1057 1514 subvehentibus,
1091 1446 1287 1503 favillae
1328 1446 1674 1503 ﬂammantes
1701 1464 1801 1519 per
1828 1463 1963 1503 con-

346 1547 432 1592 cta
463 1532 654 1609 oppidi
685 1537 949 1594 interiora
988 1538 1252 1610 dispersae
1293 1546 1441 1607 sunt,
1489 1546 1544 1594 et
1594 1540 1667 1595 ita
1689 1547 1861 1595 totum
1894 1540 1965 1594 si-

348 1629 460 1683 mul
492 1637 547 1684 et
576 1629 843 1701 oppidum
897 1638 952 1685 et
989 1631 1383 1687 monasterium
1445 1630 1847 1688 ferventissimo
1879 1632 1965 1686 in-

349 1718 547 1774 cendio
596 1729 985 1791 consumptum
1024 1728 1127 1789 est,
1161 1729 1223 1776 ut
1251 1721 1307 1775 in
1339 1721 1547 1793 Oppido
1578 1721 1728 1776 nulla
1767 1722 1963 1777 domus

349 1816 548 1880 praeter
574 1810 711 1865 duas
740 1810 1080 1880 humilimas,
1121 1812 1329 1868 recenti
1360 1813 1535 1868 humo
1575 1812 1867 1880 obductas,
1911 1819 1965 1868 et

348 1904 403 1957 in
435 1905 673 1959 claustro
713 1918 782 1959 ne
827 1921 940 1960 una
968 1906 1192 1977 quidem
1226 1905 1452 1962 ofﬁcina
1487 1906 1671 1961 inusta
1713 1922 1967 1963 remane-

352 1999 456 2050 ret.
489 1994 549 2048 In
580 2011 689 2067 qua
727 1995 1015 2052 exustione
1045 2013 1169 2052 cum
1198 1997 1418 2052 missam
1469 1996 1849 2053 matutinalem
1896 1997 1964 2052 ad

351 2083 523 2138 altare
557 2083 739 2138 minus
770 2092 1069 2152 cantarem,
1101 2086 1297 2142 nolens
1337 2086 1548 2157 aliquid
1583 2085 1964 2156 imperfectum

356 2171 691 2243 relinquere,
723 2172 931 2227 tardius
960 2189 1116 2244 paene
1147 2190 1309 2247 quam
1341 2175 1509 2230 debui
1534 2176 1602 2229 ad
1636 2175 1858 2230 tutelam
1886 2191 1973 2230 me

358 2263 582 2318 contuli.
618 2263 749 2318 Nam
773 2264 943 2319 sacris
987 2265 1196 2320 exustis
1224 2264 1491 2334 vestibus,
1530 2282 1653 2321 cum
1690 2282 1802 2337 prae
1830 2264 1974 2340 igni-

358 2350 462 2404 bus
508 2348 615 2406 late
654 2351 768 2419 jam
823 2352 1011 2408 omnia
1060 2354 1427 2419 vastantibus,
1482 2353 1630 2408 foras
1683 2370 1974 2424 erumpere

360 2455 470 2493 non
528 2455 769 2510 possem,
812 2440 868 2496 in
908 2442 1163 2508 vicinius,
1189 2442 1336 2514 quod
1379 2443 1623 2513 patebat,
1675 2443 1974 2499 sacrarium

362 2530 665 2601 ingressus,
705 2536 941 2601 quatuor
970 2530 1179 2585 ibidem
1211 2548 1242 2586 e
1276 2530 1536 2586 fratribus
1576 2532 1714 2587 meis
1740 2549 1978 2588 maeren-

361 2630 442 2676 tes
472 2627 525 2675 et
551 2622 741 2676 anxios
771 2622 981 2678 inveni.
1007 2623 1123 2686 Quo
1159 2624 1211 2677 in
1243 2623 1366 2679 loco
1400 2631 1601 2694 praeter
1616 2640 1771 2696 spem
1805 2626 1977 2680 undi-

360 2730 467 2786 que
506 2714 840 2770 vallantibus
878 2730 980 2769 nos
1038 2714 1291 2777 ﬂammis,
1349 2714 1496 2770 fumo
1556 2723 1610 2770 et
1673 2716 1858 2772 calore
1906 2716 1979 2772 ita

362 2804 783 2859 cxzestuavimus
806 2812 861 2858 et
890 2804 1141 2860 sull'ocati
1172 2820 1383 2872 sumus,
1413 2813 1472 2860 ut
1502 2805 1614 2861 duo
1651 2822 1716 2861 ex
1744 2806 1831 2861 his
1857 2788 1981 2879 gra-

362 2893 503 2948 vitcr
543 2894 877 2949 lmderentur
906 2894 1004 2949 sed
1045 2895 1363 2963 evaderent,
1395 2912 1500 2971 ego
1530 2904 1585 2952 et
1615 2897 1706 2952 alii
1749 2899 1859 2954 duo
1881 2914 1981 2953 an-

362 2982 605 3055 gustiati,
638 2992 795 3039 terra?
828 2985 950 3040 sine
979 2985 1175 3056 spiritu
1205 2984 1377 3041 instar
1405 2993 1750 3042 mortuorum
1800 3004 1979 3061 usque

365 3073 432 3128 ad
486 3091 775 3147 veSperum
826 3075 1245 3131 decubaremus.
1292 3076 1401 3130 Sed
1445 3092 1536 3130 me
1581 3092 1680 3148 per
1717 3078 1979 3132 auxilium

2052 527 2211 583 multi
2263 525 2726 593 interficerentur,
2790 527 3047 583 monachi
3104 528 3210 598 ipsi
3254 536 3309 582 et
3366 528 3686 586 sacerdotes

2055 618 2461 673 discuterentur
2487 622 2541 670 et
2577 616 2974 687 spoliarentur.
3012 616 3204 672 Nullus
3253 616 3481 672 fratrum
3527 635 3685 689 pror-

2056 722 2148 761 sus
2192 704 2507 778 indempnis
2543 709 2739 763 evasit.
2794 706 2998 762 Horreo
3041 705 3317 770 referens;
3351 722 3495 760 unus
3535 706 3687 760 letali

2057 800 2165 856 telo
2217 818 2313 872 per
2350 802 2518 857 latera
2573 801 2768 856 adacto
2826 796 3094 853 continuo
3140 797 3400 867 oppetiit,
3434 796 3580 851 alius
3614 796 3688 851 ita

2059 890 2240 944 nudus
2268 890 2335 944 ab
2372 888 2453 944 eis
2484 889 2706 944 relictus
2728 894 2833 954 est,
2865 885 3007 941 sicut
3047 902 3172 941 eum
3208 892 3402 940 natura
3426 884 3495 939 ab
3525 894 3687 940 utero

2057 982 2245 1038 matris
2269 982 2325 1036 in
2352 982 2531 1037 lucem
2574 982 2853 1053 produxit.
2884 980 2986 1035 Sed
3018 979 3152 1051 quid
3183 994 3388 1050 queror
3428 979 3497 1033 de
3527 986 3690 1033 03316-

2062 1070 2182 1126 ris?
2214 1072 2318 1143 Ipsi
2351 1072 2534 1127 abbati
2564 1088 2689 1127 cum
2737 1070 2951 1141 reliqua
2995 1076 3151 1123 veste
3180 1075 3234 1122 et
3264 1067 3471 1141 caligas
3504 1067 3695 1121 detra-

2060 1161 2286 1227 xissent,
2340 1160 2446 1215 nisi
2496 1177 2526 1215 a
2558 1160 2798 1232 quodam
2829 1158 2934 1213 sibi
2976 1163 3104 1213 noto
3145 1156 3231 1212 vix
3271 1171 3557 1222 excussus,
3592 1171 3691 1226 per

2063 1253 2338 1311 horrentis
2367 1252 2544 1308 noctis
2574 1252 2831 1307 tenebras
2861 1250 3046 1304 nudus
3085 1259 3139 1304 et
3185 1249 3463 1323 solivagus
3518 1245 3691 1301 diffu-

2062 1346 2236 1420 gisset
2299 1345 2359 1399 Et
2386 1352 2444 1400 ut
2474 1354 2655 1416 coepta
2703 1358 3024 1415 prosequar,
3071 1340 3223 1396 nulla
3262 1340 3315 1393 in
3368 1339 3692 1410 direptione

2065 1437 2329 1509 przedicta
2358 1436 2445 1493 vel
2469 1435 2730 1492 foemineo
2761 1434 2915 1489 sexui
2939 1433 3164 1505 penitus
3198 1431 3526 1494 reverentia,
3560 1429 3694 1501 quia

2065 1533 2120 1581 et
2159 1526 2294 1597 ipsa:
2327 1524 2589 1580 mulieres
2618 1522 2780 1578 nudae
2808 1522 3242 1587 dimitterentur,
3290 1520 3442 1574 nulla
3462 1519 3695 1575 omnino

2066 1616 2394 1672 lactentibus
2425 1615 2803 1670 misericordia
2831 1613 3074 1669 exhibita
3114 1622 3223 1681 est;
3256 1612 3355 1667 sed
3396 1617 3450 1666 et
3491 1618 3697 1665 matres

2063 1709 2311 1763 vestibus
2338 1716 2537 1774 exutae,
2568 1706 2738 1763 etﬁlii
2763 1707 2830 1760 ab
2856 1705 3127 1761 uberibus
3152 1713 3386 1758 matrum
3420 1702 3695 1757 distracti.

1988 1767 2036 1833 Β
2064 1804 2255 1853 contra
2282 1805 2489 1852 natum
2516 1796 2642 1865 jura
2681 1811 2805 1851 cum
2855 1795 3088 1849 maxima
3139 1801 3292 1865 parte
3329 1787 3695 1867 burgensium

2066 1890 2121 1944 in
2172 1889 2543 1960 captivitatem
2575 1887 2814 1943 traducti
2856 1893 3002 1941 sunt.
3061 1887 3251 1957 Itaque
3285 1886 3472 1940 hostes
3501 1883 3704 1955 spoliis

2067 1983 2266 2037 nostris
2296 1982 2474 2048 ditati,
2506 1987 2560 2036 et
2585 1980 2652 2035 ad
2693 1978 2915 2050 prepria
2956 1994 3079 2032 cum
3118 1977 3399 2048 triumpho
3430 1983 3484 2030 et
3516 1975 3701 2046 tripu-

2068 2071 2161 2126 dio
2195 2070 2423 2137 reversi,
2454 2068 2566 2124 laeti
2605 2084 2705 2139 pro
2732 2067 2957 2123 victoria
2997 2082 3165 2137 super
3215 2065 3458 2119 miseriis
3498 2063 3705 2119 nostris

2076 2160 2345 2231 plaudunt
2373 2158 2561 2227 hodie,
2589 2158 2860 2223 dicentes,
2903 2154 3051 2226 quod
3079 2154 3163 2209 vix
3200 2153 3255 2208 in
3288 2153 3537 2225 qualibet
3567 2168 3695 2207 am-

2078 2256 2167 2326 pla
2201 2254 2418 2309 civitate
2453 2260 2632 2308 tantas
2677 2268 2736 2307 se
2777 2256 3063 2322 sperarent
3097 2250 3420 2303 inventuros
3458 2247 3703 2314 divitias,

2076 2351 2294 2414 quantze
2342 2343 2488 2413 apud
2512 2358 2612 2397 nos
2642 2341 2880 2397 inventae
2924 2346 3077 2394 sunt.
3109 2339 3166 2392 ln
3201 2339 3303 2393 hac
3348 2352 3573 2408 quoque
3604 2336 3707 2390 de—

2077 2435 2385 2490 structione
2419 2435 2578 2506 pejus
2607 2433 2741 2487 mihi
2776 2432 2986 2504 aliquid
3032 2431 3262 2504 contigit
3289 2446 3454 2501 quam
3488 2428 3542 2482 in
3573 2444 3711 2484 con-

2080 2524 2424 2600 ﬂagratione,
2481 2522 2743 2594 quoniam
2790 2528 2843 2576 et
2906 2520 3137 2591 capella,
3181 2518 3235 2572 id
3286 2525 3371 2572 est
3409 2525 3709 2588 apparatus

2079 2613 2283 2679 missae,
2327 2630 2492 2685 quem
2528 2610 2989 2667 honestissimum
3024 2607 3318 2673 habebam,
3350 2613 3405 2660 et
3437 2606 3710 2677 reliquiae,

2083 2719 2220 2774 quas
2250 2719 2418 2773 super
2446 2718 2638 2757 aurum
2664 2707 2723 2755 et
2746 2698 3006 2770 topazion
3038 2696 3367 2771 diligebam,
3407 2695 3509 2749 sed
3537 2701 3592 2749 et
3612 2695 3711 2749 de-

2085 2796 2387 2851 siderabile
2420 2796 2705 2852 oculorum
2760 2809 3029 2859 meorum,
3073 2791 3125 2845 id
3173 2799 3258 2845 est
3297 2791 3444 2845 beati
3497 2790 3714 2844 Martini

2080 2887 2212 2954 vita,
2260 2887 2314 2940 in
2348 2886 2506 2955 cujus
2538 2884 2790 2939 rithmica
2836 2882 3216 2954 descriptione
3257 2881 3622 2953 aliquantum
3648 2881 3719 2914 79’

2083 2976 2503 3042 desudaveram,
2578 2981 2632 3028 et
2697 2972 2965 3045 quicquid
3023 2971 3289 3026 librorum
3365 2970 3434 3024 ab
3491 2969 3719 3024 ineunte

2089 3071 2253 3118 aetate
2286 3062 2660 3129 confeceram,
2695 3067 2878 3116 vestes
2908 3074 3129 3131 quoque
3159 3073 3353 3115 omnes
3393 3067 3599 3128 praeter
3627 3073 3724 3112 eas

366 3168 462 3223 Dei
519 3138 598 3223 δι’
626 3168 799 3223 sancti
860 3168 1076 3239 patroni
1133 3168 1305 3223 nostri
1348 3138 1612 3224 Guiberti
1665 3169 1981 3240 superstite,
2017 3138 2294 3231 Cquibus
2344 3154 2569 3210 indutus
2621 3169 2796 3215 eram.
2833 3159 2889 3208 et
2928 3157 2987 3240 ut
3034 3150 3183 3240 brevi
3217 3150 3388 3240 multa
3417 3149 3721 3240 colligam,

369 3258 537 3313 iidem
567 3258 677 3313 duo
704 3258 838 3313 socii
868 3258 1113 3328 martyrii
1144 3258 1253 3312 mei
1284 3267 1406 3329 post
1431 3274 1637 3329 paucos
1667 3259 1787 3313 dies
1817 3259 1985 3314 rebus

371 3349 626 3405 humanis
654 3357 1027 3406 excesserunt.
1049 3350 1177 3417 Sed,
1211 3351 1352 3406 sicut
1375 3350 1638 3421 scriptum
1665 3358 1751 3406 est
1774 3353 1829 3407 in
1859 3368 1988 3424 pro-

373 3438 574 3510 phetis,
607 3439 849 3507 auditus,
870 3440 1100 3507 auditui,
1130 3440 1388 3495 contritio
1415 3441 1756 3507 eontritioni,
1791 3449 1845 3497 et
1868 3451 1986 3497 ter-

377 3546 466 3585 ror
494 3527 691 3584 terrori
717 3529 1066 3598 superveniet
1091 3529 1305 3601 (Ezech.
1334 3546 1426 3596 vn,
1457 3529 1602 3603 26.),
1632 3538 1685 3586 et
1707 3532 1991 3587 residuum

376 3623 603 3677 locusta:
632 3622 887 3677 comedet
926 3622 1128 3678 brucus
1158 3623 1305 3695 (Jorl.
1350 3641 1389 3688 ι,
1430 3623 1528 3695 4.),
1589 3640 1736 3680 nono
1767 3625 1993 3681 combu-

374 3711 571 3767 stionis
621 3710 710 3766 die
771 3711 1069 3783 praedictus
1124 3727 1312 3768 comes
1363 3712 1776 3782 Namurcensis,
1818 3715 1989 3771 ascito

375 3808 482 3862 sibi
510 3808 710 3864 comite
738 3807 1097 3875 Hanoniensi,
1121 3817 1325 3880 nepote
1344 3824 1446 3865 suo
1469 3825 1533 3863 ex
1563 3825 1775 3877 sorore,
1806 3811 1991 3866 denuo

375 3901 724 3956 multitudine
739 3902 890 3974 gravi
913 3902 1180 3972 Oppidum
1200 3902 1565 3959 circumdedit
1585 3908 1641 3956 et
1662 3902 1989 3974 quibusdam

375 3992 435 4046 in
477 3992 612 4049 locis
640 3992 840 4048 dirutis
889 3993 1065 4048 muris
1105 3993 1325 4049 intravit
1368 3993 1655 4064 utriusque
1686 3994 1987 4060 exercitus,

376 4091 431 4139 et
460 4084 666 4157 ubique
710 4084 993 4141 liberrime
1038 4085 1374 4150 discurrens,
1424 4116 1495 4124 —
1541 4100 1739 4140 omnes
1779 4085 1994 4157 quippe

376 4175 674 4245 imparatos
719 4178 773 4230 et
832 4174 966 4228 nihil
1028 4176 1220 4229 horum
1278 4174 1627 4246 aliquatenus
1682 4182 1996 4231 metuentes

377 4263 663 4320 invenerat
707 4295 773 4305 —-
825 4266 1082 4320 universa
1113 4280 1463 4337 quaecunque
1493 4263 1881 4336 superfuerant
1910 4265 1995 4319 di-

380 4353 563 4425 ripuit.
598 4355 659 4407 ln
690 4369 799 4426 qua
837 4354 1150 4425 direptione
1191 4353 1329 4407 nihil
1360 4353 1541 4421 nobis,
1583 4353 1720 4407 nihil
1752 4353 1997 4427 burgen-

2086 3261 2211 3300 cum
2234 3252 2460 3314 propter
2487 3240 2862 3296 inﬁrmitatem
2892 3239 3029 3294 alias
3058 3238 3263 3310 quietis
3288 3238 3465 3305 gratia
3494 3244 3723 3293 evectus

2088 3349 2265 3388 essem
2298 3330 2484 3387 omnia
2503 3346 2624 3384 mea
2663 3329 2732 3384 ab
2777 3328 3029 3383 hostibus
3055 3327 3271 3382 sublata
3304 3334 3432 3381 sunt
3462 3326 3552 3381 793.

2162 3425 2317 3478 Nunc
2367 3439 2490 3478 cum
2532 3422 2745 3477 caeteris
2775 3428 2938 3475 tanta:
2996 3419 3234 3473 miserim
3274 3419 3440 3473 sociis
3484 3418 3588 3473 sub
3622 3418 3710 3472 di-

2095 3533 2161 3572 vo
2188 3516 2256 3551 7“
2312 3515 2368 3569 in
2399 3513 2687 3586 parietinis
2718 3512 2887 3566 instar
2917 3510 3267 3566 nicticoracis
3318 3510 3386 3544 "5
3417 3510 3542 3565 sine
3575 3518 3718 3564 tecto

2092 3626 2323 3688 gemens
2353 3610 2522 3664 sedeo
2557 3615 2611 3663 et
2641 3606 2768 3674 ﬂeo,
2803 3605 3064 3678 quoniam
3087 3620 3281 3661 versus
3312 3610 3395 3657 est
3419 3602 3473 3656 in
3508 3603 3717 3657 luctum

2092 3705 2295 3758 chorus
2321 3708 2524 3758 noster.
2558 3708 2617 3755 tn
2656 3696 2853 3769 majori
2882 3697 3138 3765 ecclesia,
3182 3703 3372 3767 utpote
3407 3694 3723 3751 homicidiis

2094 3791 2403 3864 profanata,
2437 3806 2540 3846 nec
2593 3790 2813 3865 legitur,
2862 3803 2965 3842 nec
2995 3792 3266 3852 cantatur,
3305 3785 3402 3839 sed
3453 3785 3507 3839 in
3541 3785 3718 3855 eripta

2093 3886 2329 3958 quadam
2362 3890 2643 3955 utcunque
2674 3881 2920 3937 divinum
2954 3880 3246 3950 explemus
3273 3875 3546 3943 ofﬁcium,
3578 3876 3715 3930 Gra-

2094 3978 2255 4034 vabat
2284 3993 2371 4031 me
2411 3991 2633 4048 quoque
2666 3973 3072 4040 vehementius,
3104 3972 3238 4043 quin
3264 3971 3334 4005 79°
3374 3977 3429 4025 et
3458 3969 3727 4040 plurimos

2096 4088 2313 4127 mecum
2347 4071 2705 4127 inclementia
2736 4069 2859 4124 οωιὶ
2900 4075 2955 4123 et
2998 4066 3345 4138 inaequalitas
3375 4065 3524 4120 aeris
3578 4078 3725 4119 nunc

2098 4175 2234 4222 aestu
2257 4181 2407 4221 nunc
2439 4166 2665 4241 frigore,
2699 4179 2845 4218 nunc
2874 4162 3159 4234 ymbribus
3199 4160 3362 4215 saevis
3403 4168 3459 4213 et
3488 4157 3718 4223 crebris,

2098 4265 2206 4313 tum
2240 4258 2330 4312 die
2364 4275 2526 4330 quam
2572 4262 2733 4313 nocte
2763 4254 2997 4310 diversis
3048 4253 3228 4307 modis
3270 4268 3375 4307 nos
3423 4249 3725 4323 afﬂigenti-

2096 4354 2200 4409 bus
2229 4354 2318 4408 ⁷9⁷.
2367 4370 2492 4408 eum
2528 4352 2676 4408 nulla
2703 4352 3014 4416 domorum,
3047 4348 3250 4420 quibus
3281 4347 3348 4402 ab
3398 4346 3487 4400 his
3536 4353 3722 4416 prote-

376 4445 531 4502 sibus
575 4447 663 4503 vel
720 4447 927 4518 populo
967 4452 1148 4515 terrae,
1197 4446 1291 4518 qui
1333 4446 1469 4500 inibi
1515 4461 1616 4501 sua
1646 4452 1995 4516 convexerat,
2023 4511 2066 4519 _
2098 4462 2293 4519 gamur
2318 4446 2410 4513 πθ,
2453 4446 2582 4519 igne
2630 4450 2870 4500 cremata
2910 4449 3053 4497 tecta
3098 4445 3477 4512 superessent.
3533 4440 3719 4512 Ange-

379 4542 628 4598 relictum
658 4511 759 4598 est.
799 4511 1075 4597 -Animalia
1113 4511 1349 4614 quaeque
1391 4546 1445 4595 et
1491 4540 1662 4595 altilia
1701 4511 2198 4597 domesticanar
2224 4511 2614 4591 nihilominus
2667 4532 2924 4599 maxime,
2958 4531 3105 4603 quod
3135 4511 3311 4598 majus
3355 4528 3529 4584 altare
3578 4511 3718 4598 apo-

380 4641 473 4690 aut
509 4640 770 4703 cremata,
802 4640 895 4689 aut
932 4633 1001 4689 ab
1029 4633 1283 4689 hostibus
1312 4632 1578 4700 abducta;
1611 4631 1797 4688 nullus
1825 4633 1998 4688 sacris

380 4728 466 4783 vel
494 4726 759 4783 altaribus
798 4727 975 4782 honor
1010 4725 1298 4797 impensus
1328 4730 1434 4795 est,
1461 4725 1599 4780 adeo
1629 4733 1690 4780 ut
1718 4725 1773 4779 in
1814 4724 1999 4781 medio

383 4823 725 4896 presbyterio
756 4839 937 4879 coram
975 4821 1268 4894 principali
1301 4820 1477 4887 altari,
1512 4826 1566 4874 et
1595 4836 1691 4891 per
1718 4825 1830 4876 tota
1860 4820 1997 4875 utri-

382 4926 563 4981 usque
584 4911 836 4966 ecclesiae
854 4911 1055 4983 spatia,
1088 4917 1143 4967 et
1173 4909 1419 4983 pedestri
1449 4916 1505 4965 et
1536 4909 1780 4981 equestri
1809 4916 1991 4964 certa-

2102 4629 2365 4684 stolorum
2400 4626 2543 4681 Petri
2572 4632 2627 4681 et
2663 4624 2815 4679 Pauli
2846 4622 3177 4678 solennitate
3219 4620 3513 4674 missarum
3572 4632 3722 4698 care-~

2100 4718 2194 4772 bat
2240 4734 2270 4771 a
2316 4716 2405 4771 die
2448 4712 2786 4770 incensionis
2843 4711 3033 4782 templi
3075 4725 3252 4781 usque
3307 4707 3717 4769 ad.introitum

2100 4827 2282 4867 meum
2316 4810 2371 4863 in
2406 4806 2706 4873 abbatiam,
2730 4803 2953 4858 nemine
2987 4817 3157 4873 super
3194 4799 3331 4855 illud
3360 4798 3606 4854 audente
3632 4796 3720 4851 (Ιί-

2098 4905 2227 4963 vina
2258 4903 2565 4969 celebrare,
2594 4913 2661 4954 eo
2700 4896 2851 4970 quod
2881 4910 3100 4951 camera
3131 4891 3429 4948 testudinis
3458 4902 3723 4962 supervo-

1731 5042 1813 5097 VA
1824 5042 1955 5097 ΒΙᾸΞ
1993 5038 2376 5098 LECTIONES.

387 5152 462 5224 2.]
498 5167 643 5208 anno
662 5153 823 5225 “37.
858 5171 889 5209 a
916 5154 1094 5225 prima
1114 5154 1200 5210 sui
1231 5151 1618 5225 combustione
1641 5166 1787 5207 anno
1811 5151 2093 5225 tricesimo
2116 5165 2278 5221 quam
2308 5144 2538 5225 quidem
2591 5138 2956 5222 miserandam
2999 5132 3712 5225 destructionqugguiber-

392 5205 480 5280 tus
503 5205 635 5294 post
659 5205 1707 5294 ejusder—nrmona‘sterii'"factusabibas
1732 5205 1798 5277 ac
1827 5205 1993 5278 etiam
2043 5205 2756 5294 monasterii‘l’lorinensis.
2786 5210 2869 5265 vir
2905 5207 3329 5294 sane_omnium
3360 5205 3572 5294 judicio
3594 5218 3719 5294 sap-

356 5277 812 5363 debilitabit.
833 5277 1496 5367 'dépidﬁa‘ﬂiérﬁis{ira
1513 5277 2183 5367 ιὶναιε-ηιὶειιιηί(ςόιίἱεωςγεζ
2196 5292 2264 5367 β.
2290 5289 2531 5367 Guibert‘i
2560 5288 2775 5367 litteras
2797 5296 3013 5367 erronei:
3042 5277 3721 5367 alterp‘retqntcsndi

390 5346 809 5423 tamen;
837 5346 2228 5438 me;5Maaaaaamaaazaagafnss
2252 5346 2425 5438 '4ng,,-
2458 5359 2540 5438 βία,
2565 5361 2717 5438 ᾼηνξ,
2746 5353 3017 5438 wages
3046 5346 3241 5438 sm.
3274 5346 3720 5438 ιζρςξξέξέξιςεζὲ

389 5416 690 5495 ὶῆφῖόἦέὲόνῖ
699 5416 1286 5509 ᾖξ’ὶέόῖἑὸηἲῖἇᾶἱιιὲἇ
1295 5416 1976 5509 ”ὲᾶειῖἆνιὲἶάὶὶὶῖὶῆἐὶὲἇᾶ
1998 5416 2241 5509 "aviti—:23);
2270 5416 2418 5487 {186'
2448 5416 2612 5508 habet.
2651 5429 2735 5509 ss.
2795 5420 3208 5509 {gr/.1292}
3305 5419 3373 5509 3:1
3408 5419 3558 5509 {(133
3566 5416 3716 5509 ﬁt???)

390 5511 631 5566 Lambec.

392 5582 444 5638 3.
522 5581 591 5616 7"
619 5588 1034 5656 protegercmur
1060 5580 1111 5637 3.

723 5491 798 5544 πί
821 5491 1992 5580 aequalitatem""as'aeat"rwaa
2032 5491 2093 5564 *3.
2168 5507 2236 5540 τθδ
2268 5499 2646 5575 nyctocoracis
2670 5498 2723 5552 3.
2804 5494 2874 5529 7"
2895 5493 3024 5565 quia
3057 5491 3109 5547 2.
3157 5492 3190 5545 3

3305 5489 3373 5524 7’7
3407 5487 3719 5563 afﬂigebant

1947 5647 2158 5705 NOTAE.

466 5745 609 5822 (902)
631 5745 974 5804 Heinricum.

2238 5735 2383 5808 (903)
2424 5731 2757 5790 Heinricum.
