3930 6204
209 359 311 415 661

1609 346 1759 402 γιΤΑ
1804 345 2153 400 WICBERTI.

3452 354 3568 409 662

205 461 361 524 lutaz,
394 457 634 531 ligatura
664 452 906 510 cementi
939 460 1166 525 prepter
1206 450 1467 507 imbrium
1497 448 1830 503 infusionem
1862 454 1909 523 Α
1935 462 2169 504 summa;
2200 448 2269 481 ⁷⁰⁹
2302 451 2606 518 potestates
2635 452 2690 501 et
2732 445 3014 517 principes
3047 452 3246 521 nostri,
3288 453 3342 509 hi
3371 454 3563 512 scilice

207 548 436 621 penitus
476 543 762 609 destituta,
804 542 1018 598 ruinam
1058 558 1211 596 suam
1271 532 1324 595 et
1354 546 1585 594 mortem
1636 537 1832 592 subtus
1933 540 2029 613 qui
2081 554 2180 595 nos
2223 539 2292 593 ab
2346 538 2564 593 illorum
2598 536 2946 593 infestatione
2986 541 3194 614 ubique
3234 553 3289 600 et
3345 546 3561 604 indesi-

205 633 589 691 incedeutium
622 630 818 686 minari
885 631 1183 685 videretur.
1221 628 1357 683 Hinc
1379 627 1543 682 etiam
1577 640 1689 679 non
1730 623 1832 677 mi-

207 731 423 785 nimum
464 727 704 800 aftligor,
745 724 895 796 quod
925 722 1361 779 deambulatoria
1403 719 1568 776 totius
1612 716 1832 772 claustri

206 836 371 893 paene
400 818 607 883 omnia,
655 816 865 873 nullum
900 815 1004 870 nisi
1036 814 1207 870 solius
1235 813 1359 869 ouili
1394 818 1598 867 tectum
1628 808 1836 863 haben—

203 914 304 979 tia,
340 918 454 967 toto
485 909 722 964 brumali
755 916 1002 979 tempore
1031 908 1162 963 limo
1210 913 1264 961 et
1294 919 1453 961 coeno
1497 903 1680 974 plena,
1710 915 1838 972 pos-

204 1002 526 1061 sessoribus
580 1001 696 1056 suis
752 1000 1014 1066 intrandi,
1068 997 1301 1054 sedendi
1358 996 1442 1050 vel
1510 992 1837 1067 quiescendi

204 1096 643 1169 oportunitatem
682 1093 890 1149 nullam
946 1092 1215 1163 praebent.
1261 1090 1512 1158 Denique
1566 1087 1844 1142 seculares

205 1190 443 1263 quidam
485 1186 584 1241 ﬁlii
629 1185 820 1253 Belial,
863 1184 1030 1239 armis
1070 1182 1353 1252 injustitim
1384 1188 1627 1246 utentes,
1660 1188 1713 1233 et
1745 1194 1844 1232 nos

207 1283 636 1349 persequentes,
706 1283 894 1329 nostra
956 1288 1178 1344 quoque
1239 1270 1568 1326 invadentes
1623 1276 1678 1323 et
1736 1266 1839 1321 sibi

206 1384 483 1441 usurpare
544 1374 830 1431 conantes,
881 1364 1172 1420 ecclesiam
1248 1362 1666 1435 impugnabant.
1739 1361 1839 1415 Pro

210 1458 380 1527 cujus
418 1456 581 1512 bonis
612 1454 855 1522 tuendis,
888 1461 946 1509 ut
972 1452 1135 1507 nobis
1166 1468 1385 1523 semper
1412 1450 1583 1505 moris
1612 1458 1715 1517 est,
1748 1465 1840 1503 su-

207 1565 391 1622 perno
423 1547 541 1607 fulti
584 1545 868 1618 praesidio,
902 1560 1011 1600 non
1047 1544 1258 1598 viribus
1287 1544 1385 1598 sed
1415 1542 1692 1614 precibus,
1729 1556 1840 1596 non

1936 638 2132 686 nenter
2182 629 2320 685 tueri
2377 644 2442 683 ex
2499 628 2686 684 debito
2752 629 3107 699 tenebantur,
3160 635 3438 693 Albertum
3490 639 3561 695 de

1938 722 2082 778 Cucb
2108 721 2177 757 ⁸⁰⁰
2207 722 2331 777 dico
2364 722 2687 792 episcopum
2721 729 2993 789 nostrum,
3027 732 3081 778 et
3115 725 3430 783 Mathildem
3453 730 3564 786 du-

1939 815 2138 871 cissam
2191 813 2613 880 Lovaniensem,
2663 812 2793 869 dum
2860 813 2977 869 viro
3024 830 3125 871 suo
3171 816 3559 876 Jherosolimis

1941 903 2331 979 peregrinante
2372 902 2481 973 (an.
2515 902 2699 971 1197),
2741 903 2860 959 sola
2886 902 3267 962 dominaretur
3297 908 3355 963 iu
3394 915 3563 979 terra,

1945 996 2244 1067 episcopus
2282 1004 2483 1049 terram
2515 993 2793 1067 quandam
2826 994 2921 1050 diu
2960 995 3030 1051 ab
3076 997 3314 1056 ecclesia
3352 1016 3573 1073 posses-

1944 1107 2084 1155 sam,
2134 1098 2372 1161 uterque
2423 1095 2604 1145 autem
2647 1088 2880 1145 duarum
2932 1099 3262 1161 personatus
3302 1094 3573 1152 ecclesia-

1944 1198 2062 1236 rum
2092 1198 2216 1254 quaa
2250 1190 2451 1237 nostrae
2490 1187 2619 1236 sunt
2649 1180 2717 1235 ab
2751 1180 2858 1238 alio
2898 1182 3118 1239 Alberto
3175 1184 3343 1242 fratre
3388 1186 3568 1257 ducis,

1945 1274 2014 1329 ad
2054 1272 2478 1329 restructionem
2509 1274 2730 1328 claustri
2763 1274 2956 1340 nostri,
2991 1290 3089 1345 pro
3120 1292 3345 1349 guerra,
3395 1280 3569 1350 patris

1942 1364 2063 1433 ejus
2087 1363 2392 1430 combusti,
2434 1363 2595 1418 nobis
2624 1362 2832 1418 dudum
2872 1364 3124 1431 collatos,
3157 1366 3379 1424 auferre
3405 1384 3566 1425 sum—

1942 1470 2031 1507 ma
2070 1452 2123 1509 vi
2170 1458 2524 1524 temptantes,
2583 1452 2748 1507 tantis
2794 1467 2897 1509 nos
2947 1453 3164 1509 damnis
3223 1462 3278 1511 et
3316 1458 3570 1514 cladibus

1942 1537 2261 1607 alfecerunt,
2292 1547 2370 1607 ut,
2414 1556 2536 1595 cum
2566 1538 2672 1609 ipsi
2704 1540 2919 1614 magnis
2955 1556 3116 1613 reque
3144 1543 3396 1600 cladibus
3431 1552 3561 1602 ante

204 1639 414 1713 jurgiis
444 1637 542 1692 sed
571 1636 723 1693 sanis
756 1652 858 1691 nos
900 1643 1176 1689 armantrs
1219 1632 1487 1695 consiliis,
1535 1647 1692 1703 reque
1736 1630 1847 1685 illis
1948 1639 2178 1687 mortem
2228 1630 2489 1699 confecti,
2529 1632 2640 1701 jam
2690 1632 3092 1701 exspiraverint
3147 1634 3313 1707 (90$),
3367 1637 3569 1693 damna

213 1732 554 1788 resistimus.
587 1730 695 1785 Sed
739 1727 876 1801 quid
907 1727 976 1781 de
1019 1733 1373 1781 externorum
1408 1724 1490 1780 vel
1521 1724 1843 1780 inferiorum

214 1830 638 1897 persecutorum
673 1819 1078 1893 inquietatione
1112 1832 1421 1890 conqueror
1445 1816 1473 1870 ?
1504 1817 1677 1882 Quum
1710 1816 1842 1887 ipsae

1948 1720 2064 1791 ipsa
2087 1736 2209 1792 qua:
2237 1721 2397 1776 nobis
2428 1721 2761 1788 intulerunt,
2809 1720 2975 1793 longo
3006 1737 3107 1778 nos
3148 1721 3439 1798 fatigautes
3474 1727 3564 1780 iu-

1872 1794 1919 1861 B
1943 1816 2256 1884 commodo,
2290 1832 2390 1887 per
2435 1815 2685 1889 singulos
2721 1831 2899 1872 annos
2953 1816 3139 1873 adhuc
3169 1794 3446 1890 respirent
3496 1821 3565 1877 9°:

1571 1915 1791 1970 VARIIE
1829 1914 2206 1971 LECTIONES.

289 2016 360 2050 7"
399 2030 521 2070 cum
553 2012 654 2067 nes
686 2029 712 2066 s

767 2028 821 2082 p.
865 2011 915 2065 3.
1002 2009 1240 2082 3°°aicb.
1272 2008 1422 2082 3._‘°'
1458 2008 1564 2082 _Hic
1594 2007 1795 2082 texitur
1843 2007 2173 2082 miraculum
2216 2007 2365 2079 quod
2417 2008 2581 2077 hujus
2624 2008 3027 2082 combustionis
3080 2010 3375 2068 occasione
3415 2013 3563 2071 acci-

210 2087 367 2141 disse
395 2086 474 2140 sic
502 2084 668 2139 refert
718 2078 1039 2155 Si'gebertus
1079 2081 1134 2134 in
1177 2081 1286 2135 fine
1313 2079 1684 2155 Crpn_i_ce_sue.
1740 2078 2037 2155 Discordia;
2069 2078 2400 2155 malumetc.
2436 2095 2606 2155 usque
2629 2081 2736 2155 llec
2761 2080 3084 2155 Sigebcrtus
3112 2082 3166 2135 in
3196 2084 3416 2139 cronica
3438 2102 3558 2142 sua.

215 2158 499 2228 completa
525 2156 593 2209 ab
638 2150 892 2209 Anse‘l'mo
923 2152 1124 2207 abbate
1157 2151 1411 2208 nostroQ.
1436 2150 1607 2205 Verba
1630 2157 1755 2205 sunt
1777 2151 2019 2205 Anselmi
2045 2150 2172 2232 abb.
2202 2152 2297 2277 qui
2318 2151 2596 2207 cronicam
2627 2150 2900 2225 Sigebe'rti
2934 2155 3312 2227 augmentavit
3340 2154 3395 2210 in
3420 2155 3551 2212 ﬁne.

215 2228 496 2277 Discordia
520 2228 720 2277 malum
752 2232 851 2277 etc.
882 2241 1050 2277 usque
1084 2224 1208 2277 Haec
1234 2222 1525 2277 Anselmus
1556 2221 1725 2276 abbas
1765 2220 2178 2277 Gemblacensrs
2259 2269 2267 2277 .

208 2220 496 2285 Discordie
520 2228 720 2281 malum
752 2232 851 2280 etc.
882 2241 1050 2294 usque
1084 2224 1208 2278 Haec
1234 2222 1525 2277 Anselmus
1556 2221 1725 2276 abbas
1765 2220 2178 2277 Gemblacensis
2215 2220 2267 2278 3.

1785 2317 1998 2373 ΝΟἸᾹΞ.

297 2416 448 2486 (904)
512 2414 820 2495 Episcopus
860 2429 909 2466 a.
965 2412 1103 2467 1196
1158 2416 1533 2474 consecratus,
1591 2409 1823 2465 a.1200
1879 2408 2036 2463 obiit.
2098 2408 2318 2465 ducissa
2362 2408 2506 2465 circa
2559 2424 2764 2463 annum
2806 2409 2965 2476 1211,
3018 2416 3141 2481 post
3186 2426 3351 2483 quem
3394 2411 3560 2486 igitur

218 2488 427 2543 littera}
460 2488 676 2556 scriptae
700 2490 846 2539 sunt.

1193 2715 1598 2842 VITA
1712 2714 2591 2906 WICBERTI

1078 3007 1411 3065 lNClPlUNT
1453 3007 1768 3065 CAPITULA
1797 3008 1859 3063 IN
1891 3008 2040 3063 VITA
2080 3008 2307 3065 SANCTI
2334 3007 2705 3064 GUlCBERTl.

291 3112 343 3164 1.
469 3112 537 3163 [te
565 3111 917 3177 generositate
944 3113 1224 3178 parentum
1261 3109 1435 3163 sancti
1475 3108 1767 3164 Guicberti.

288 3182 347 3235 2.
464 3182 614 3247 Quod
633 3198 729 3251 per
754 3182 958 3248 gradus
988 3184 1203 3236 celatum
1226 3180 1434 3248 gradus
1460 3182 1725 3233 virtutum
1746 3179 2049 3235 ascenderit

289 3254 342 3307 3.
462 3253 612 3318 Quod
641 3255 813 3307 seruio
843 3255 1187 3313 renuntians,
1218 3252 1498 3317 cingulum
1526 3252 1740 3305 militiae
1764 3252 2030 3321 deposuit.
2452 3320 2455 3321 ν
2616 3320 2629 3321 γ
2733 3319 2745 3321 Α
2886 3286 2893 3289 -

288 3326 343 3378 4.
461 3324 613 3389 Quod
640 3324 874 3391 fundum
892 3325 1246 3393 proprietatis
1272 3337 1382 3377 sua:
1405 3323 1735 3377 Gemmeluus
1769 3319 1870 3376 Deo
1906 3327 1956 3377 et
1983 3328 2169 3378 sancto
2201 3325 2361 3378 Petro
2385 3320 2460 3375 ad
2486 3319 2841 3388 ﬁmdandum
2867 3322 3160 3377 canobium
3188 3322 3474 3390 delegavit.

287 3397 344 3449 5.
462 3396 613 3461 Quod
644 3396 820 3451 Gisila
846 3399 975 3449 avia
1012 3397 1187 3464 ipsius
1214 3396 1265 3448 ei
1302 3394 1376 3447 ad
1404 3394 1497 3447 hoc
1523 3396 1932 3448 amminiculata
1970 3399 2063 3448 est.

288 3466 342 3521 6.
459 3466 613 3532 Quod
638 3468 897 3521 Erluinus
923 3482 990 3520 ea:
1011 3468 1265 3520 canonico
1294 3465 1585 3519 monachus
1619 3466 2004 3531 familiaritate
2042 3480 2143 3519 sua
2168 3480 2286 3518 eum
2324 3464 2398 3519 ad
2432 3466 2625 3520 bonum
2644 3466 2821 3532 magis
2844 3467 3117 3521 incitavit.

292 3537 343 3591 7.
461 3537 613 3603 Quod
640 3540 805 3591 etiam
829 3538 938 3591 sibi
965 3539 1374 3601 abrenuntians,
1404 3536 1773 3590 monachicam
1796 3539 1963 3590 vitam
1993 3537 2243 3605 appetiit.

288 3609 342 3661 8.
460 3611 534 3662 De
570 3610 851 3662 nobilitate
878 3614 927 3663 et
964 3610 1225 3674 religione
1254 3608 1559 3662 Gorziensis
1583 3610 1914 3670 monasterii,
1946 3612 1994 3660 et
2020 3606 2165 3675 quod
2190 3606 2268 3659 ibi
2293 3606 2586 3660 monachus
2613 3606 2794 3673 factus
2820 3608 2911 3662 sit.

289 3680 344 3735 9.
376 3680 447 3713 ⁸⁰²
468 3680 618 3744 Quod
651 3680 1097 3735 Gemmclacenses
1134 3682 1337 3745 fratres
1366 3678 1440 3731 ad
1468 3680 1749 3747 eccemplar
1779 3680 2145 3734 Gorziensium
2174 3679 2429 3731 instituit.

254 3752 344 3805 10.
463 3751 613 3816 Quod
644 3752 933 3806 Erluinum
966 3751 1434 3805 Gemmelucensem
1462 3751 1695 3804 ccenobio
1722 3750 1971 3804 abbatem
1992 3750 2258 3819 prmfecit.

253 3823 341 3877 1-1.
458 3823 610 3888 Quod
639 3824 758 3878 Otto
778 3824 1071 3892 imperator
1090 3823 1503 3891 maliloquorum
1528 3822 1897 3875 malivolentia
1926 3817 2144 3889 rejecta,
2173 3818 2579 3875 Gemmelacense
2598 3817 2892 3873 ccenobium
2920 3820 3241 3874 auctoritate
3270 3822 3553 3890 imperiali

540 3896 792 3958 munivit,
833 3896 984 3964 eique
1003 3898 1061 3947 in
1083 3894 1325 3948 omnibus
1348 3894 1740 3946 immunitatem
1773 3893 2027 3946 attribuit

284 3965 339 4018 2.
456 3964 609 4018 Quod
626 3970 829 4018 cartam
854 3966 920 4018 de
949 3966 1104 4018 rebus
1132 3965 1377 4018 (ecclesia:
1404 3966 1764 4018 conscriptam
1793 3966 1967 4018 primo
1994 3966 2027 4017 ia

533 4036 657 4090 liter
684 4037 977 4095 roboravit.

456 3964 609 4030 Quod
626 3970 829 4019 cartam
854 3960 920 4019 de
949 3966 1104 4019 rebus
1132 3965 1377 4019 (ecclesia:
1404 3966 1764 4023 conscriptam
1791 3966 1967 4033 primo
1994 3963 2270 4033 imperiali
2297 3961 2492 4017 deinde
2528 3960 2834 4030 apostolica:
2861 3961 3006 4015 sedis
3036 3962 3358 4015 auctoritate
3397 3962 3549 4030 lega-

242 4108 332 4162 13.
449 4106 605 4173 Quod
642 4108 1008 4162 IIeribrandus
1038 4109 1268 4161 maritus
1323 4107 1603 4162 Reinuidis
1657 4108 1854 4161 sororis
1893 4108 2070 4161 sancti
2114 4106 2389 4163 Guicberti
2427 4102 2839 4161 Gemmelacense
2884 4105 3178 4159 ccenobium
3225 4108 3536 4175 usurpavit,

533 4179 757 4248 ejusque
794 4180 1127 4248 injustitiam
1156 4182 1375 4232 sanctus
1412 4181 1498 4231 vir
1518 4178 1592 4231 ad
1623 4182 1831 4247 tempus
1859 4180 2153 4245 mitigavit.

249 4252 337 4305 14.
366 4250 436 4284 ⁸⁰³
452 4250 604 4314 Quod
637 4251 704 4304 de
718 4254 869 4317 gente
899 4252 1236 4317 Ungarorum
1266 4249 1465 4303 multos
1498 4249 1574 4303 ad
1606 4249 1875 4305 Christum
1902 4250 2162 4303 convertit

244 4323 334 4376 15.
452 4321 605 4385 Quod
633 4321 707 4375 ad
734 4323 1000 4388 fraterna:
1032 4321 1288 4375 karitatis
1327 4321 1611 4387 collegium
1630 4321 1824 4374 multos
1852 4321 2204 4390 undecunque
2232 4320 2516 4374 animavit.

246 4393 334 4447 16.
368 4392 436 4425 θοι
464 4392 615 4455 Quod
648 4396 771 4461 post
808 4393 883 4459 ad
910 4393 1202 4448 caenobium
1240 4392 1529 4448 Gorziense
1556 4406 1826 4459 regressus
1860 4397 1956 4446 est.

246 4465 337 4517 17.
362 4464 432 4499 θοι
461 4464 530 4517 Ue
548 4464 697 4517 obitu
724 4466 913 4533 ipsius.

245 4535 337 4589 18.
460 4535 611 4600 Quod
648 4550 839 4605 corpus
868 4537 1042 4604 ipsius
1083 4534 1412 4590 Gemmelaus
1444 4535 1674 4588 relatum
1704 4538 1801 4589 est.

238 4607 325 4661 19.
350 4606 420 4640 ⁸⁰⁶
446 4606 590 4671 Quid
608 4607 867 4661 Erluinus
897 4607 1062 4661 abbas
1088 4608 1148 4659 in
1178 4606 1410 4675 epistola
1437 4620 1537 4660 sua
1562 4607 1625 4659 de
1657 4621 1711 4660 eo
1749 4607 1993 4675 scripsit.

377 4828 1042 4982 INCIPIT
1118 4857 1520 4982 VITA
1605 4855 2216 4986 SANCTI
2302 4854 3255 4985 GUICBERTI

1524 5080 1601 5126 EX
1646 5072 1716 5107 ⁸⁰⁶
1759 5080 1924 5126 ιΑιαο
1965 5080 2232 5126 MONACHI

1098 5176 1572 5240 FUNDATOBIS
1625 5176 2261 5241 GEMMELACENSIS
2313 5175 2658 5241 C(ENOBII

276 5306 586 5364 Cunnum
614 5307 682 5377 ξί.
719 5309 956 5383 Insignis
999 5317 1153 5382 pater
1185 5311 1517 5375 Wicbertus,
1573 5313 1629 5367 in
1680 5329 1821 5385 pago
1852 5318 1901 5387 C
1928 5313 2077 5382 poris
2098 5313 2166 5368 ad
2198 5312 2510 5384 exemplum
2540 5314 2785 5370 creditur
2811 5329 2932 5369 esse
2976 5311 3155 5368 datus.
3190 5312 3355 5384 Cujus
3380 5329 3542 5371 avum

199 5399 511 5455 Darnuensi
541 5400 609 5433 ⁸0⁷
655 5398 891 5455 feliciter
920 5408 1098 5471 natus,
1127 5400 1447 5456 hominibus
1486 5402 1633 5458 illius
1676 5409 1815 5457 tem-

1919 5404 2229 5480 Rodingum
2260 5405 2328 5439 ⁸0⁸
2354 5411 2410 5460 et
2435 5405 2612 5461 aviam
2659 5405 2884 5474 Gislam,
2941 5412 3152 5476 patrem
3192 5422 3420 5480 quoque
3448 5406 3542 5463 Li-

1557 5505 1777 5558 VARl/E
1810 5505 2190 5562 LLCTIONES.

266 5599 338 5635 ⁸0³
362 5615 390 5653 e
413 5601 632 5667 regione
660 5599 827 5669 hujus
864 5602 1058 5670 cupitis
1080 5600 1258 5655 obelus
1288 5602 1451 5655 rubro
1478 5603 1647 5656 colore
1681 5604 2013 5672 conspicitur
2042 5634 2110 5642 ——
2136 5603 2386 5656 indicans
2408 5603 2502 5655 hoc
2525 5609 2686 5673 caput
2714 5605 2772 5656 in
2802 5606 2954 5657 textu
2987 5604 3269 5658 excidisse.
3332 5602 3401 5637 ⁸0³
3431 5605 3540 5657 Hoc

194 5674 359 5739 caput
387 5674 694 5725 atramento
708 5673 940 5738 nigriori
967 5675 1232 5726 insertum
1261 5677 1357 5735 est,
1392 5678 1440 5727 et
1467 5677 1643 5727 textus
1659 5674 1778 5742 ejus
1801 5677 2020 5728 initium
2054 5678 2109 5727 in
2136 5677 2243 5727 loco
2272 5673 2416 5726 unde
2440 5674 2583 5726 alius
2606 5678 2783 5728 textus
2811 5675 3040 5728 ubrasu:
3064 5675 3251 5739 fuerat
3280 5674 3527 5742 habetur,

197 5742 748 5822 "f‘nhgcnatramento
787 5745 1012 5810 nigriori
1044 5745 1507 5822 scriptuq‘suntuet
1536 5750 1695 5822 caput
1732 5745 1821 5822 10,
1855 5760 2000 5822 usque
2038 5761 2098 5822 ac
2124 5745 2357 5822 rapuit
2396 5746 2653 5822 insertum
2690 5759 2801 5822 esse
2821 5748 3069 5822 apparet.

3178 5742 3247 5776 ⁸⁰⁵
3299 5741 3533 5793 Guiber-

200 5812 239 5865 ti
266 5812 318 5867 2.
344 5812 395 5865 2.
423 5813 474 5867 3.
494 5817 802 5869 constanter
820 5828 983 5882 usque
1006 5813 1080 5867 ad
1109 5809 1226 5882 cap.
1258 5816 1311 5869 8.
1375 5815 1444 5849 ⁸0⁸
1473 5831 1538 5869 ex
1571 5809 1612 5868 Ιῖ
1643 5832 1714 5870 m.
1744 5809 1939 5871 desunt
1964 5818 2014 5869 2.
2047 5819 2096 5871 3.
2154 5809 2220 5847 ⁸6⁷
2254 5815 2556 5869 Germiensi
2589 5814 2639 5869 5.
2703 5815 2769 5847 8°“
2791 5809 3043 5881 rodigum
3071 5812 3124 5867 4.
3156 5810 3446 5881 redingum
3478 5809 3511 5860 5
