3930 6204
384 365 490 420 663

1605 360 1951 417 SIGEBERTI
1994 360 2504 418 GEMBLACENSIS.

3636 357 3739 416 664

384 494 633 552 etoldum
662 501 718 552 et
745 500 984 551 matrem
1005 494 1331 569 Osburgam,
1364 510 1561 551 omnes
1589 494 1682 568 qui
1708 495 1877 564 hujus
1900 511 2000 551 an-
2020 499 2078 569 Α
2102 505 2208 552 cet.
2242 496 2528 569 Siquidem
2561 494 2818 550 fratribus
2870 493 2992 563 ejus
3022 492 3092 547 de
3122 491 3359 548 carnalis
3398 489 3746 562 posteritatis

382 584 653 657 tiquitatis
679 584 921 640 retinent
969 583 1249 649 notitiam,
1293 585 1534 639 fatentur
1584 584 1805 657 longam
1856 584 1999 639 anti-

381 692 505 747 quae
560 675 865 731 nobilitatis
919 675 988 709 ⁸⁰⁹
1041 674 1274 730 traxisse
1330 675 1553 731 lineam.
1616 675 1787 731 Porro
1826 683 2002 732 mater

379 769 499 837 ejus
519 767 766 841 Osburga
791 766 1025 822 abutens
1060 765 1130 801 ⁸¹⁰
1175 766 1481 837 apostolica
1513 766 1861 839 indulgentia
1892 783 2001 839 qua

380 858 609 913 dicitur:
641 858 822 913 Melius
858 864 936 913 est
963 858 1164 913 nubere
1200 873 1363 927 quam
1422 860 1514 913 uri
1552 860 1602 925 (Ι
1636 862 1750 914 Cor.
1796 875 1890 926 vu,
1920 858 1997 927 9),

382 959 755 1023 postmortem
784 952 984 1023 prioris
1012 952 1077 986 ⁸ί¹
1109 951 1287 1008 mariti
1315 951 1545 1008 Lietoldi
1575 952 1642 1007 de
1671 969 1781 1025 quo
1807 969 1999 1008 susce-

381 1052 535 1115 perat
560 1044 821 1099 domnum
852 1043 1188 1099 Wicbertum
1214 1052 1268 1098 et
1300 1043 1605 1099 Renuidem
1629 1046 1748 1114 ejus
1777 1062 1996 1117 germa-

380 1152 530 1205 nam,
589 1134 720 1191 dum
758 1134 1009 1209 gaudens
1049 1133 1366 1207 poligamia,
1423 1136 1653 1192 secundi
1721 1137 1886 1203 tertii,
1945 1144 2001 1193 et

377 1228 543 1283 etiam
574 1225 753 1299 quarti
791 1225 973 1281 mariti
1007 1240 1117 1281 non
1152 1225 1357 1281 refutat
1396 1227 1672 1298 copulam,
1716 1243 1780 1282 ex
1813 1227 2000 1283 multis

379 1315 591 1371 maritis
642 1312 853 1386 prolem
891 1314 1084 1388 genuit
1126 1329 1497 1379 numerosam,
1539 1316 1816 1371 Hellinum
1849 1316 2001 1372 scili-

378 1416 485 1475 cet,
517 1403 828 1461 Oilbaldum
858 1405 949 1473 ⁸η,
991 1405 1388 1482 Raginardum,
1423 1407 1654 1475 Dodam,
1688 1414 1875 1478 preter
1903 1422 1999 1462 eos

376 1514 611 1572 quorum
640 1497 867 1554 nomina
908 1496 1251 1554 oblitteravit
1297 1497 1522 1554 oblivio.
1559 1499 1800 1565 Quorum
1831 1498 1996 1574 longe

372 1591 598 1662 lateque
636 1588 942 1661 pullulante
974 1588 1255 1660 prosapia,
1284 1605 1345 1646 se
1386 1605 1549 1660 paene
1578 1596 1748 1646 totam
1790 1590 1994 1661 repleri

371 1689 427 1736 et
454 1678 738 1737 nobilitari
758 1677 962 1751 gaudet
982 1677 1355 1753 Lotharingia.
1387 1678 1676 1750 Siquidem
1705 1696 1770 1735 ex
1804 1696 1993 1750 prosa-

374 1772 477 1843 piae
514 1770 905 1826 numerositate
945 1770 1293 1824 accrescebat
1319 1770 1621 1840 jpotestatis
1651 1770 1986 1825 eminentia;

2102 596 2374 658 proventu
2406 586 2804 661 cogitantibus,
2859 584 3012 641 solus
3051 590 3255 640 sanctae
3306 582 3594 639 memoriae
3623 582 3739 637 Wi—

2100 680 2322 735 cbertus
2337 680 2405 714 3‘9
2422 679 2724 750 spiritualis
2739 677 3120 752 generationis
3141 676 3374 731 heredes
3385 674 3732 745 suspirabat;

2100 771 2243 827 bene
2274 771 2519 827 monitus
2549 771 2617 826 ab
2642 771 2894 841 apostolo
2920 788 2933 825 :
2967 772 3067 834 Qui
3093 773 3210 824 sine
3236 784 3404 825 uxore
3426 773 3504 823 est
3535 771 3734 837 cogitat

2099 876 2219 930 quas
2263 863 2476 915 Domini
2512 867 2664 928 sunt,
2705 861 2960 930 quomodo
3012 860 3227 928 placeat
3258 863 3353 914 Deo
3403 858 3443 927 (Ι
3469 861 3571 911 Cor
3633 860 3724 911 vu‘

2099 954 2206 1019 32).
2237 954 2365 1009 ldeo
2388 955 2456 1010 de
2482 954 2816 1026 patrimonio
2845 970 2948 1010 suo
2972 970 3085 1010 non
3114 953 3350 1025 quesivit
3373 952 3613 1008 carnalis
3634 967 3729 1007 co-

2099 1045 2239 1115 pulae
2264 1061 2522 1116 sponsam
2573 1046 2784 1110 dotare,
2817 1046 2914 1100 sed
2945 1051 3177 1099 matrem
3209 1059 3364 1098 suam
3403 1042 3721 1097 aecclesiam

2100 1136 2265 1193 unico
2290 1136 2484 1192 aﬂ'ectu
2515 1138 2712 1204 ditare,
2739 1153 2862 1208 quae
2889 1137 2993 1191 sibi
3014 1152 3124 1192 non
3155 1135 3351 1190 fratres
3372 1133 3523 1189 brevi
3554 1134 3726 1189 victu-

2102 1241 2189 1280 ros
2220 1226 2394 1281 aleret
2427 1226 2594 1282 immo
2619 1226 2862 1282 caelestis
2897 1225 3181 1281 ﬁliationis
3199 1224 3406 1296 prolem
3439 1239 3723 1294 nunquam

2101 1315 2418 1370 morituram
2451 1323 2699 1389 augeret,
2732 1332 2897 1387 quam
2953 1330 3054 1370 nec
3087 1331 3210 1371 cum
3263 1313 3455 1369 dolore
3482 1318 3722 1384 pareret,

2102 1422 2203 1461 nec
2227 1422 2349 1461 cum
2372 1407 2562 1462 dolore
2580 1407 2876 1472 amitteret,
2897 1407 2993 1461 sed
3021 1423 3145 1478 quae
3171 1422 3293 1461 cum
3317 1403 3720 1480 asternaligau-

2100 1495 2189 1550 dio
2214 1494 2326 1550 filio
2359 1495 2452 1550 Dei
2494 1496 2915 1553 cohereditaret.
2958 1496 3225 1550 Militabat
3253 1494 3475 1550 interim
3507 1494 3723 1549 mundo

2097 1588 2470 1658 specietcnus,
2503 1588 2601 1642 sed
2652 1596 2917 1658 quantum
2964 1588 3279 1659 patiebatur
3321 1586 3484 1655 hujus
3516 1586 3725 1663 negotii

2096 1694 2246 1743 usus,
2290 1694 2319 1732 a
2378 1679 2583 1733 militiae
2611 1679 2756 1735 vltus
2789 1686 2905 1733 erat
2935 1685 3250 1733 extraneas.
3288 1678 3349 1733 Et
3404 1693 3475 1732 ne
3506 1693 3723 1732 curram

2098 1785 2194 1836 per
2223 1769 2440 1842 singula
2463 1769 2719 1824 vitiorum
2771 1784 2975 1840 genera
3004 1768 3253 1839 aquibus
3282 1768 3395 1821 Deo
3424 1767 3725 1823 auxiliante

373 1830 441 1915 ex
469 1858 883 1930 possessionum
911 1830 1528 1928 multiplicitateurerum
1559 1858 1822 1915 afﬂuebat
1847 1876 1983 1930 opu-
2012 1830 2063 1897 Β
2088 1830 2442 1926 destititfaut
2482 1878 2582 1932 per
2609 1830 2826 1935 singula
2869 1830 3126 1916 virtutum
3159 1859 3341 1916 ofﬁcia
3372 1859 3582 1931 quibus
3636 1860 3724 1914 di-

375 1952 564 2021 lentia,
598 1968 697 2023 per
724 1967 861 2023 quas
889 1951 1156 2008 cumulari
1184 1952 1253 1987 ⁸¹³
1293 1960 1349 2009 et
1378 1953 1606 2024 provehi
1636 1954 1775 2009 solet
1818 1971 1987 2009 mun-

375 2046 533 2101 dana:
562 2044 867 2101 nobilitatis
923 2044 1191 2117 potentia.
1235 2044 1346 2102 Hoc
1392 2052 1577 2102 tamen
1604 2046 1660 2101 in
1691 2063 1849 2103 servo
1892 2049 1989 2103 Dei

377 2139 562 2195 nullus
589 2139 756 2195 ducat
780 2138 914 2194 satis
964 2137 1339 2210 praedicabile,
1371 2156 1495 2197 eum
1534 2141 1838 2197 secundum
1882 2141 1982 2197 do-

377 2235 638 2291 minicam
666 2249 857 2305 vocem
888 2248 999 2290 non
1034 2236 1094 2288 in
1130 2235 1475 2291 abundantia
1516 2242 1839 2307 cujusquam
1874 2240 1988 2293 vita

375 2328 491 2394 ejus
517 2324 585 2358 ⁸¹⁴
616 2328 695 2379 est
720 2324 878 2378 exhis
906 2323 1426 2393 qucepossidettLuc.
1458 2342 1552 2393 xu,
1583 2326 1692 2393 15),
1720 2333 1990 2381 etsecun-

376 2409 504 2466 dum
538 2411 869 2482 apostolum,
897 2426 1009 2466 non
1055 2418 1130 2466 est
1168 2428 1525 2481 personarum
1569 2419 1799 2485 acceptio
1848 2418 1992 2486 apud

377 2507 542 2558 Deum
570 2502 697 2571 (Col.
731 2518 810 2570 in,
848 2502 959 2571 25).
994 2501 1101 2557 Sed
1144 2502 1247 2559 hoc
1274 2503 1329 2557 in
1375 2519 1441 2560 eo
1472 2504 1639 2559 nimis
1672 2506 1840 2561 debet
1869 2512 2007 2561 esse’

375 2592 840 2657 commendabile,
893 2592 1023 2664 quia
1074 2609 1200 2648 cum
1257 2594 1471 2651 Veritas
1519 2595 1691 2652 dicat:
1763 2601 1991 2653 Facilius

2092 1955 2325 2028 ligenter
2384 1956 2613 2010 institit:
2676 1957 2779 2011 hoc
2816 1956 2870 2010 in
2913 1972 2979 2011 co
3027 1956 3251 2029 egregie
3294 1963 3478 2026 preter
3522 1961 3724 2010 caetera

2090 2051 2369 2105 laudabile
2400 2051 2518 2118 fuit,
2570 2051 2719 2122 quod
2752 2067 2873 2106 cum
2932 2051 3097 2120 hujus
3145 2050 3363 2123 generis
3399 2048 3721 2104 hominibus

2091 2138 2361 2194 familiare
2402 2141 2473 2194 sit
2522 2157 2607 2195 res
2648 2140 2858 2194 alienas
2900 2148 2952 2195 et
3007 2139 3239 2194 maxime
3299 2154 3611 2210 pauperum
3669 2145 3721 2194 et

2089 2230 2462 2285 weelesiarum
2516 2230 2610 2285 Dei
2670 2229 2975 2284 insolenter
3019 2244 3247 2299 rapere,
3300 2228 3388 2282 hic
3455 2228 3710 2299 profecto

2093 2318 2326 2372 nescivit
2358 2318 2536 2372 aliena
2569 2317 2840 2373 violenter
2871 2317 3133 2386 diripere,
3174 2315 3268 2386 qui
3303 2331 3403 2369 sua
3434 2321 3543 2369 tam
3579 2314 3718 2370 hila-

2093 2405 2579 2477 riterpauperilius
2602 2415 2656 2460 et
2678 2405 2945 2460 accclcsiis
2963 2404 3159 2459 Christi
3190 2405 3343 2459 novit
3366 2404 3718 2461 distribuere.

2164 2495 2217 2548 3.
2249 2495 2542 2566 Postquam
2572 2510 2704 2567 ergo
2736 2494 2830 2547 diu
2862 2493 2963 2548 sub
2998 2493 3234 2548 clamide
3269 2492 3526 2547 militaris
3557 2493 3719 2549 habi-

2100 2593 2185 2641 tus
2226 2585 2400 2653 latuit,
2429 2585 2557 2657 quia
2587 2586 2810 2640 lucerna
2839 2586 2941 2639 sub
2967 2585 3153 2640 modio
3186 2585 3362 2655 posita
3395 2584 3606 2640 diutius
3635 2585 3714 2639 la-

374 2692 451 2741 est
487 2687 756 2741 camclum
781 2701 876 2755 per
897 2686 1149 2753 foramen
1178 2701 1309 2742 acus
1335 2692 1569 2744 transire
1595 2706 1757 2759 quam
1780 2692 1998 2746 divitem
2096 2689 2208 2736 tere
2259 2698 2367 2736 non
2413 2682 2627 2748 debuit,
2688 2682 2895 2737 nodum
2948 2689 3002 2736 et
3046 2680 3511 2752 impedimentum
3546 2680 3720 2736 divini

374 2782 434 2832 in
473 2792 703 2847 regnum
745 2778 996 2833 malorum
1046 2781 1258 2833 intrare
1309 2778 1518 2850 (Μαιιιι,
1584 2796 1695 2848 χιχ,
1752 2782 1866 2853 2t},
1908 2783 1996 2838 hic
2095 2773 2305 2827 servitii
2338 2791 2368 2828 α
2401 2790 2460 2829 se
2484 2774 2805 2845 quantotius
2828 2772 3106 2840 dissolvit,
3134 2780 3190 2827 et
3220 2772 3441 2828 milicize
3460 2772 3724 2828 secularis

376 2875 635 2940 tanquam
685 2867 838 2943 gibbi
891 2869 1107 2924 sarcina
1155 2886 1325 2941 super
1377 2874 1718 2929 excrescenti
1761 2882 1995 2930 torrem;
2100 2865 2383 2940 cingulum
2413 2866 2689 2936 deposuit.
2729 2866 2808 2921 lla
2834 2865 3024 2921 mu..di
3046 2874 3340 2919 veteranus
3362 2871 3600 2920 terrenae
3618 2865 3721 2919 mi-

376 2959 677 3014 nobilitatis
711 2966 767 3014 et
805 2958 1080 3013 facultatis
1109 2958 1362 3030 deposito
1416 2967 1649 3027 tumore,
1685 2963 1789 3018 hoc
1820 2963 2000 3019 homi-
2100 2957 2234 3011 lilia:
2265 2957 2400 3012 rude
2431 2958 2686 3023 donatus,
2719 2957 2886 3027 coepit
2923 2972 3046 3011 esse
3084 2972 3260 3011 novus
3296 2955 3492 3010 Christi
3529 2966 3717 3028 tyrun-

376 3064 506 3102 num
537 3045 881 3118 impossibile
914 3062 1014 3118 per
1064 3062 1294 3118 pronam
1346 3049 1516 3105 animi
1541 3052 1878 3108 voluntatem
1912 3068 1996 3109 re-
2100 3044 2277 3112 culus,
2311 3052 2367 3099 et
2406 3045 2676 3121 longevus
2713 3045 2906 3098 mundi
2954 3060 3146 3101 servus
3178 3061 3275 3115 per
3296 3044 3600 3100 vindictam
3637 3045 3725 3100 di-

291 3178 309 3191 .
376 3139 531 3216 degit
557 3140 626 3194 ad
658 3138 949 3210 possibile.
2031 3201 2071 3216 Λ
2097 3136 2239 3190 vinae
2270 3136 2539 3190 libertatis
2577 3135 2751 3190 factus
2779 3152 2936 3202 suus,
2967 3134 3195 3201 effectus
3227 3144 3311 3190 est
3340 3135 3438 3190 Dei
3465 3135 3719 3203 libertus,

446 3201 501 3290 ξ,
531 3234 601 3269 sus
630 3201 727 3290 ιίίο
757 3247 890 3306 ergo
914 3232 1095 3305 justus
1150 3232 1426 3305 ριεηιεωε
1480 3244 1535 3292 ει
1565 3234 1695 3291 ﬁdei
1738 3236 1994 3295 ﬁrmitate
2024 3201 2073 3270 (ἶ
2096 3229 2267 3302 Igitur
2295 3236 2418 3300 post
2462 3228 2833 3284 multiformes
2864 3229 3127 3300 speciosae
3168 3228 3267 3284 viae
3316 3227 3617 3284 amfractus
3651 3201 3722 3283 ad

378 3327 651 3382 radicatus
677 3325 734 3380 in
760 3323 926 3380 domo
952 3325 1194 3394 Domini,
1218 3326 1331 3397 jam
1373 3326 1504 3383 inde
1532 3344 1562 3383 a
1597 3330 1802 3385 teneris
1832 3333 1991 3389 annis

2096 3327 2386 3392 angustam
2417 3321 2543 3376 vitaz
2577 3326 2787 3392 portam
2822 3320 3082 3388 directus,
3143 3332 3203 3376 ut
3242 3327 3491 3376 cantaret
3530 3322 3717 3377 nudus

377 3416 540 3470 flores
567 3414 829 3470 virtutum
873 3413 1128 3470 emittere
1169 3415 1340 3487 cmpit
1369 3416 1424 3471 in
1468 3417 1626 3473 atriis
1666 3420 1863 3476 domus
1899 3423 1993 3478 Dei

377 3505 583 3573 nostri;
643 3504 897 3561 eminens
957 3512 1018 3560 ut
1060 3503 1244 3577 palma
1299 3507 1589 3565 altitudine
1646 3510 1992 3579 nobilitatis,

377 3605 549 3667 utque
605 3596 804 3651 cedrus
879 3595 1066 3651 Libani
1132 3596 1590 3669 multiplicandus
1647 3602 1991 3659 suaveolenti

374 3686 625 3744 ubertate
665 3687 989 3743 sanctitatis.
1021 3688 1086 3744 At
1123 3695 1413 3761 postquam
1453 3692 1522 3746 de
1562 3690 1791 3748 ﬂoribus
1827 3694 1991 3750 bonae

376 3781 496 3846 ejus
525 3778 729 3837 indolis
783 3777 1134 3850 pulchritudo
1180 3785 1236 3834 et
1266 3780 1451 3836 suavis
1480 3780 1619 3837 odor
1672 3784 1893 3854 pietatis
1929 3801 1990 3841 se

375 3871 540 3944 longe
570 3870 788 3942 lateque
819 3867 1033 3936 effudit,
1065 3876 1120 3924 et
1171 3875 1421 3942 tempore
1453 3872 1614 3941 primi
1645 3872 1715 3907 m
1746 3873 1989 3930 Heinrici

373 3961 603 4035 gloriosi
631 3968 689 4016 et
717 3959 998 4016 victoriosi
1026 3959 1172 4034 regis
1201 3959 1258 4015 in
1282 3959 1557 4017 fructuum
1585 3977 1833 4036 gemmas
1862 3980 1990 4019 eru-

376 4054 475 4125 pit,
506 4052 725 4109 tandem
756 4052 904 4108 circa
934 4058 1185 4123 tempora
1214 4052 1430 4109 Ottonis
1470 4052 1636 4124 primi
1662 4054 1818 4124 quasi
1848 4056 1990 4111 oliva

372 4146 653 4203 fructifera
677 4145 733 4199 in
752 4145 918 4200 domo
950 4144 1165 4199 Domini
1196 4143 1433 4200 ubertim
1464 4154 1833 4203 maturescere
1873 4164 1983 4204 coe-

374 4242 475 4314 pit.
519 4238 706 4305 Qualis
736 4245 918 4293 autem
950 4254 1047 4308 per
1076 4236 1253 4308 prima
1280 4239 1458 4294 aatatis
1482 4238 1820 4295 incrementa
1865 4242 1987 4310 ejus

373 4334 482 4389 vita
511 4331 696 4397 fuerit,
731 4345 843 4384 non
872 4334 955 4383 est
980 4328 1392 4384 discutiendum
1417 4330 1579 4386 nobis
1600 4330 1687 4385 “7.
1722 4331 1853 4386 Nam
1882 4348 1984 4387 su-

374 4420 588 4510 pgrﬂuo
619 4420 687 4474 de
720 4418 919 4474 arbore
947 4417 1214 4489 quaeritur
1238 4419 1418 4490 qualis
1439 4419 1510 4475 sit
1540 4420 1690 4475 radix
1711 4422 1832 4491 ejus
1863 4438 1985 4494 quae

2096 3411 2271 3466 viator
2312 3426 2496 3465 coram
2551 3410 2716 3481 hujus
2762 3411 2955 3464 mundi
3002 3409 3334 3477 latronibus,
3384 3408 3717 3465 deliberavit

2096 3504 2261 3558 etiam
2293 3522 2322 3559 a
2341 3503 2551 3560 cunctis
2577 3504 2783 3560 nociva:
2810 3504 3181 3575 possessionis
3203 3520 3262 3559 se
3290 3504 3554 3576 eXpedire
3586 3520 3718 3560 one-

2096 3595 2264 3650 ribus.
2313 3597 2387 3651 Ne
2428 3595 2575 3651 enim
2604 3604 2728 3666 post
2759 3596 2981 3666 plenam
3016 3596 3273 3670 legalium
3317 3603 3718 3667 praeceptorum

2095 3686 2504 3742 observantiam
2537 3686 2757 3741 cumulo
2784 3702 2899 3740 sua:
2937 3685 3315 3758 perfectionis;
3334 3686 3556 3741 deesset
3586 3686 3721 3742 illud

2093 3795 2261 3834 unum
2291 3779 2582 3834 dominicae
2610 3779 2933 3833 sententiae:
2968 3780 3100 3833 Vade
3124 3784 3175 3833 el
3196 3780 3361 3833 vende
3391 3782 3573 3834 omni:
3598 3784 3716 3848 quia

2092 3874 2250 3929 habes
2280 3880 2330 3928 et
2356 3875 2425 3928 da
2450 3873 2777 3943 pauperibus
2819 3880 2869 3927 et
2897 3875 3022 3927 veni
3049 3888 3263 3942 sequere
3296 3888 3400 3940 me,
3429 3877 3479 3926 et
3505 3873 3722 3928 habebis

2093 3967 2406 4019 thesaurum
2448 3966 2508 4017 in
2553 3964 2677 4017 cwlo
2718 3962 2922 4031 (Matth.
2955 3977 3064 4027 xxx,
3117 3961 3238 4031 2|):
3275 3960 3367 4015 hic
3392 3960 3581 4015 omnia
3622 3977 3721 4016 sua

2089 4072 2200 4111 non
2230 4055 2453 4127 quidem
2502 4054 2772 4121 vendidit,
2806 4053 2906 4108 sed
2937 4052 3085 4107 tideli
3114 4052 3353 4108 debitori
3394 4052 3613 4108 Christo
3645 4053 3715 4108 ad

2088 4166 2310 4204 usuram
2344 4146 2696 4203 commodare
2724 4145 2957 4211 studuit,
2989 4144 3242 4218 gaudens
3278 4145 3431 4216 quod
3467 4145 3591 4215 ejus
3629 4144 3715 4201 fe-

2088 4248 2307 4293 ncrator
2332 4238 2610 4302 existeret,
2642 4236 2711 4291 de
2762 4251 2871 4307 quo
2904 4251 3013 4289 non
3054 4233 3271 4289 dubitet
3310 4235 3445 4306 quin
3474 4233 3715 4291 ﬁdeliter

2087 4329 2192 4383 sibi
2221 4344 2441 4383 usuram
2472 4327 2541 4361 ⁸³0
2570 4326 2828 4381 solveret.
2863 4323 2927 4379 Ut
2954 4322 3101 4378 enim
3120 4332 3290 4377 ~esset
3316 4339 3463 4377 unus
3491 4324 3710 4379 illorum

2088 4421 2158 4475 de
2181 4418 2386 4491 quibus
2424 4415 2707 4488 apostolus
2739 4414 2902 4469 dicit:
2956 4420 3219 4481 tanquam
3258 4413 3412 4467 'nihil
3464 4414 3719 4470 habentes

373 4502 504 4567 latet
548 4510 719 4565 humo
779 4507 995 4573 obruta,
1043 4522 1164 4561 cum
1225 4522 1290 4561 ex
1342 4509 1460 4564 solo
1527 4524 1724 4579 sapore
1780 4511 2139 4579 fructusnet
2175 4514 2360 4568 omnia
2411 4510 2734 4579 possidentes
2797 4505 2871 4576 (II
2906 4510 3020 4560 Cor.
3078 4502 3296 4573 ri,10),
3346 4503 3568 4560 volebat
3619 4522 3717 4560 sua

372 4607 737 4678 cognoscatur
765 4598 978 4655 arboris
1009 4604 1223 4652 natura.
1275 4598 1532 4655 Veritatis
1561 4601 1724 4655 etiam
1752 4602 1821 4637 ⁸1³
1854 4618 1987 4658 voce

373 4699 607 4754 dicitur:
637 4702 956 4766 Unaqueque
983 4694 1144 4750 arbor
1175 4710 1243 4751 ex
1268 4697 1456 4764 fructu
1496 4712 1592 4753 suo
1629 4702 1984 4767 cognoscitur,

372 4794 484 4844 Non
533 4790 677 4842 enim
702 4786 766 4840 de
807 4788 978 4855 spinis
1030 4784 1289 4853 colligunt
1325 4786 1480 4854 ﬁcus,
1537 4802 1708 4856 neque
1762 4788 1826 4843 de
1852 4788 1986 4844 rubo

2010 4557 2065 4624 D

2090 4604 2314 4666 habere,
2358 4610 2411 4656 et
2441 4616 2551 4656 non
2600 4599 2826 4653 habere.
2870 4596 3085 4650 Habere
3125 4594 3271 4650 bene
3311 4594 3715 4667 dispensando,

2088 4713 2199 4754 non
2232 4696 2439 4751 habere
2476 4709 2639 4749 avare
2682 4689 3081 4747 conservando.
3126 4687 3326 4742 Fidelis
3369 4704 3611 4760 namque
3653 4697 3712 4745 et

2089 4787 2336 4859 prudens
2387 4800 2580 4840 servus
2631 4780 2966 4837 constitutus
3006 4794 3037 4832 a
3076 4777 3307 4833 Domino
3354 4793 3524 4848 super
3555 4777 3715 4832 fami-

370 4884 707 4939 vindemiant
754 4897 918 4937 uvam
949 4881 1096 4953 (Luc.
1142 4897 1217 4947 vi,
1247 4881 1355 4952 44).
1407 4881 1534 4938 Hac
1560 4898 1693 4958 ergo
1734 4883 1898 4939 arbor
1928 4884 1982 4940 in
2083 4882 2214 4937 liam
2246 4894 2422 4943 suam,
2456 4884 2564 4933 tam
2599 4872 2827 4947 provide
2856 4870 3149 4926 ctluerose
3176 4868 3375 4958 sategit
3407 4869 3593 4925 locare
3616 4884 3719 4941 pc-

372 4990 504 5051 agro
532 4973 747 5030 Domini
773 4974 1036 5045 plantata,
1060 4989 1163 5029 nec
1191 4975 1372 5047 spina,
1414 4989 1517 5030 nec
1549 4975 1721 5031 rubus
1750 4976 1873 5046 fuit,
1918 4977 1988 5034 de

372 5083 484 5139 qua
518 5065 669 5121 nulla
708 5067 1025 5137 punctionis
1067 5066 1354 5137 asperitas,
1396 5067 1548 5123 nullo
1608 5069 1990 5126 amaritudinis

371 5156 644 5214 acerbitas
663 5158 951 5227 processit,
974 5157 1073 5212 sed
1094 5165 1246 5214 tanta
1272 5158 1509 5215 dulcedo
1526 5157 1736 5214 fructus
1756 5159 1986 5229 effluxit,

372 5254 431 5305 ut
460 5251 761 5319 proventus
780 5246 900 5316 ejus
919 5246 1085 5302 etiam
1116 5263 1263 5305 nunc
1291 5248 1347 5303 in
1369 5248 1618 5305 aeeclesia
1648 5249 1744 5305 Dei
1767 5248 1990 5305 fructifi-

2089 4971 2217 5027 culii
2250 4969 2335 5024 sui
2372 4981 2666 5033 summam,
2697 4971 2760 5018 ut
2788 4978 2913 5017 cum
2952 4959 3091 5014 nihil
3123 4957 3230 5013 sibi
3257 4956 3326 5012 de
3366 4974 3586 5013 summa
3615 4959 3719 5013 de-

2089 5067 2382 5126 cresceret,
2430 5056 2498 5110 de
2526 5051 2782 5109 mercede
2831 5056 3016 5129 tamen
3064 5046 3274 5102 fenoris
3303 5054 3564 5117 sumptus
3592 5046 3711 5102 exi-

2088 5159 2284 5216 meret,
2326 5150 2473 5206 unde
2496 5144 2779 5203 conservis
2809 5141 2926 5198 suis
2969 5141 3025 5195 in
3062 5147 3313 5210 tempore
3346 5138 3519 5195 tritici
3552 5155 3717 5194 men-

2090 5262 2274 5303 suram
2317 5248 2592 5318 erogaret.
2628 5237 2768 5305 Quid
2796 5235 2943 5291 enim
2977 5232 3255 5289 lucrosius
3286 5229 3439 5286 ﬁdeli
3472 5234 3718 5289 ecbono-

1712 5381 1937 5437 VARUE
1977 5379 2357 5439 LECTIONES.

441 5507 822 5586 °°’__n._regurn
849 5508 1395 5586 austrasia:_t._1_tich.
1418 5513 1761 5586 AWasseburg
1796 5517 2018 5586 Antiqq.
2065 5515 2258 5573 Galliae
2288 5511 2516 5586 Belgicae
2540 5509 2636 5586 lib.
2671 5501 3149 5586 lII._°‘°_gaudens
3192 5496 3333 5586 2b.]
3372 5496 3681 5586 °ggprimi3

1570 5584 1640 5619 ⁸³³
1664 5569 1915 5641 aemulari
1932 5569 2152 5642 3:73am
2200 5569 2479 5653 sufﬁciant
2507 5581 2581 5635 ad
2610 5569 2980 5653 ostendendas
3004 5573 3237 5653 codicum
3275 5569 3344 5653 ab
3364 5570 3717 5653 “Henschenio

369 5580 440 5616 ³¹²
468 5579 732 5637 oibadum
761 5581 814 5635 2.
856 5582 937 5635 2b.
997 5581 1051 5638 3.
1083 5580 1373 5636 orbaldum
1399 5584 1452 5639 4.

3512 5496 3635 5553 rimi
3654 5495 3712 5553 3.

371 5652 743 5726 adhibitorum
780 5657 830 5708 et
858 5653 1114 5726 editionis
1145 5650 1299 5726 Surii
1323 5654 1570 5726 lectiones
1595 5656 1679 5711 vel
1713 5639 1908 5726 potius
1943 5639 2167 5714 civit—res.
2206 5639 2309 5690 ⁷⁸η
2339 5654 2483 5708 deest
2516 5653 2565 5708 2.
2610 5652 2661 5705 3.
2740 5641 3240 5726 l3jf"_Cap_itulumﬁll.
3272 5643 3433 5726 etnitfz
3455 5656 3627 5726 porro
3653 5639 3709 5694 1.

372 5725 442 5761 ⁸¹⁶
468 5740 577 5781 vom
619 5740 783 5796 super
820 5724 1204 5796 adscriptaiin
1241 5724 1295 5777 1.

1381 5725 1447 5758 ⁸¹⁷
1490 5728 1630 5780 inter
1667 5725 1833 5783 nebis
1890 5734 1943 5785 et
1971 5730 2103 5785 Nam
2144 5730 2284 5784 linea
2311 5740 2467 5780 erasa
2493 5728 2570 5778 est
2622 5726 2667 5776 t.

2761 5719 2829 5753 δίε
2855 5711 3003 5772 enim
3056 5716 3109 5770 2.
3142 5714 3196 5769 3.
3288 5711 3409 5768 mi
3452 5712 3539 5783 113
3569 5712 3713 5767 linea

369 5812 526 5853 erasa
552 5794 1004 5868 ante‘spiritualis
1035 5796 1086 5851 1.
1114 5794 1185 5830 ⁸²⁰
1215 5809 1499 5850 uersuram
1522 5797 1717 5854 litteris
1743 5815 1804 5855 er
1824 5804 1995 5857 erasis
2019 5801 2074 5859 2.
2157 5849 2167 5863 .
