3930 6204
227 344 344 401 665

1640 345 1787 402 νιτΑ
1826 346 2175 410 WICBERTI.

3467 374 3572 431 666

224 488 320 572 mo
342 488 507 571 quam
528 488 631 571 sua
660 474 715 572 in
745 473 922 529 servis
938 474 1156 530 Domini
1182 474 1540 572 profundere,
1577 490 1708 572 quae
1733 475 1853 572 ipse
1878 478 1931 549 Α
1954 479 2094 535 viam
2136 483 2383 540 veritatis
2414 486 2686 555 insistere,
2722 490 3094 549 collaborabat
3122 512 3479 572 magnOpere,
3510 509 3573 558 ut

221 561 497 617 Dominus
528 560 583 615 in
610 576 671 615 se
699 561 881 632 ipsum
914 568 1192 634 gratanter
1219 561 1480 636 dignetur
1510 556 1853 616 retundere?

223 653 502 707 Praeterea
530 659 585 707 et
611 652 719 707 alio
760 653 1052 709 dominica:
1076 654 1225 710 vocis
1247 654 1465 709 hortatu
1495 651 1703 707 iucitab
1724 660 1848 720 itur,

225 753 289 801 ut
320 754 376 800 et
415 744 556 800 alios
585 744 650 778 ⁸²¹
679 744 936 815 exemplo
971 752 1026 800 et
1068 746 1271 800 auxilio
1299 746 1365 800 ad
1408 745 1549 799 bene
1576 744 1850 819 agendum

228 834 491 900 illiceret,
523 834 654 888 dum
684 848 794 887 non
828 834 1189 908 neglegenter
1215 835 1419 890 dictum
1443 851 1473 889 a
1504 834 1736 889 Domino
1767 849 1850 889 re-

229 926 476 981 coleret:
508 928 609 990 Qui
633 928 822 994 recipit
857 930 1170 996 praphetam
1205 929 1286 983 vel
1312 932 1519 987 iustum
1546 930 1603 982 in
1632 928 1850 982 nomine

219 1020 493 1089 propheta
520 1019 601 1072 vel
621 1021 781 1087 justi,
812 1020 1103 1075 mercedem
1135 1022 1398 1090 prophetae
1426 1021 1506 1074 vel
1542 1021 1683 1089 justi
1706 1021 1849 1074 acci-

217 1111 305 1177 pit
331 1109 541 1174 (Matth.
589 1123 640 1173 χ,
670 1106 781 1177 41),
845 1114 899 1162 ct
926 1107 1060 1161 illud
1105 1108 1410 1162 Danihelis:
1461 1110 1561 1172 Qui
1588 1108 1658 1161 ad
1676 1111 1847 1177 justi-

221 1203 365 1255 tiam
388 1200 646 1255 erudiunt
672 1200 889 1266 multos,
931 1201 1217 1268 fulgebunt
1252 1203 1409 1270 quasi
1440 1201 1605 1255 stellae
1631 1202 1691 1254 in
1722 1215 1846 1269 per-

214 1298 413 1363 petuas
436 1294 762 1346 mtemitates
791 1291 948 1362 (Dan.
978 1308 1072 1358 xu,
1115 1291 1168 1361 3)
1233 1292 1388 1347 Unde
1418 1298 1477 1346 ut
1532 1291 1845 1346 mercedem

216 1383 456 1453 justitite
497 1383 797 1437 multorum
828 1382 1125 1453 acciperet,
1181 1399 1292 1439 non
1324 1383 1458 1438 satis
1489 1399 1610 1437 esse
1667 1382 1844 1439 visum

222 1478 309 1528 est
341 1472 449 1526 sibi
478 1488 538 1527 se
569 1471 685 1542 ipse
712 1470 863 1525 solus
908 1471 975 1525 ad
1015 1472 1288 1540 justitiam
1341 1472 1614 1538 tenderet,
1646 1471 1752 1526 nisi
1795 1480 1849 1528 et

222 1564 367 1619 alios
391 1579 577 1618 secum
610 1579 827 1618 currere
866 1580 966 1619 suo
1013 1564 1266 1633 exemplo
1298 1563 1365 1618 ad
1401 1564 1618 1617 hortatu
1653 1579 1851 1619 mone-

225 1661 337 1720 ret,
370 1658 426 1708 et
455 1653 574 1723 ipse
604 1668 767 1708 causa
798 1653 989 1707 salutis
1015 1652 1308 1708 multorum
1358 1652 1533 1718 fieret,
1567 1660 1622 1706 et
1669 1652 1851 1724 dupli-

224 1764 351 1804 cem
384 1762 641 1803 coronam
675 1747 1139 1802 remunerationis
1165 1747 1459 1818 acciperet.

295 1842 351 1894 4.
388 1840 484 1894 llic
514 1839 739 1893 fratrum
772 1846 981 1894 amator
1018 1840 1109 1911 qui
1147 1855 1212 1894 ex
1254 1840 1363 1896 alto
1398 1841 1580 1896 cordis
1609 1840 1849 1911 suspirio

220 1930 295 1986 ad
354 1931 523 1985 Deum
555 1929 797 1985 clamare
855 1937 1068 2001 poterat
1100 1946 1223 1985 cum
1268 1930 1441 1985 Isaia:
1501 1936 1539 1985 Α
1571 1933 1715 1999 facie
1754 1939 1851 1987 tua

216 2025 442 2078 Domine
478 2025 815 2090 concepimus
840 2028 892 2076 et
934 2025 1092 2091 quasi
1117 2025 1512 2091 parturivimus
1543 2030 1595 2078 et
1644 2026 1848 2093 peperi~

216 2131 363 2182 mus,
419 2118 677 2183 spiritum
704 2116 897 2170 salutis
954 2121 1065 2169 luce
1116 2117 1344 2181 fecimus
1406 2118 1466 2169 in
1527 2122 1672 2170 terra
1717 2115 1844 2186 (Isa.

218 2224 368 2273 xxvi,
400 2207 490 2274 18)
529 2236 597 2247 —-
653 2206 803 2277 quod
860 2204 1161 2279 cogitando
1208 2214 1541 2278 conceperat
1594 2214 1648 2262 et
1687 2205 1844 2278 quasi

219 2298 394 2371 longo
433 2296 855 2351 deliberationis
886 2302 1019 2350 testu
1050 2296 1435 2367 parturiverat,
1479 2297 1623 2367 piam
1674 2295 1843 2350 animi

221 2386 444 2459 peperit
475 2384 926 2450 benivolentiam,
978 2400 1079 2456 per
1108 2401 1271 2456 quam
1322 2386 1431 2440 Deo
1463 2384 1607 2440 filios
1655 2384 1847 2439 salutis

221 2478 431 2534 faceret
475 2493 644 2548 super
671 2485 891 2531 terram.
935 2477 1007 2531 De
1065 2477 1403 2548 proprietate
1437 2477 1709 2548 siquidem
1752 2477 1844 2531 he-

217 2569 476 2626 reditatis
515 2585 628 2625 suae
659 2568 890 2625 fundum
921 2568 1267 2624 Gemmelaus
1289 2569 1495 2625 dictum
1529 2569 1754 2642 delegit,
1789 2576 1845 2625 et

214 2664 334 2719 Deo
378 2669 433 2717 et
472 2661 845 2733 apostolorum
891 2662 1128 2733 principi
1171 2662 1330 2717 Petro
1370 2668 1670 2733 sanctoque
1704 2662 1840 2717 Exu-

214 2753 376 2825 perio
407 2752 630 2823 martyri
669 2752 910 2825 glorioso
943 2752 1009 2805 ad
1056 2750 1488 2806 construendum
1538 2750 1594 2804 in
1648 2767 1839 2805 eorum

216 2843 430 2897 honore
469 2840 863 2895 monasterium
893 2840 1250 2895 devotissime
1276 2839 1568 2912 delegavit.
1606 2839 1703 2895 llic
1756 2847 1839 2895 ta-

214 2930 520 2985 bernacula
540 2929 741 2984 dilecta
768 2930 877 2984 Deo
903 2937 957 2984 ct
984 2927 1333 2984 delectabilia
1365 2928 1686 2983 hominibus
1712 2943 1840 2984 con-

213 3025 440 3077 struens
479 3020 709 3075 Domino
740 3020 1022 3086 virtutum,
1068 3028 1128 3076 ut
1153 3036 1343 3092 passer
1383 3020 1708 3075 humilitatis
1737 3036 1837 3075 vo-

1954 576 2138 627 amoto
2170 573 2320 628 omni
2374 575 2771 646 impedimento
2802 595 2833 633 a
2870 588 3031 651 cepto
3089 585 3308 653 pietatis
3346 588 3567 659 itinere,

1951 658 2093 715 viam
2124 665 2511 721 mundatorum
2540 668 2634 722 Dei
2656 668 2881 724 dilatato
2908 672 3073 726 corde
3110 683 3294 744 posset
3324 658 3565 735 currere.

1953 752 2087 815 Quia
2118 757 2262 811 enim
2295 774 2402 813 non
2434 768 2493 814 ut
2520 759 2654 815 Esau
2676 761 2885 832 pilosus
2912 764 3268 820 venationum
3299 771 3453 824 vanis
3476 777 3569 826 aut

1951 844 2164 901 nocivis
2218 849 2496 905 exercitiis
2547 852 2903 918 inserviebat,
2952 856 3052 909 sed
3098 864 3156 912 ut
3205 858 3345 913 lenis
3398 860 3566 917 Jacob

1950 934 2099 991 domi
2133 938 2388 994 habitans
2428 942 2769 1013 simplicitati
2822 953 2875 999 et
2927 945 3259 1003 innocentiae
3292 951 3567 1017 studebat,

1948 1031 2114 1081 totam
2146 1044 2205 1082 se
2247 1029 2302 1084 in
2349 1031 2468 1101 ejus
2505 1033 2859 1089 dilectionem
2921 1037 3304 1093 transfuderat.
3355 1040 3567 1112 Quippe

1949 1129 2117 1184 quem
2159 1119 2410 1188 exemplo
2442 1118 2621 1175 fidelis
2655 1123 2880 1176 Abrahze
2912 1122 2980 1178 de
3014 1132 3157 1181 terra
3188 1134 3241 1181 et
3271 1127 3341 1183 de
3370 1129 3439 1162 ⁸³³
3472 1144 3567 1184 co-

1947 1209 2206 1283 gnatione
2236 1228 2333 1268 sua
2358 1215 2471 1283 jam
2512 1217 2718 1271 dudum
2761 1219 2946 1275 animo
2979 1222 3157 1276 exisse
3206 1233 3565 1297 cognoverat,

1947 1300 1998 1354 ei
2042 1308 2237 1357 terrain
2281 1307 2725 1377 repromissionis
2775 1319 3091 1382 competere
3137 1314 3418 1381 credebat,
3462 1332 3567 1372 nec

1947 1403 2072 1444 eum
2102 1394 2317 1449 volebat
2344 1411 2443 1451 suo
2475 1398 2773 1453 destituere
2813 1399 3086 1468 subsidio,
3118 1419 3283 1474 quem
3326 1420 3566 1475 perpen-

1952 1478 2118 1534 debat
2147 1497 2245 1551 per
2273 1484 2458 1538 omnia
2499 1485 2660 1559 dirigi
2699 1486 2889 1542 divino
2940 1489 3163 1561 auxilio.
3198 1491 3327 1547 ldeo
3355 1492 3561 1549 salubri

1952 1575 2167 1638 reperto
2198 1573 2459 1641 consilio,
2490 1590 2685 1630 omnes
2710 1592 2800 1630 res
2830 1578 3149 1633 hereditatis
3177 1597 3292 1635 suae
3323 1599 3459 1653 quas
3487 1583 3563 1638 si-

1953 1655 2007 1710 bi
2040 1658 2122 1712 vir
2150 1677 2284 1716 suus
2325 1662 2607 1737 Rodingus
2634 1665 2779 1721 dotis
2823 1667 2997 1741 gratia
3048 1668 3418 1739 impenderat,
3472 1672 3558 1727 vel

1953 1766 2089 1820 quas
2116 1751 2221 1822 ipsi
2255 1754 2370 1823 pari
2407 1756 2681 1827 aequitatis
2712 1757 2978 1813 industria
3017 1761 3346 1817 addiderant
3373 1764 3441 1797 3“
3469 1780 3566 1835 pa-

1952 1842 2209 1900 trimonio
2237 1861 2359 1913 suo,
2386 1848 2451 1900 ad
2478 1849 2793 1919 prmsidium
2816 1846 2927 1906 Deo
2959 1851 3173 1922 placita:
3195 1855 3564 1912 constructio-

1951 1936 2037 1991 nis
2053 1940 2285 1994 contulit
2324 1941 2571 2014 legaliter
2601 1943 2888 1999 carissimo
2923 1945 3111 2015 nepoti
3142 1961 3262 2001 suo.

2019 2032 2071 2085 6.
2106 2032 2181 2085 Ad
2212 2032 2329 2089 haec
2356 2034 2543 2089 omnia
2582 2051 2693 2089 non
2737 2052 2928 2107 parum
2972 2036 3151 2091 solatii
3186 2038 3444 2093 divinitas
3493 2039 3565 2094 fi-

1950 2120 2059 2175 deli
2093 2137 2193 2177 suo
2225 2121 2503 2177 Wicberto
2546 2125 2876 2188 contulerat,
2909 2125 3057 2197 quod
3098 2125 3152 2179 in
3196 2126 3283 2181 his
3308 2128 3566 2184 omnibus

1948 2216 2229 2271 doctorem
2262 2224 2316 2272 et
2340 2225 2626 2287 patronum
2658 2214 2951 2290 quemdam
2980 2221 3355 2276 venerabilem
3387 2223 3563 2278 virum

1948 2304 2229 2361 Erluinum
2263 2307 2490 2361 nomine
2522 2308 2867 2377 praeviderat,
2891 2310 2984 2380 qui
3018 2318 3072 2365 et
3096 2311 3209 2381 ipse
3241 2312 3561 2368 canonicam

1948 2413 2057 2463 qua
2110 2397 2325 2453 vivebat
2372 2399 2643 2473 regulam,
2690 2400 2757 2455 ad
2801 2402 3179 2456 monachicam
3232 2404 3397 2457 vitam
3430 2419 3566 2459 con-

1944 2492 2198 2541 verterat.
2243 2488 2293 2541 Is
2336 2487 2427 2558 pio
2472 2495 2705 2558 patrono
2737 2495 2925 2543 nostro
2958 2489 3009 2543 in
3056 2490 3314 2545 omnibus
3344 2491 3561 2546 utilium

1945 2591 2125 2630 rerum
2158 2576 2406 2630 consiliis
2443 2576 2806 2647 exequendis,
2848 2575 2904 2630 in
2945 2577 3197 2633 zecclesia
3235 2578 3560 2633 aedificanda

1943 2677 1998 2721 et
2050 2667 2288 2722 officinis
2340 2669 2564 2722 claustri
2625 2668 3030 2734 construendis,
3082 2670 3135 2723 in
3191 2669 3449 2725 fratribus
3488 2671 3557 2725 ad

1941 2760 2085 2815 ovile
2117 2761 2211 2816 Dei
2261 2761 2633 2817 convocandis
2674 2770 2727 2817 ct
2771 2762 3048 2837 regendis,
3099 2764 3289 2818 aderat
3343 2763 3564 2833 adjutor

1940 2858 2249 2920 Oportunus
2276 2856 2330 2904 et
2360 2849 2640 2904 unanimis
2662 2852 2751 2905 “’5.

2012 2939 2064 2994 7.
2125 2938 2228 2992 Alii
2258 2938 2325 2993 ad
2368 2936 2727 3009 perfectionis
2756 2940 2975 2994 culmen
3022 2938 3274 2995 tendenti
3303 2937 3561 2994 sufficere

1940 3030 2220 3085 videretur
2257 3047 2287 3083 a
2334 3029 2477 3085 malo
2530 3030 2861 3096 declinasse,
2913 3032 3103 3086 mundi
3140 3032 3362 3103 pompis
3400 3032 3562 3085 abre-

215 3116 331 3171 latu
363 3115 627 3182 directus,
656 3115 869 3171 invenit
898 3114 1006 3170 sibi
1039 3115 1286 3183 domum,
1319 3123 1373 3170 et
1416 3123 1476 3171 ut
1506 3124 1683 3170 turtur
1723 3116 1846 3171 zelo
1872 3149 1919 3217 Ο
1950 3120 2253 3186 nuntiasse,
2295 3136 2395 3175 sua
2431 3119 2617 3175 omnia
2650 3120 2985 3190 pauperibus
3032 3135 3312 3195 erOgasse.
3368 3120 3431 3173 At
3463 3120 3563 3176 do-

219 3207 492 3263 castitatis
530 3216 585 3261 ct
628 3207 837 3279 gemitu
868 3207 1312 3278 compunctionis
1351 3208 1623 3262 animatus
1663 3208 1847 3279 posuit
1877 3207 1919 3217 ν
1946 3229 2109 3267 mnus
2145 3212 2450 3267 Wicbertus
2476 3228 2597 3283 quae
2622 3220 2769 3266 retro
2798 3220 2926 3266 sunt
2954 3212 3179 3276 oblitus,
3210 3212 3265 3265 in
3288 3212 3564 3267 anteriora

216 3299 326 3354 sibi
358 3298 577 3366 nidum,
602 3297 699 3353 ubi
743 3309 1037 3369 reponeret
1069 3299 1251 3371 pullos
1274 3315 1403 3355 suos
1424 3300 1590 3370 (Psal.
1624 3315 1843 3368 Lxxxm,
1944 3321 2003 3358 se
2033 3304 2330 3358 extendere
2361 3303 2657 3370 nitebatur,
2691 3305 3049 3375 semetipsum
3079 3320 3317 3376 arguens
3356 3303 3561 3375 imper-

214 3390 295 3462 4),
330 3391 433 3445 sub
466 3390 569 3445 alis
599 3390 787 3445 matris
817 3390 1085 3445 tecclesiae
1111 3389 1511 3446 confovendos.
1541 3391 1621 3446 lbi
1652 3407 1846 3447 mona-
1945 3394 2223 3462 fectionis,
2264 3395 2369 3450 nisi
2404 3401 2732 3468 argumento
2772 3394 3064 3449 dominicze
3103 3411 3300 3449 manus
3337 3396 3406 3449 ad
3457 3412 3562 3450 un-

212 3482 445 3538 chorum
476 3482 707 3537 collecta
733 3490 972 3550 caterva,
1007 3498 1105 3553 per
1135 3498 1322 3537 eorum
1356 3484 1685 3555 obsequium
1728 3483 1843 3539 dis-
1942 3498 2105 3556 guem
2159 3482 2516 3553 expoliretur.
2575 3483 2819 3537 Audiens
2849 3499 3050 3557 nempe
3112 3483 3403 3539 Dominum
3465 3484 3557 3538 di-

212 3571 464 3642 ponebat
501 3570 786 3626 immolare
824 3572 932 3627 Deo
974 3571 1153 3625 laudis
1193 3571 1482 3636 sacrificia,
1526 3580 1581 3628 et
1608 3573 1839 3628 reddere
1943 3579 2188 3625 centem:
2219 3573 2274 3623 Si
2309 3574 2427 3639 quis
2463 3572 2578 3625 vult
2627 3574 2809 3625 venire
2847 3573 2916 3624 (ut
2944 3586 3046 3634 me,
3088 3572 3313 3639 abneget
3370 3577 3555 3626 semet-

212 3661 500 3717 Altissimo
555 3669 680 3717 vota
718 3678 836 3729 sua,
882 3658 982 3735 qui
1019 3662 1358 3717 seminantes
1412 3662 1463 3717 ei
1503 3664 1834 3734 spiritualia,
1938 3661 2117 3729 ipsum
2152 3659 2373 3713 ϐιεοίἱαι
2398 3673 2611 3713 crucem
2634 3674 2794 3713 suam
2818 3666 2870 3712 et
2894 3666 3153 3728 sequatur
3180 3675 3266 3714 me
3300 3660 3445 3730 (Luc.
3483 3677 3558 3729 ιχ,

211 3773 315 3812 sua
342 3762 615 3811 meterent
644 3756 904 3812 carnalia.
937 3757 1045 3813 llos
1075 3758 1143 3812 ad
1175 3765 1377 3812 rectam
1412 3773 1625 3813 morum
1659 3758 1837 3815 infor-
1934 3750 2048 3820 23),
2083 3756 2256 3804 totum
2303 3750 2407 3804 hoc
2436 3748 2774 3803 dominicum
2828 3750 3119 3819 imperium
3168 3751 3329 3805 ῐΓὶιΧὶι
3360 3751 3427 3804 ad
3477 3768 3556 3820 se,

210 3849 351 3904 mari
392 3848 586 3905 volens
614 3849 879 3923 regulam,
912 3849 979 3903 ad
1011 3849 1323 3920 apostolicae
1354 3849 1476 3904 vitae
1504 3849 1666 3922 dirigi
1706 3848 1836 3906 fecit
1937 3843 2076 3899 θι⁸²⁶
2105 3844 2391 3915 abuegans
2417 3843 2485 3877 ⁸³⁷
2513 3843 2867 3915 semetipsum
2900 3844 3023 3898 tulit
3055 3860 3275 3899 crucem
3309 3844 3557 3900 mortiﬁ-

211 3942 445 4008 lineam,
487 3957 589 4012 per
626 3957 789 4013 quam
831 3940 885 3995 in
916 3941 1074 3997 initio
1130 3940 1256 3996 fidei
1290 3941 1576 3997 fundatam
1608 3942 1837 4014 primiti-

212 4050 336 4090 vam
384 4039 733 4103 compererat
758 4032 1085 4087 aacclesiam.
1132 4032 1189 4086 In
1218 4032 1421 4104 quibus
1471 4033 1608 4088 illud
1643 4033 1840 4104 praeci-

219 4140 394 4195 puum
447 4128 584 4192 erat,
609 4128 667 4176 ut
722 4121 872 4176 nulla
900 4122 982 4176 eis
1026 4123 1270 4193 prepria,
1317 4123 1413 4177 sed
1442 4123 1627 4178 omnia
1658 4130 1842 4179 essent

217 4214 561 4280 communia,
592 4220 652 4268 ut
680 4229 913 4286 quorum
945 4214 1290 4270 conversatio
1315 4214 1427 4286 jam
1456 4222 1571 4270 erat
1620 4216 1676 4269 in
1715 4232 1837 4271 coe-

216 4309 308 4375 lis,
339 4306 645 4382 angelicam
688 4307 1096 4379 quadammodo
1124 4308 1289 4363 vitam
1329 4308 1598 4383 degerent
1638 4309 1695 4363 in
1728 4316 1841 4365 ter-

216 4400 312 4455 ris.
339 4400 508 4454 Porro
541 4398 661 4469 ipse
699 4397 768 4452 ad
816 4413 1007 4454 eorum
1047 4403 1309 4469 tanquam
1344 4398 1410 4452 ad
1460 4398 1835 4469 apostolorum

217 4487 618 4558 pedesponens
655 4485 841 4540 omnia
871 4501 992 4557 quae
1034 4485 1291 4552 habebat,
1333 4493 1393 4541 ut
1420 4486 1614 4541 usibus
1644 4502 1834 4543 eorum

1939 3934 2171 3990 cationis
2194 3934 2325 3988 Jesu
2354 3933 2410 3987 iu
2436 3948 2669 4004 corpore
2701 3950 2822 4001 suo,
2856 3934 3129 4008 castigans
3162 3950 3364 4005 corpus
3397 3951 3557 3990 suum

1944 4026 2081 4081 etin
2108 4026 2425 4081 servitutem
2469 4026 2749 4100 redigens,
2807 4043 2877 4081 ne
2923 4027 3063 4081 forte
3104 4026 3227 4081 aliis
3255 4026 3561 4097 praedicans

1942 4125 2060 4195 ipse
2088 4122 2356 4193 reprobus
2400 4122 2756 4176 inveniretur.
2810 4121 2955 4176 Tulit
2986 4136 3203 4176 crucem
3254 4119 3420 4174 etiam
3452 4120 3562 4176 fra-

1941 4215 2111 4263 ternae
2140 4208 2562 4280 compassionis,
2596 4209 2817 4281 quando
2869 4216 3058 4264 erutus
3105 4209 3174 4264 de
3214 4208 3396 4264 cribro
3437 4209 3559 4265 dia-

1940 4300 2136 4357 bolica:
2170 4302 2566 4372 temptationis,
2600 4302 2691 4373 ipe
2721 4302 3020 4375 aliquando
3076 4316 3376 4357 conversus
3420 4317 3557 4357 con-

1942 4391 2195 4447 firmabat
2224 4392 2418 4447 fratres
2456 4409 2605 4460 suos,
2650 4410 2749 4465 pro
2790 4394 2996 4466 quibus
3036 4393 3156 4464 ipse
3196 4391 3443 4447 Christus
3472 4392 3563 4447 bi-

1942 4485 2099 4540 berat
2141 4486 2210 4519 ⁸²⁸
2254 4485 2478 4541 calicem
2512 4486 2802 4557 passionis.
2848 4485 3017 4559 Igitur
3062 4491 3283 4556 arrepto
3332 4485 3563 4541 rationis

217 4576 291 4630 ad
320 4591 544 4631 omnem
566 4574 954 4630 sufficientiam
989 4575 1301 4630 necessaria
1331 4538 1917 4647 suppeterent,sol-D
1943 4579 2119 4645 clavo,
2176 4584 2297 4649 post
2364 4595 2545 4633 rerum
2595 4594 2820 4634 suarum
2871 4579 3141 4649 jacturam
3193 4577 3375 4631 nudus
3426 4595 3560 4633 ena-

215 4669 371 4725 licita
402 4668 735 4740 paternitate
766 4666 1118 4739 disponebat.
1154 4667 1310 4723 Unde
1350 4667 1514 4741 legali
1545 4669 1840 4725 traditione

218 4758 447 4814 tradidit
469 4758 552 4813 eis
589 4757 773 4814 villam
806 4758 1065 4829 superius
1095 4760 1456 4814 nominatam.
1492 4760 1841 4817 Gemmelaus

216 4857 275 4905 et
303 4849 494 4905 omnia
533 4848 600 4904 ad
632 4849 866 4904 eandem
898 4849 1297 4921 appendentia,
1320 4860 1374 4905 et
1404 4850 1512 4905 alia
1541 4853 1711 4907 multa
1734 4868 1839 4907 un-

213 4939 588 5012 decunquein
620 4948 832 5012 partem
858 4940 943 4995 vel
983 4947 1186 4996 sortem
1218 4958 1372 4997 suam
1399 4941 1526 5013 jure
1565 4943 1841 5000 heredita-

215 5029 289 5085 tis
314 5028 573 5085 cedentia
600 5029 689 5082 ⁸η,

287 5120 344 5175 5.
376 5118 456 5172 Ad
493 5118 597 5174 hoc
633 5133 775 5189 opus
827 5117 974 5173 felici
1014 5118 1262 5190 auspicio
1314 5118 1597 5191 inceptum
1623 5120 1836 5176 anima-

214 5209 384 5264 batur
403 5222 515 5262 non
545 5207 724 5262 solum
755 5205 1060 5262 divinitatis
1090 5207 1288 5280 gratia,
1321 5209 1419 5263 sed
1465 5208 1632 5263 etiam
1664 5210 1832 5266 nobi-

212 5297 439 5352 lissimae
469 5302 525 5352 et
542 5295 1017 5351 christianissimae
1048 5296 1184 5352 avie
1214 5312 1329 5352 suae
1360 5297 1519 5353 Gislae.
1550 5297 1642 5370 pia
1674 5299 1833 5356 coni-

211 5391 440 5459 ventia,
492 5406 615 5463 quae
659 5390 1039 5447 dulcissimum
1107 5402 1370 5464 nepotem
1426 5409 1587 5450 suum
1639 5395 1836 5452 videns

1941 4669 2019 4723 vit
2046 4668 2114 4702 ⁸³³
2146 4669 2216 4723 de
2244 4668 2434 4723 mundi
2476 4669 2636 4739 hujus
2668 4669 2977 4741 naufragio.
3010 4676 3065 4722 et
3103 4667 3324 4722 tandem
3354 4668 3562 4738 potitus

1940 4758 2279 4814 monachicae
2334 4757 2539 4829 quietis
2579 4766 2740 4829 portu
2780 4758 2849 4792 ⁸³0
2894 4757 3191 4812 anchoram
3244 4755 3562 4812 stabilitatis

1940 4848 2009 4903 de
2039 4847 2147 4903 alto
2178 4846 2415 4918 pectoris
2441 4846 2526 4901 sui
2561 4846 2692 4917 jecit
2730 4846 2786 4901 in
2817 4846 3127 4905 claustralis
3165 4846 3230 4881 ⁸³¹
3272 4846 3399 4901 vitae
3427 4862 3558 4918 pro-

1939 4940 2131 4997 fundo.
2166 4939 2395 4995 Videbat
2415 4940 2561 4994 enim
2594 4939 2743 5011 quod
2762 4955 3031 5012 nusquam
3059 4938 3190 4993 alibi
3235 4938 3404 4994 tutius
3441 4954 3564 5010 per-

1939 5033 2150 5107 fugium
2204 5039 2351 5088 esset
2390 5031 2626 5106 fugienti
2685 5047 2715 5086 a
2765 5031 2955 5086 mundi
3020 5031 3295 5103 periculo,
3336 5046 3459 5085 cum
3502 5031 3561 5086 in
3641 5061 3650 5068 -

1939 5125 2196 5181 claustris
2223 5123 2543 5180 monasterii
2574 5123 2643 5159 ⁸³²
2674 5124 2882 5179 heremi
2907 5138 3018 5179 non
3046 5123 3191 5178 desit
3219 5121 3484 5189 solitudo,
3507 5114 3563 5177 et

1935 5218 1981 5273 si
2021 5233 2187 5288 quem
2233 5216 2419 5289 aliquo
2469 5215 2633 5272 modo
2675 5215 2964 5272 diabolicae
2994 5214 3327 5271 incursionis
3376 5213 3562 5270 titillet

1938 5309 2283 5383 inquietudo,
2337 5316 2520 5379 presto
2560 5309 2703 5363 adsit
2763 5318 2978 5381 promta
3019 5308 3274 5363 fraterna:
3304 5306 3556 5363 consola-

1935 5399 2104 5455 tionis
2132 5397 2413 5455 fortitudo.
2448 5397 2680 5453 Videbat
2708 5399 2874 5454 etiam
2905 5397 3054 5469 quod
3088 5412 3200 5453 non
3231 5394 3395 5451 altius
3420 5409 3556 5466 pos-

1573 5504 1794 5562 VARUE
1819 5506 2201 5564 LECTIONES.

284 5598 353 5675 ’ξι
372 5604 598 5675 ‘alete.
633 5607 690 5654 et
717 5614 767 5653 a.
797 5600 953 5675 initio
986 5601 1154 5675 Lf”
1180 5603 1307 5658 hinc
1334 5603 1356 5657 1
1399 5603 1488 5675 1ι4
1518 5606 1661 5660 linea
1690 5621 1847 5662 erasa
1862 5610 1960 5661 est.
1992 5608 2044 5660 1.
2107 5604 2178 5639 ⁸²³
2208 5618 2378 5673 supra
2406 5601 2465 5655 in
2490 5603 2767 5675 sertum}.
2798 5601 2975 5675 “muli
3004 5615 3172 5670 supra
3199 5601 3475 5675 insertum
3500 5595 3552 5675 1.

208 5670 280 5743 ξπ
305 5669 331 5723 1
369 5668 459 5740 2ι3
490 5671 644 5743 lineae
676 5685 845 5724 erasin
876 5673 923 5725 1.
1041 5672 1111 5705 ⁸³⁸
1139 5688 1403 5743 superscr.
1438 5668 1500 5731 ’1.
1549 5677 1599 5731 2.
1633 5678 1775 5733 deest
1802 5680 1851 5733 3.

209 5742 324 5824 loco
361 5756 488 5866 retis;
514 5741 564 5795 1.
601 5757 689 5796 ma
723 5756 898 5810 supra
920 5758 1136 5800 erasum
1161 5741 1393 5801 videtur.

210 5826 393 5866 mser:
486 5852 499 5866 .

210 5826 418 5868 ιηδεηι
445 5826 499 5867 2.

1499 5747 1569 5782 ⁸³0
1597 5750 1685 5817 115
1724 5750 1867 5805 linea
1903 5763 2066 5805 erasa
2096 5748 2145 5802 1.

2663 5672 2731 5706 "3
2755 5671 2985 5726 bibebat
3015 5666 3152 5725 corr.
3193 5686 3236 5722 r.
3270 5669 3322 5720 1.
3408 5666 3476 5699 ⁸³9
3495 5668 3554 5717 in

2950 5738 3019 5776 ⁸³³
3050 5742 3196 5799 locus
3224 5750 3381 5791 rasus
3419 5735 3469 5786 1.
3494 5738 3550 5785 et

1980 5677 2048 5711 “7
2084 5676 2169 5730 hic
2202 5690 2309 5729 vom
2342 5687 2497 5727 erasa
2531 5674 2578 5726 1.

2260 5746 2325 5780 ⁸³³
2357 5759 2460 5798 cau
2477 5758 2617 5798 corr.
2649 5743 2771 5798 clau
2796 5743 2845 5796 1.
