3930 6204
371 297 474 353 667

1600 296 1940 351 SlGEBERTl
1982 294 2493 351 GEMBLACENSIS.

3611 306 3726 361 668

369 430 452 477 set
481 425 800 491 ascendere,
832 425 876 479 si
910 434 1096 496 posset
1140 426 1293 480 illum
1340 425 1624 501 religionis
1647 426 1877 500 gradum
1904 430 1987 479 at-
2013 427 2063 495 Α
2090 422 2352 493 patebant
2381 424 2635 495 luporum
2676 424 2956 481 morsibus
2994 426 3276 484 dominico
3306 429 3439 484 ovili
3488 429 3727 491 inclusit

368 514 603 587 tingere,
631 516 695 569 ad
729 532 891 587 quem
930 516 1079 570 omni
1111 516 1335 588 quidem
1372 516 1553 572 ordini
1595 516 1983 571 :ecclesiastico

370 606 634 677 omnique
672 615 904 662 terrente
953 608 1206 678 potestati
1256 608 1419 664 liceat
1472 608 1758 672 accedere,
1800 623 1830 661 a
1876 623 1984 678 quo

373 701 508 755 nulli
540 702 768 756 omnino
801 703 949 758 nulla
985 703 1212 757 omnino
1260 703 1328 737 ⁸³³
1367 702 1658 757 occasione
1698 702 1861 755 liceat
1892 702 1989 754 im-

376 812 521 865 pune
552 797 835 851 recedere.
886 798 1155 851 Praeterea
1194 797 1276 850 vir
1310 797 1553 867 prudens
1600 802 1727 850 ante
1757 803 1811 849 et
1844 802 1987 849 retro

373 886 641 951 oculatus,
685 887 819 941 nihil
861 894 1066 942 temere
1108 894 1160 942 et
1200 887 1504 958 improvide
1548 887 1649 940 sibi
1711 887 1984 958 agendum

375 990 501 1030 esse
531 978 850 1033 attendebat
876 978 1215 1050 diligentius.
1252 978 1315 1032 Ut
1345 977 1492 1031 enim
1521 976 1726 1031 athleta
1749 976 1988 1030 stadium

378 1065 658 1139 ingressus
704 1068 937 1123 sollicite
977 1068 1298 1139 qualitatem
1335 1067 1441 1122 loci
1479 1066 1873 1137 circumspicit,
1920 1082 1989 1119 ne

377 1158 522 1226 quod
553 1156 941 1213 oﬂ'endiculum
985 1158 1093 1212 sibi
1126 1158 1390 1232 pugnanti
1423 1158 1507 1213 vel
1551 1158 1795 1212 currenti
1822 1157 1987 1222 obsit,

378 1247 450 1299 ita
477 1254 530 1300 et
562 1247 651 1301 hic
671 1257 856 1301 noster
882 1248 1087 1301 athleta
1120 1247 1551 1318 oportunitatem
1584 1253 1638 1301 et
1669 1246 1987 1317 qualitatem

376 1336 481 1391 loci
526 1338 617 1391 ubi
650 1340 990 1409 prepositum
1022 1356 1181 1395 suum
1211 1355 1406 1394 secure
1438 1347 1811 1409 exequeretur
1834 1345 1991 1392 caute

377 1426 633 1497 dispexit.
682 1429 890 1483 scilicet
922 1430 1014 1483 ubi
1073 1446 1177 1484 nec
1207 1429 1519 1502 indulgeret
1548 1427 1653 1482 sibi
1701 1426 1995 1497 disciplina

378 1522 682 1585 remissior,
707 1539 809 1576 nec
833 1540 929 1593 pro
953 1524 1152 1579 intuitu
1187 1533 1331 1579 nota:
1350 1522 1655 1577 nobilitatis
1679 1522 1819 1576 male
1843 1522 1996 1575 blan-

377 1609 591 1665 diretur
614 1612 717 1665 sibi
748 1613 1167 1668 honorificentia
1207 1612 1530 1683 impensior.
1564 1612 1815 1666 Timebat
1846 1611 1994 1666 enim

381 1718 450 1755 ne
488 1703 593 1757 sibi
634 1704 910 1759 diceretur
957 1722 986 1759 a
1026 1706 1289 1761 Domino:
1344 1708 1561 1759 Utinam
1607 1705 1813 1758 calidus
1868 1718 2000 1758 esses

378 1798 479 1845 aut
500 1795 759 1861 frigidus!
785 1795 872 1847 sed
896 1798 1025 1863 quia
1055 1796 1259 1863 tepidus
1286 1810 1358 1861 es,
1392 1798 1651 1864 incipiam
1692 1802 1739 1848 te
1767 1809 2001 1848 evomere

378 1895 446 1935 ea:
474 1896 561 1935 ore
586 1897 697 1936 meo
724 1883 902 1952 (Apoc.
946 1885 1161 1951 111,15).
1204 1884 1452 1939 Timebat
1492 1883 1686 1950 etiam,
1732 1899 1824 1950 ne,
1858 1882 2001 1937 sicut

384 1967 474 2022 ille
503 1970 595 2039 qui
626 1979 813 2025 contra
844 1972 1063 2025 ﬂantem
1097 1982 1321 2027 ventum
1364 1973 1526 2028 ﬂores
1569 1978 1775 2041 portat,
1837 1972 2001 2026 etiam

387 2056 504 2127 ipse
528 2057 789 2113 inanitate
811 2061 877 2092 ⁸³³
901 2060 1157 2115 elationis
1181 2061 1425 2127 inﬂatus,
1452 2063 1713 2115 collectos
1744 2059 2000 2114 virtutum

390 2149 554 2203 ﬂores
586 2151 862 2219 perderet,
904 2159 957 2206 et
987 2152 1140 2223 quasi
1173 2153 1416 2224 pulveris
1446 2154 1705 2225 squalore
1762 2150 2004 2206 fwditate

391 2239 682 2308 apostasia:
710 2241 957 2295 serdcret
989 2251 1042 2295 et
1072 2243 1371 2297 caecutiret.

462 2332 516 2385 8.
548 2328 790 2399 Denique
819 2330 1075 2384 columba
1105 2330 1300 2384 Christi
1333 2331 1527 2385 nolens
1558 2329 1766 2384 diutius
1799 2328 2008 2384 involvi

394 2424 691 2477 mundanis
744 2425 1212 2493 ﬂuctuationibus,
1254 2425 1383 2480 dum
1437 2440 1547 2480 non
1596 2424 1871 2479 inveniret
1908 2423 2006 2477 ubi

394 2514 764 2586 requiesceret
794 2533 889 2587 pes
920 2518 1059 2588 ejus,
1113 2518 1249 2571 adiit
1283 2518 1502 2572 archam
1538 2524 1781 2588 paratam
1835 2532 1866 2570 a
1899 2516 2009 2571 Deo

396 2607 692 2662 multorum
723 2609 903 2673 saluti,
946 2610 1157 2665 scilicet
1208 2611 1499 2665 claustrum
1546 2608 1856 2665 Gorziensis
1888 2623 2001 2663 ca:-

397 2698 570 2752 nobii.
633 2700 689 2752 ld
723 2700 1037 2755 rcenobium
1064 2701 1192 2756 olim
1235 2701 1317 2755 vir
1359 2701 1545 2775 magni
1600 2700 1839 2755 nominis
1880 2700 2005 2770 Pip-

398 2790 511 2859 pini
544 2792 612 2824 ⁸³⁵
644 2793 790 2864 regis
828 2808 891 2846 ex
923 2808 1112 2847 sorore
1153 2809 1326 2863 nepos
1357 2792 1747 2868 Crodegandus
1780 2792 2008 2846 Metten-

397 2878 472 2932 sis
501 2879 794 2951 episcopus
824 2882 1143 2943 construxit,
1186 2890 1239 2935 et
1292 2883 1360 2936 ad
1400 2890 1666 2936 aeternum
1701 2880 2008 2935 sanctitatis

396 2990 511 3028 sua?
541 2975 939 3029 monimentum
972 2977 1041 3010 ⁸³⁵
1069 2977 1269 3046 Opibus
1300 2976 1513 3043 ditavit,
1554 2983 1610 3030 et
1654 2975 1800 3047 quod
1834 2975 2009 3043 majus

353 3087 369 3095 ο
398 3075 484 3121 est
515 3066 799 3141 religionis
828 3068 1001 3140 gratia
1044 3069 1321 3124 decoravit
1368 3068 1458 3139 (cf.
1498 3072 1668 3123 Vitam
1716 3070 2007 3136 Chrodeg.).
2038 3117 2079 3141 ἡ

400 3156 506 3209 Sed
537 3170 793 3226 processu
825 3158 1090 3228 temporis
1116 3158 1500 3212 crebrescente
1541 3158 1811 3211 bellorum
1853 3155 2010 3209 mali-

399 3246 502 3311 cia,
524 3255 578 3300 et
601 3263 699 3317 per
730 3248 844 3302 huic
864 3249 1221 3303 crudescente
1251 3247 1515 3304 malorum
1539 3248 1783 3314 miseria,
1808 3255 1861 3302 et
1882 3247 2011 3318 quia

404 3335 554 3406 legas
600 3335 764 3389 silent
808 3335 951 3389 inter
982 3353 1154 3403 arma,
1198 3337 1324 3391 ideo
1365 3336 1739 3391 invalescente
1791 3352 2012 3407 quaqua

402 3429 667 3477 terrarum
698 3423 983 3490 injustitia,
1015 3424 1175 3478 etiam
1211 3425 1284 3479 ibi
1313 3442 1410 3495 per
1441 3432 1623 3479 notam
1654 3424 1917 3495 temporis
1956 3432 2010 3480 et

403 3516 746 3584 pnelatorum
808 3516 1072 3571 incuriam
1144 3516 1450 3588 disciplinae
1518 3516 1784 3590 regularis
1851 3517 2017 3587 caepit

402 3606 638 3661 emolliri
670 3623 918 3662 censura.
960 3608 1153 3663 Ethzec
1180 3609 1424 3664 callestis
1454 3609 1548 3665 irae
1572 3610 1862 3681 permissio
1893 3617 2016 3665 tan-

402 3696 495 3750 diu
531 3697 851 3768 permansit,
906 3697 1084 3753 donec
1130 3699 1350 3753 tandem
1396 3699 1597 3754 divime
1640 3699 2017 3756 miserationis

402 3787 599 3841 oculus
625 3802 790 3855 super
833 3786 1205 3850 inhabitantes
1248 3795 1443 3843 terram
1490 3788 1800 3860 prospexit;
1837 3789 1931 3860 qui
1963 3796 2018 3845 et

404 3877 743 3933 infidelitatis
772 3879 1027 3933 tenebras
1053 3881 1275 3947 amovit,
1301 3887 1355 3936 et
1376 3881 1551 3936 lucem
1584 3881 1827 3935 veritatis
1859 3897 2019 3937 revo-

401 3970 560 4025 cavit.
591 3970 667 4024 Ad
710 3971 813 4025 hoc
844 3971 985 4025 inter
1037 3972 1242 4042 primos
1286 3988 1318 4026 a
1346 3972 1457 4027 Deo
1507 3972 1708 4026 missus
1738 3981 1821 4027 est
1851 3972 2010 4026 Adel-

401 4062 557 4128 bero,
597 4063 808 4134 primus
856 4063 1020 4133 hujus
1079 4064 1318 4119 nominis
1372 4064 1652 4118 Mettensis
1691 4063 2013 4134 episc0pus,

400 4155 493 4226 qui
525 4155 792 4212 nobilium
824 4156 1315 4211 christianissimus
1353 4164 1408 4210 et
1452 4156 1879 4211 Christianorum
1913 4173 2014 4212 no-

402 4242 706 4299 bilissimus
737 4276 797 4283 —
842 4254 958 4300 erat
995 4245 1202 4316 quippe
1239 4244 1404 4299 frater
1439 4244 1723 4299 Frithcrici
1757 4244 1917 4299 ducis
1948 4275 2015 4284 ~—

402 4332 456 4386 in
486 4332 588 4387 hoc
646 4332 882 4403 primum
923 4334 1009 4387 sui
1052 4333 1333 4405 regiminis
1373 4331 1526 4388 dedit
1579 4333 1925 4398 exercitium,
1959 4341 2018 4390 ut

400 4430 455 4479 et
475 4423 707 4478 seculari
736 4424 980 4494 potentia
1011 4432 1066 4479 et
1096 4424 1395 4495 episcopali
1438 4440 1671 4480 censura
1703 4425 2019 4481 exturbaret

399 4532 430 4571 a
468 4531 565 4570 sua
593 4515 800 4570 diocesi
828 4515 1263 4589 inreligiositatis
1291 4516 1495 4571 vicium
1544 4518 1714 4586 Hujus
1744 4518 1903 4574 bonae
1932 4519 2019 4573 in-

400 4605 665 4661 tentiOnis
691 4605 909 4661 oculum
954 4605 1252 4659 intendens
1282 4606 1519 4676 primum
1551 4623 1721 4677 super
1743 4607 2015 4663 monasti-

398 4714 515 4753 cam
539 4698 909 4771 disciplinam,
942 4698 1265 4753 elaborabat
1295 4715 1413 4754 eam
1448 4700 1517 4754 ad
1547 4700 1863 4770 apostolicae
1894 4701 2017 4755 vitae

400 4787 650 4861 redigere
673 4804 942 4844 normam.
980 4788 1040 4843 Et
1066 4788 1342 4859 incipiens
1369 4805 1400 4841 a
1431 4788 1622 4842 Gorzia
1651 4805 1774 4860 quae
1804 4790 2019 4845 caeteris

401 4878 749 4933 monasteriis
777 4886 893 4935 erat
923 4880 1271 4952 praestantior
1316 4880 1372 4933 in
1422 4896 1519 4934 sua
1561 4881 1872 4950 parrochia,
1920 4879 2014 4935 ubi

404 4968 665 5023 institutae
688 4969 969 5042 religionis
998 4970 1221 5041 vixipsa
1248 4970 1591 5042 apparebant
1619 4969 1872 5044 vestigia,
1904 4985 2016 5026 non

403 5057 558 5128 prius
583 5057 813 5125 destitit,
853 5074 1017 5129 quam
1048 5060 1388 5115 monachicae
1442 5060 1565 5115 vitae
1596 5059 1940 5131 professores
1986 5077 2019 5115 a

402 5147 591 5203 saeculi
617 5147 856 5205 vanitate
897 5158 1159 5207 retractos
1179 5159 1341 5207 rectae
1374 5152 1473 5208 via:
1503 5151 1763 5219 reddidit,
1806 5159 1861 5207 et
1890 5158 2019 5208 ante

406 5239 593 5296 omnia
664 5239 903 5295 radicem
949 5242 1216 5298 malorum
1282 5250 1336 5299 et
1375 5244 1571 5300 malam
1624 5245 2018 5301 monachomm

407 5346 721 5400 novercam,
775 5331 989 5387 scilicet
1051 5335 1442 5404 preprietatum
1490 5336 2017 5407 concupiscentiam,

407 5439 672 5479 mucrone
694 5423 956 5494 pastorali
977 5424 1225 5491 extinxit,
1256 5433 1310 5480 et
1331 5427 1423 5498 qui
1458 5427 1512 5481 in
1542 5429 1728 5483 saeculi
1748 5429 2023 5500 competis

2024 1746 2074 1813 Β

2090 514 2178 585 (cf.
2240 519 2412 571 Vitam
2450 520 2712 573 Johannis
2762 521 3100 590 Gorziensis).
3165 520 3553 577 Collaborabat
3610 522 3722 577 sibi

2088 612 2156 666 ad
2212 613 2314 668 hoc
2366 613 2488 683 pius
2528 613 2840 669 Gorziensis
2876 614 3051 671 abbas
3106 619 3443 691 Agenoldus,
3491 627 3725 675 restau-

2089 701 2274 755 randa":
2304 709 2505 756 sancta:
2545 702 2831 775 religionis
2886 704 3104 772 adjutor
3157 714 3489 776 oportunus.
3525 709 3726 780 Itaque

2089 793 2375 863 extirpatis
2399 795 2610 849 nocivis
2636 795 2914 850 radicibus
2945 796 3015 850 de
3044 797 3304 854 dominici
3329 800 3475 855 horti
3509 801 3726 865 areola,

2092 884 2433 940 Adelberone
2482 887 2745 958 episcopo
2803 888 3107 959 plantante,
3151 890 3434 963 Agenoldo
3477 893 3728 967 rigante,

2092 972 2200 1027 Deo
2254 982 2436 1030 autem
2477 975 2902 1046 incrementum,
2943 978 3128 1041 dante,
3181 980 3512 1035 crescebant
3552 981 3727 1037 solito

2091 1059 2318 1116 uberius
2343 1063 2604 1118 virtutum
2653 1064 2938 1135 plantaria.
2985 1067 3313 1139 Quicunque
3355 1084 3491 1141 ergo
3557 1070 3729 1125 abre-

2093 1152 2414 1209 nuntiantes
2445 1155 2633 1209 seculo
2664 1171 2831 1210 suave
2863 1154 3061 1210 Christi
3102 1157 3297 1229 jugum
3324 1159 3523 1213 tollere
3557 1159 3727 1214 vole-

2093 1242 2245 1308 bant,
2278 1258 2442 1313 quam
2480 1242 2642 1297 mites
2673 1250 2727 1297 et
2759 1244 2998 1298 humiles
3026 1245 3192 1299 corde
3226 1246 3486 1317 exemplo
3520 1246 3727 1301 Christi

2094 1348 2216 1386 esse
2240 1332 2529 1396 deberent,
2572 1332 2663 1386 hic
2694 1332 3037 1388 ediscebant.
3084 1334 3410 1406 Quicunque
3463 1350 3533 1389 ex
3586 1335 3734 1389 mili-

2096 1425 2197 1480 tari
2226 1424 2415 1480 habitu
2448 1425 2503 1479 in
2527 1426 2727 1480 timore
2760 1426 2975 1481 Domini
3008 1427 3389 1483 fortitudinem
3421 1445 3581 1483 suam
3601 1444 3734 1483 mu-

2097 1514 2305 1582 tabant,
2341 1516 2430 1571 hic
2464 1517 2619 1587 quasi
2674 1517 2729 1570 in
2760 1532 2954 1587 campo
3000 1517 3177 1572 divini
3212 1518 3469 1588 tyroeinii
3498 1518 3734 1589 experi-

2098 1615 2341 1662 mentum
2373 1608 2456 1662 sui
2489 1607 2802 1678 capiebant.
2833 1609 3156 1680 Quicunque
3196 1626 3262 1664 ex
3301 1610 3549 1665 clericali
3580 1616 3737 1665 sorte

2102 1699 2169 1753 ad
2201 1699 2453 1754 altiorem
2487 1698 2813 1753 humilitatis
2843 1700 3072 1773 gradum
3108 1700 3375 1771 optabant
3400 1700 3734 1767 ascendere,

2104 1788 2191 1844 hic
2221 1805 2345 1845 cum
2396 1789 2567 1845 Jacob
2609 1804 2721 1844 non
2772 1789 2827 1843 in
2882 1789 3091 1845 somnis
3139 1789 3237 1844 sed
3287 1805 3480 1844 revera
3525 1790 3735 1845 scalam

2104 1885 2274 1940 caelos
2302 1886 2663 1959 attingentem
2694 1886 3045 1940 merebantur
3065 1884 3276 1951 videre,
3306 1901 3407 1956 per
3431 1901 3598 1956 quam
3632 1901 3736 1940 an-

2102 1977 2255 2049 gelos
2268 1976 2633 2031 ascendentes
2650 1984 2704 2031 et
2716 1976 3119 2031 descendentes
3136 1976 3565 2046 possentvidere
3582 1976 3736 2046 (Gen.

2104 2068 2432 2137 xxvm,12).
2485 2068 2614 2123 Cum
2669 2082 2801 2141 ergo
2844 2067 2933 2121 hic
2976 2074 3159 2122 tantus
3188 2074 3392 2122 sanctae
3443 2066 3741 2139 religionis

2108 2158 2290 2214 fervor
2321 2166 2428 2213 tam
2464 2160 2625 2231 longe
2663 2168 2719 2213 et
2749 2166 2856 2213 tam
2889 2158 2997 2213 late
3039 2157 3238 2213 caloris
3269 2157 3354 2212 sui
3386 2156 3730 2212 diffunderet

2108 2250 2379 2313 ﬂammas,
2405 2251 2494 2305 hic
2514 2251 2581 2305 ad
2606 2250 2955 2322 disciplinam
2972 2251 3186 2306 Domini
3208 2249 3391 2305 omnis
3412 2248 3740 2305 conﬂuebat

2111 2340 2386 2407 nobilitas,
2411 2340 2594 2395 omnis
2620 2339 2881 2413 dignitas,
2911 2341 3093 2396 omnis
3123 2341 3243 2395 sine
3269 2354 3636 2411 personarum
3657 2340 3743 2393 di—

2111 2430 2386 2484 scretione
2404 2429 2673 2500 professio
2693 2429 3057 2485 concurrebat
3075 2436 3129 2484 et
3143 2437 3291 2484 aetas.
3314 2430 3426 2485 Nec
3441 2430 3737 2501 quisquam

2111 2522 2196 2579 vel
2249 2520 2462 2577 initium
2494 2521 2874 2578 conversionis
2902 2537 2960 2575 se
2991 2520 3255 2577 credebat
3296 2522 3621 2593 arripuisse,
3657 2534 3747 2587 cui

2113 2624 2223 2665 non
2254 2610 2563 2683 contigerat
2595 2609 2875 2664 Gorziensi
2928 2610 3116 2683 regula
3148 2609 3426 2665 initiatum
3461 2626 3612 2665 esse.
3650 2610 3743 2665 llic

2111 2701 2498 2757 inveniebatur
2530 2701 2614 2755 lac
2645 2701 2790 2771 quod
2826 2702 3086 2772 parvulus
3116 2709 3338 2776 sugeret
3367 2702 3459 2768 ⁸³⁷,
3494 2702 3586 2756 hic
3611 2703 3744 2757 soli-

2111 2796 2214 2848 dus
2245 2793 2404 2863 panis
2434 2808 2605 2863 quem
2645 2791 2922 2862 perfectus
2976 2793 3283 2855 manderet,
3331 2800 3385 2847 et
3424 2793 3735 2864 aliquando

2109 2885 2265 2958 quasi
2294 2885 2476 2939 nutrix
2530 2884 2583 2938 in
2616 2898 2819 2955 corpus
2875 2900 3034 2940 suum
3068 2885 3367 2953 trajiceret,
3398 2891 3457 2939 ut
3512 2892 3570 2939 et
3610 2885 3744 2941 alios

2114 2976 2279 3031 rudes
2302 2974 2384 3028 vel
2414 2971 2664 3028 infirmos
2687 2974 2815 3028 inde
2838 2982 3105 3044 pasceret.
3145 2974 3291 3028 Inter
3316 2988 3413 3029 eos
3437 2974 3528 3028 hic
3560 2981 3746 3031 noster

2115 3075 2379 3140 patronus
2403 3067 2714 3122 Wicbertus
2746 3068 2813 3101 ⁸³⁸
2844 3083 2955 3124 non
2979 3068 3185 3123 ultimae
3221 3068 3553 3137 nobilitatis,
3576 3069 3743 3125 immo

2115 3173 2225 3213 non
2280 3155 2487 3210 ultima:
2538 3155 2867 3209 humilitatis
2924 3164 2979 3211 et
3032 3157 3335 3211 sanctitatis
3398 3158 3602 3227 spiritu
3653 3159 3743 3213 Dei

2113 3257 2313 3325 agente
2344 3258 2427 3303 est
2453 3248 2743 3314 adductus,
2778 3257 2837 3303 ut
2869 3250 2961 3320 qui
2989 3249 3102 3317 jam
3144 3250 3353 3305 dudum
3387 3251 3741 3306 renuntiave-

2116 3349 2203 3397 rat
2233 3341 2348 3396 suis
2377 3340 2635 3395 omnibus
2693 3340 2782 3395 hic
2810 3342 2971 3395 etiam
3004 3341 3333 3412 sibimetipsi
3379 3343 3740 3405 renuntiaret,

2114 3441 2172 3487 ut
2205 3432 2415 3488 Christo
2444 3431 2740 3504 perfectius
2792 3433 3102 3487 adhereret.
3137 3432 3230 3505 [Se
3286 3433 3466 3503 ipsum
3520 3450 3656 3507 ergo
3686 3442 3737 3489 et

2118 3537 2313 3577 omnes
2364 3536 2504 3592 quos
2562 3520 2772 3575 Christo
2830 3520 3179 3576 lucrifccerat
3217 3523 3517 3577 venerandi
3577 3523 3740 3592 patris

2119 3609 2385 3683 Agenoldi
2418 3610 2769 3665 committens
2801 3608 3075 3676 manibus,
3104 3610 3410 3665 adhcrebat
3449 3611 3502 3665 ei
3529 3612 3739 3666 studio-

2118 3701 2252 3765 sius,
2288 3706 2343 3754 et
2372 3698 2440 3753 ab
2477 3714 2574 3753 ore
2629 3699 2748 3767 ejus
2779 3698 3057 3769 pendebat
3087 3698 3374 3766 intentius,
3426 3706 3621 3771 utpote
3652 3701 3739 3771 qui

2119 3808 2185 3846 ex
2215 3791 2468 3846 doctrina
2499 3790 2620 3859 ejus
2675 3806 2786 3846 non
2826 3790 2977 3846 solus
3026 3790 3175 3860 pasci
3225 3790 3487 3858 habebat,
3537 3792 3635 3847 sed
3690 3800 3742 3847 et

2120 3881 2291 3936 micas
2314 3897 2378 3935 ex
2411 3898 2477 3936 ea
2509 3880 2760 3936 collectis
2800 3896 2899 3951 per
2915 3895 2972 3935 se
3014 3879 3206 3935 Christi
3238 3881 3577 3952 pauperibus
3605 3881 3740 3936 ferre

2118 3972 2405 4047 satagebat
2468 3972 2529 4026 Et
2559 3981 2618 4026 ut
2645 3971 2701 4025 id
2731 3971 2800 4026 ad
2823 3970 2971 4042 quod
3003 3979 3229 4027 venerat
3258 3970 3588 4044 diligentius
3619 3988 3742 4026 exe-

2115 4071 2397 4137 queretur,
2442 4062 2784 4135 singulorum
2824 4063 3029 4137 gratias
3074 4061 3327 4116 sollerter
3370 4054 3731 4134 contempla-

2118 4155 2297 4221 batur,
2340 4161 2394 4207 et
2432 4152 2640 4223 aliquid
2671 4151 2801 4206 inde
2830 4151 2897 4204 ad
2928 4167 2987 4205 se
3022 4151 3201 4220 ipsum
3240 4148 3496 4217 trajicere
3527 4150 3735 4204 niteba-

2118 4253 2222 4302 tur.
2257 4243 2621 4299 Erudiebatur
2641 4242 2786 4297 illius
2816 4242 3102 4313 patientia,
3135 4240 3550 4297 accendebatur
3582 4242 3735 4297 istius

2118 4336 2312 4393 orandi
2367 4335 2646 4402 instantia,
2698 4335 2924 4389 alterius
2977 4333 3351 4389 delectabatur
3393 4332 3729 4389 obedientia.

2122 4432 2285 4487 Istius
2316 4430 2705 4495 humilitatem,
2738 4429 2885 4483 illius
2916 4427 3235 4483 imitabatur
3259 4425 3639 4481 sobrietatem.
3683 4427 3736 4481 lu

2123 4526 2227 4580 hoc
2256 4523 2445 4579 activae
2465 4522 2590 4577 vitae
2624 4521 2891 4588 laborem,
2920 4520 2978 4575 in
3005 4520 3099 4574 illo
3127 4518 3619 4590 contemplationis
3648 4519 3735 4574 mi-

2119 4614 2340 4668 rabatur
2366 4612 2639 4667 ardorem.
2675 4609 2866 4665 Fiebat
2896 4609 3128 4680 perinde
3167 4608 3235 4642 ⁸³⁵³
3285 4606 3425 4663 miro
3465 4608 3653 4675 modo,
3683 4617 3736 4663 ut

2119 4704 2248 4757 dum
2292 4703 2412 4772 ipse
2442 4701 2512 4755 de
2536 4699 2880 4771 singulorum
2919 4697 3217 4753 virtutibus
3246 4696 3460 4768 aliquid
3492 4695 3737 4767 decerpit

2120 4794 2267 4867 quod
2301 4792 2408 4847 sibi
2440 4792 2511 4846 sit
2542 4806 2639 4863 pro
2664 4790 2941 4860 exemplo,
2975 4789 3095 4859 ipse
3125 4788 3278 4843 solus
3309 4787 3574 4842 omnibus
3601 4793 3735 4841 esset

2118 4881 2390 4953 exemplo.
2420 4879 2482 4934 Ut
2513 4880 2660 4934 enim
2692 4878 2995 4934 secundum
3028 4877 3338 4933 Salomonis
3363 4876 3733 4947 proverbium,

2115 4979 2327 5044 ferrum
2366 4974 2509 5040 ferro
2545 4974 2785 5037 acuitur,
2835 4970 2909 5026 ita
2948 4970 3086 5027 alter
3134 4969 3203 5024 ab
3254 4969 3429 5024 altero
3484 4969 3559 5024 ad
3600 4968 3731 5023 bene

2118 5066 2392 5141 agendum
2420 5063 2814 5129 exacuebatur,
2847 5070 2899 5119 et
2943 5069 3004 5118 ut
3033 5065 3185 5117 homo
3222 5060 3515 5117 confundit
3546 5062 3732 5128 faciem

2120 5159 2286 5212 amici
2337 5156 2426 5210 sui
2453 5152 2628 5222 (Prov.
2686 5168 2854 5219 xxvn,
2895 5152 3002 5218 17),
3054 5152 3128 5206 ita
3158 5156 3215 5204 et
3252 5166 3349 5205 eos
3371 5148 3463 5220 pia
3492 5148 3730 5204 fraterna:

2120 5244 2489 5301 aemulationis
2538 5241 2793 5297 movebat
2831 5238 3102 5305 confusio,
3159 5237 3267 5293 nisi
3317 5238 3458 5293 alter
3512 5238 3730 5295 alterum

2122 5337 2308 5410 quiret
2330 5335 2550 5391 imitari.

2187 5417 3732 5483 9.1........,.....“°.

1757 5552 1976 5607 VARIIE
2014 5547 2393 5608 LECTlONES.

1009 5645 1077 5680 ⁸³⁸
1104 5648 1347 5704 uanitate
1384 5650 1437 5705 εὶ.
1499 5650 1550 5707 3.

480 5649 548 5684 ⁸³³
578 5648 798 5706 penitus
836 5645 890 5702 3.

576 5667 798 5721 penitus
836 5667 890 5702 ο.
999 5667 1077 5725 ,νυν
1104 5667 1347 5704 uanitate
1384 5667 1437 5705 κ.
1499 5667 1550 5707 3.

606 5721 657 5779 3,
789 5718 859 5754 ⁸³9
890 5719 1149 5790 ρῐόιῐιόθξ.
1186 5719 1240 5774 3.
1303 5736 1365 5774 σω
1419 5736 1553 5775 corr.

411 5723 460 5778 1.
510 5721 562 5776 2.
606 5721 657 5779 3.

1669 5652 1737 5686 ⁸³⁵
1768 5651 1949 5722 Pipini
2000 5652 2052 5708 2.
2108 5652 2159 5707 3.

1688 5723 1758 5757 διο
1788 5717 1909 5793 ipse
1952 5739 2120 5793 usque
2184 5718 2548 5792 apostolicum
2628 5721 2689 5772 in
2765 5719 2874 5773 loco
2938 5729 3061 5770 raso
3131 5717 3177 5767 t.

3253 5648 3373 5696 cret
3405 5639 3461 5695 2.
3586 5642 3729 5695 83"ita

2293 5647 2363 5681 ⁸³⁸
2391 5652 2806 5701 monumentum
2835 5644 2887 5700 εὶ.
2927 5644 2978 5699 3.
3014 5642 3080 5676 ⁸³⁷
3110 5648 3373 5715 suggeret
3405 5642 3461 5695 2.
3586 5642 3727 5695 83"ita

2295 5718 2548 5768 stolicum
2628 5721 2689 5768 in
2765 5719 2874 5768 loco
2938 5729 3061 5768 raso
3131 5717 3177 5767 1.
3277 5715 3348 5768 Et
3390 5714 3600 5768 excidit
3646 5712 3727 5766 hoc
