3930 6204
415 330 515 385 671
1628 344 1971 402 SIGEBERTI
2020 343 2532 402 GEMBLACENSIS.
3652 339 3765 404 672

416 472 607 512 aurem
663 460 898 518 advertit
952 472 1253 539 gratanter,
1301 474 1354 524 et
1402 472 1725 542 petitionem
1776 473 2023 529 ﬁdelium
2053 480 2100 547 Α
2128 488 2333 548 genere
2381 479 2435 528 et
2464 471 2672 528 divitiis
2712 473 3016 541 eminebat,
3060 474 3219 573 cujus
3251 473 3614 573 nobilitatem
3651 475 3767 576 alia

418 547 608 576 τηις-μη
645 552 854 576 ...ιλιηιμ
918 554 1206 576 ,πμ----Λιμκ
1302 561 1313 576 ι
1453 562 1483 576 ι.
1613 564 1623 573 -
2011 565 2021 575 ι
2205 562 2321 576 uno.
2546 562 2557 576 ι
2621 568 2630 576 .
2749 562 2759 573 ο
2865 561 2876 572 ο
3010 562 3044 576 πη.
3228 564 3241 576 ι

418 547 610 603 Christi
645 552 858 622 accepit
913 554 1229 629 dignanter.
1288 561 1490 615 Annuit
1536 564 1683 617 enim
1747 565 2026 620 communi
2131 547 3769 667 nobilitasaugebat—eiquippeReinuidisgermananobt-

420 637 784 667 nnlnl:nA-u-n\
812 644 1035 667 .m....:|:..
1089 655 1132 667 ,ι
1161 649 1328 667 μ-γνᾼι-
1374 665 1413 667 _,
1476 666 1479 667 ,
1538 652 1569 667 -.
1650 652 1683 667 ιο
1727 663 1734 667 .
1878 662 1886 667 .
1982 663 1989 667 .
2131 656 2164 667 ι.
2233 656 2244 667 .
2312 656 2321 666 .
2460 656 2471 666 .
2548 656 2557 665 .
2747 663 2756 667 -
2797 655 2808 667 .
2842 655 2922 667 ην.
2963 656 2976 667 .
3072 656 3102 667 ,.
3228 656 3239 667 .
3399 665 3405 667 .

419 637 784 707 palatinorum
808 644 1061 711 consilio,
1084 655 1137 700 et
1161 649 1331 722 regali
1362 652 1575 706 censuit
1596 652 1799 721 edicto,
1832 662 1893 710 ut
1916 663 2031 710 rata
2130 656 2325 711 lissimi
2352 656 2591 712 senioris
2638 655 2811 711 uestri
2842 655 3105 711 Wicberti
3150 656 3412 711 nubserat
3443 688 3513 697 -
3544 657 3643 759 hic
3679 674 3767 712 tn-

420 734 471 759 ηι
529 729 846 759 ςηηηη....1,.η
897 750 1243 759 ---__a__-e-.
1297 757 1320 759 η
1346 757 1356 759 _
1441 742 1474 759 ιι
1572 743 1603 759 η
1799 745 1809 759 ι
1988 747 1998 757 .
2135 748 2146 759 .
2227 748 2303 759 λλ.
2423 749 2434 759 .
2495 748 2528 759 ε.
2697 748 2708 758 .
2792 754 2801 759 .
3051 748 3062 758 .
3087 748 3143 759 ι..
3194 748 3222 759 Α.
3411 749 3421 759 .

420 734 475 783 et
529 729 850 787 inconvnlsa
897 750 1246 805 permaneret
1296 742 1511 797 novella
1570 743 2032 802 Gemmelaceusis
2129 748 2357 817 justitiae
2384 748 2568 821 gladio
2596 748 2897 814 accinctus,
2937 748 3257 819 cupiditatis
3286 749 3457 803 armis
3484 747 3764 819 confisus,

419 817 659 871 cmuobii
705 824 1062 891 constructio,
1115 834 1167 881 et
1214 829 1475 900 quicquid
1518 830 1596 886 illi
1654 833 1915 888 aecclesitc
1965 835 2033 890 ab

420 903 541 975 ipso
584 906 787 964 domno
837 911 1111 970 Wicbcrto
1144 917 1228 971 vel
1279 920 1445 973 etiam
1485 918 1716 977 aliorum
1748 926 2037 980 venerabi-

418 992 561 1053 lium
590 1002 833 1057 virorum
860 1005 1151 1080 largitione
1182 1010 1356 1067 fuerat
1385 1029 1732 1085 concessum,
1760 1026 1819 1074 ut
1848 1021 2033 1076 nullus

424 1089 728 1147 inﬁdelium
768 1096 851 1151 vel
881 1098 1080 1172 aliquis
1122 1102 1387 1158 heredum
1439 1106 1557 1174 ejus
1597 1109 1902 1185 infringere
1933 1129 2033 1167 au-

2138 844 2334 899 clamat
2363 843 2864 898 Gemmclacensem
2916 843 3110 899 fiscum
3144 843 3483 900 hereditaria
3520 844 3654 920 lege
3699 862 3769 901 ex

2140 931 2489 988 matrimonio
2517 932 2701 989 uxoris
2733 948 2845 987 suae
2879 932 3143 987 Renuidis
3167 933 3235 968 35‘
3265 933 3372 988 sibi
3402 942 3767 1005 competere,

2142 1021 2362 1077 afﬁnem
2409 1037 2567 1076 suum
2608 1020 2946 1076 Wicbertum
2980 1038 3089 1077 non
3129 1022 3381 1095 legaliter
3415 1023 3620 1092 egisse.
3669 1027 3769 1097 qui

2134 1111 2237 1167 sub
2303 1117 2535 1182 optentu
2592 1111 2879 1185 religionis
2937 1127 3160 1166 uxorem
3210 1128 3385 1176 suam,
3435 1128 3768 1185 germanam

420 1180 547 1234 deat
576 1183 801 1238 omnino
833 1195 917 1241 est
958 1188 1330 1249 interdictum.
1373 1195 1605 1267 insuper
1658 1180 1925 1271 permissa
1953 1210 2036 1257 est
2136 1203 2351 1258 scilicet
2409 1201 2578 1268 illius,
2632 1201 2869 1256 voluerit
2928 1201 3134 1273 injuste
3196 1203 3561 1259 exheredare.
3626 1202 3768 1260 Con-

422 1268 502 1321 eis
533 1276 773 1338 potestas
810 1274 1133 1334 advocatum
1175 1289 1230 1336 et
1279 1284 1587 1355 regularem
1616 1268 1867 1344 abbatem
1906 1307 2028 1345 cum
2140 1298 2346 1363 tempta
2376 1305 2508 1365 ergo
2538 1290 2844 1361 imperialis
2872 1291 3036 1345 curiae
3062 1292 3409 1359 auctoritate,
3434 1300 3768 1365 contempto

422 1358 655 1429 imperio
685 1365 828 1439 regis
857 1368 1121 1442 eligendi,
1155 1375 1438 1431 castellum
1468 1382 1850 1450 construendi,
1882 1399 2032 1438 mer-
2133 1387 2447 1460 apostolicae
2500 1402 2748 1441 censurae
2788 1387 3160 1455 anathemate,
3215 1388 3425 1457 junctis
3463 1389 3573 1444 sibi
3614 1405 3770 1446 com-

418 1456 621 1515 οιῐυίην
681 1469 1060 1522 percussuram
1103 1473 1356 1529 monetae,
1410 1467 1732 1523 matheriam
1771 1469 2028 1526 faciendi.
2135 1456 2372 1549 plicibus
2400 1491 2512 1529 suae
2561 1474 2865 1546 iujustitiae,
2922 1490 3032 1529 nou
3089 1476 3243 1530 timet
3273 1477 3550 1533 abbatiam
3608 1478 3770 1534 inse.

421 1540 540 1609 lpse
586 1541 738 1598 locus
790 1547 857 1599 ab
902 1550 1053 1604 omni
1101 1555 1348 1609 omnium
1403 1559 1627 1613 servitio
1662 1560 1921 1617 immunis
1950 1570 2032 1618 est
2132 1540 2310 1623 lenter
2360 1567 2641 1634 invadere,
2695 1574 2750 1621 et
2795 1566 3158 1622 substantiam
3200 1567 3427 1622 fratrum
3486 1569 3770 1625 violenter

420 1629 689 1698 redditus,
752 1634 806 1687 in
861 1636 1099 1707 civitate,
1161 1642 1214 1696 in
1252 1646 1499 1713 castello,
1544 1648 1597 1702 in
1653 1650 1802 1716 villa,
1862 1669 2032 1723 super
2132 1654 2398 1725 diripere.
2435 1656 2491 1709 In
2533 1652 2774 1709 officinis
2804 1654 3026 1710 claustri
3068 1655 3198 1727 equi
3250 1657 3622 1727 stabulantur,
3668 1674 3771 1731 per

417 1712 608 1792 aquas,
638 1723 695 1777 in
728 1728 1007 1796 pontibus,
1044 1731 1099 1787 in
1131 1737 1387 1792 omnibus
1427 1739 1646 1812 imperii
1685 1743 1768 1798 sui
1799 1745 1936 1799 locis
1960 1745 2027 1801 ab
2061 1791 2103 1820 η
2134 1748 2252 1803 loca
2311 1746 2647 1801 monachicae
2698 1746 2985 1802 solitudini
3042 1749 3413 1820 competentia
3465 1750 3771 1807 saeculares

1375 1791 1378 1792 ν
1550 1791 1646 1795 --η
1685 1791 1768 1798 __-
1799 1791 1935 1799 ,πη
1960 1791 2025 1801 ..η
2134 1791 2252 1803 ,νη
2312 1791 2647 1801 ...ν--.,ν-..ννν
2698 1791 2985 1802 unum...
3045 1791 3413 1820 w...,....-......
3465 1791 3770 1807 νων-...μνη

418 1791 568 1865 omni
601 1791 860 1873 theldneo
899 1827 952 1874 et
978 1822 1177 1880 tributo
1217 1836 1300 1882 est
1353 1791 1658 1898 absolutus,
1686 1836 1882 1907 sub.Mil
1912 1838 2029 1894 solo
2060 1791 2107 1857 Β
2133 1850 2382 1907 persona:
2411 1835 2601 1890 inclite
2631 1842 2927 1908 vagantur:
2971 1835 3169 1892 fratres
3224 1854 3323 1908 per
3356 1837 3591 1894 latibula
3640 1857 3770 1895 san-

420 1899 585 1973 regite
615 1901 957 1962 defensionis
986 1911 1292 1969 munimine
1322 1917 1605 1988 subjectus
1634 1922 1722 1977 ⁸⁵0.
1803 1899 1813 1907 ’
2132 1925 2326 1980 ctuarii
2359 1925 2857 1997 quomodocunquc
2907 1942 3030 1981 sese
3074 1932 3335 1992 tutantur,
3390 1935 3446 1984 et
3498 1928 3558 1983 in
3596 1938 3765 1985 tanta}

492 1988 578 2043 12.
614 1988 799 2046 Omnis
849 2011 935 2049 res
988 1997 1099 2066 jam
1158 2007 1461 2074 composita
1498 2008 1810 2077 videbatur,
1845 2015 2029 2069 omnia
2130 1988 2506 2076 tribulationis
2533 2020 2765 2076 articulo
2797 2021 3107 2076 subsidium
3130 2021 3333 2077 divinae
3367 2022 3596 2094 pietatis
3626 2041 3765 2096 prae-

415 2077 527 2146 jam
561 2079 617 2133 in
648 2088 767 2138 uno
810 2100 928 2140 esse
956 2091 1341 2161 credebantur,
1385 2098 1519 2153 nihil
1547 2116 1610 2155 ex
1664 2102 1849 2175 aliqua
1877 2115 2028 2176 Parte
2131 2115 2420 2171 stolautur.
2451 2115 2752 2170 Videbatur
2777 2132 2979 2188 nempe
3014 2117 3083 2152 ³⁵⁵
3134 2117 3424 2173 malevolis
3455 2118 3763 2199 implenda:

419 2176 768 2199 ...-..-_.-_.___
824 2182 859 2199 η
991 2185 1001 2199 .
1235 2192 1244 2199 .
1321 2192 1331 2199 .
1518 2197 1547 2199 μ
1588 2198 1591 2199 ν

419 2176 786 2234 metuebatur.
821 2182 895 2236 De
926 2185 1091 2242 rebus
1118 2192 1384 2248 :ecclesiae
1416 2197 1628 2253 traditis
1658 2208 1712 2255 et
1750 2201 1817 2256 de
1859 2202 2030 2258 Iiber—
2132 2207 2413 2276 injustitia:
2457 2213 2793 2278 oportunum
2851 2223 2974 2263 esse
3024 2214 3264 2279 tempus,
3332 2209 3463 2282 quia
3515 2196 3589 2246 εδδ
3648 2212 3767 2283 ipse

422 2269 529 2319 tate
573 2265 746 2336 ipsius
798 2269 901 2326 loci
948 2283 1095 2331 carta
1148 2283 1481 2354 conscripta,
1528 2286 1802 2358 imperiali
1846 2292 2028 2347 edicto
2130 2307 2354 2353 sanctus
2383 2298 2466 2354 vir
2517 2298 2829 2354 Wicbertus
2883 2301 3091 2355 mundo
3124 2301 3238 2370 jam
3279 2309 3551 2371 mortuus,
3603 2312 3663 2359 et
3691 2306 3759 2360 ab

422 2363 537 2411 erat
584 2358 923 2428 confirmata,
985 2376 1039 2423 et
1094 2373 1241 2426 anuli
1302 2374 1607 2448 imperialis
1662 2382 2028 2454 impressione
2130 2391 2211 2446 eis
2242 2391 2403 2466 longe
2432 2398 2695 2457 remotus,
2729 2401 3047 2448 excusserat
3068 2409 3175 2448 sea
3202 2394 3417 2449 cunctis
3450 2396 3766 2453 ratiociniis

416 2447 767 2504 auctorizata.
811 2451 938 2517 Quae
977 2461 1332 2518 auctorizatio
1383 2447 1529 2523 facta
1567 2477 1650 2525 est
1683 2472 2030 2530 sollemniter
2129 2447 2396 2537 mundani
2452 2482 2745 2548 tumultus;
2799 2500 2963 2554 porro
3022 2483 3197 2539 abbas
3261 2485 3518 2541 Erluinus
3566 2504 3767 2544 recens

421 2538 631 2607 Leodii,
684 2544 751 2597 12
791 2545 903 2601 Kal.
939 2548 1203 2615 Octobris.
1261 2572 1405 2614 anno
1437 2559 1731 2618 dominicm
1776 2565 2029 2621 incarua-
2129 2573 2306 2629 oculis
2348 2574 2612 2645 privatus,
2649 2575 3024 2631 restaurandis
3054 2576 3221 2632 rebus
3251 2578 3485 2649 perditis
3524 2581 3764 2650 putaba-

2348 2629 2362 2645 .
2600 2629 2612 2640 ,
2981 2629 3018 2631 η
3057 2629 3217 2632 -η
3251 2629 3481 2649 ,νν--τ--τ-
3525 2629 3733 2650 ,ν---η-

422 2629 588 2685 tionis
615 2633 738 2699 946,
761 2635 1063 2697 indictione
1094 2645 1147 2711 4,
1177 2649 1331 2723 regni
1360 2651 1780 2712 domniOttonis
1810 2658 1849 2711 Ι.
1881 2676 2028 2715 anno
2132 2670 2222 2718 tur
2244 2679 2365 2717 esse
2398 2662 2582 2717 minus
2612 2663 2865 2719 idoneus.
2915 2663 3013 2719 llic
3044 2664 3271 2720 sinister
3311 2681 3498 2721 rumor
3537 2674 3600 2720 ut
3634 2683 3762 2737 per-

417 2721 506 2789 “,
546 2725 856 2784 cathedram
909 2721 1273 2804 Trajectensis
1310 2744 1576 2801 {ecclesiae
1617 2758 1839 2822 regente
1882 2751 2030 2808 Uho-
2130 2758 2261 2813 culit
2308 2773 2468 2812 aures
2498 2758 2671 2814 sancti
2730 2758 2832 2813 viri
2883 2759 3041 2828 cujus
3095 2761 3443 2846 conversatio
3486 2761 3604 2831 jam
3648 2750 3765 2817 eral

420 2828 561 2846 nnnn
623 2817 688 2846 ΛΑ
723 2820 864 2846 1.....-
900 2825 1229 2846 --_.l!__-_-_.,',
1423 2834 1433 2843 -
1600 2837 1611 2846 .
1654 2838 1685 2846 ..
1987 2842 1996 2846 -

418 2828 581 2886 gone.
614 2817 691 2870 Ad
723 2820 866 2876 hanc
896 2825 1372 2886 confirmationem
1421 2817 1718 2907 imperialis
1743 2842 2031 2909 potestatis
2131 2846 2187 2901 in
2243 2846 2422 2913 ccelis,
2467 2847 2600 2918 quid
2641 2847 2691 2901 ei
2740 2854 2871 2902 tunc
2922 2847 3092 2904 fuerit
3128 2842 3320 2915 animi,
3363 2865 3472 2905 non
3505 2866 3650 2922 opus
3683 2860 3762 2907 est

419 2907 648 2962 access“
679 2911 841 2966 etiam
902 2920 1215 2986 Προδίοιίθω
1254 2925 1405 2980 sedis
1457 2932 1777 2998 δυοῐονίίδει
1837 2934 1966 2988 dum
1999 2951 2030 2989 a
2131 2955 2456 3010 expromere
2511 2940 2578 2973 ⁸⁵⁷
2610 2940 2814 2995 verbis.
2850 2939 2943 2995 Cui
2977 2942 3227 3013 quamvis
3280 2942 3574 3016 indignum
3606 2944 3758 3000 vide-

427 2995 711 3016 (5-..-.17-.-
875 3003 906 3016 _.
1065 3010 1075 3016 .
1146 3011 1155 3016 .

1767 2995 1773 2998 .
2204 2995 2218 3010 ,
2995 2995 3011 3013 ,
3284 2995 3292 2996 κ
3354 2995 3574 3016 ηκηκπ-
3619 2995 3728 3000 ην-

425 2995 723 3054 Benedic“)
767 3003 1004 3073 εθριίιηο
1065 3010 1227 3078 huius
1278 3017 1522 3072 nominis
1571 3037 1714 3091 papa
1744 3022 2027 3079 decretum
2132 3039 2284 3085 retur
2312 3030 2382 3084 de
2431 3030 2569 3086 stiva
2597 3031 2858 3086 dominici
2903 3033 3068 3087 aratri
3099 3032 3292 3088 oculos
3331 3041 3476 3090 retro
3521 3051 3758 3091 conver-

422 3099 523 3158 est,
546 3099 604 3147 ut
632 3101 745 3150 rata
772 3101 990 3155 essetin
1011 3113 1337 3176 perpetuum
1351 3111 1816 3172 Gemmelacensis
1838 3134 2021 3175 coeuo-
2051 3170 2096 3197 η
2120 3131 2256 3192 tere,
2290 3131 2343 3179 et
2371 3140 2535 3197 grave
2576 3135 2724 3180 esset
2743 3141 2801 3180 se
2826 3126 3116 3181 emeritum
3162 3127 3360 3182 militia
3400 3129 3550 3185 bello
3584 3147 3750 3185 mun-

418 3183 495 3237 bii
529 3199 833 3261 praerogata
863 3170 1203 3252 immunitas.
1246 3200 1532 3258 Decretum
1552 3215 1637 3261 est
1663 3208 1846 3273 etiam,
1878 3218 1936 3265 ut
1958 3212 2026 3268 de
2050 3170 2099 3239 Ο

422 3276 530 3332 alio
560 3284 898 3339 monasterio
933 3285 1007 3340 ibi
1038 3289 1209 3345 abbas
1238 3308 1346 3348 non
1378 3297 1761 3369 constituatur,
1793 3303 1891 3357 sed
1924 3304 2028 3375 ipsi

422 3369 565 3424 servi
584 3370 676 3426 Dei
694 3377 997 3432 secundum
1016 3383 1191 3436 sancti
1209 3384 1487 3443 Benedicti
1520 3391 1762 3466 regulam
1779 3395 2030 3452 viventes

419 3474 483 3513 ex
515 3476 612 3515 sua
652 3464 870 3535 pr0pria
910 3473 1336 3545 congregatione
1378 3464 1626 3535 abbatem
1661 3482 1899 3555 eligendi
1929 3501 2031 3556 po-

419 3551 672 3603 testatem
708 3552 967 3622 habeant,
994 3565 1048 3613 et
1076 3566 1135 3613 ut
1164 3561 1335 3617 abbas
1381 3564 1499 3636 ipse
1549 3551 1853 3645 privilegiis
1881 3551 2028 3628 sedis

417 3641 733 3709 apostolicae
786 3645 975 3702 infulis
1003 3650 1315 3722 decoretur,
1348 3666 1401 3711 et
1433 3665 1489 3712 ut
1521 3659 1699 3731 ipsum
1746 3641 2027 3720 monaste-

414 3728 552 3783 rium
587 3732 848 3805 subjuris
879 3736 1098 3795 dicione
1142 3751 1343 3800 sanctae
1380 3728 1638 3803 Romanae
1680 3750 1745 3785 ⁸⁶¹
1801 3764 2024 3823 aposto-

411 3820 532 3875 licae
588 3824 738 3879 sedis
780 3829 1159 3900 constitutum,
1230 3837 1436 3893 nullius
1477 3840 1702 3896 alterius
1760 3846 2022 3902 tecclcsire

404 3913 546 3981 juris
568 3915 882 3975 dicionibus
902 3922 1286 3995 submittatur;
1318 3929 1726 3989 interminando
1749 3952 1813 3989 ex
1839 3945 2023 3993 aucto-

409 4002 568 4058 ritate
598 4005 746 4062 beati
777 4008 921 4065 Pelri
972 4015 1349 4084 apostolorum
1382 4019 1668 4092 principis,
1710 4023 1812 4077 sub
1846 4024 2019 4080 divini

405 4094 773 4155 obtestatione
813 4101 1010 4171 judicii
1062 4123 1125 4162 ac
1176 4109 1372 4165 validis
1426 4114 1791 4171 anathematis
1848 4117 2018 4174 inter-

2129 3213 2286 3267 dante
2333 3212 2728 3268 sollicitudinis
2771 3213 2968 3268 iterum
3024 3214 3328 3283 involvere,
3384 3232 3495 3271 non
3543 3219 3754 3276 distulit

2130 3308 2312 3356 tamen
2346 3318 2445 3373 pro
2475 3302 2833 3357 consolandis
2871 3303 3134 3358 fratribus
3164 3304 3269 3359 iter
3297 3306 3754 3381 accelerare,.qui

2132 3406 2230 3461 pro
2260 3391 2369 3445 illis
2388 3397 2614 3461 paratus
2638 3398 2755 3447 erat
2786 3391 2949 3447 etiam
2973 3391 3212 3447 animam
3246 3410 3473 3465 ponere.
3518 3396 3755 3452 Veniens

2130 3502 2262 3561 ergo
2294 3486 2638 3541 desideratus
2662 3486 2728 3541 ad
2760 3487 3133 3543 desideratum
3162 3488 3344 3544 locum
3373 3490 3465 3561 qui
3501 3493 3751 3549 testimo-

2131 3577 2283 3632 nium
2312 3585 2430 3632 erat
2457 3594 2571 3633 suae
2604 3578 2938 3647 devotionis,
2966 3578 3154 3634 tristes
3175 3587 3229 3634 et
3255 3580 3534 3637 desolatos
3561 3583 3750 3640 fratres

2128 3668 2415 3725 confirmat
2469 3669 2657 3725 verbis
2712 3671 3096 3727 consolatoriis
3131 3713 3145 3739 ,
3204 3680 3259 3727 et
3315 3674 3517 3745 quibus
3571 3677 3748 3746 potuit

2127 3762 2297 3816 armis
2328 3762 2652 3817 humilitatis
2690 3769 2745 3818 et
2783 3764 3069 3819 modestia:
3122 3765 3361 3820 occurrit
3399 3766 3743 3837 adversariis,

2125 3858 2181 3906 et
2210 3849 2481 3905 feritatem
2515 3856 2570 3904 et
2611 3849 2971 3921 cupiditatem
3002 3866 3193 3905 eorum
3225 3851 3478 3925 mitigare
3531 3853 3746 3908 labora-

2122 3944 2216 3999 bat
2267 3944 2493 4000 monitis
2543 3945 2830 4001 suasoriis.
2889 3945 2969 3999 llli
3031 3946 3386 4016 praesentiam
3439 3948 3742 4004 sanctitatis

2121 4038 2242 4106 ejus
2300 4037 2703 4108 aliquantulum
2767 4038 3006 4104 reveriti,
3058 4044 3118 4093 ut
3183 4039 3334 4094 aliud
3385 4040 3635 4096 clausum
3687 4041 3737 4095 in

2120 4133 2343 4197 pectore
2372 4127 2519 4181 aliud
2564 4127 2620 4182 iu
2650 4126 2839 4202 lingua
2872 4134 3184 4198 promptum
3220 4128 3517 4195 habentes,
3556 4147 3737 4186 cesse-

406 4184 763 4255 dictionibus,
804 4198 863 4247 ut
892 4196 1041 4250 nulla
1070 4197 1367 4270 aliquando
1396 4202 1482 4258 vel
1509 4221 1672 4274 parva
1703 4208 1786 4262 vel
1818 4226 2017 4281 magna
2117 4184 2245 4277 runt
2267 4221 2337 4276 ad
2378 4227 2598 4291 tempus
2633 4184 2765 4289 θ]Ηέ
2796 4184 3084 4288 voluntati,
3127 4239 3185 4278 se
3221 4224 3424 4280 intuitu
3458 4224 3740 4282 affinitatis

406 4293 642 4347 persona
671 4281 878 4354 aliquid
910 4286 978 4341 de
1006 4288 1169 4345 rebus
1190 4291 1274 4345 vel
1307 4297 1753 4363 possessionibus
1772 4301 1839 4355 ad
1868 4301 2012 4359 idem

404 4372 797 4428 monasterium
830 4376 1237 4446 pertinentibus
1258 4381 1472 4439 auferre
1503 4387 1588 4442 vel
1610 4388 1854 4447 alienare
1870 4410 2016 4464 prm-

2121 4311 2242 4380 ejus
2268 4311 2336 4365 ab
2368 4311 2634 4382 injustitia
2669 4311 3101 4368 ista‘cessaturos
3128 4313 3384 4383 polliciti.

2187 4400 2273 4455 14.
2306 4399 2374 4434 ⁸⁵⁸
2401 4399 2542 4470 Sepe
2568 4399 2890 4455 nominatus
2916 4406 2970 4454 et
3000 4416 3136 4471 sepe
3163 4401 3546 4457 nominandus
3585 4404 3742 4461 nobis

402 4472 601 4520 sumat.
639 4465 750 4523 Hoc
787 4468 1051 4540 scriptum
1101 4488 1199 4542 per
1226 4490 1447 4532 manum
1506 4481 1782 4539 Bonefacii
1813 4486 2011 4541 notarii
2035 4474 2093 4549 D
2114 4487 2352 4544 domnus
2386 4465 2693 4543 Wicbcrtus
2718 4495 2823 4543 tam
2857 4488 3135 4563 gratiosus
3167 4488 3421 4558 fuitDeo,
3454 4498 3516 4547 ut
3543 4493 3741 4568 dignus

403 4556 700 4630 regionarii
721 4565 882 4632 atque
912 4563 1408 4624 scriniariisauctaa
1441 4571 1698 4629 Romanae
1730 4575 2015 4645 recclesiae,
2119 4579 2285 4636 fuerit
2333 4581 2499 4635 etiam
2583 4579 2901 4650 apostolicae
2946 4580 3362 4651 praedicationis
3409 4582 3737 4641 ministerio.

403 4647 588 4704 datum
644 4657 727 4705 est
790 4652 824 4706 8
880 4652 994 4708 Kal.
1047 4655 1246 4726 Aprilis
1323 4676 1423 4730 per
1493 4678 1689 4720 manus
1753 4666 2016 4737 Stephani
2119 4672 2262 4728 Gens
2289 4672 2566 4744 siquidem
2609 4647 2974 4745 Dngarorum',
3018 4689 3139 4744 quae
3197 4674 3533 4745 quibusdam
3561 4677 3741 4731 muni-

405 4741 650 4816 episcOpi
690 4761 753 4801 ac
797 4744 1207 4804 bibliothecarii
1249 4758 1451 4808 sanctae
1498 4755 1648 4812 sedis
1676 4758 2013 4828 apostolicae,
2116 4761 2348 4817 tissimis
2377 4759 2544 4815 clusis
2597 4766 2832 4826 remota,
2864 4775 2967 4815 nec
2997 4761 3067 4815 ad
3114 4762 3477 4817 meridianam
3531 4780 3635 4820 nec
3664 4766 3731 4820 ad

403 4847 549 4888 anno
581 4833 935 4904 pontificatus
966 4837 1155 4894 domui
1197 4840 1478 4897 Benedicti
1512 4843 1603 4899 Vll
1654 4862 1810 4916 papae
1841 4862 2012 4914 nono,
2115 4848 2519 4904 occidentalem
2548 4849 2763 4921 plagam
2797 4849 3037 4935 exeundi
3082 4849 3351 4906 habuerat
3401 4850 3737 4921 facultatem,

402 4922 711 4994 imperante
742 4927 935 4986 Ottone
966 4947 997 4986 a
1037 4931 1147 4988 Deo
1175 4941 1435 4990 coronato
1465 4952 1665 5009 magno
1693 4954 1757 4993 ac
1786 4937 2014 5009 paciﬁca
2117 4958 2218 5015 per
2267 4942 2552 4998 Arnulfum
2601 4943 2991 5014 imperatorem
3052 4944 3230 5016 ruptis
3285 4945 3459 5001 clusis
3519 4946 3735 5029 emissa,

404 5014 755 5086 imperatore,
787 5035 931 5076 anno
971 5022 1050 5090 16,
1093 5023 1298 5094 quiest
1335 5041 1513 5081 annus
1535 5026 1750 5082 Domini
1781 5028 1905 5083 953.
2115 5038 2330 5088 mortuo
2381 5031 2607 5088 Aruulfo
2656 5032 3011 5103 imperatore,
3069 5040 3235 5089 totam
3285 5034 3533 5134 Italiam,
3576 5042 3733 5134 totam

475 5105 544 5134 ΑΟ
599 5106 671 5134 In-
706 5108 1021 5134 .d:...--...l:__
1060 5131 1109 5134 μμ
1147 5116 1158 5126 ·
1183 5116 1196 5134 ι
1283 5126 1292 5134 .
1694 5120 1707 5134 1
2119 5122 2150 5134 η
2355 5121 2366 5132 ι
2553 5127 2562 5134 .
2631 5119 2651 5134 ρ
2823 5126 2833 5134 .
3045 5126 3055 5134 .

2116 5121 2462 5176 Germaniam
2511 5127 2570 5176 ut
2626 5119 2743 5175 fera
2820 5126 3125 5192 tempestas
3206 5120 3358 5177 vario
3419 5124 3735 5198 vastationis

405 5196 602 5265 ritatis,
635 5198 935 5271 derepente
963 5205 1241 5264 inhorruit
1262 5209 1492 5282 in0pina
1523 5211 1790 5268 immissio
1822 5213 2014 5269 diabo-
2115 5229 2320 5288 genere
2366 5213 2704 5306 depopulata
2733 5218 2817 5267 est
2868 5228 2969 5283 per
2998 5228 3174 5311 annos
3203 5213 3731 5313 circiterquinqua-

408 5285 527 5313 li...“
580 5292 921 5313 ι-.....,....-ιξ-
1013 5295 1064 5313 n-
1114 5297 1164 5313 η-
1191 5296 1203 5313 1
1351 5299 1390 5313 η
1461 5301 1492 5313 η
1636 5302 1650 5313 .
1788 5303 1800 5313 ε
1932 5304 1942 5313 .
2157 5302 2167 5313 .
2222 5310 2227 5313 .
2320 5302 2358 5313 η
2655 5309 2663 5313 -
2810 5306 2819 5313 .

407 5285 527 5342 lica?
580 5292 942 5359 tempestatis.
1012 5295 1296 5368 Siquidem
1351 5299 1722 5357 Heribrandus
1769 5303 1839 5358 de
1893 5304 2015 5361 vico
2116 5285 2289 5377 ginta.
2319 5302 2443 5357 Haec
2463 5302 2784 5375 gensetiam
2807 5306 3056 5371 tempore
3083 5300 3245 5376 primi
3272 5300 3488 5357 Ottonis
3509 5319 3729 5378 aggres~

404 5377 686 5438 Mainwolt
731 5382 820 5451 ⁸⁵³,
877 5386 968 5456 qui
1019 5387 1161 5444 inter
1199 5390 1414 5448 nobiles
1467 5394 1911 5466 Bratuspantium
1948 5396 2018 5432 ⁸⁵³
2118 5411 2178 5450 sa
2215 5395 2283 5431 ⁸⁸9
2317 5394 2749 5470 Lotharingiam,
2810 5393 3050 5449 deducta
3092 5401 3176 5448 est
3212 5409 3244 5447 a
3295 5395 3443 5451 duce
3494 5377 3731 5453 Conrado

1752 5502 1974 5556 VARIAS
2007 5500 2388 5557 LECTIONES.

479 5585 548 5621 3“
588 5602 652 5642 ac
676 5587 779 5642 sub
803 5586 856 5644 3.
945 5590 1014 5625 35°
1040 5608 1116 5648 m.
1142 5597 1226 5645 est
1263 5609 1307 5650 s.
1341 5596 1393 5653 3.
1470 5598 1535 5634 θδί
1565 5599 1629 5654 R.
1650 5607 1768 5654 eta.
1804 5600 1858 5655 2.
1941 5602 2010 5635 ⁸⁶²
2037 5599 2309 5657 Maviwolt
2358 5599 2412 5655 5.
2490 5599 2559 5635 “3
2580 5599 3033 5655 brabanteusium
3074 5600 3138 5654 2b
3262 5599 3331 5634 ⁸⁸⁵
3357 5599 3646 5655 Reinuidis
3676 5599 3727 5654 2.

404 5653 457 5763 ᾗ.
543 5658 613 5693 ⁸⁵⁸
638 5675 883 5786 nam‘que
912 5658 965 5715 3.
1053 5662 1123 5698 3‘5
1154 5677 1412 5731 quoniam
1444 5669 1495 5724 3.
1598 5653 1702 5706 ⁷⁸⁸ί⁷ί
1727 5653 2144 5742 exprimere
2165 5653 2171 5654 ί
2194 5653 2199 5655 ⁷
2222 5653 2527 5743 8‘5‘ire'tiqtta
2574 5653 2839 5742 usquead
2857 5653 3038 5737 ﬁnem
3059 5653 3278 5743 pagina:
3314 5653 3697 5729 iri

452 5729 473 5764 °
502 5745 724 5786 agressa
789 5774 801 5786 .

502 5745 724 5805 agressa
750 5745 801 5786 1.

475 5105 562 5161 13.
597 5106 676 5161 Ita
704 5108 1025 5180 aliquandiu
1054 5116 1334 5174 arridente
1370 5135 1568 5176 sereno
1607 5120 1745 5177 coelo
1784 5136 2016 5192 prospe-
