3930 6204
196 256 305 311 673

1602 259 1747 315 VITA
1791 258 2138 318 WICBERTI.

3432 285 3540 342 6⁸74

197 398 380 455 usque
431 382 502 437 ad
530 382 721 438 silvam
750 381 1158 452 Carbonariam,
1202 390 1258 440 et
1295 385 1497 443 virtute
1528 386 1624 444 Dei
1673 388 1818 460 apud
1844 393 1899 459 Α
1921 406 2083 446 sonus
2106 393 2311 448 karitas
2343 403 2438 464 est,
2466 398 2635 454 dulcis
2659 416 2741 458 res
2769 410 2821 458 et
2849 405 3173 467 delectabili:
3202 417 3406 472 caritas
3437 425 3533 487 est,

194 472 480 528 Lobiense
510 472 827 529 coenobium
850 480 1093 541 ostensa,
1118 473 1394 544 prohibita
1414 475 1557 530 ultra
1575 476 1818 547 prodire,

194 564 370 619 rediit
402 565 630 636 impune
677 565 766 637 (cf.
811 567 1054 621 Folcuini
1080 572 1225 636 gesta
1273 567 1392 621 abb.
1438 568 1588 624 Lobb.
1626 572 1714 624 SS.
1748 586 1818 636 1v,

193 658 315 725 66).
368 657 606 731 Ungaris
636 673 767 732 ergo
796 667 853 713 et
883 659 1067 714 eundo
1096 667 1150 714 et
1179 659 1465 716 redeundo
1518 676 1615 733 per
1639 660 1820 717 vicum

192 747 707 803 Gemmelaccnsem
768 748 1204 816 transeuntibus,
1283 750 1523 805 occurrit
1576 751 1659 806 vir
1724 751 1821 807 Dei

201 841 519 897 Wicbertus
547 842 659 911 (an.
687 841 840 913 954),
866 856 982 897 non
1016 841 1198 913 clipeo
1230 842 1299 877 ⁸⁶⁰
1329 852 1423 898 aut
1452 844 1611 917 galea
1654 852 1824 901 mate-

197 930 324 985 riali
353 937 656 1002 protectus,
704 930 803 985 sed
833 938 1040 987 tantum
1085 932 1270 1005 gladio
1300 933 1453 988 verbi
1516 934 1609 989 Dei
1639 934 1825 990 accin-

201 1032 351 1089 ctus,
407 1029 632 1095 paratus
681 1022 873 1079 bibere
905 1024 1135 1080 calicem
1177 1026 1470 1096 passionis,
1530 1033 1584 1082 et
1617 1042 1824 1099 ponere

199 1110 447 1166 animam
479 1127 632 1165 suam
695 1117 922 1182 propter
967 1112 1033 1147 ⁸⁸¹
1066 1112 1356 1169 salvandas
1406 1114 1631 1169 fratrum
1694 1117 1823 1170 ani-

201 1217 326 1256 mas
371 1200 441 1235 ⁸⁵³
490 1202 666 1268 (Joan.
703 1216 789 1263 xv,
820 1200 929 1268 13),
973 1217 1101 1273 qua,
1140 1211 1200 1257 ut
1253 1203 1384 1258 dicit
1437 1204 1667 1272 Veritas,
1715 1221 1826 1261 non

200 1294 289 1343 est
341 1287 520 1355 major
557 1286 756 1342 caritas
800 1288 845 1359 (I
870 1293 985 1344 Cor.
1018 1306 1138 1359 xm,
1181 1290 1282 1361 13).
1347 1292 1405 1346 Et
1448 1291 1627 1363 primo
1667 1294 1828 1349 miles

202 1379 406 1434 Christi
435 1378 741 1434 secundum
776 1388 1114 1453 praeceptum
1137 1384 1421 1458 evangelii
1448 1384 1685 1441 offerens
1717 1385 1827 1441 illis

201 1476 437 1530 verbum
479 1475 649 1546 pacis,
678 1474 964 1549 ingressus
1017 1485 1100 1533 est
1124 1478 1268 1534 viam
1309 1479 1742 1550 praedicationis,
1777 1487 1831 1536 et

205 1564 473 1634 paulatim
506 1563 753 1638 mitigata
783 1580 974 1621 eorum
1003 1567 1178 1635 rabie,
1221 1569 1388 1639 ccepit
1425 1569 1539 1637 jam
1570 1586 1734 1643 agere
1760 1570 1829 1624 de

1922 498 2041 552 quae
2063 493 2348 553 praesentes
2373 495 2424 542 et
2443 490 2680 548 absentes
2704 498 2765 550 in
2794 512 2968 554 unum
2993 506 3191 573 colligit
3209 510 3429 574 fratres.

1925 575 2063 639 16
2116 576 2205 632 Sic
2262 579 2342 633 vir
2372 580 2468 635 Dei
2518 591 2696 640 tactus
2725 588 2963 658 quodam
3002 599 3270 669 praesagio
3326 601 3538 661 futuro-

1923 684 2065 735 rum,
2096 671 2243 741 quod
2276 675 2598 745 propediem
2632 678 2971 739 tendendum
3014 685 3122 740 sibi
3153 700 3299 746 esset
3346 696 3414 749 ad
3445 713 3539 752 su-

1927 772 2113 826 pernae
2144 760 2449 818 vocationis
2470 764 2740 835 bravium,
2776 771 3030 840 praevidit
3055 775 3160 830 sibi
3190 777 3243 832 in
3272 779 3538 853 futurum,

1925 854 1985 904 ut
2027 852 2249 921 quando
2290 854 2544 926 deposito
2571 862 2755 917 carnis
2783 878 2952 920 onere
2981 866 3368 942 ingrederetur
3395 852 3539 932 viam

1925 937 2196 995 universae
2244 943 2464 1011 carnis,
2524 948 2695 1003 aciem
2750 951 2914 1022 hujus
2969 937 3223 1015 fraternae
3264 963 3544 1022 societatis

1927 1027 2057 1082 hinc
2092 1028 2225 1085 inde
2260 1031 2464 1089 locaret
2493 1035 2544 1089 in
2582 1039 2865 1108 subsidiis,
2898 1061 3020 1115 quae
3051 1062 3338 1106 aerearum
3365 1060 3545 1109 cater-

1926 1135 2116 1175 varum
2158 1121 2412 1179 incursus
2458 1130 2808 1197 proturbaret
2835 1136 3143 1193 orationum
3177 1142 3322 1196 telis.
3371 1144 3543 1215 Hujus

1929 1210 2136 1282 negotii
2172 1211 2495 1282 perﬁciendi
2530 1219 2803 1275 secundas
2834 1231 3016 1293 partes
3045 1227 3364 1300 relinquens
3392 1210 3543 1289 ﬁdeli

1927 1297 2131 1355 vicario
2157 1316 2258 1356 suo
2297 1303 2480 1359 abbati
2510 1305 2754 1376 Erluino,
2774 1325 2973 1367 cavens
3001 1313 3106 1369 sibi
3135 1297 3237 1387 per
3265 1320 3451 1375 omnia
3472 1337 3542 1378 ne

1927 1386 2030 1441 sub
2087 1388 2319 1445 obtentu
2382 1392 2617 1463 alicujus
2675 1398 2752 1452 rei
2801 1404 3141 1472 exequendae
3179 1408 3541 1477 quantulum-

1932 1492 2151 1551 cunque
2181 1481 2375 1537 iterum
2436 1485 2813 1557 implicaretur
2867 1494 3074 1561 seculo,
3132 1497 3389 1554 ultimum
3418 1501 3540 1556 vale

1931 1566 2124 1622 dicens
2180 1569 2440 1627 fratribus
2493 1582 2548 1629 et
2576 1576 2791 1645 amicis,
2843 1589 2897 1635 et
2946 1584 3243 1654 optabilem
3294 1589 3449 1660 paci.
3489 1597 3543 1645 et

208 1669 407 1709 eorum
440 1653 638 1709 salute.
691 1655 803 1710 Nec
854 1654 1067 1712 destitit
1105 1657 1210 1712 illis
1251 1657 1518 1714 idolatriae
1569 1657 2249 1769 spurcitiaBdilectioms
2298 1665 2616 1720 memoriam
2695 1668 3013 1741 relinquens
3083 1674 3182 1742 eis,
3254 1680 3545 1735 maturavit

208 1744 562 1769 --_-l-_o!|..--
596 1745 839 1769 ..Α-Λ---
882 1745 1009 1769 ΩΔ-Ξ
1053 1747 1297 1769 Δ-....--ι-
1344 1757 1387 1769 Α.
1449 1750 1591 1769 _.-,°_
1640 1750 1825 1769 _,.-,,,_°
1931 1748 2065 1769 __:-__
2122 1768 2131 1769 κ
2167 1751 2179 1769 ι
2333 1753 2344 1764 ο
2552 1757 2584 1769 ιι
2612 1758 2622 1768 .
2736 1760 2746 1769 .
2796 1768 2801 1769 ,
2953 1764 2976 1769 ,-
3084 1765 3095 1769 -
3210 1767 3217 1769 _

201 1744 566 1801 sordentibus
596 1745 842 1815 pandere
882 1745 1011 1801 ﬁdei
1048 1747 1306 1820 dogmata
1337 1757 1391 1804 et
1448 1750 1596 1824 regis
1632 1750 1827 1806 aeterni
1853 1744 1906 1769 υ
1931 1748 2073 1805 viam
2115 1751 2181 1806 ad
2237 1753 2471 1812 amicam
2521 1757 2623 1812 sibi
2655 1760 2897 1831 quietem
2944 1764 3252 1823 Gorziensis
3287 1769 3547 1825 solitudi-

203 1833 479 1895 misteria,
555 1833 735 1888 donec
788 1834 1003 1906 aliquos
1057 1851 1246 1891 eorum
1302 1854 1333 1892 a
1390 1855 1561 1914 regno
1618 1838 1826 1895 diaboli
1932 1839 2037 1894 nis.
2074 1841 2223 1897 Sicut
2253 1845 2401 1899 enim
2434 1846 2894 1918 piscisextractus
2932 1854 3002 1907 ab
3034 1871 3176 1927 aqua
3206 1874 3313 1914 non
3360 1868 3545 1931 potest

203 1923 497 1994 abstraxit,
539 1940 750 1996 eosque
782 1925 1100 1994 abjurantes
1155 1937 1497 1984 sacramenta
1538 1929 1826 1985 diabolicae
1933 1932 2141 2001 vivere,
2170 1936 2384 2009 itaipse
2414 1939 2642 1997 timebat
2668 1943 2737 1999 de
2768 1945 2878 2000 vita
2892 1947 3091 2003 animae
3118 1966 3252 2018 sum,
3285 1953 3544 2024 quotiens

204 2012 441 2081 militia},
487 2013 831 2084 transcripsit
880 2014 936 2068 in
996 2031 1196 2072 novum
1255 2034 1457 2074 nomen
1510 2018 1826 2076 christiana:
1927 2038 1959 2077 a
1989 2028 2476 2099 contemplationis
2529 2036 2915 2092 extrahebatur
2956 2040 3169 2112 requie.
3217 2012 3345 2099 Post
3388 2052 3467 2100 tot
3491 2053 3544 2102 et

202 2105 438 2161 militiae.
492 2105 821 2160 Benedictus
854 2107 995 2161 Deus
1024 2124 1123 2178 per
1151 2110 1360 2178 omnia,
1402 2111 1495 2183 qui
1548 2110 1825 2168 Wicberto
1927 2120 2108 2172 tantos
2140 2119 2358 2177 labores
2383 2123 2512 2179 dum
2538 2125 2651 2194 jam
2689 2128 2915 2201 jamque
2946 2105 3258 2202 expectaret
3288 2135 3407 2191 dari
3436 2136 3542 2191 sibi

202 2199 312 2255 sub
343 2200 518 2274 signis
547 2200 663 2255 suis
692 2200 952 2257 militanti
986 2201 1160 2271 affuit,
1203 2205 1368 2277 eique
1399 2207 1628 2262 civicam
1672 2223 1831 2264 coro-

202 2308 338 2347 nam
352 2292 566 2347 tribuit.

280 2383 371 2437 15.
409 2382 722 2438 Praevidens
748 2383 831 2438 vir
873 2385 985 2439 Deo
1025 2385 1226 2456 plenus
1257 2403 1368 2443 non
1400 2404 1525 2443 esse
1574 2396 1827 2460 paratum

202 2478 314 2533 sibi
340 2494 371 2532 ιι
407 2479 523 2534 Deo
554 2485 728 2550 patre,
751 2486 813 2534 ut
841 2478 1063 2535 biberet
1093 2481 1330 2552 primum
1364 2484 1593 2539 calicem
1625 2486 1833 2555 passio-

210 2570 325 2637 nis,
382 2568 628 2624 animum
684 2569 916 2640 appulit,
957 2577 1017 2624 ut
1068 2582 1382 2628 mereretur
1412 2575 1600 2630 bibere
1636 2577 1828 2632 saltem

205 2656 520 2713 secundum
550 2656 778 2712 calicem
813 2657 1205 2724 confessionis,
1224 2668 1277 2715 et
1305 2661 1431 2718 ideo
1463 2671 1607 2719 totus
1638 2664 1694 2719 in
1727 2665 1833 2721 hoc

202 2754 265 2803 ut
295 2745 638 2802 consulendo
665 2745 778 2803 sibi
801 2748 1115 2805 consuleret
1137 2749 1299 2804 etiam
1330 2752 1473 2819 ali's,
1503 2754 1833 2829 excogitavit

203 2852 353 2907 opus
382 2835 528 2907 quod
549 2850 660 2890 non
688 2835 869 2890 solum
891 2836 1022 2904 sibi,
1051 2837 1148 2892 sed
1179 2838 1342 2892 etiam
1376 2840 1500 2896 aliis
1519 2842 1828 2912 prodesset.

202 2926 341 2980 Nam
396 2924 738 2995 amplectens
776 2941 946 2996 super
973 2927 1161 2982 omnia
1220 2930 1527 2999 caritatem,
1560 2948 1682 3003 quae
1743 2940 1831 2989 est

202 3020 491 3075 vinculum
531 3018 844 3075 dilectionis
883 3021 974 3090 ⁸⁵³,
1007 3027 1061 3076 et
1091 3022 1146 3076 in
1178 3039 1287 3095 qua
1317 3024 1388 3059 3“
1430 3031 1513 3081 est
1542 3025 1830 3098 plenitudo

203 3116 370 3189 legis,
410 3120 466 3169 et
497 3114 568 3170 ob
601 3115 706 3170 hoc
733 3115 970 3170 maxime
999 3118 1146 3188 quod
1196 3119 1300 3175 hoc
1340 3121 1580 3192 speciale
1609 3123 1834 3179 manda-

207 3212 326 3259 tum
359 3210 445 3257 est
475 3202 690 3258 Domini
721 3202 986 3258 dicentis:
1018 3207 1336 3263 Mandatum
1362 3225 1567 3265 nonum
1606 3212 1668 3268 do
1691 3214 1834 3269 vobis

206 3299 273 3348 ut
296 3307 388 3347 vos
416 3294 648 3356 invicem
673 3291 913 3361 diligatis
945 3292 1123 3361 (Joan.
1158 3312 1279 3364 xm,
1331 3296 1439 3369 34),
1472 3300 1640 3372 coepit
1670 3317 1834 3375 agere

206 3404 336 3443 cum
367 3386 620 3458 pluribus
649 3386 866 3443 devotis
895 3392 950 3442 et
1001 3387 1099 3442 Dei
1130 3388 1410 3459 ﬁdelibus,
1444 3402 1504 3448 ut
1534 3409 1632 3464 per
1659 3411 1830 3450 unum

208 3487 416 3536 mutuae
468 3477 713 3534 caritatis
768 3478 1129 3553 conglutinati
1176 3497 1442 3551 amorem,
1480 3484 1832 3541 fraternalem

206 3573 361 3628 inter
381 3587 445 3626 se
473 3577 778 3626 statuerent
809 3571 1151 3638 societatem,
1201 3582 1261 3628 ut
1284 3590 1408 3629 cum
1444 3590 1641 3632 omnes
1663 3593 1833 3632 unum

208 3667 267 3721 in
308 3665 525 3721 Christo
553 3670 757 3732 essent,
789 3680 960 3719 unum
997 3673 1280 3736 saperent,
1309 3683 1480 3722 unum
1514 3669 1831 3744 diligerent,

207 3780 387 3820 unum
412 3763 469 3817 in
492 3761 702 3817 Christo
724 3762 949 3827 vellent,
982 3780 1154 3819 unum
1175 3764 1409 3832 nollent,
1436 3766 1607 3821 nichil
1625 3767 1694 3802 ⁸⁸⁵
1723 3767 1837 3822 dia-

205 3857 397 3912 bolica
416 3854 755 3911 emulatione
783 3862 1124 3912 contractum
1151 3857 1281 3913 odio
1312 3857 1563 3934 dignum,
1590 3858 1677 3915 vel
1698 3874 1835 3916 cm-

206 3945 495 4002 trarietate
552 3943 894 3999 inveniretur
951 3946 1250 4014 diversum,
1311 3956 1370 4003 ut
1436 3964 1564 4004 vere
1616 3948 1834 4020 paciﬁci

206 4042 559 4094 mererentur
587 4034 985 4091 beatitudinem
1017 4035 1258 4093 ﬁliorum
1279 4038 1408 4106 Dei;
1440 4038 1509 4093 ad
1539 4038 1643 4095 hoc
1669 4039 1832 4094 etiam

206 4139 271 4189 ut
300 4130 613 4188 secundum
642 4130 830 4186 Jacobi
873 4136 1211 4203 praeceptum
1244 4138 1468 4203 peccata
1506 4149 1605 4188 sua
1661 4132 1831 4189 alter-

206 4233 396 4282 utrum
425 4222 820 4279 conﬁterentur
839 4223 975 4295 (Jac.
1009 4241 1061 4292 γ,
1089 4224 1198 4296 16),
1230 4230 1285 4281 et
1315 4225 1525 4282 orando
1554 4241 1655 4296 pro
1689 4224 1832 4281 invi-

209 4334 334 4375 cem
368 4316 729 4382 salvarentur,
764 4314 815 4369 ei
862 4314 1006 4369 sicut
1031 4313 1245 4375 Veritas
1273 4315 1378 4371 ait:
1419 4319 1519 4380 Qui
1569 4318 1707 4372 lotus
1730 4321 1827 4383 est,

1932 2219 1963 2258 a
1989 2205 2101 2262 Deo
2134 2207 2202 2242 ⁸⁸⁷
2229 2210 2593 2268 desideratam
2638 2217 2957 2274 missionem
3003 2222 3213 2278 militiae
3259 2241 3392 2292 suae,
3424 2235 3545 2281 tan-

1930 2302 2057 2357 dem
2087 2319 2182 2357 rex
2198 2320 2386 2380 regum
2420 2306 2635 2365 laetatus
2664 2311 2893 2368 militem
2911 2331 3068 2370 suum
3103 2317 3197 2373 diu
3224 2335 3322 2390 pro
3352 2322 3545 2376 castris

1930 2407 2156 2448 suorum
2189 2395 2420 2451 viriliter
2463 2400 2700 2468 stetisse,
2736 2409 2953 2474 tempus
2982 2420 3104 2461 esse
3135 2406 3291 2462 duxit
3319 2408 3369 2463 ei
3404 2425 3541 2480 prse-

1932 2480 2044 2535 mia
2071 2481 2275 2539 laboris
2312 2486 2566 2556 reddere,
2601 2495 2655 2544 et
2691 2491 2854 2562 capiti
2886 2494 3006 2565 ejus
3051 2510 3312 2552 coronam
3363 2500 3545 2558 laudis

1914 2570 2238 2647 imponere.

2002 2665 2087 2721 17.
2151 2665 2212 2720 Et
2257 2665 2369 2736 jam
2429 2668 2666 2724 instante
2717 2680 2963 2744 tempore
3018 2677 3373 2737 resolutionis
3407 2699 3541 2751 suae,

1931 2759 2099 2830 ecepit
2127 2758 2504 2832 languescere.
2555 2762 2815 2820 Summus
2845 2767 2993 2822 enim
3035 2771 3227 2826 artifex
3255 2776 3346 2846 qui
3394 2793 3544 2833 sem-

1933 2866 2032 2921 per
2050 2850 2263 2907 invenit
2292 2852 2347 2907 in
2370 2868 2537 2924 Opere
2558 2871 2657 2911 suo
2686 2858 2833 2929 quod
2858 2860 3041 2917 adhuc
3072 2865 3263 2920 tundat
3284 2869 3543 2940 etpoliat,

1930 2942 2166 2998 electum
2213 2960 2373 3000 suum
2406 2952 2665 3019 tanquam
2698 2965 2889 3004 aurum
2922 2951 2977 3007 in
3002 2952 3224 3012 fornace
3256 2960 3543 3033 probabat,

1859 3040 2351 3144 Cutexcoqueret
2393 3037 2462 3093 ad
2491 3056 2685 3109 purum
2718 3042 2952 3097 scoriam
3000 3055 3349 3117 peccatorum
3400 3054 3541 3124 ejus.

1935 3124 2412 3182 Gemmelacenses
2437 3128 2526 3196 ³⁸⁸,
2550 3137 2610 3185 ut
2630 3131 2924 3189 audierunt
2945 3135 3229 3194 dominum
3255 3150 3309 3196 et
3335 3151 3542 3213 patrem

1934 3230 2095 3269 suum
2127 3214 2194 3269 ad
2223 3222 2453 3272 mortem
2484 3217 2770 3288 inﬁrmari,
2804 3238 2913 3278 non
2946 3231 3247 3294 potuerunt
3272 3247 3371 3287 suo
3403 3239 3546 3289 tem-

1933 3321 2125 3376 perare
2165 3305 2364 3362 dolori.
2411 3307 2563 3364 Hunc
2591 3325 2779 3365 eorum
2821 3313 3066 3371 dolorem
3116 3318 3282 3375 nimis
3311 3337 3546 3400 exagge-

1934 3398 2107 3465 rabat,
2163 3398 2207 3453 si
2240 3414 2365 3454 eum
2427 3399 2479 3455 in
2527 3409 2673 3457 terra
2711 3406 3176 3481 peregrinationis
3239 3429 3355 3470 suae
3411 3398 3547 3488 ipsis

1934 3488 2255 3545 absentibus
2284 3491 2635 3567 contingeret
2687 3494 2864 3552 obire.
2898 3497 3051 3555 Unde
3078 3502 3172 3574 qui
3205 3520 3271 3559 ex
3316 3505 3403 3561 his
3428 3524 3545 3563 ma-

1930 3578 2133 3650 jusculi
2158 3595 2278 3635 esse
2303 3581 2654 3651 videbantur,
2685 3585 2804 3642 sine
2832 3603 2986 3644 mora
3017 3591 3263 3648 Gorziam
3287 3597 3543 3667 tendunt,

1936 3673 1991 3722 et
2032 3667 2315 3723 dominum
2347 3685 2505 3724 suum
2542 3673 2817 3729 viventem
2852 3676 3159 3744 inveniunt,
3206 3692 3261 3738 et
3289 3684 3546 3758 aliquan-

1940 3759 2113 3816 talum
2168 3760 2518 3819 dissimulato
2549 3764 2761 3834 dolore,
2798 3776 2968 3841 agunt
3009 3787 3130 3826 cum
3162 3789 3229 3830 eo
3263 3777 3332 3832 de
3359 3794 3547 3851 repor-

1938 3850 2106 3905 tando
2132 3850 2254 3923 ejus
2304 3865 2550 3923 corpore.
2588 3853 2683 3908 llle
2716 3856 2984 3912 accersito
3011 3858 3079 3912 ad
3122 3875 3180 3914 se
3210 3860 3407 3917 abbate
3445 3879 3546 3920 suo

1937 3939 2025 3995 cui
2060 3956 2262 3996 nomen
2295 3941 2723 4013 eratOilbaldus,
2756 3948 2933 4018 aperit
2956 3948 3007 4003 ei
3033 3965 3191 4004 suum
3207 3966 3546 4027 suorumque

1936 4028 2298 4100 desiderium,
2330 4039 2384 4087 et
2414 4033 2520 4088 hoc
2560 4032 2630 4087 ab
2667 4049 2735 4089 eo
2778 4035 3033 4092 ultimum
3082 4039 3291 4110 expetit
3336 4041 3548 4099 beneﬁ-

1935 4122 2105 4189 cium,
2134 4132 2195 4178 ut
2247 4123 2409 4180 liceat
2461 4124 2577 4181 suis
2617 4125 2865 4183 defuncti
2923 4130 3171 4201 corporis
3213 4131 3298 4186 sui
3326 4134 3547 4207 glebam

1930 4212 2137 4272 referre
2165 4217 2233 4272 ad
2260 4217 2704 4275 Gemmelacense
2738 4220 3053 4279 cenobium.
3083 4222 3262 4278 Abbas
3313 4240 3378 4280 ex
3414 4243 3548 4284 con-

1931 4313 2080 4380 silio,
2146 4312 2430 4384 respondit
2479 4320 2538 4368 ut
2584 4320 2738 4385 pater
2781 4313 2932 4371 ﬁlio:
2974 4320 3044 4372 Mi
3090 4319 3174 4384 ﬁli
3223 4319 3546 4389 dulcissime,

207 4426 324 4467 non
352 4411 556 4479 indiget
580 4410 692 4464 nisi
728 4415 791 4462 ut
823 4408 977 4477 pedes
1007 4408 1167 4476 lavet,
1209 4409 1299 4464 sed
1323 4415 1400 4464 est
1425 4411 1664 4466 mundus
1695 4416 1835 4468 totus
1853 4429 1911 4498 D
1936 4414 2205 4476 angustia:
2230 4410 2368 4462 mihi
2393 4414 2525 4463 sunt
2550 4410 2803 4479 undique.
2830 4414 3190 4468 Sanctitatem
3219 4420 3375 4469 tuam
3400 4432 3551 4473 reve-

210 4503 375 4572 (Joan
425 4514 542 4566 xm,
576 4496 686 4566 10),
735 4496 810 4551 ita
838 4495 936 4551 loti
976 4495 1254 4568 baptismo
1285 4497 1559 4553 alterutrae
1615 4495 1891 4555 confes-—
1934 4513 2073 4566 reor,
2110 4500 2358 4552 animam
2392 4505 2546 4553 tuam
2584 4499 2656 4553 ad
2699 4505 2865 4556 Deum
2911 4509 3131 4558 euntem
3179 4506 3554 4565 scandalizat-6

206 4594 411 4662 sionis,
451 4592 579 4649 lotis
624 4590 861 4664 pedibus
908 4591 1111 4662 quibus
1168 4606 1281 4648 non
1311 4597 1492 4663 potest
1531 4593 1654 4650 sine
1706 4594 1832 4652 labe

208 4693 358 4742 terra
378 4681 576 4739 calcari
596 4681 684 4747 ⁸⁸⁸,
714 4680 770 4735 id
798 4685 879 4736 est
899 4681 1135 4753 expiatis
1163 4680 1376 4737 actibus
1404 4682 1661 4740 humanae
1681 4683 1828 4752 vitae,

208 4792 337 4850 quae
395 4774 484 4829 vix
542 4781 634 4829 aut
675 4772 990 4829 nullatenus
1027 4774 1148 4830 sine
1204 4789 1344 4831 nevo
1402 4776 1612 4845 peccati
1654 4784 1835 4848 potest

208 4864 467 4936 transigi,
500 4879 602 4934 per
640 4861 895 4918 fraternae
921 4864 1189 4919 orationis
1235 4863 1496 4921 auxilium
1530 4867 1833 4923 redderen-

208 4961 301 5009 tur
329 4953 426 5007 toti
454 4951 668 5017 mundi,
700 4950 1040 5020 elemosinis,
1060 4951 1310 5023 jejuniis,
1341 4955 1590 5026 psalmis,
1624 4956 1827 5027 ymnis,

209 5043 445 5100 canticis
486 5042 872 5114 spiritualibus
899 5043 967 5098 ad
1009 5044 1115 5099 hoc
1153 5045 1466 5101 constitutis
1492 5045 1560 5101 ab
1592 5047 1829 5103 invicem

208 5134 439 5207 expiati.
471 5133 787 5190 Delectabat
825 5133 974 5188 enim
1006 5148 1103 5189 eos
1132 5133 1267 5189 illud
1321 5133 1469 5191 beati
1516 5136 1830 5211 Augustini,

210 5227 310 5299 qui
372 5225 430 5280 in
478 5224 701 5280 laudem
764 5222 1012 5279 karitatis
1078 5238 1450 5297 prorumpens
1495 5225 1605 5280 ait:
1656 5230 1833 5287 Dulcis

1931 4602 2143 4656 vereor;
2173 4586 2264 4643 sed
2302 4590 2460 4643 timeo
2478 4602 2547 4642 ne
2574 4588 2657 4642 illi
2679 4588 2748 4624 “9
2785 4606 2946 4660 super
2990 4593 3086 4648 hoc
3110 4594 3555 4655 scandalizentur

1930 4681 2025 4745 qui
2053 4683 2102 4732 te
2130 4683 2192 4732 ut
2215 4682 2426 4745 patrem
2439 4683 2791 4746 venerantur,
2815 4684 2865 4733 et
2889 4695 3129 4736 amorem
3146 4696 3307 4752 quem
3333 4685 3555 4741 exibue-

1932 4780 2065 4830 runt
2112 4771 2182 4807 37°
2230 4772 2328 4826 tibi
2357 4773 2576 4839 viventi,
2631 4773 2828 4828 vellent
2882 4776 3092 4831 exibere
3136 4781 3556 4847 praesentialiter

1930 4866 2099 4919 etiam
2126 4864 2398 4917 morienti.
2426 4865 2557 4917 Ecce
2590 4863 2927 4920 voluntatem
2962 4880 3143 4921 meam
3166 4864 3423 4937 postpono
3448 4876 3559 4927 tuae

1931 4956 2218 5021 voluntati,
2254 4957 2303 5009 si
2338 4956 2659 5024 aspiraverit
2686 4955 2787 5010 tibi
2836 4962 2886 5012 et
2915 4960 3023 5013 tuis
3063 4959 3316 5016 voluntas
3359 4964 3471 5019 Dei.
3501 4964 3558 5019 Si

1932 5048 2163 5115 suppetit
2192 5047 2298 5100 tuis
2322 5044 2561 5112 facultas
2590 5045 2845 5116 implendi
2880 5046 3206 5104 desiderium
3227 5064 3412 5121 suum,
3446 5068 3558 5111 non

1933 5153 2064 5207 nego
2083 5152 2267 5193 meum
2293 5152 2592 5194 assensum.
2686 5210 2689 5213 _

2002 5229 2241 5285 Tandem
2301 5228 2367 5264 9'”
2416 5230 2499 5285 vir
2562 5230 2659 5287 Dei
2731 5238 3146 5289 consummatus
3183 5234 3240 5289 in
3293 5235 3557 5309 virtutum

1567 5354 1647 5410 VA
1656 5355 1789 5412 ΒΙᾸΞ
1832 5356 2190 5414 LECTIONES

285 5463 358 5501 ⁸⁸0
382 5463 604 5535 ιιίρροο
670 5463 895 5534 galeave
926 5534 929 5535 ν
960 5462 1039 5535 3η
1121 5463 1185 5498 ⁸⁶¹
1220 5479 1319 5535 pro
1363 5464 1417 5521 3.

212 5538 285 5574 ⁸⁸⁸
304 5539 387 5592 ita
428 5534 524 5591 hoc
564 5536 673 5591 loco
729 5535 778 5588 1.
865 5534 936 5571 ⁸⁸⁵
959 5534 1160 5588 culcari

210 5608 283 5643 "0
306 5606 499 5663 exhib.
531 5606 587 5662 2.

1258 5479 1319 5520 ro
1363 5464 1417 5521 3.
1526 5464 1596 5499 ⁸⁵³
1633 5465 1923 5522 animabus
1954 5466 2006 5523 3.
2133 5465 2203 5502 ⁸⁸³
2232 5466 2588 5538 perfectionis
2642 5470 2700 5524 3.
2801 5469 2868 5506 ⁸⁸⁸
2903 5485 3014 5542 quo
3102 5487 3242 5529 corr.
3334 5490 3443 5547 qua
3500 5478 3552 5533 1.

1258 5579 1269 5591 .
1356 5536 1424 5572 ⁸⁸⁷
1453 5536 1679 5592 domino
1730 5537 1780 5594 3.
1866 5539 1935 5573 ⁸⁸⁸
1964 5537 2024 5592 G.
2082 5543 2262 5592 autem
2319 5546 2377 5594 ut
2424 5538 2476 5595 3.
2563 5540 2632 5575 “9
2652 5540 2745 5595 alii
2788 5557 2927 5596 corr.
2961 5541 3042 5596 illi
3082 5542 3134 5598 1.
3170 5545 3263 5599 alii
3293 5546 3348 5600 2.
3390 5546 3470 5601 illi
3496 5548 3552 5601 3.

685 5604 751 5639 δτι
918 5611 1084 5684 caput
1106 5611 1266 5684 "XVII
1312 5610 1571 5684 inchoant
1608 5610 1749 5664 codd.
1786 5610 1841 5663 2.
1878 5609 1931 5664 3.
2193 5608 2245 5664 1.
2274 5614 2513 5684 nonnisi
2558 5615 2740 5681 majus
2776 5611 2828 5684 '1:
2836 5612 3042 5684 absque
3085 5618 3314 5684 capituli
3339 5618 3555 5671 indica-

2133 5465 2203 5547 ⁸1³
2232 5466 2742 5547 ρετῐθοροῐιίξηῷη
2801 5469 2868 5506 ⁸⁸⁸
2903 5485 3038 5547 quo
3093 5487 3261 5547 corr.
3306 5490 3443 5547 qua
3500 5478 3557 5533 1.

211 5682 356 5737 tione
401 5680 484 5735 vel
513 5689 745 5733 numero
785 5677 964 5732 habet.
995 5675 1183 5732 Scriba
1230 5681 1411 5736 saeculi
1433 5684 1579 5734 XVII.
1616 5695 1910 5737 numerum
1964 5680 2098 5735 XVII
2124 5683 2324 5748 posuit,
2382 5688 2434 5736 et
2457 5696 2585 5738 mox
2612 5675 2765 5749 infra
2792 5675 2965 5736 Χνιιι·
2996 5690 3048 5738 et
3076 5675 3261 5741 XVIIII
3291 5688 3546 5741 restituit.
