3930 6204
136 289 242 342 677
1312 288 1461 342 VITA
1506 288 1805 344 WICBERT

1912 319 1951 328 ο
2001 287 2281 345 ΛΡΡΕΝΙ).
3368 290 3474 343 678

137 421 511 478 Kalendarum
564 422 856 489 unicuique
878 420 1150 489 designato
1180 421 1247 477 de
1274 424 1355 477 his
1400 424 1557 479 rebus
1581 439 1678 493 pro
1707 439 1764 479 eo
1787 430 1841 496 Α
1867 426 2044 477 tinare
2078 429 2412 489 statu-crant,
2434 430 2811 491 permanentes
2840 425 3080 493 deinceps
3109 426 3233 490 ﬁdei
3256 432 3308 480 et
3326 426 3476 481 Icari-

136 518 242 582 ﬁat
269 516 470 571 oblatio
493 520 546 569 et
593 516 738 569 sacri
772 517 1001 569 misterii
1035 516 1371 584 supplicatio.
1428 520 1602 572 Totius
1650 534 1771 587 ergo
1872 519 1981 567 tate
2002 514 2203 567 sociali.
2255 514 2503 567 Initiatia
2527 517 2605 566 est
2634 514 2742 565 hazc
2794 515 3041 577 fraterna
3084 518 3305 569 societas
3333 531 3479 570 anno

137 609 364 663 vinculo
413 608 711 661 dilectionis
744 606 832 660 die
865 612 1166 675 prmzotato
1220 613 1333 661 tam
1386 608 1549 664 abbas
1604 625 1772 679 quam
1866 609 2043 676 primo
2070 609 2283 675 imperii
2300 609 2469 675 primi
2500 605 2569 639 ⁸⁸⁵
2606 607 2827 672 Ottonis,
2868 609 2962 674 qui
2989 613 3065 660 est
3094 622 3275 662 annus
3311 608 3480 662 domi-

139 706 348 756 cuncta
387 700 727 766 congregatio
795 700 1178 754 monachorum
1222 702 1344 768 jam
1408 700 1540 755 dicti
1585 716 1773 756 mona-
1870 699 2003 751 nica.-
2028 697 2425 752 incarnationis
2450 693 2556 750 963
2582 694 2672 748 ⁸⁸⁸.

139 791 299 844 sterii
322 803 422 843 nec
442 803 552 843 non
576 789 897 857 pagensium
926 790 1134 858 copiosa
1160 788 1452 844 multitudo
1477 803 1533 843 se
1551 791 1770 858 conglu-

693 1110 1268 1198 HISTORIA
1335 1111 2128 1200 ELEVATIONIS
2195 1112 2276 1199 S.
2352 1111 2949 1200 WICBERTI

1492 1298 1791 1354 AUCTORE
1840 1297 2157 1353 ANONYMO

606 1591 880 1655 INCIPIT
936 1554 1003 1627 5‘"
1069 1594 1162 1654 DE
1228 1594 1711 1657 ELEVA'I‘IONE
1773 1595 2109 1657 EIUSDEM
2175 1596 2445 1657 SANCTI
2506 1595 3048 1658 CONFE‘SSORIS.

230 1786 285 1838 1.
345 1782 661 1837 Exultemus
709 1782 1077 1851 dilectissimi,
1137 1784 1444 1839 exultemus
1484 1784 1538 1838 in
1578 1784 1774 1856 gloria,
1804 1790 1856 1857 Β
1883 1785 1950 1839 ad
1978 1785 2375 1857 impetrandam
2408 1801 2575 1856 super
2601 1786 2705 1840 hoc
2744 1785 2992 1856 episcOpi
3020 1785 3369 1840 Leodiccnsis
3408 1805 3501 1841 au-

156 1892 327 1947 quam
363 1875 417 1928 in
449 1879 586 1929 testa
614 1875 776 1943 hujus
805 1875 915 1929 diei
955 1875 1342 1931 observatione
1374 1878 1533 1932 nobis
1565 1878 1782 1933 confert

160 1965 260 2019 Dei
284 1964 480 2037 gratia.
513 1964 683 2019 Hodie
715 1964 922 2035 quippe
952 1965 1095 2019 Deus
1126 1966 1288 2021 nobis
1336 1967 1579 2034 donavit,
1632 1968 1779 2039 quod

159 2057 231 2112 ab
255 2056 471 2131 origine
502 2057 693 2111 mundi
726 2057 954 2127 paravit,
979 2058 1237 2131 gaudium
1262 2059 1522 2114 videlicet
1552 2060 1622 2114 de
1653 2077 1783 2114 san-

156 2154 246 2203 cto
304 2146 623 2201 confessore
672 2161 771 2201 suo
812 2147 1114 2214 Wicberto,
1172 2164 1336 2220 quem
1384 2150 1438 2204 in
1486 2152 1783 2221 operandis

160 2236 447 2291 miraculis
503 2235 829 2291 hereditavit
892 2236 1035 2292 sicut
1096 2238 1362 2308 scriptum
1427 2248 1509 2295 est
1556 2242 1781 2296 nomine

156 2335 367 2383 aeterno
410 2326 593 2398 (Booti.
624 2345 713 2395 xv,
745 2328 800 2398 6)
842 2329 969 2394 Quae
999 2329 1174 2402 gloria
1210 2331 1374 2385 nobis
1404 2348 1469 2387 ex
1509 2333 1780 2404 corporali

160 2421 288 2489 ejus
326 2420 605 2491 presentia
653 2420 930 2490 specialis,
992 2421 1255 2477 omnibus
1308 2423 1594 2479 christiani
1644 2426 1785 2480 facta

160 2521 247 2566 est
277 2511 576 2585 generalis,
608 2511 737 2582 quia
764 2526 929 2582 quem
960 2511 1114 2567 locus
1141 2512 1242 2567 iste
1270 2513 1381 2581 jam
1415 2513 1544 2569 olim
1579 2523 1786 2585 patrem

163 2620 193 2657 a
232 2604 348 2658 Deo
379 2602 600 2670 meruit,
630 2602 797 2659 hodie
836 2603 983 2674 apud
1013 2604 1184 2659 Deum
1216 2605 1456 2659 mundus
1496 2613 1785 2677 patronum

166 2698 415 2773 agnovit.

248 2792 423 2865 Igitur
461 2798 683 2846 sanctus
712 2791 1023 2847 Wicbertus
1049 2793 1117 2848 40
1162 2792 1278 2849 fere
1316 2808 1582 2849 annorum
1614 2794 1791 2866 spatio

174 2886 231 2939 in
283 2885 559 2939 bonorum
611 2899 839 2953 operum
888 2892 1300 2940 consummatus
1330 2886 1612 2950 exercitio,
1645 2887 1793 2957 apud

177 2974 431 3029 Gorziam
459 2988 571 3026 suae
593 2972 969 3028 conversionis
992 2973 1307 3029 ctenobium
1337 2974 1448 3029 vita
1477 2958 1795 3044 defunctus,

175 3065 230 3119 in
264 3061 644 3126 Gemmelaus,
676 3077 790 3117 sua:
844 3062 1035 3133 primze
1058 3064 1496 3119 conversationis
1525 3065 1667 3133 loco,
1707 3082 1798 3120 se-

1882 1874 2186 1929 ctoritatem
2222 1875 2339 1945 ipse
2379 1874 2447 1928 ab
2477 1889 2542 1928 eo
2572 1874 2815 1943 suscepit
2855 1873 3209 1945 legationem.

1951 1962 2003 2019 3.
2067 1963 2293 2019 Currum
2348 1963 2437 2018 Dei
2491 1970 2623 2017 tunc
2682 1961 2869 2017 Leodii
2920 1962 3207 2037 aurigabat
3263 1964 3501 2019 domnus

1882 2058 2155 2126 Otbertus,
2200 2060 2469 2115 RTCCICSIIB
2524 2076 2635 2115 sua:
2688 2060 2829 2114 inter
2886 2060 3331 2131 prmdecessores
3370 2078 3502 2117 suos

1881 2147 2012 2201 satis
2030 2147 2373 2203 commodus.
2401 2147 2499 2212 Qui
2531 2148 2623 2202 ubi
2658 2147 2857 2202 bonam
2890 2148 3033 2202 bene
3064 2149 3499 2203 desiderantium

1884 2240 2221 2295 voluntatem
2249 2241 2476 2306 audivit,
2528 2241 2778 2295 discussa
2810 2248 2863 2295 et
2893 2248 3174 2312 comperta
3208 2258 3387 2295 rerum
3416 2257 3505 2296 ve-

1885 2331 2068 2398 ritate,
2121 2333 2268 2400 justa
2318 2331 2635 2402 petentibus
2696 2348 2977 2386 assensum
3031 2332 3202 2397 dedit,
3253 2333 3504 2407 gaudens

1890 2429 2136 2491 tempore
2166 2437 2266 2476 suo
2290 2436 2388 2492 per
2419 2421 2514 2475 Dei
2546 2421 2983 2475 misericordiam
3005 2421 3323 2486 revelatum,
3357 2422 3505 2476 unde

1887 2513 2070 2569 omnis
2129 2513 2367 2567 mundus
2402 2529 2433 2567 a
2484 2513 2868 2567 necessitatum
2901 2513 3147 2583 pondere
3187 2530 3246 2567 se
3278 2514 3508 2569 sentiret

1890 2602 2212 2657 relevatum.
2274 2602 2351 2655 Ab
2399 2601 2603 2657 domno
2646 2602 2899 2665 Henrico,
2954 2601 3060 2656 loci
3093 2602 3262 2657 nostri
3317 2603 3510 2674 archy-

1891 2693 2148 2760 diacono,
2179 2710 2343 2748 causa
2375 2693 2622 2748 defertur
2652 2694 2939 2749 Frederico
2990 2694 3397 2750 Coloniensium
3429 2712 3511 2750 ar-

1893 2782 2269 2853 chiepiscopo.
2326 2781 2546 2837 Confert
2587 2782 2678 2837 ille
2719 2784 2775 2836 in
2815 2783 3023 2849 synodo
3060 2784 3326 2854 generali,
3378 2785 3511 2855 quid

1897 2878 2044 2926 esset
2086 2873 2361 2945 agendum
2402 2888 2572 2942 super
2603 2872 2827 2946 negotio
2869 2873 3031 2926 nobis
3070 2872 3321 2943 speciali,
3362 2880 3417 2927 et
3446 2890 3512 2927 ex

1897 2959 2132 3015 consilio
2196 2961 2378 3015 libens
2425 2961 2639 3027 annuit,
2725 2960 2874 3031 quod
2930 2961 3288 3015 annuendum
3336 2961 3517 3017 tidclis

1900 3057 2098 3106 nostra
2130 3050 2302 3122 partis
2330 3050 2512 3106 fautor
2539 3051 2736 3105 innuit.
2772 3051 2850 3106 Ita
2880 3052 2948 3086 39°
2979 3052 3285 3107 divinitatis
3316 3061 3515 3127 agente

173 3159 399 3231 pultura
440 3165 523 3212 est
547 3156 783 3212 functus.
822 3112 921 3212 [Ibi
962 3159 1029 3212 ab
1061 3176 1110 3213 a.
1140 3159 1287 3214 dom.
1331 3159 1437 3214 inc.
1472 3161 1597 3217 962.
1630 3112 1698 3203 λ-
1729 3178 1796 3218 eo
1820 3112 1870 3181 Ο
1897 3143 2213 3211 Clementia,
2281 3159 2405 3198 cum
2484 3143 2671 3198 οῐηηία
2735 3143 3001 3197 cederem
3082 3161 3147 3199 ex
3215 3146 3513 3212 sententia.

174 3253 390 3325 quippe
428 3249 710 3306 hominem
747 3250 897 3304 exuit
925 3281 989 3290 —
1023 3266 1124 3320 per
1152 3266 1328 3306 annos
1357 3251 1457 3306 137
1497 3252 1661 3308 tacito
1693 3269 1796 3309 no-

176 3342 327 3395 mine
354 3339 545 3409 jacuit.
581 3338 667 3392 vix
719 3338 911 3409 paucis
935 3338 1191 3393 fidelibus
1230 3355 1328 3409 per
1357 3347 1534 3395 cartas
1583 3347 1799 3395 veteres

178 3426 602 3484 recordantibus
654 3424 905 3482 umbram
954 3427 1075 3495 ejus
1128 3428 1453 3483 sanctitatis.
1489 3431 1646 3483 Anno
1698 3444 1798 3483 au-

181 3525 293 3573 tem
328 3518 480 3573 dom.
515 3517 627 3572 inc.
667 3517 807 3572 1099
855 3516 1337 3572 refulsitnominis
1365 3518 1486 3586 ejus
1514 3519 1804 3585 memoria,

184 3628 325 3669 nova
352 3611 637 3683 signorum
669 3610 864 3684 gratia,
887 3609 1040 3664 illum
1072 3609 1400 3665 mirificante
1439 3610 1507 3645 ⁸⁸⁸
1548 3612 1638 3665 Dei
1680 3627 1803 3664 ma-

188 3701 517 3778 gniﬁcentia
548 3699 636 3755 ⁸⁸9.
679 3700 812 3764 Qum
852 3699 926 3754 ita
965 3698 1022 3753 in
1054 3714 1122 3754 eo
1164 3698 1434 3754 mirabilis
1466 3698 1567 3754 fuit
1595 3716 1694 3770 per
1743 3700 1809 3753 12

187 3811 368 3851 annos
419 3800 545 3847 ante
590 3790 767 3847 sancti
816 3791 1064 3863 corporis
1119 3790 1508 3853 elevationem,
1552 3797 1612 3845 ut
1644 3790 1809 3863 longe

187 3894 410 3964 lateque
438 3888 738 3944 maximum
759 3886 811 3941 ei
840 3887 913 3942 ob
938 3885 1197 3943 omnibus
1226 3885 1630 3957 comparaverit
1657 3901 1809 3942 amo-

188 3998 303 4037 rem
328 3989 385 4034 et
416 3980 706 4034 honorem.

260 4071 316 4127 2.
347 4068 506 4125 Unde
534 4066 724 4122 multis
771 4072 1015 4122 nostrum
1046 4064 1231 4120 multis
1286 4065 1450 4121 etiam
1513 4070 1810 4119 extraneo-

192 4179 312 4218 rum
352 4159 531 4215 videri
571 4156 740 4229 οωρῆ
784 4156 1097 4228 indignum,
1145 4155 1293 4227 quod
1323 4155 1407 4211 vir
1460 4163 1622 4209 tanta:
1668 4154 1814 4225 apud

195 4248 444 4307 hominis
476 4244 873 4312 aestimationis,
915 4251 1080 4300 tanta:
1109 4243 1253 4316 apud
1283 4245 1456 4299 Deum
1487 4242 1815 4310 sanctitatis,

196 4342 354 4399 nullo
386 4341 536 4397 cultu
583 4337 958 4396 venerationis
1004 4338 1371 4393 honoraretur
1410 4353 1441 4391 a
1482 4336 1664 4391 nobis.
1708 4335 1819 4391 Ho-

197 4454 320 4493 rum
356 4434 594 4490 maxima
625 4448 749 4505 pars
777 4439 893 4487 erat
919 4430 1260 4505 Sigebertus,
1296 4428 1539 4500 antiquae
1568 4428 1821 4483 scientiae

198 4541 254 4589 et
311 4529 641 4586 reverentiae
690 4526 1017 4592 monachus,
1073 4524 1239 4593 hujus
1297 4529 1499 4579 nostras
1556 4521 1823 4578 aecclesias

200 4617 673 4677 Gemmelacensis
726 4615 941 4682 oculus,
980 4612 1070 4669 cui
1111 4613 1203 4685 pie
1253 4611 1574 4688 invigilabat
1603 4610 1713 4667 vita
1770 4619 1826 4667 et

197 4711 626 4770 conversatione
683 4716 738 4764 et
770 4707 1059 4782 religionis
1104 4705 1342 4761 fervore.
1402 4704 1572 4760 'I‘anto
1603 4719 1826 4775 nanque

201 4804 411 4862 certior
434 4807 552 4857 erat
581 4801 650 4855 de
676 4798 984 4855 sanctitatis
1022 4796 1143 4866 ejus
1189 4795 1385 4869 gratia,
1421 4801 1630 4866 quanto
1659 4795 1825 4850 vitam

201 4896 327 4966 ejus
358 4890 653 4949 virtutibus
696 4890 916 4961 plenam
972 4887 1145 4943 multa
1182 4884 1293 4940 stili
1358 4893 1683 4956 prosecutus
1744 4890 1830 4939 est

206 4980 509 5058 elegantia.
542 4978 643 5044 Qui
676 4995 742 5034 ex
768 4976 1011 5033 evidenti
1041 4975 1440 5030 miraculorum
1474 4974 1823 5037 ostensione,

206 5079 439 5143 accepta
478 5067 739 5139 explendi
765 5064 1028 5121 desiderii
1058 5063 1144 5118 sui
1191 5062 1505 5127 occasione,
1547 5062 1618 5116 de
1657 5061 1834 5116 eleva-

209 5166 366 5223 tione
396 5161 573 5217 sancti
589 5160 711 5229 ejus
733 5156 982 5230 corporis
1001 5156 1172 5227 coepit
1199 5170 1363 5228 agere
1393 5154 1540 5225 apud
1565 5168 1664 5208 eos
1684 5168 1833 5225 quo-

1898 3238 2137 3293 domnus
2194 3245 2382 3293 noster
2426 3237 2729 3309 episcopus
2779 3253 2845 3292 eo
2894 3253 3024 3311 erga
3073 3253 3174 3292 nos
3223 3238 3395 3294 factus
3436 3247 3519 3294 est

1899 3333 2256 3403 promptioris
2296 3331 2486 3398 animi,
2523 3348 2632 3404 quo
2673 3332 2729 3386 in
2783 3333 2887 3387 hoc
2912 3349 2971 3387 se
3011 3333 3291 3407 gaudebat
3320 3334 3519 3389 habere

1900 3443 2189 3482 assensum
2224 3434 2279 3481 et
2309 3427 2689 3482 auctoritatem
2741 3428 2904 3482 etiam
2957 3428 3041 3482 sui
3084 3428 3516 3500 metroliolitani.

1907 3518 2158 3589 Denique
2190 3517 2256 3571 ad
2317 3518 2481 3588 hujus
2512 3518 2719 3589 negotii
2776 3519 3158 3573 executionem
3198 3520 3318 3591 ipse
3355 3520 3522 3591 coepit

1909 3609 2189 3675 insistere,
2220 3625 2385 3680 quem
2426 3609 2482 3663 in
2533 3609 2889 3665 assentiendo
2922 3611 3070 3665 unde
3101 3613 3384 3667 consultus
3411 3613 3525 3668 fue-

1908 3710 2010 3772 rat,
2044 3720 2141 3774 pre
2165 3703 2338 3758 nimio
2370 3704 2658 3776 gestientis
2687 3704 2855 3758 animi
2890 3703 3171 3760 desiderio
3215 3706 3303 3761 vix
3341 3723 3526 3777 spera-

1909 3793 2105 3848 bamus
2145 3792 2459 3864 persistere.
2496 3793 2605 3848 Ilec
2657 3792 2805 3846 enim
2847 3791 3023 3846 crebri
3056 3794 3123 3847 ad
3169 3810 3292 3848 eum
3323 3804 3523 3850 nostra).

1911 3883 2204 3958 legationis
2232 3898 2515 3949 excursus,
2552 3884 2658 3939 hoc
2696 3882 2937 3957 agebant
2960 3884 3257 3939 voluntatis
3295 3886 3417 3954 ejus
3448 3886 3527 3940 in-

1912 3971 2066 4027 dices
2095 3971 2164 4026 ad
2195 3986 2296 4027 nos
2325 3987 2599 4026 recursus.

1986 4062 2040 4115 4.
2076 4060 2367 4132 Postquam
2409 4066 2594 4115 autem
2638 4076 2735 4131 per
2762 4060 2956 4116 crebra
2995 4068 3197 4117 nostrae
3237 4063 3531 4137 legationis

1918 4150 2277 4216 internuntia,
2327 4149 2542 4205 diversa
2586 4150 2655 4205 de
2686 4151 2787 4204 hac
2818 4166 2875 4204 re
2906 4150 3033 4204 data
3060 4157 3187 4205 sunt
3224 4159 3279 4207 et
3305 4160 3533 4224 accepta

1921 4257 2211 4313 responsa,
2253 4242 2492 4296 domnus
2541 4242 2711 4297 abbas
2758 4240 3042 4296 Lictardus
3065 4242 3176 4310 jam
3220 4259 3318 4313 per
3345 4260 3404 4298 se
3428 4251 3535 4299 sta-

1921 4331 2027 4387 tuit
2074 4346 2287 4395 curare,
2328 4330 2476 4401 quod
2512 4330 2636 4385 aliis
2681 4337 2854 4385 totum
2897 4331 3199 4385 curandum
3247 4330 3538 4388 videbatur

1924 4420 2289 4476 commisisse.
2326 4420 2463 4491 Ergo
2498 4420 2626 4474 licet
2656 4419 2858 4474 fractus
2888 4426 3048 4474 astate
3070 4418 3253 4487 senili,
3273 4436 3332 4475 se
3357 4421 3534 4491 ipsum

1926 4512 2259 4583 impendens
2286 4511 2599 4585 grandioris
2627 4511 2730 4565 vite
2758 4509 2956 4580 labori,
2990 4511 3254 4566 Leodium
3283 4519 3539 4582 properat

1925 4604 2041 4676 (an.
2070 4603 2227 4674 1110)
2256 4602 2497 4674 quodam
2528 4611 2588 4658 ut
2627 4603 2703 4659 ita
2728 4603 2935 4658 dictum
2964 4603 3352 4659 sitalleviatus
3378 4603 3540 4658 vehi-

1928 4698 2053 4755 culo
2082 4696 2214 4753 boni
2243 4696 2521 4751 desiderii.
2554 4696 2636 4751 Ibi
2668 4702 2774 4751 tam
2799 4696 3120 4768 episcOpum
3150 4712 3311 4768 quem
3346 4697 3542 4768 archy-

1928 4788 2216 4854 diaconos,
2250 4793 2357 4841 tam
2379 4785 2610 4841 abbates
2636 4802 2799 4857 quam
2828 4786 3114 4841 universos
3143 4785 3544 4844 aecclesiasticaz

1930 4878 2010 4933 rei
2042 4876 2276 4948 publica:
2315 4875 2654 4931 conveniens
2693 4873 3039 4945 praepositos,
3090 4875 3250 4946 petiit
3279 4883 3337 4930 ut
3365 4876 3434 4931 ab
3466 4878 3548 4932 eis

1932 4966 2271 5024 unanimiter
2296 4965 2647 5034 difﬁniretur,
2679 4965 2901 5038 quando
2932 4973 3261 5038 conceptum
3290 4965 3550 5027 ﬁdelibus

1935 5061 2133 5117 animis
2183 5067 2367 5116 votum
2428 5058 2819 5131 compleretur.
2897 5059 3052 5125 Quod
3092 5065 3146 5114 et
3191 5057 3391 5114 factum
3446 5068 3547 5115 est.

1940 5151 2083 5206 Sane
2113 5149 2373 5221 quoniam
2412 5149 2479 5203 ad
2514 5154 2661 5204 tanta
2690 5148 2755 5183 ⁸⁰¹
2789 5163 2945 5203 nova:
2975 5148 3169 5203 salutis
3207 5149 3411 5223 gaudia
3441 5162 3553 5205 non

209 5272 330 5311 rum
374 5253 483 5309 hoc
526 5257 644 5305 erat
674 5248 1033 5305 auctoritatis.
1078 5244 1327 5315 Denique
1366 5243 1556 5298 domui
1599 5241 1837 5297 Lietardi
1938 5241 2101 5297 facile
2150 5247 2337 5312 posset
2384 5240 2600 5296 evocari
2647 5249 2859 5295 semota
2924 5238 3169 5295 ﬁdelium
3221 5242 3553 5311 p0pulorum

208 5342 433 5400 abbatis
459 5340 742 5398 voluntate
772 5335 1024 5394 consulta
1050 5344 1105 5392 et
1128 5332 1521 5390 benedictione
1551 5338 1836 5403 percepta,

1940 5331 2248 5402 frequentia
2298 5330 2508 5401 placuit
2537 5342 2596 5386 ut
2648 5343 2795 5385 nono
2838 5328 3065 5384 Kalend.
3117 5328 3432 5385 Octobrium
3465 5329 3555 5385 die

1569 5455 1789 5511 VARIE
1817 5452 2190 5510 LECTIONES.

278 5568 351 5605 ⁸⁸⁸
378 5581 486 5624 vox
531 5570 713 5635 postea
756 5561 825 5635 ab
880 5562 986 5635 atto
1028 5565 1260 5635 mutata
1283 5576 1341 5613 in
1367 5556 1599 5635 secundi
1633 5556 1704 5635 1ζ
1755 5554 1825 5635 δξδ
1848 5550 2019 5635 Flt‘llT
2067 5551 2276 5606 addunt
2300 5550 2355 5602 2.
2397 5548 2448 5604 3.
2502 5547 2895 5635 ,ξδτὶξςᾳυλίῑξξις
2919 5546 3549 5635 οιξξξιρθῐζὰίοείξηξιξξὶρ

210 5619 552 5696 elevatienis
574 5619 841 5703 corporis
879 5631 1262 5703 ipsius_sancti
1278 5626 1640 5703 confessoris
1656 5628 1727 5703 __3.
1770 5625 2289 5703 EaultemusAz-tsque
2318 5619 2542 5690 agnovit
2585 5619 2915 5703 desunt-
3216 5619 3553 5703 Aetevationis

209 5715 351 5769 deest
382 5714 444 5766 in
476 5709 525 5761 1.
563 5707 613 5760 4.
650 5696 707 5758 5ξ
766 5702 834 5736 ⁸⁸³
858 5696 1242 5773 ωἶιεηιίίοεηιε
1273 5700 1324 5753 3.
1394 5699 1461 5731 ⁸³)
1496 5696 1871 5751 munificentia
1900 5696 1950 5749 3.

2040 5692 2108 5728 ⁸ου
2136 5688 2214 5746 Ita
2231 5720 2298 5731 --
2322 5688 2581 5746 recursus
2605 5690 2799 5743 desunt
2827 5689 2880 5743 3.
2955 5690 3020 5724 θοι
3042 5696 3194 5743 tante
3216 5688 3269 5741 2.
