3930 6204
421 234 527 293 679

1625 231 1977 288 SlGEBERTl
2020 231 2531 297 GEMBLACENSIS.

3646 264 3753 323 680

410 367 583 420 sancti
623 366 869 437 corporis
921 363 1158 419 elevatio
1192 361 1373 429 fieret,
1424 377 1490 418 eo
1541 364 1689 434 quod
1748 364 2025 465 pridie‘in
2049 366 2108 438 Α
2130 368 2318 425 videre
2346 372 2529 428 datum
2554 383 2638 433 est
2655 378 2873 455 signum
2898 384 3078 440 crucis
3105 384 3160 440 in
3199 387 3336 445 calo
3372 406 3548 463 super
3576 392 3746 465 ipsum

411 456 671 528 martyrio
738 462 1053 511 sanctorum
1106 455 1450 510 Thebeorum
1514 457 1829 525 specialiter
1870 454 2031 511 nobis

407 544 727 616 sollempni,
762 546 897 600 satis
922 544 1118 617 ingens
1141 545 1380 615 populus
1413 553 1467 598 et
1497 544 1689 598 indicti
1716 543 2031 599 commercii

408 643 465 693 et
482 638 679 695 votivae
701 637 968 693 orationis
990 654 1174 703 causa,
1210 637 1267 690 in
1306 638 1454 692 hunc
1480 636 1657 692 locum
1687 638 2027 693 conveniret.

479 733 533 786 5.
567 733 811 787 Domnus
846 731 1018 786 abbas
1059 731 1340 786 Lietardus
1377 732 1431 785 in
1462 731 1548 786 his
1597 748 1718 803 quae
1754 732 1857 785 sibi
1887 731 2031 786 bene

409 822 496 877 vel
527 822 676 877 dicta
706 821 790 877 vel
828 822 967 876 facta
998 831 1124 876 sunt
1156 822 1389 889 laetatus,
1422 821 1587 893 hujus
1618 821 1831 875 laaticiaz
1863 821 2035 892 parti-

408 912 749 983 cipationem
782 913 850 966 ad
887 921 1128 968 nostram
1169 912 1393 967 destulit
1423 912 1884 983 expectationem.
1914 911 2033 967 Μο-

406 1005 534 1060 nuit
575 1006 779 1061 deinde
811 1013 869 1060 ut
897 1006 1231 1081 “desiderata
1272 1006 1401 1062 boni
1437 1006 1652 1077 patroni
1704 1005 2034 1075 sollempnia

402 1096 588 1151 debita
602 1102 802 1152 nostrae
825 1095 1136 1151 devotionis
1164 1094 1533 1165 praevenirent
1560 1094 1770 1149 munia.
1802 1095 2033 1166 Nanque

404 1186 474 1240 ad
506 1184 914 1256 prosperandos
942 1200 972 1238 a
1008 1185 1118 1237 Deo
1151 1184 1318 1252 hujus
1372 1184 1450 1238 rei
1494 1199 1785 1239 successus
1817 1199 1880 1238 ex
1913 1182 2033 1254 cpi-

402 1279 559 1350 sc0pi
597 1280 860 1335 mandato
885 1280 1164 1349 jejunium
1208 1276 1425 1345 indixit,
1469 1277 1615 1347 quod
1648 1277 1768 1348 ipse
1795 1291 1903 1330 una
1932 1290 2031 1331 no-

401 1369 617 1425 biscum
656 1386 722 1425 eo
762 1371 1013 1426 devotior
1051 1385 1160 1441 quo
1191 1367 1479 1423 sollicitior
1510 1366 1759 1437 perfecit.
1798 1367 2030 1438 Jamque

403 1463 687 1520 eﬂ‘ulserat
727 1466 845 1521 dies
875 1466 987 1532 illa,
1020 1465 1154 1520 caelo
1209 1471 1478 1534 terraeque
1512 1463 1726 1527 festiva,
1760 1462 1893 1518 caelo
1936 1477 2035 1533 pro

402 1573 667 1629 compare
701 1558 1011 1631 designato,
1037 1567 1190 1611 terrae
1218 1571 1316 1627 pro
1346 1563 1579 1625 patrono
1609 1555 1713 1609 sibi
1735 1555 2032 1629 assignato.

405 1651 606 1707 Aderat
661 1652 950 1723 utriusque
987 1668 1151 1705 sexus
1199 1650 1358 1721 plebs
1390 1649 1836 1716 innumerabilis,
1892 1664 2031 1720 quos
2059 1688 2106 1756 Β

408 1740 783 1811 undecunque
811 1740 1174 1795 advocaverat
1200 1754 1353 1793 amor
1383 1745 1438 1793 et
1486 1738 1664 1793 honor
1694 1737 1867 1792 sancti
1895 1753 2030 1793 eon-

402 1839 650 1897 fessoris.
685 1840 1071 1895 Convenerant
1097 1840 1261 1894 etiam
1295 1839 1478 1909 plures
1500 1837 1734 1892 abbatus
1759 1843 1817 1891 et
1840 1837 2023 1892 archi-

401 1930 656 2002 dyaceni,
690 1939 744 1986 et
784 1932 876 1987 alii
909 1931 1319 1986 :ecclesiasticae
1350 1928 1636 2004 religionis
1668 1936 1772 1983 tam
1828 1934 2026 1983 aucto-

400 2038 489 2076 res
518 2039 680 2094 quam
717 2023 997 2093 discipuli,
1041 2039 1180 2094 quos
1215 2023 1283 2076 ad
1325 2021 1561 2075 caelestis
1596 2020 1838 2075 thesauri
1878 2034 2029 2074 com-

398 2113 733 2183 positionem
763 2113 1094 2168 invitaverat
1131 2112 1431 2169 auctoritas
1470 2112 1658 2166 domni
1691 2110 1941 2183 episcopi
1974 2115 2033 2165 et

397 2205 729 2279 religiositas
791 2206 1087 2260 tractandae
1145 2205 1243 2259 rei.
1302 2205 1543 2269 Quorum
1597 2204 1810 2259 devotis
1866 2204 2030 2259 obse-

401 2298 548 2370 quiis
570 2299 744 2356 ssncti
779 2299 1027 2370 corporis
1077 2298 1434 2375 margaritum
1479 2298 1752 2354 elevatum
1796 2298 1864 2351 de
1911 2298 2032 2352 loco

403 2391 722 2461 sepulturae,
754 2391 810 2445 in
850 2390 1156 2462 proximam
1199 2390 1314 2465 agri
1354 2390 1639 2461 planitiem
1670 2395 1753 2445 est
1781 2389 2034 2460 deporta-

400 2488 537 2550 tum,
564 2483 992 2552 expectantibus
1018 2482 1243 2554 p0pulis
1272 2482 1787 2538 demonstrandum.

469 2571 523 2625 6.
576 2571 794 2626 Interea
826 2587 923 2642 pro
964 2588 1023 2626 re
1062 2578 1115 2625 et
1144 2578 1391 2642 tempore
1424 2570 1615 2626 habito
1654 2570 1719 2624 ad
1764 2569 2028 2641 populum

400 2677 681 2730 sermone,
735 2678 859 2717 cum
886 2662 1149 2717 omnibus
1202 2662 1332 2717 satis
1371 2660 1571 2717 factum
1610 2670 1756 2717 esset
1786 2677 1887 2733 pro
1928 2678 2029 2717 sua

394 2750 775 2821 expectatione
816 2766 984 2820 super
1026 2750 1201 2805 sancti
1242 2750 1493 2820 corporis
1521 2749 1757 2816 visione,
1798 2756 2025 2805 sanctus

395 2842 681 2899 confessor
713 2842 1027 2897 Wicbertus
1065 2843 1133 2897 ab
1165 2842 1426 2898 omnibus
1451 2848 1764 2907 veneratur,
1792 2858 1822 2895 a
1848 2839 2021 2911 pluri-

396 2932 499 2987 bus
524 2932 706 2988 votiva
731 2931 817 2986 vel
849 2940 1156 3003 spontanea
1184 2932 1469 2987 oblatione
1501 2940 1841 2987 muneratur.
1887 2930 2020 2986 Inde

2135 460 2338 530 locum,
2373 467 2520 537 quod
2568 470 2857 529 videbatur
2908 477 3041 533 orbe
3070 478 3401 549 splendente
3444 460 3748 545 circumfu-

2135 570 2276 654 sum.
2321 557 2522 615 Rerum
2577 570 2636 619 ut
2674 567 2918 623 creditur
2967 573 3230 642 mysterio
3306 575 3652 647 insinuante,
3698 590 3754 639 ut

2135 652 2263 733 quia
2291 652 2601 707 communis
2656 654 2829 712 hostis
2858 658 2965 715 hoc
3004 660 3163 733 signo
3194 662 3373 720 victus
3430 674 3515 722 est
3548 667 3750 726 Christo

2134 731 2525 828 triumphante,
2584 759 2685 813 per
2721 745 2889 816 hujus
2936 731 3153 818 patroni
3218 754 3413 809 merita
3474 757 3752 828 supplices

2134 826 2254 895 ejus
2310 832 2428 886 erui
2475 844 2758 903 sperarent
2798 838 2867 893 ab
2922 840 3273 898 inimicorum
3333 826 3640 904 visibilium
3703 856 3754 906 et

2136 916 2493 977 invisibilium
2553 932 2843 996 potestate.
2903 930 2961 985 Et
3011 932 3142 1004 quia
3185 936 3359 990 semel
3408 936 3751 995 inimicorum

2136 1014 2342 1070 mentio
2367 1013 2504 1072 facta
2526 1026 2629 1088 est,
2663 1024 3096 1091 pretereundum
3117 1041 3228 1082 non
3260 1036 3365 1096 est,
3398 1031 3553 1101 quod
3586 1030 3755 1089 inho-

2134 1116 2323 1157 norem
2357 1111 2410 1159 et
2431 1122 2674 1163 amorem
2700 1112 2875 1169 sancti
2904 1112 3237 1170 confessoris
3265 1123 3344 1172 tot
3374 1118 3589 1176 inimici
3622 1122 3757 1178 inter

2134 1204 2194 1244 se
2232 1190 2493 1275 homines
2538 1197 2604 1251 ad
2637 1199 2864 1269 gratiam
2896 1201 3202 1269 redierunt,
3259 1212 3396 1276 quot
3435 1206 3491 1261 bi
3529 1208 3625 1280 qui
3654 1210 3753 1264 ad-

2133 1292 2288 1338 erant
2319 1301 2597 1358 nunquam
2632 1306 2733 1345 sua
2762 1292 3029 1349 memoria
3057 1294 3266 1351 redisse
3293 1296 3573 1354 viderunt.
3606 1300 3755 1357 Unde

2133 1372 2284 1429 salvo
2362 1376 2647 1449 privilegio
2705 1379 2998 1437 dominicae
3055 1382 3378 1453 nativitatis,
3438 1388 3747 1463 angelicum

2136 1460 2271 1516 illud
2331 1481 2551 1521 carmen
2600 1470 2903 1539 aptandum
2973 1479 3058 1527 est
3107 1474 3297 1548 gratiae
3354 1460 3755 1547 hujus'nostraa

2137 1553 2484 1612 festivitatis:
2516 1560 2692 1616 Gloria
2742 1564 2800 1617 in
2850 1565 3070 1620 excelsis
3106 1570 3228 1634 Deo,
3279 1574 3331 1622 et
3379 1571 3438 1623 in
3469 1576 3618 1625 terra
3654 1588 3761 1641 pom

2130 1649 2435 1704 hominibus
2477 1652 2626 1706 bona?
2668 1654 2963 1710 voluntatis
3015 1654 3157 1726 (Luc.
3203 1673 3265 1724 ιι,
3304 1657 3420 1727 14),
3466 1658 3752 1724 Quomodo

2130 1737 2276 1791 enim
2310 1752 2420 1792 non
2465 1739 2626 1794 detur
2681 1740 2855 1816 gloria
2909 1742 2964 1796 in
3011 1744 3245 1800 excelsis
3289 1745 3421 1813 Deo,
3480 1748 3577 1819 qui
3620 1764 3750 1803 san-

2129 1833 2273 1882 ctum
2324 1844 2480 1883 suum
2537 1832 2681 1902 apud
2724 1848 2783 1887 se
2840 1833 3205 1908 glorificatum
3248 1837 3306 1891 in
3345 1837 3502 1906 caelo,
3573 1855 3753 1896 coram

2131 1915 2449 1972 hominibus
2489 1918 2815 1991 glorificavit
2858 1923 3038 1978 crucis
3076 1931 3316 1980 ostensa:
3383 1926 3575 2001 signo.
3623 1927 3753 1984 Con-

2129 2017 2427 2078 sequenter
2455 2011 2618 2066 etiam
2674 2013 2729 2067 in
2763 2021 2908 2069 terra
2956 2032 3058 2086 pax
3102 2016 3421 2073 hominibus
3460 2017 3628 2076 bonae
3658 2036 3753 2077 vo-

2132 2098 2358 2156 luntatis
2414 2118 2537 2158 esse
2576 2105 2763 2169 debet,
2821 2108 3022 2179 quibus
3068 2108 3328 2166 divinitas
3379 2110 3438 2165 in
3492 2113 3754 2169 omnibus

2131 2192 2216 2246 vel
2248 2191 2475 2248 offensis
2503 2194 2589 2249 vel
2619 2196 3041 2252 necessitatibus
3074 2204 3287 2254 tantum
3315 2200 3464 2271 apud
3491 2218 3553 2257 se
3575 2203 3752 2259 inter-

2131 2300 2405 2340 cessorem
2455 2286 2668 2357 prebet.
2698 2288 2777 2342 Ad
2808 2290 2964 2358 cujus
2996 2290 3177 2346 meriti
3213 2294 3749 2351 commendationem

2135 2396 2245 2436 non
2278 2381 2551 2437 immerito
2592 2382 2787 2438 factam
2846 2384 3249 2441 crediderimus
3306 2388 3488 2444 crucis
3522 2390 3753 2446 demon-

2133 2473 2477 2542 strationem,
2502 2476 2707 2546 quippe
2748 2491 2908 2547 quem
2954 2477 3159 2532 scimus
3190 2486 3417 2549 propter
3444 2481 3622 2536 Deum
3662 2499 3756 2538 ex-

2134 2566 2321 2637 pedite
2348 2568 2718 2639 sequendum,
2749 2584 2810 2623 se
2835 2568 3012 2639 ipsum
3054 2570 3157 2624 sibi
3185 2570 3516 2648 abnegasse,
3549 2583 3607 2630 et
3636 2592 3755 2630 eru-

2131 2674 2249 2714 cem
2308 2676 2484 2726 suam,
2552 2660 2657 2716 hoc
2710 2666 2793 2716 est
2834 2662 3012 2717 carnis
3068 2678 3184 2717 suae
3226 2663 3741 2734 mortiﬁcationem,

2129 2756 2255 2818 post
2313 2748 2583 2804 Christum
2636 2749 2849 2805 tulisse.
2908 2751 3156 2823 Denique
3213 2758 3269 2807 et
3315 2753 3467 2809 orbis
3506 2755 3601 2811 ille
3651 2756 3743 2828 qui

2128 2849 2487 2911 apparentem
2538 2856 2758 2896 crucem
2796 2841 2947 2897 visus
3000 2851 3085 2898 est
3124 2843 3587 2915 circumfulsisse,
3647 2864 3756 2904 non

2127 2927 2450 2985 indecenter
2494 2930 2783 2986 estimatur
2835 2946 3054 2987 corona:
3108 2931 3508 3006 signiﬁcativus
3562 2936 3749 3001 fuisse,

404 3025 474 3081 ad
504 3025 611 3080 loci
645 3026 815 3080 nostri
862 3025 1087 3080 tutelam
1130 3034 1183 3081 et
1221 3026 1605 3090 salvationem,
1649 3042 1772 3082 cum
1817 3025 2022 3081 feretro
2048 3067 2097 3138 Ο
2127 3035 2291 3090 quam
2325 3020 2425 3075 istc
2458 3027 2681 3075 sanctus
2715 3037 2811 3092 pro
2841 3021 2958 3077 suis
2991 3022 3156 3090 justis
3194 3022 3483 3081 laboribus
3513 3026 3753 3081 creditur

404 3119 459 3138 ,Δ
510 3118 579 3138 σοι
608 3118 708 3138 11--
744 3117 1034 3138 c-1-_-c--.-
1085 3119 1131 3138 ?_
1179 3118 1427 3138 μ-ι-,ε.-μ,-
1478 3118 1576 3138 _!L3
1613 3117 1873 3138 _-_-I-_!_.
1912 3134 1975 3138 μ-
2129 3129 2152 3138 ,ι
2188 3114 2295 3138 ﬂ..-
2338 3114 2606 3138 ...Α..--2---
2685 3114 2788 3138 Π---
2829 3123 3007 3138 ---ι-...
3042 3117 3146 3138 ι...Δ
3179 3117 3390 3138 -:_______
3453 3118 3544 3138 ,193
3623 3120 3704 3138 σιμ

394 3119 462 3174 ad
510 3118 579 3152 ⁸⁹²
608 3118 713 3173 hoc
744 3117 1041 3173 fabrefacto
1083 3119 1138 3172 in
1179 3118 1433 3188 placitam
1475 3118 1579 3173 sibi
1611 3117 1877 3172 aecclesiae
1911 3134 2020 3174 no-

393 3214 519 3263 strae
559 3206 1027 3261 Gemmelacensis
1074 3206 1350 3277 repositus
1404 3214 1487 3261 est
1536 3206 1882 3260 mansionem
1928 3207 2018 3261 8’3.

393 3294 573 3350 Multis
625 3294 872 3366 denique
912 3293 1160 3349 fidelium
1203 3310 1313 3350 non
1339 3294 1471 3349 satis
1499 3295 1674 3349 visum
1725 3301 1827 3361 est,
1872 3296 2022 3367 quod

393 3390 475 3446 eis
522 3389 685 3458 hujus
741 3388 848 3443 diei
899 3388 1102 3462 gaudio
1157 3388 1475 3459 participari
1520 3388 1706 3443 datum
1754 3396 1860 3455 est,
1909 3389 2013 3443 nisi

391 3485 602 3557 aliquid
652 3483 1011 3554 reliquiarum
1068 3483 1271 3558 singuli
1328 3489 1384 3538 ut
1436 3483 1714 3554 petierant
1758 3484 2010 3555 accipere

389 3585 758 3643 mererentur,
787 3578 936 3633 unde
961 3578 1028 3634 ab
1076 3578 1158 3633 eis
1206 3593 1420 3644 cruces,
1467 3578 1679 3645 altaria,
1714 3578 1801 3633 vel
1847 3578 2012 3634 etiam

391 3676 607 3750 integra
662 3673 901 3729 oratoria
939 3673 1345 3728 dedicarentur.
1400 3672 1611 3740 Quanta
1660 3688 1791 3729 vero
1849 3661 2023 3728 fuerit

390 3766 554 3837 hujus
589 3765 702 3820 diei
756 3764 967 3830 laetitia,
1010 3780 1130 3836 quae
1189 3765 1244 3819 in
1301 3765 1533 3821 Domino
1596 3764 1902 3819 laetantium
1965 3771 2021 3819 et

384 3858 747 3915 exultantium
776 3857 971 3929 gloria,
1014 3856 1145 3929 quia
1176 3872 1339 3912 nemo
1367 3858 1436 3912 ad
1496 3856 1796 3911 dicendum
1830 3863 2012 3928 potest

382 3945 663 4014 sufficere,
696 3944 904 4000 bonum
938 3950 1021 4000 est
1052 3944 1215 4000 silere
1244 3960 1408 4016 quam
1437 3961 1629 4015 parum
1662 3945 1869 4000 dicere.
1900 3946 2011 4000 lm-

382 4052 473 4093 mo
528 4035 657 4108 quia
711 4034 1053 4105 promptiora
1101 4041 1230 4088 sunt
1264 4032 1585 4089 testimonia
1622 4048 1803 4088 rerum
1845 4049 2009 4105 quam

383 4127 705 4193 verborum,
748 4125 820 4182 de
874 4141 938 4180 ea
967 4125 1224 4181 credatur
1272 4125 1664 4181 innumerabili
1721 4125 1893 4181 turbae
1945 4123 2010 4179 fi-

385 4221 589 4277 delium
641 4218 991 4291 populorum,
1059 4232 1199 4288 quos
1265 4217 1334 4272 ad
1393 4216 1826 4273 anniversarium
1896 4233 2011 4274 suae

384 4310 561 4382 ipsius
590 4306 916 4365 elevationis
946 4305 1118 4372 diem,
1149 4306 1323 4378 gratia
1357 4305 1533 4362 sancti
1563 4304 1901 4362 confessoris
1934 4306 2013 4360 in-

386 4403 537 4470 vitat,
595 4406 650 4457 et
685 4415 909 4471 semper
935 4404 993 4454 ut
1044 4397 1327 4453 credimus
1360 4398 1619 4453 invitabit
1676 4414 1775 4470 per
1809 4413 2009 4454 novam

386 4492 781 4557 miraculorum
810 4489 1213 4562 operationem.
1247 4490 1409 4546 Facta
1434 4497 1520 4546 est
1563 4496 1744 4546 autem
1774 4489 2013 4546 celebri-

385 4598 467 4646 tas
511 4587 677 4657 hujus
716 4581 1068 4649 elevationis,
1102 4597 1248 4639 anno
1288 4587 1483 4653 quarto
1540 4581 1780 4639 Heinrici
1822 4582 2004 4655 quinti

387 4677 555 4748 hujus
594 4674 838 4733 nominis
878 4673 1249 4745 imperatoris,
1278 4672 1374 4745 qui
1405 4678 1488 4729 est
1518 4673 1657 4730 1110
1708 4674 1776 4728 ab
1830 4673 2009 4729 incar-

390 4766 619 4823 natione
651 4763 861 4821 domini
890 4762 1212 4819 Salvatoris.

463 4853 519 4908 7.
550 4854 722 4925 Hujus
750 4851 1080 4909 elevationis
1108 4851 1231 4907 dies
1268 4857 1421 4908 tanto
1453 4859 1539 4907 est
1570 4851 1853 4927 signorum
1888 4852 2008 4924 pri-

396 4940 600 5013 vilegio
614 4941 1052 5008 commendatus,
1069 4945 1130 4995 ut
1159 4956 1271 4997 non
1289 4941 1530 4995 humana
1556 4939 1887 5005 temeritate,
1911 4940 2009 4997 sed

399 5032 588 5089 divina
634 5032 985 5088 ordinatione
1032 5032 1289 5088 credatur
1340 5048 1465 5088 esse
1520 5031 1837 5103 dispositus.
1881 5032 2011 5087 Cum

398 5123 550 5179 enim
607 5123 665 5177 in
720 5139 787 5179 eo
817 5139 980 5195 quem
1040 5124 1465 5195 prescripsimus
1517 5123 1660 5189 loco,
1702 5123 2010 5195 expositum

396 5216 572 5274 sancti
604 5231 803 5289 corpus
828 5222 1171 5287 spectaretur
1206 5234 1239 5273 ι
1267 5217 1494 5290 populo,
1523 5217 1775 5289 apparuit
1805 5216 2010 5289 quibus

2127 3129 2158 3166 a
2188 3114 2299 3169 Deo
2338 3114 2627 3170 meruisse.
2684 3114 2789 3171 Cur
2828 3123 3010 3171 autem
3042 3117 3149 3173 hoc
3176 3117 3395 3191 signum
3448 3118 3547 3173 alii
3585 3120 3740 3175 vide-

2127 3206 2255 3275 rint,
2288 3207 2382 3262 alii
2405 3207 2596 3263 videre
2658 3224 2767 3265 non
2802 3209 3124 3277 meruerint,
3158 3226 3270 3266 non
3310 3211 3378 3266 ad
3411 3219 3666 3270 nostrum
3688 3214 3751 3269 de

2125 3301 2310 3374 aliquo
2356 3302 2748 3375 prejudicium,
2800 3304 2898 3359 sed
2936 3304 3004 3359 ad
3064 3304 3312 3360 divinum
3363 3304 3436 3361 de
3482 3305 3744 3361 omnibus

2118 3393 2357 3463 pertinet
2397 3394 2699 3463 judicium.
2742 3394 2889 3450 Deus
2935 3394 3085 3451 enim
3126 3394 3295 3464 judex
3342 3396 3549 3465 justus,
3579 3397 3740 3453 etiam

2117 3483 2220 3540 hoc
2273 3492 2523 3557 tempore
2571 3485 2789 3554 judicat
2819 3486 2888 3542 de
2927 3486 3259 3557 quibusdam
3304 3487 3649 3555 hominibus,
3696 3496 3750 3544 et

2117 3572 2251 3629 istos
2304 3572 2701 3628 misericordiae
2747 3590 2861 3630 suae
2913 3574 3294 3631 consolatione
3349 3575 3576 3650 dignos,
3627 3577 3749 3633 illos

2125 3661 2346 3732 penitus
2375 3661 2527 3718 ducit
2556 3662 2830 3737 indignos.
2862 3662 3022 3730 istos,
3073 3663 3206 3736 quia
3233 3664 3386 3737 quod
3426 3674 3642 3722 rectum
3669 3673 3747 3720 est

2124 3755 2311 3824 agunt,
2350 3756 2404 3806 et
2442 3750 2489 3805 si
2528 3751 2711 3808 adhuc
2750 3759 2955 3820 errant,
2998 3752 3171 3807 nichil
3226 3769 3293 3808 ex
3339 3753 3743 3822 obstinatione,

2112 3842 2211 3897 sed
2271 3859 2339 3897 ex
2389 3842 2704 3917 ignorantia
2756 3850 2813 3900 ct
2856 3844 3212 3917 simplicitate
3279 3844 3533 3913 faciunt;
3604 3847 3743 3911 illos,

2112 3932 2243 4005 quia
2278 3933 2528 3988 viventes
2556 3942 2611 3990 et
2657 3934 2910 3990 videntes
2967 3935 3023 3989 in
3068 3935 3254 4007 ignem
3299 3935 3531 3991 vadunt.
3591 3936 3741 3993 Unde

2113 4023 2452 4079 credendum
2482 4030 2567 4079 est
2625 4031 2681 4079 et
2709 4024 3032 4091 dicendum,
3067 4025 3215 4096 quod
3266 4026 3412 4081 Deus
3450 4026 3560 4082 hoc
3585 4026 3740 4100 signo

2112 4119 2360 4169 sanctum
2388 4130 2549 4169 suum
2601 4120 2828 4186 pr0pter
2869 4113 2993 4169 illos
3023 4112 3440 4189 glorificaverit,
3496 4130 3640 4186 quos
3675 4115 3740 4168 de

2111 4221 2181 4265 eo
2220 4221 2332 4263 non
2365 4206 2575 4279 perﬁde
2604 4205 2703 4262 sed
2744 4220 2899 4262 more
2930 4206 3174 4261 humano
3230 4204 3488 4261 dubitare
3518 4206 3721 4262 viderit

2112 4298 2352 4370 ideoque
2406 4297 2541 4353 illud
2584 4296 2790 4352 vidisse
2840 4295 3041 4353 multos
3094 4295 3498 4363 dubitantium,
3533 4309 3741 4367 paucos

2110 4391 2454 4448 sanctitatem
2513 4390 2637 4459 ejus
2687 4388 3056 4457 credentium,
3109 4388 3388 4444 neminem
3437 4387 3743 4444 virtutibus

2112 4483 2287 4557 ipsius
2316 4481 2704 4538 invidentium.

2180 4574 2233 4628 8.
2283 4572 2421 4638 Quid
2473 4578 2655 4627 autem
2705 4571 2957 4627 dicemus
3007 4570 3078 4626 de
3123 4569 3361 4625 muliere
3404 4585 3556 4642 quae,
3615 4587 3740 4627 cum
3801 4646 3806 4650 ἢ

2109 4672 2384 4738 oportuno
2418 4663 2544 4720 loco
2588 4669 2779 4725 staret,
2823 4662 3036 4718 elevata
3067 4662 3123 4716 in
3177 4668 3484 4733 conspectu
3549 4662 3739 4735 p0puli

2109 4761 2299 4809 sancta
2326 4753 2561 4827 pignora
2583 4766 2693 4807 non
2724 4751 2903 4822 potuit
2932 4750 3167 4806 videre?
3197 4750 3467 4805 Nimirum
3509 4751 3665 4823 quod
3686 4750 3740 4803 iu

2111 4843 2326 4901 occulto
2377 4841 2682 4899 divinitatis
2720 4839 2937 4910 judicio
2978 4840 3098 4909 ejus
3150 4854 3317 4894 causa
3347 4839 3477 4894 talis
3508 4849 3649 4907 erat,
3683 4847 3741 4893 ut

2113 4936 2338 5010 indigna
2403 4943 2552 4993 esset
2607 4933 2819 4999 videre,
2902 4932 3054 5004 quod
3112 4932 3364 4989 omnium
3420 4931 3741 5002 aspectibus

2110 5027 2417 5100 expositum
2445 5024 2655 5090 fuerat;
2698 5038 2757 5077 se
2792 5022 2966 5092 ipsam
2996 5030 3183 5077 tamen
3224 5020 3345 5093 ipsa
3374 5021 3737 5082 conveniens,

2112 5132 2168 5181 et
2220 5122 2391 5179 nichil
2445 5128 2629 5193 preter
2658 5123 2884 5189 peccata
2939 5132 3042 5172 sua
3092 5115 3303 5171 visibus
3351 5115 3485 5185 |suis
3519 5115 3741 5171 obstare

2111 5193 2474 5291 cognoscens,
2528 5210 2737 5268 tamdiu
2787 5208 2933 5280 apud
2973 5224 3032 5264 se
3080 5208 3193 5265 Deo
3227 5207 3427 5263 humili
3467 5206 3741 5264 satisfecit

1752 5404 1973 5462 νΑΒυΕ
1997 5403 2375 5461 LECTIONES.

458 5565 528 5604 9"
556 5564 624 5623 ad
663 5566 720 5621 h.
773 5564 815 5619 f.
873 5564 1067 5618 desunt
1089 5564 1143 5618 2.

1258 5564 1327 5599 ⁸³³
1351 5567 1437 5620 hic
1459 5567 1653 5623 desinit
1691 5567 1746 5634 3,
1796 5570 1877 5623 his
1902 5568 2111 5633 verbis;
2146 5567 2441 5636 [lucusque
2479 5562 2652 5618 sancti
2684 5560 2784 5617 viri
2812 5558 3067 5616 elevatio.
3100 5560 3423 5627 Sequuntur
3448 5560 3736 5631 prwilegia

388 5641 589 5699 Ottonis
612 5643 666 5694 et
690 5635 967 5693 Benedicti
996 5638 1100 5700 VII,
1122 5640 1383 5703 postremo
1404 5638 1595 5694 relatio
1620 5640 1685 5695 de
1712 5640 2074 5697 combustione
2095 5635 2412 5695 monasterii
2425 5678 2435 5690 .
