3930 6204
185 297 291 354 681

1330 293 1476 347 VlTA
1518 293 1576 346 S.
1621 291 1965 347 WlCBERTl.
2009 323 2078 332 —
2117 292 2395 348 APPEND.

3424 293 3531 347 682

187 417 466 484 oratione,
498 416 678 472 donec
729 415 935 487 perfrui
992 425 1297 472 mereretur
1334 424 1643 473 sanctarum
1686 416 1814 471 reli-
1840 417 2012 487 Asoli
2049 418 2159 471 Deo
2192 432 2415 472 causam
2444 432 2595 470 suam
2640 417 2926 484 revelarot,
2971 425 3139 490 utque
3170 419 3525 475 exaudiretur

190 510 449 581 quiarum
473 507 707 562 visione.

266 601 321 654 9.
365 598 477 654 Nec
513 599 700 652 minus
738 598 1004 653 miraculo
1044 598 1269 672 dignum
1320 605 1423 665 est,
1457 598 1604 668 quod
1637 596 1693 650 in
1733 595 1819 649 al-

190 697 314 744 tera
345 688 585 743 muliere
625 688 828 743 factum
867 695 969 743 est.
1015 688 1136 742 llaec
1164 688 1293 741 dum
1332 687 1400 741 ad
1458 702 1598 741 nova
1656 685 1821 754 hujus

189 778 308 832 diei
337 777 540 851 gaudia
578 792 702 831 cum
733 776 923 847 populi
958 778 1200 832 venisset
1227 776 1559 847 frequentia,
1583 775 1810 829 deside-

192 867 341 922 rium
398 865 547 921 fideli
579 867 891 938 apportavit
929 868 984 921 iu
1024 875 1272 940 pectore,
1304 875 1364 921 ut
1400 866 1638 937 aliquam
1688 882 1817 936 por-

189 961 503 1015 tiunculam
552 959 661 1014 sibi
691 967 999 1030 reportaret
1027 961 1097 1015 de
1126 961 1299 1015 sancti
1329 959 1661 1016 confessoris
1701 975 1819 1014 cor-

190 1068 354 1122 pore.
413 1051 685 1122 Expositis
735 1052 902 1125 igitur
932 1061 990 1107 ut
1024 1052 1232 1107 dictum
1287 1059 1368 1107 est
1416 1053 1484 1106 ad
1516 1051 1814 1107 videndum

188 1143 402 1199 sanctis
436 1143 779 1215 pignoribus,
814 1145 1026 1198 astabat
1085 1144 1205 1214 ipsa
1236 1159 1360 1198 cum
1392 1142 1716 1209 astantibus,
1764 1149 1818 1197 et

192 1243 351 1291 tanto
393 1236 516 1304 ejus
555 1236 897 1291 desiderium
928 1237 1253 1310 augebatur,
1297 1245 1502 1307 quanto
1534 1234 1815 1309 augmenti

190 1340 369 1380 causa
423 1324 629 1378 videnti
687 1326 1117 1395 proponebatur.
1206 1324 1344 1388 Quid
1406 1323 1572 1397 igitur
1631 1329 1819 1395 ageret

191 1430 311 1484 quo
338 1428 397 1467 se
427 1412 703 1467 verteret?
743 1411 858 1467 Non
903 1420 1021 1466 erat
1049 1428 1114 1467 ea
1165 1428 1421 1483 persona,
1454 1428 1577 1483 qua:
1609 1411 1678 1465 de
1711 1418 1817 1465 tam

192 1504 452 1576 precioso
503 1520 732 1559 munere
788 1521 1103 1576 quenquam
1144 1504 1495 1574 interpellare
1536 1520 1818 1573 presume-

195 1604 305 1663 ret,
340 1597 428 1652 vel
461 1596 550 1652 cui
599 1597 973 1668 interpellanti
1017 1597 1307 1668 quisquam
1338 1596 1622 1665 impertire
1650 1595 1819 1650 audc-

194 1695 301 1743 ret.
357 1688 491 1753 Quia
535 1689 701 1762 igitur
746 1690 813 1743 de
865 1690 1105 1743 humano
1147 1688 1423 1756 adjutorio
1454 1688 1601 1742 illam
1634 1687 1814 1742 omni-

1925 508 2327 567 indeﬁcienter
2374 515 2577 576 oraret,
2605 508 2802 563 mirum
2831 509 3003 575 dictu,
3034 510 3089 563 in
3142 512 3394 567 manibus
3417 512 3533 567 suis

1924 617 2060 671 quas
2110 600 2392 671 supplices
2428 600 2487 653 in
2526 599 2719 654 czelum
2762 606 3097 671 porrexerat,
3138 602 3322 657 subito
3371 603 3534 658 inve~

1924 690 2004 743 nit
2031 690 2292 760 quiddam
2354 688 2705 760 reliquiarum
2738 704 2875 760 quas
2928 694 3214 758 tantOpere
3247 690 3535 746 desidera-

1922 781 2034 836 bet.
2069 782 2222 845 Quod
2274 798 2442 835 unum
2478 779 2931 860 dentium‘sancti
2984 779 3317 835 confessoris
3366 781 3535 836 fuisse

1918 870 2190 940 proditum
2225 876 2309 924 est
2337 870 2405 923 ab
2434 870 2514 924 eis
2557 885 2698 942 quos
2722 869 2801 924 rei
2836 874 3000 923 testes
3039 868 3268 940 contigit
3308 885 3428 924 esse
3467 871 3534 905 ⁸9⁸

1918 965 2056 1020 Ecce
2087 966 2321 1036 qualiter
2342 981 2453 1020 uno
2480 965 2568 1018 die
2598 971 2653 1018 et
2683 965 2803 1019 loco
2834 971 3072 1035 quatuor
3095 964 3377 1020 miraculis
3402 982 3533 1020 san-

1917 1060 2036 1107 ctus
2064 1060 2218 1123 pater
2244 1059 2431 1107 noster
2468 1052 2783 1107 Wicbertus
2830 1051 3167 1126 glorificatus
3200 1060 3284 1108 est
3326 1070 3357 1108 a
3388 1056 3524 1110 Deo.

1924 1144 2037 1198 Uno
2065 1161 2165 1214 per
2194 1144 2373 1198 crucis
2401 1143 2456 1197 in
2495 1143 2629 1198 caelo
2661 1144 3210 1210 demonstrationem,
3240 1146 3412 1202 altero
3437 1164 3535 1218 per

1919 1231 2268 1292 inimicorum
2325 1232 2611 1286 hominum
2667 1231 3198 1299 reconciliationem,
3261 1233 3421 1288 tertio
3478 1234 3534 1288 in

1922 1322 2148 1376 muliere
2207 1322 2293 1376 cui
2336 1330 2390 1376 et
2444 1321 2613 1376 clausi
2665 1330 2720 1375 et
2756 1322 2931 1391 aperti
2971 1329 3099 1377 sunt
3134 1322 3277 1378 oculi
3334 1326 3535 1391 carnis,

1920 1423 2115 1485 quarto
2172 1413 2222 1466 in
2265 1412 2615 1469 exauditione
2668 1413 2892 1468 alterius
2937 1414 3101 1468 etiam
3149 1415 3416 1470 mulieris.
3462 1417 3536 1471 De

1920 1519 2153 1575 quorum
2194 1503 2584 1558 miraculorum
2637 1503 2833 1575 gloria,
2888 1504 3056 1558 hodie
3109 1521 3141 1559 a
3190 1506 3300 1560 Deo
3332 1506 3387 1559 in
3440 1506 3533 1560 tali

1922 1602 2153 1664 patrono
2184 1593 2343 1648 nobis
2370 1608 2630 1648 concessa
2660 1593 2831 1647 nichil
2863 1593 3070 1661 dicere,
3102 1594 3272 1649 nichil
3303 1594 3531 1668 dignum

1923 1699 2213 1753 possumus
2256 1681 2585 1747 retribuere,
2621 1680 2729 1734 nisi
2758 1687 2817 1735 ut
2838 1682 2957 1736 haec
2986 1682 3083 1736 Dei
3112 1697 3280 1752 Opera
3319 1683 3412 1737 Dei
3454 1682 3539 1737 fa-

195 1777 367 1833 moda
394 1785 758 1849 occupaverat
793 1777 1124 1848 desperatio.
1182 1777 1352 1831 Deum
1399 1775 1816 1847 precordialiter
1844 1750 1895 1817 B
1924 1785 2135 1829 teamur
2165 1789 2289 1827 esse
2337 1773 2619 1840 miracula,
2661 1772 2755 1844 qui
2788 1772 2844 1826 in
2882 1772 3089 1827 sanctis
3119 1773 3235 1828 suis
3263 1773 3538 1846 gloriosus

193 1872 395 1927 orabat
424 1888 495 1927 ne
534 1872 884 1928 fraudaretur
911 1889 943 1926 a
990 1871 1266 1926 desiderio
1306 1885 1425 1925 suo.
1471 1871 1602 1924 Dum
1632 1876 1813 1924 autem
1915 1867 2047 1923 vivit
2077 1875 2131 1921 et
2158 1875 2350 1940 regnat
2386 1866 2442 1920 in
2470 1867 2672 1921 saecula
2701 1866 3049 1921 saeculorum.
3080 1867 3276 1921 Amen.

1140 2114 1766 2205 MIRACULA
1833 2112 1923 2200 s.
1997 2110 2598 2233 WICBEBTI

1488 2263 1787 2320 AUCTORE
1828 2262 1914 2316 AN
1920 2261 2001 2317 ΟΝ
2010 2261 2144 2316 ΥΜο
2184 2261 2253 2297 395

777 2510 1164 2574 PROLOGUS
1210 2511 1602 2573 SIGEBERTI
1650 2511 1724 2572 IN
1771 2510 2174 2574 MIRACULIS
2219 2510 2485 2573 SANCTI
2531 2509 2916 2572 GUIBEBTI.

269 2651 416 2707 Dicit
491 2649 803 2720 Sapientia:
872 2651 1135 2703 Memoria
1194 2649 1338 2719 justi
1387 2665 1505 2704 cum
1545 2650 1820 2718 laudibus,

187 2756 393 2797 nomen
430 2741 725 2809 impiorum
752 2743 1021 2808 putrescet
1052 2738 1227 2807 (Prov.
1277 2755 1332 2802 χ,
1368 2739 1437 2801 7).
1469 2739 1667 2793 Verum
1702 2754 1822 2793 esse

191 2828 350 2901 quod
404 2827 541 2882 dicit
577 2826 859 2897 Sapientia
910 2832 1179 2880 testantur
1229 2826 1392 2885 etiam
1444 2836 1630 2881 nostra
1684 2834 1824 2882 tem-

191 2936 357 2992 pora,
390 2936 514 2990 quae
561 2935 685 2974 cum
726 2918 984 2973 laudibus
1025 2919 1120 2972 Dei
1186 2918 1439 2975 recolunt
1496 2917 1818 2974 memoriam

182 3007 352 3076 justi,
412 3006 586 3061 sancti
651 3006 862 3061 scilicet
914 3006 1197 3067 Wicberti,
1258 3008 1351 3078 qui
1409 3006 1511 3062 fuit
1568 3006 1824 3061 fundator

192 3098 668 3154 Gemmelaeensis
697 3098 954 3154 coenobii.
1011 3099 1127 3159 Non
1159 3099 1305 3153 enim
1335 3098 1674 3170 computruit
1717 3114 1822 3153 no-

191 3211 331 3249 men
383 3193 506 3263 ejus
568 3210 667 3263 per
732 3199 810 3248 tot
852 3208 1125 3247 annorum
1182 3194 1475 3259 curricula,
1534 3210 1631 3264 per
1660 3209 1822 3265 quem

196 3299 411 3339 nomen
452 3282 669 3337 Domini
702 3282 1052 3337 benedicitur
1080 3282 1517 3337 etbenedicctur
1546 3282 1602 3336 in
1628 3281 1823 3336 saecu-

194 3380 273 3434 la.
312 3380 473 3432 Anno
502 3377 776 3448 siquidem
812 3378 1091 3431 incarnata
1115 3377 1245 3431 Jesu
1288 3375 1482 3431 Christi
1533 3377 1693 3430 1099.
1730 3375 1824 3447 qui

192 3478 283 3527 cst
314 3470 415 3526 137
449 3486 479 3524 a
513 3469 744 3523 transitu
777 3468 1023 3538 ejusdem
1053 3469 1226 3523 sancti
1264 3468 1547 3534 Wicberti,
1580 3467 1825 3522 refloruit

196 3563 479 3620 memoria
509 3563 750 3619 nominis
775 3563 896 3632 ejus
920 3579 1021 3634 per
1050 3578 1246 3618 novam
1276 3562 1665 3616 miraculorum
1698 3576 1826 3633 gra-

1922 2650 2051 2704 tiam
2088 2650 2383 2705 declarata.
2433 2649 2688 2715 Quamvis
2729 2649 2889 2704 bonae
2937 2649 3062 2704 vitae
3090 2650 3379 2705 aestimatio
3421 2666 3533 2706 non

1922 2751 2139 2797 constet
2194 2742 2249 2795 in
2280 2742 2599 2797 ostensione
2644 2740 3057 2809 miraculorum,
3099 2741 3196 2796 sed
3236 2742 3291 2795 in
3337 2741 3536 2797 virtute

1922 2851 2176 2905 operum,
2209 2841 2391 2889 tamen
2422 2835 2686 2889 miracula
2725 2850 2823 2905 per
2851 2840 3070 2889 sanctos
3099 2833 3246 2888 viros
3275 2833 3538 2888 divinitus

1922 2934 2143 2981 ostensa
2186 2935 2313 2980 sunt
2341 2926 2616 2981 bonorum
2650 2942 2879 2996 operum
2909 2925 3240 2980 testimonia.
3285 2925 3395 2981 Nec
3424 2924 3539 2979 fru-

1921 3024 2031 3069 stra
2069 3015 2271 3069 Paulus
2311 3015 2591 3084 apostolus
2620 3015 2718 3069 ait.
2755 3014 2927 3082 Signa
2963 3030 3069 3068 non
3097 3016 3303 3069 dantur
3350 3014 3535 3082 ﬁdeli-

1926 3109 2041 3171 bus,
2064 3110 2156 3162 sed
2185 3109 2487 3177 inﬁdelibus
2516 3108 2569 3177 (Ι
2605 3107 2726 3162 Cor.
2758 3124 2868 3171 xw,
2900 3106 3011 3176 22).
3044 3107 3238 3172 Quanti
3268 3106 3413 3161 enim
3445 3123 3538 3162 va-

1923 3197 2118 3252 luisset
2160 3195 2289 3251 fidei
2330 3197 2669 3267 praedicatio,
2704 3196 2811 3251 nisi
2846 3197 2913 3251 ad
2964 3197 3417 3267 praedicationem
3459 3211 3545 3251 ac-

1926 3291 2181 3345 cessisset
2231 3290 2620 3345 miraculorum
2685 3288 2973 3345 ostensio?
3034 3288 3162 3344 Cum
3208 3305 3341 3363 ergo
3402 3290 3543 3343 Deus

1929 3398 2025 3452 per
2052 3389 2269 3437 sanctos
2298 3382 2446 3437 viros
2469 3382 2628 3454 signa
2657 3388 2712 3436 et
2744 3381 2996 3456 prodigia
3039 3390 3319 3453 Operatur,
3352 3398 3543 3436 revera

1926 3470 2224 3525 inﬁdelitas
2255 3470 2539 3526 hominum
2572 3471 2909 3540 increpatur,
2951 3469 3098 3540 quod
3138 3470 3312 3527 sancti
3340 3469 3443 3525 viri
3475 3470 3543 3523 ab

1925 3559 2006 3613 eis
2046 3559 2216 3632 digno
2244 3558 2622 3613 venerationis
2653 3557 2802 3612 cultu
2832 3572 2945 3613 non
2974 3558 3338 3615 honorantur.

1355 3676 1551 3739 VISIO
1595 3674 1929 3738 musaea
1976 3672 2379 3735 SIGEBERTI

280 3790 336 3841 1.
388 3786 616 3857 Aliquos
657 3792 907 3840 nostrum
949 3785 1175 3840 multum
1233 3783 1568 3846 offendebat.
1628 3783 1832 3838 multos
1860 3785 1909 3853 ρ
1934 3781 2122 3852 ibique
2161 3779 2375 3833 cibatus
2415 3795 2556 3851 pane
2587 3778 2933 3833 lacrimarum
2964 3786 3018 3834 et
3056 3780 3338 3836 debriatus
3371 3782 3543 3839 calice

203 3876 383 3932 etiam
440 3884 827 3942 extraneorum
868 3882 1059 3930 contra
1090 3889 1190 3929 nos
1227 3890 1403 3945 usque
1451 3875 1517 3927 ad
1576 3872 1832 3945 indigna-

204 3969 424 4025 tionem
453 3967 782 4033 concitabat,
808 3968 957 4038 quod
986 3974 1210 4022 sanctus
1240 3967 1556 4022 Wicberlus
1582 3964 1665 4018 vir
1684 3964 1828 4035 apud

197 4058 474 4131 saeculum
529 4063 691 4112 tanta:
724 4057 1053 4125 nobilitatis,
1103 4058 1248 4130 apud
1292 4058 1461 4113 Deum
1494 4063 1656 4112 tantae
1707 4072 1827 4110 san-

192 4149 433 4214 ctitatis,
489 4149 642 4205 nullo
718 4149 1095 4205 venerationis
1151 4151 1299 4206 cultu
1355 4149 1732 4205 honorabatur
1797 4164 1829 4203 a

191 4241 387 4299 nobis.
435 4243 583 4297 lnter
611 4257 708 4297 eos
752 4242 844 4314 qui
893 4243 995 4297 hac
1024 4243 1113 4297 die
1146 4243 1510 4298 movebantur
1558 4241 1825 4314 indigna-

191 4336 377 4399 tione,
406 4340 526 4389 erat
551 4333 775 4405 quidam
810 4333 1134 4407 Sigebertus
1166 4334 1410 4401 nomine,
1445 4333 1653 4404 primus
1682 4332 1827 4404 apud

190 4440 307 4481 nos
356 4429 516 4478 aetate
573 4430 628 4477 et
683 4423 1127 4491 conversatione,
1167 4424 1397 4480 scientia
1445 4432 1499 4479 et
1536 4423 1802 4495 religione

196 4514 302 4569 Hic
328 4513 475 4568 circa
510 4514 923 4568 venerationem
957 4515 1041 4569 vel
1068 4514 1464 4569 revelationem
1495 4513 1668 4568 sancti
1700 4520 1824 4567 tan-

198 4611 261 4659 to
302 4601 613 4657 ducebatur
640 4602 939 4672 desiderio,
985 4611 1191 4675 quanto
1223 4603 1366 4658 circa
1410 4603 1706 4657 adventum
1737 4603 1823 4656 vel

196 4694 604 4751 revelationem
636 4692 833 4750 Christi
863 4696 1120 4768 antiquus
1152 4696 1242 4751 ille
1273 4696 1530 4767 Symeon.
1573 4694 1728 4750 Unde
1769 4702 1825 4749 et

196 4784 274 4841 ad
302 4783 657 4855 sepulchrum
692 4785 813 4852 ejus
856 4789 1030 4840 iocum
1087 4784 1529 4856 compunctionis
1568 4784 1673 4838 sibi
1712 4792 1826 4839 sta-

198 4880 410 4942 tuerat,
444 4889 606 4944 quem
641 4873 893 4945 exemplo
918 4874 1067 4929 illius
1102 4874 1432 4949 evangelicae
1469 4873 1649 4928 Maria:
1702 4889 1824 4928 cum

197 4976 455 5024 aromate
514 4969 827 5024 orationum
882 4968 1280 5041 frequentabat.
1338 4969 1400 5023 Et
1429 4968 1559 5040 quia
1589 4973 1704 5023 erat
1726 4984 1827 5022 cu-

198 5067 322 5114 stos
354 5057 649 5125 azcclcsize,
676 5058 898 5130 quando
930 5058 983 5113 id
1032 5057 1309 5125 licentius,
1337 5066 1489 5113 tanto
1516 5057 1826 5128 exequeba-

1931 3868 2394 3941 compunetionis,
2429 3867 2573 3922 fessa
2596 3867 2844 3921 membra
2869 3867 3042 3939 quieti
3082 3869 3253 3924 dedit.
3287 3870 3405 3924 Vita
3443 3872 3541 3926 ob-

1932 3958 2249 4023 dormierat,
2306 3972 2430 4011 cum
2476 3971 2604 4011 ecce
2666 3955 2970 4011 delectatur
3023 3957 3237 4012 visione
3288 3958 3542 4014 mirifica.

1929 4050 2091 4106 Videt
2121 4051 2175 4104 in
2215 4050 2391 4121 ipsam
2424 4048 2727 4104 ecclesiam
2769 4049 2923 4120 quasi
2969 4049 3133 4106 solito
3178 4048 3409 4104 festivus
3444 4068 3545 4123 ap—

1929 4144 2195 4210 paratam,
2254 4136 2416 4192 solito
2464 4137 2666 4192 clarius
2719 4136 3102 4204 illuminatam,
3162 4138 3541 4194 innumerabi—

1930 4233 2037 4287 lem
2074 4233 2278 4287 intrare
2307 4231 2694 4304 frequentiam,
2746 4248 2909 4304 quam
2950 4233 3261 4308 insignabat
3299 4234 3385 4287 vel
3426 4233 3547 4304 epi-

1928 4324 2169 4396 scOpalis
2187 4323 2503 4391 auctoritas,
2529 4324 2614 4379 vel
2645 4322 2919 4378 clericalis
2957 4323 3221 4397 dignitas,
3250 4323 3337 4378 vel
3368 4323 3541 4379 abba-

1929 4420 2041 4468 tum
2096 4413 2599 4484 monachorumque
2642 4412 2993 4487 religiositas.
3060 4413 3209 4467 Tunc
3266 4411 3417 4466 velut
3473 4412 3543 4467 ad

1927 4504 2196 4577 agendam
2224 4503 2493 4574 synodum
2527 4502 2690 4557 sedes
2720 4508 3025 4573 ponuntur,
3053 4512 3107 4556 et
3132 4502 3201 4555 ad
3240 4487 3538 4557 dicendum

1925 4594 1982 4649 in
2014 4594 2240 4649 sedibus
2272 4608 2521 4663 persona
2575 4598 3005 4662 componuntur.
3054 4591 3346 4663 Postquam
3375 4606 3545 4663 super

1925 4685 2377 4742 aecclesiastieum
2403 4690 2602 4739 statum
2643 4683 2776 4737 satis
2807 4691 3187 4753 competenter
3218 4690 3301 4738 est
3341 4690 3543 4739 tracta-

1927 4787 2041 4836 tum
2071 4780 2575 4850 convenienterque
2605 4776 2925 4845 dilfinitum,
2956 4778 3033 4832 ait
3078 4778 3299 4849 quidam
3323 4779 3540 4834 senior:

1932 4874 2062 4929 Cum
2091 4874 2157 4927 de
2185 4873 2312 4927 aliis
2350 4872 2528 4925 causis
2555 4885 2658 4940 pro
2710 4869 2907 4938 quibus
2944 4872 3281 4925 convenimus
3310 4874 3442 4926 satis
3471 4874 3547 4926 sit

1928 4966 2124 5023 actum,
2184 4962 2250 5016 de
2288 4975 2455 5016 causa
2499 4959 2601 5013 illa
2631 4957 2858 5027 speciali
2906 4972 3011 5027 pro
3049 4974 3160 5027 qua
3214 4962 3272 5013 in
3324 4961 3419 5014 hoc
3449 4961 3547 5014 de—

1932 5056 2172 5108 venimus
2222 5054 2352 5118 loco,
2382 5052 2535 5106 nulla
2563 5049 2740 5103 adhuc
2776 5048 2929 5114 facta
2966 5053 3045 5102 est
3098 5052 3311 5116 mentio,
3345 5051 3551 5105 scilicet

202 5104 321 5114 υ.--
355 5104 649 5125 νηυηηω,
678 5104 895 5130 ,ιη-υ-
930 5104 983 5113 η,
1032 5104 1309 5125 -.η-.-μη
1340 5104 1486 5113 --..--
1520 5104 1799 5128 νηηηη

202 5159 297 5207 tur
341 5148 783 5205 devotius.'Erat
807 5156 988 5207 autem
1035 5165 1250 5205 summa
1290 5148 1551 5205 orationis
1597 5148 1739 5217 ejus,
1772 5155 1820 5203 ul

1933 5104 2198 5209 aii-5.2;.
2224 5104 2435 5196 nostra
2476 5104 3088 5205 Ψίοδενεοξρυίάηαητ,
3138 5104 3397 5210 inquiunt
3428 5139 3547 5205 alii,

199 5248 507 5310 antequam
555 5246 863 5295 moreretur
907 5238 1287 5311 experimento
1353 5237 1633 5309 probaret,
1675 5236 1831 5307 cujus
1932 5238 2259 5289 tractaret-ur
2294 5234 2360 5287 de
2404 5248 2482 5301 eo,
2532 5246 2695 5302 quam
2737 5229 2882 5300 quod
2932 5231 3210 5299 deﬁnitum
3246 5235 3325 5286 est
3372 5247 3553 5286 coram

199 5332 294 5388 vel
322 5329 517 5403 quanti
547 5330 730 5386 meriti
790 5340 935 5387 esset
964 5331 1108 5403 apud
1169 5330 1341 5384 Deum
1369 5338 1589 5385 sanctus
1616 5328 1832 5383 Wiber—
1931 5330 2056 5395 Deo,
2078 5330 2173 5398 qui
2193 5328 2315 5397 jam
2342 5328 2658 5395 miriﬁcavit
2676 5341 2797 5381 eum
2826 5325 2976 5395 apud
3002 5340 3058 5379 se
3095 5330 3143 5379 et
3172 5327 3327 5397 apud
3352 5341 3472 5392 nos,
3506 5328 3555 5378 et

197 5429 312 5480 tus.
357 5421 608 5487 Quadam
652 5422 821 5497 igitur
853 5430 1017 5480 nocte
1046 5439 1112 5479 ex
1158 5420 1568 5476 consuetudine
1633 5418 1826 5475 oravit.
1930 5420 2129 5472 iterum
2172 5416 2487 5487 miriﬁcabit
2515 5431 2632 5470 eum
2677 5414 2828 5485 apud
2864 5415 3118 5470 sceculum
3156 5418 3213 5473 in
3250 5415 3551 5487 proximo?

1559 5544 1783 5600 VARUE
1828 5541 2102 5598 LECTION
2112 5541 2205 5595 ES.

276 5653 345 5688 ενι
386 5655 475 5708 ωε
503 5651 697 5707 deum:
721 5650 800 5707 31,.
857 5652 1053 5708 "limae
1075 5651 1272 5705 desunt
1294 5649 1355 5699 in
1383 5648 1434 5702 1.
1462 5648 1545 5701 2b.
1583 5647 1663 5701 3b.
1698 5647 1749 5701 4.
1793 5647 1848 5701 5.

618 5761 913 5823 PATROL.
965 5758 1162 5823 CLX.
3152 5748 3233 5808 22
