3930 6204
226 297 342 354 685

1367 282 1513 336 VITA
1555 282 1610 335 S.
1653 277 2000 335 WlCBERTl.
2050 305 2105 316 -ν
2151 276 2436 332 APPEND.

3460 282 3565 338 686

220 437 328 479 sua
370 415 671 475 Petronilla
704 411 1001 476 comitissa,
1062 409 1118 462 in
1156 407 1378 462 castello
1415 407 1565 478 quod
1618 411 1844 461 vocatur
1866 406 1921 474 Α
1948 402 2038 455 nia
2092 418 2217 456 cum
2277 416 2387 456 non
2430 402 2712 472 potuerint
2765 402 2882 458 fieri
2920 404 3040 460 sine
3088 406 3275 478 aliquo
3323 407 3563 480 fragore,

220 512 467 571 Gocileis
497 508 645 580 (906)
677 505 981 561 vinculatus
1018 501 1120 556 sub
1160 506 1277 554 tuta
1320 499 1542 569 jacebat
1571 496 1841 552 custodia.

227 605 294 658 Et
324 602 456 674 quia
503 611 680 668 nepos
709 609 845 648 suus
889 599 1006 647 erat
1046 591 1328 662 inspectus
1371 587 1477 641 sibi
1510 593 1562 641 et
1589 585 1849 674 omnibus

222 672 561 764 pro—robore
593 682 845 754 corporis
893 680 978 735 sui
1000 686 1054 733 et
1104 676 1374 731 industria
1410 674 1602 742 animi,
1647 672 1851 727 nul~ius

224 790 455 857 precatu
485 779 575 835 vel
602 778 823 832 hortatu
854 771 1032 844 potuit
1071 769 1368 826 Petronilla
1408 766 1575 832 ﬂecti,
1618 768 1721 820 nec
1760 779 1848 819 co-

223 879 377 934 mitis
431 891 537 931 nec
575 873 749 945 ipsius
780 867 935 923 ducis
988 870 1241 934 respectu
1294 861 1471 932 potuit
1529 858 1756 923 moveri,
1792 863 1850 912 ut

217 966 467 1037 acceptis
500 960 787 1018 obsidibus
820 966 928 1011 tam
980 953 1075 1007 diu
1113 951 1425 1006 absolveret
1485 948 1849 1015 Everelmum,

220 1061 409 1115 donec
438 1073 525 1112 res
555 1063 610 1111 et
648 1067 815 1109 causa
857 1047 1157 1103 referretur
1187 1050 1241 1099 et
1270 1041 1607 1099 audientiam
1647 1039 1852 1111 patrio-

228 1159 430 1205 tarum.
467 1147 776 1215 DeSperans
828 1153 961 1210 ergo
990 1135 1059 1190 de
1087 1136 1329 1189 humano
1356 1131 1581 1196 auxilio,
1637 1144 1854 1184 causam

229 1256 391 1296 suam
424 1235 700 1292 commisit
739 1233 874 1297 Deo,
904 1237 959 1284 et
984 1243 1194 1299 ponens
1231 1240 1386 1296 spem
1426 1240 1540 1278 suae
1574 1222 1860 1277 liberatio-

226 1333 320 1387 nis
353 1330 408 1384 in
451 1334 764 1383 sanctorum
796 1321 891 1378 Dei
924 1318 1253 1392 patrocinio,
1286 1315 1661 1386 apostolorum
1706 1314 1860 1385 prin-

227 1423 374 1495 cipis
402 1420 548 1476 Petri
591 1416 852 1472 auxilium
888 1410 1199 1483 expetebat,
1228 1409 1387 1477 cujus
1415 1406 1722 1463 secclesiam
1756 1407 1859 1461 Pe-

229 1510 460 1567 tronilla
508 1513 733 1579 propter
770 1520 831 1559 se
869 1500 1201 1573 capiendum
1242 1498 1583 1553 incenderat.
1638 1496 1766 1550 Cum
1802 1496 1858 1550 in

231 1601 358 1671 ejus
373 1599 575 1670 pietate
606 1595 701 1649 diu
736 1602 882 1648 totus
910 1590 1204 1662 penderet,
1222 1587 1361 1643 vidit
1382 1587 1603 1642 tandem
1635 1586 1688 1639 in
1711 1601 1860 1641 som-

232 1690 324 1743 nis
350 1686 497 1759 quod
528 1685 646 1756 ipse
675 1681 958 1754 apostolus
988 1677 1342 1734 Petronillam
1389 1675 1767 1746 compellaret,
1800 1683 1859 1728 ut

234 1800 298 1839 se
332 1780 528 1837 obside
558 1783 785 1847 accepto
815 1773 1159 1829 Everelmum
1187 1771 1255 1826 ad
1284 1777 1500 1841 tempus
1530 1770 1855 1825 absolveret.

235 1872 395 1939 Quod
442 1887 567 1925 cum
600 1867 669 1922 ab
709 1868 833 1937 ipsa
883 1865 1175 1934 impetrare
1215 1878 1325 1917 non
1377 1868 1584 1931 posset,
1613 1859 1862 1933 indigna-

235 1961 467 2016 bundus
525 1955 810 2029 apostolus
849 1953 1081 2014 redibat,
1117 1950 1431 2021 precipiens
1467 1949 1752 2004 Everelmo
1791 1963 1861 2002 ne

236 2070 465 2111 causam
489 2067 646 2107 suam
677 2048 823 2119 turpi
862 2046 1194 2103 condicione
1234 2045 1525 2115 pejoraret.
1557 2042 1685 2099 Cum
1717 2043 1859 2097 inte—

154 2198 157 2201 γ
233 2148 342 2203 rim
369 2145 518 2200 nulla
543 2144 768 2198 daretur
792 2141 844 2195 ei
876 2154 1161 2210 poenarum
1202 2137 1471 2204 remissio,
1514 2143 1569 2190 et
1600 2136 1724 2190 ideo
1764 2134 1864 2189 fla-

234 2242 424 2310 graret
452 2231 646 2301 majori
670 2229 985 2302 qumrendae
1014 2226 1207 2281 salutis
1236 2224 1535 2289 desiderio,
1566 2225 1671 2279 hoc
1697 2224 1861 2278 etiam

237 2323 482 2380 intendit
527 2321 732 2384 animo,
786 2325 847 2373 ut
900 2325 1148 2372 sanctum
1199 2314 1537 2370 Wicbertum
1588 2315 1866 2371 invocaret

234 2417 527 2481 attentius,
566 2412 723 2481 cujus
777 2409 1059 2466 efficacem
1109 2407 1373 2478 pietatem
1436 2406 1492 2460 in
1561 2405 1866 2460 liberandis

245 2509 485 2581 captivis
552 2506 804 2563 audierat
883 2503 1154 2574 predicari
1222 2518 1252 2555 a
1301 2500 1572 2572 pluribus.
1640 2499 1863 2554 Satisfa-

242 2602 404 2654 ciens
469 2595 599 2650 huic
650 2592 950 2657 desiderio,
1009 2607 1135 2645 eum
1202 2589 1495 2645 invocabat
1544 2605 1667 2644 cum
1715 2595 1861 2643 voto.

248 2693 446 2763 Neque
485 2690 593 2744 hoc
643 2687 776 2742 satis
813 2685 921 2740 sibi
964 2684 1083 2749 fuit,
1124 2684 1223 2737 sed
1263 2683 1359 2737 uni
1409 2698 1691 2737 servorum
1731 2697 1869 2737 suo-

248 2798 374 2837 rum
431 2780 689 2850 aperiens
737 2793 831 2832 cor
875 2792 1060 2843 suum,
1105 2774 1355 2845 precepit
1393 2781 1451 2829 ut
1491 2774 1559 2828 ad
1598 2773 1872 2827 tumulum

247 2871 429 2927 sancti
460 2868 724 2924 Wicberti
750 2867 877 2933 iret,
926 2881 1199 2936 suumque
1225 2865 1275 2918 ei
1327 2874 1511 2919 votum
1552 2864 1876 2934 praesentia-

254 2959 385 3013 liter
419 2954 660 3012 oﬂ'erret.
717 2954 878 3009 Venit
923 2970 1132 3019 servus,
1191 2962 1492 3025 votumque
1530 2953 1741 3009 domini
1788 2953 1873 3008 sui

252 3049 458 3106 obtulit
506 3054 698 3103 sancto
746 3045 844 3101 Dei
900 3061 1063 3119 quam
1117 3037 1294 3115 potuit
1337 3046 1627 3112 devotius,
1677 3051 1731 3100 et
1777 3060 1876 3099 cur
1897 3082 1948 3147 (ὲ

256 3140 498 3207 venerit,
559 3140 693 3211 quid
769 3138 1000 3204 voverit,
1052 3136 1355 3192 notiﬁcavit
1429 3138 1630 3208 quibus
1679 3136 1869 3192 voluit.
1902 3130 1950 3147 υ

258 3233 446 3289 Tertia
502 3231 705 3286 abhinc
743 3236 907 3286 nocte
945 3229 1184 3285 intendit
1222 3229 1540 3284 Everelmus
1596 3246 1710 3284 rem
1770 3229 1872 3282 im-

252 3323 581 3398 possibilem
644 3323 855 3379 homini
914 3322 1181 3393 incipere,
1244 3322 1458 3378 meritis
1522 3322 1696 3377 sancti
1756 3322 1872 3377 Wi-

253 3415 455 3477 eberti,
486 3421 822 3483 c.00perante
878 3412 986 3466 sibi
1015 3413 1108 3467 illo
1139 3412 1226 3467 cui
1268 3412 1437 3467 nichil
1486 3420 1571 3467 est
1617 3412 1870 3483 impossi-

255 3502 393 3558 bile.
428 3502 583 3566 Quod
630 3502 736 3556 hoc
769 3501 892 3555 sine
931 3500 1028 3554 Dei
1073 3501 1277 3556 auxilio
1327 3501 1668 3571 impossibile
1708 3501 1875 3556 fuerit

256 3594 474 3652 homini
530 3593 688 3649 facile
742 3601 895 3663 patet
954 3594 1208 3664 sapienti.
1271 3593 1445 3648 Locus
1499 3594 1554 3647 in
1607 3610 1715 3665 quo
1764 3610 1881 3648 car-

259 3691 483 3740 ceratus
516 3681 756 3751 iacebat,
790 3696 901 3737 uno
932 3687 1141 3736 tantum
1171 3681 1378 3752 pariete
1419 3698 1449 3735 a
1501 3682 1646 3737 lecto
1686 3682 1881 3737 Petro-

264 3770 418 3824 nillaa
473 3768 733 3824 distabat.
793 3768 928 3834 Quia
986 3769 1132 3823 enim
1174 3769 1477 3824 custodiam
1535 3770 1699 3839 hujus
1747 3771 1885 3824 nulli

262 3862 497 3919 omnino
528 3860 809 3927 credebat,
837 3876 962 3915 eum
988 3861 1043 3915 in
1074 3867 1183 3916 tam
1212 3860 1394 3916 vicino
1436 3861 1544 3916 sibi
1574 3861 1694 3917 loco
1724 3863 1882 3916 loca-

261 3958 444 4016 verat,
501 3949 597 4004 ubi
643 3949 689 4003 si
736 3949 935 4020 aliquis
989 3951 1554 4023 quantulumcumque
1608 3951 1887 4023 loquendo

263 4044 607 4110 mussitaret,
657 4043 745 4097 vel
777 4043 987 4114 aliquid
1042 4043 1275 4119 fragoris
1321 4044 1546 4113 faceret,
1607 4046 1714 4101 hoc
1770 4045 1889 4115 ipsa

260 4136 496 4193 arrectis
543 4137 770 4192 auribus
802 4137 1166 4207 praesentiret.
1216 4137 1348 4193 Boia
1388 4138 1530 4209 (907)
1563 4145 1747 4193 autem
1778 4144 1888 4192 tam

266 4227 607 4285 convinctim
664 4226 1079 4300 constringebat
1146 4227 1390 4299 undique
1445 4234 1741 4302 utrumque
1800 4245 1891 4284 ca-

269 4320 409 4392 ptivi
469 4319 688 4390 pedem,
746 4327 806 4373 ut
872 4318 1075 4372 nullam
1133 4320 1360 4376 omnino
1437 4321 1667 4376 haberet
1720 4321 1889 4376 eundi

1949 503 2131 548 tamen
2172 493 2343 547 nichil
2383 494 2577 548 horum
2634 495 2834 566 aliquis
2865 496 2921 550 in
2951 498 3114 554 domo
3159 500 3564 570 quiescentium

1951 584 2127 655 potuit
2162 584 2374 639 audire.
2438 586 2752 641 Everelmus
2792 603 2852 642 se
2910 591 3175 659 reptando
3213 592 3437 647 trahens
3495 594 3561 647 ad

1952 674 2148 729 domus
2174 673 2489 737 fenestram,
2527 675 2651 730 nisu
2688 692 2797 747 quo
2832 677 3008 747 potuit
3045 694 3105 731 se
3130 678 3264 746 jeeit
3295 679 3351 733 in
3393 681 3565 734 illam.

1953 765 2047 820 llic
2090 773 2237 821 certe
2292 782 2433 836 Opus
2463 766 2567 821 fuit
2616 767 2694 821 illi
2746 768 3002 823 invocare
3043 770 3213 824 Deum
3255 777 3309 824 et
3354 778 3571 825 sanctos

1950 860 2067 927 Dei,
2128 867 2183 915 et
2240 860 2591 933 frequentare
2649 879 2851 919 nomen
2910 865 3084 919 sancti
3146 864 3431 932 Wicberti,
3483 865 3571 919 cui

1952 951 2303 1006 commiserat
2355 968 2630 1008 summam
2664 953 2901 1024 inceptae
2930 955 3031 1009 rei.
3062 955 3379 1009 Fenestram
3421 954 3570 1009 enim

1958 1045 2067 1093 tam
2127 1046 2413 1114 angustam
2461 1057 2582 1095 esse
2641 1042 2871 1106 invenit,
2938 1050 2997 1096 ut
3052 1043 3205 1098 nullo
3263 1042 3429 1098 modo
3489 1044 3574 1098 vel

1958 1125 2100 1181 ultra
2134 1127 2435 1195 procedere
2474 1129 2560 1183 vel
2607 1129 2953 1184 retrocedere
3011 1131 3267 1202 potuerit.
3304 1132 3436 1185 Rem
3465 1131 3571 1185 mi-

1959 1232 2071 1271 ram
2122 1233 2233 1272 non
2274 1218 2413 1273 meis
2454 1219 2549 1273 sed
2605 1219 2780 1290 ipsius
2831 1220 3101 1276 Everelmi
3131 1221 3317 1276 verbis
3371 1222 3571 1278 dicam.

1960 1305 2088 1360 Post
2111 1305 2516 1361 invocationem
2551 1306 2647 1360 Dei
2682 1313 2736 1361 et
2760 1309 2935 1363 sancti
2969 1308 3253 1364 Wicberti.
3305 1316 3399 1364 aut
3425 1310 3576 1365 fene-

1960 1404 2125 1451 stram
2158 1396 2229 1451 ita
2280 1398 2623 1468 ampliatam,
2657 1406 2749 1454 aut
2795 1416 2996 1472 corpus
3025 1418 3184 1456 suum
3213 1402 3286 1456 ita
3327 1409 3581 1458 attenua-

1957 1493 2071 1542 tum
2113 1503 2235 1542 esse
2289 1487 2596 1558 obstupuit,
2639 1495 2698 1543 ut
2752 1488 3061 1545 facultatem
3098 1491 3185 1546 vel
3240 1492 3576 1562 procedendi

1958 1579 2045 1633 vel
2084 1578 2464 1635 retrocedendi
2482 1581 2550 1634 ad
2586 1580 2810 1651 plenum
2842 1582 3113 1638 habuerit.
3150 1583 3215 1637 Et
3242 1584 3372 1655 quia
3402 1591 3576 1640 retro-

1959 1672 2157 1727 cedere
2188 1681 2304 1729 erat
2353 1675 2430 1728 illi
2452 1675 2729 1743 odiosum,
2790 1676 3052 1731 animavit
3080 1693 3141 1732 se
3171 1677 3239 1732 ad
3270 1680 3584 1748 proceden-

1961 1766 2112 1831 dum,
2146 1772 2199 1820 et
2230 1766 2487 1837 mappula
2516 1766 2664 1822 linea
2693 1768 3089 1837 ad,fcnestram
3113 1766 3298 1835 afﬁxa,
3332 1786 3429 1840 per
3451 1786 3572 1825 eam

1961 1873 2019 1911 se
2058 1858 2308 1928 quamvis
2350 1859 2660 1928 periculose
2701 1861 2901 1929 dejecit
2938 1862 3006 1915 ad
3048 1868 3270 1919 terram.
3317 1862 3445 1917 Cum
3480 1863 3574 1918 tali

1962 1949 2211 2020 periculo
2243 1966 2501 2025 egressus
2524 1951 2713 2019 domo,
2751 1958 2806 2009 et
2835 1961 3094 2024 expertus
3141 1954 3269 2026 quia
3298 1970 3579 2027 nunquam

1961 2041 2199 2096 vincitur
2247 2043 2550 2112 periculum
2611 2044 2732 2099 sine
2783 2045 3052 2115 periculo,
3101 2046 3310 2101 addixit
3362 2062 3421 2101 se
3470 2062 3580 2102 non

1964 2131 2161 2186 minori
2196 2132 2462 2202 periculo,
2511 2134 2722 2190 scilicet
2766 2143 2825 2190 ut
2879 2137 3055 2192 exiret
3091 2137 3161 2192 de
3210 2139 3318 2193 alto
3372 2137 3581 2193 castelli

1963 2235 2139 2275 muro.
2174 2221 2457 2285 Quomodo
2497 2223 2696 2278 vinctis
2736 2225 2971 2294 pedibus
3026 2233 3081 2281 et
3139 2227 3449 2297 ponderosa
3489 2241 3582 2281 ca-

1968 2318 2095 2366 tena
2123 2313 2361 2386 gravatis
2414 2315 2728 2369 ascenderit
2755 2316 3100 2372 altitudinem
3156 2318 3320 2386 muri,
3378 2335 3448 2372 ne
3475 2318 3581 2371 mi-

1969 2405 2073 2459 rari
2100 2407 2324 2477 quidem
2357 2415 2537 2478 potest
2578 2409 2778 2480 aliquis
2816 2410 3020 2465 nedum
3060 2412 3334 2482 explicare
3372 2412 3579 2466 verbis.

1968 2494 2058 2548 Est
2086 2495 2309 2566 quidem
2340 2496 2507 2552 nimis
2536 2498 2880 2553 ammiranda
2910 2506 3060 2555 tanta
3113 2499 3275 2555 fortis
3305 2500 3405 2556 viri
3448 2516 3584 2555 con-

1965 2585 2188 2646 stantia.
2219 2593 2303 2639 est
2338 2585 2474 2640 satis
2521 2586 2800 2642 laudanda
2842 2594 2992 2644 tanta
3044 2589 3333 2659 prudentis
3362 2590 3463 2645 viri
3507 2590 3587 2644 in-

1973 2672 2204 2728 dustria.
2249 2674 2353 2728 Sed
2408 2691 2518 2730 non
2556 2676 2789 2732 multum
2828 2677 3153 2749 profecisset
3200 2678 3463 2735 fortitudo
3489 2681 3590 2734 hu-

1975 2778 2135 2815 mana
2180 2762 2301 2818 sine
2354 2764 2540 2820 divino
2587 2766 2814 2830 auxilio,
2874 2782 2978 2821 nec
3031 2766 3262 2822 multum
3328 2768 3592 2823 valuisset

1975 2851 2218 2905 humana
2254 2851 2524 2908 industria
2550 2854 2673 2908 sine
2703 2854 2890 2910 divino
2923 2855 3178 2923 consilio,
3212 2864 3268 2911 et
3312 2856 3437 2911 ideo
3470 2872 3591 2911 om-

1975 2944 2067 2998 nia
2092 2951 2222 2998 sunt
2250 2944 2416 3018 digna
2430 2945 2714 3001 miraculo.
2736 2945 3134 3017 Quoquomodo
3166 2947 3333 3022 igitur
3355 2964 3587 3003 ascenso

1976 3038 2185 3094 castelli
2221 3055 2399 3107 muro,
2442 3040 2757 3095 Everelmus
2784 3049 3081 3097 extractam
3120 3041 3402 3098 camisiam
3432 3059 3587 3098 suam

1975 3145 2132 3184 muro
2163 3127 2338 3184 afﬁxit
2374 3135 2430 3183 et
2474 3146 2573 3200 per
2600 3130 2750 3185 illam
2782 3130 2967 3201 quoad
2998 3131 3177 3200 potuit
3203 3147 3262 3186 se
3301 3131 3466 3187 traxit
3493 3132 3593 3185 de-

1974 3235 2181 3286 orsum,
2235 3220 2439 3275 deinde
2481 3222 2734 3278 cadendo
2782 3223 3009 3279 humum
3068 3222 3267 3298 attigit,
3324 3232 3385 3279 et
3433 3224 3593 3296 quasi

1974 3317 2202 3366 truncus
2228 3318 2372 3367 teres
2400 3313 2617 3368 volutus
2661 3314 2718 3368 in
2774 3315 2992 3389 aggeris
3022 3315 3376 3387 profundum,
3429 3317 3593 3371 etiam

1974 3401 2103 3457 inde
2148 3402 2472 3458 mirabiliter
2502 3406 2729 3475 erepsit.
2762 3406 3000 3462 Tandem
3039 3407 3370 3479 contingens
3421 3408 3598 3479 plani-

1977 3493 2105 3548 tiem
2162 3494 2363 3564 campi,
2390 3495 2505 3562 jam
2537 3497 2775 3552 habebat
2813 3498 3127 3554 libertatem
3188 3499 3456 3567 abeundi,
3496 3500 3595 3554 sed

1984 3600 2096 3639 non
2135 3585 2376 3641 habebat
2407 3587 2718 3645 facultatem
2768 3592 2961 3647 eundi.
2996 3594 3058 3649 Et
3085 3599 3267 3649 tamen
3310 3612 3459 3651 nunc
3499 3613 3601 3651 na-

1987 3676 2135 3731 tibus
2185 3694 2245 3732 se
2290 3679 2558 3735 trahendo
2628 3698 2778 3736 nunc
2823 3684 3061 3757 genibus
3130 3687 3378 3757 rependo
3440 3698 3605 3758 prout

1987 3773 2228 3838 poterat,
2271 3768 2550 3825 desiderio
2593 3788 2692 3827 suo
2750 3774 3160 3844 satisfaciendo,
3221 3784 3482 3848 expertus
3519 3788 3606 3835 est

1988 3856 2120 3927 quia
2149 3857 2417 3912 audentes
2440 3859 2583 3914 Deus
2609 3860 2727 3931 ipse
2752 3862 2926 3930 juvat.
2966 3864 3076 3920 Hoc
3101 3865 3266 3921 modo
3298 3867 3599 3936 proximam

1988 3943 2179 4000 silvam
2208 3946 2582 4015 pertransivit.
2635 3948 2742 4003 Sed
2782 3949 2978 4006 timere
3017 3954 3184 4024 coepit
3224 3954 3308 4011 vir
3359 3971 3523 4028 sagax
3549 3963 3604 4011 et

1991 4032 2317 4102 industrius,
2378 4052 2448 4090 ne
2492 4036 2632 4092 forte
2664 4037 3010 4096 inveniretur
3055 4060 3086 4097 a
3114 4044 3516 4115 quaerentibus,
3557 4047 3603 4100 si

1989 4123 2223 4196 vestigia
2259 4140 2358 4179 sua
2388 4126 2943 4197 deprehenderentur
2971 4132 3038 4186 ab
3081 4133 3471 4207 indagantibus
3514 4152 3605 4191 ca-

1992 4216 2170 4272 nibus.
2208 4221 2317 4276 Hoc
2348 4218 2542 4275 timore
2580 4220 2726 4277 vires
2767 4222 2940 4277 animi
2994 4233 3049 4280 et
3098 4226 3345 4296 corporis
3374 4227 3607 4302 colligit,

1992 4312 2048 4360 et
2093 4309 2324 4363 saltibus
2362 4309 2441 4363 uti
2497 4310 2684 4381 coepit.
2715 4319 2770 4366 et
2817 4312 2985 4368 tercio
3015 4314 3159 4369 saltu
3198 4331 3260 4369 se
3298 4314 3354 4368 in
3386 4323 3611 4385 printer-

272 4410 615 4476 facultatem,
649 4410 777 4474 Quis
815 4410 962 4464 enim
1003 4410 1306 4467 convinctis
1343 4419 1398 4467 et
1451 4412 1694 4468 immotis
1736 4412 1876 4484 pedi

2000 4402 2259 4459 ﬂuentem
2296 4403 2579 4459 ﬂuviolum
2620 4406 2920 4475 transjecit,
2950 4415 3003 4462 et
3050 4408 3243 4464 limosa
3274 4409 3394 4479 ripa
3434 4410 3613 4465 mani-

275 4503 385 4557 bus
417 4501 680 4557 incedat?
711 4501 817 4556 Sed
869 4517 971 4556 nec
1014 4500 1328 4558 facultatem
1368 4504 1609 4560 habebat
1637 4504 1894 4560 movendi

274 4607 339 4646 se
397 4590 468 4645 de
496 4590 619 4646 loco
659 4590 726 4644 ad
773 4590 975 4656 locum,
1009 4590 1114 4644 nisi
1154 4598 1247 4646 aut
1295 4593 1513 4647 natibus
1556 4601 1609 4647 et
1640 4593 1896 4648 manibus

276 4699 340 4739 se
401 4682 695 4749 trahendo,
745 4688 839 4736 aut
900 4682 1157 4736 manibus
1194 4689 1248 4737 et
1309 4684 1547 4756 genibus
1602 4686 1894 4756 reptando.

280 4773 341 4826 In
387 4769 676 4842 crepidine
718 4769 828 4824 loci
887 4769 1037 4824 illius
1087 4770 1347 4841 jacebant
1404 4773 1512 4826 duo
1562 4772 1731 4847 ligna,
1785 4788 1897 4828 non

279 4875 412 4915 casu
453 4864 514 4912 ut
546 4856 824 4912 credimus
866 4857 944 4911 ibi
985 4858 1249 4929 projecta,
1285 4858 1384 4913 sed
1423 4858 1609 4914 divino
1651 4866 1785 4915 nutu
1817 4860 1899 4913 illi

279 4950 487 5006 oblata.
544 4950 845 5022 Aggressus
900 4949 1086 5021 itaque
1151 4956 1400 5005 naturam
1456 4951 1679 5007 vincere
1735 4950 1898 5005 indu-

284 5043 442 5108 stria,
504 5042 677 5097 multo
726 5041 915 5098 labore
973 5052 1161 5098 cavata
1214 5045 1473 5100 manibus
1514 5050 1676 5111 terra,
1729 5043 1904 5099 infixit

286 5142 448 5191 terrae
496 5134 617 5205 ipsa
654 5134 823 5207 ligna,
867 5142 922 5189 et
974 5142 1246 5206 oportune
1287 5137 1455 5208 conpit
1499 5137 1746 5208 rependo
1786 5154 1905 5192 ma-

284 5224 455 5278 nibus
515 5229 570 5277 et
601 5223 841 5296 genibus
869 5226 1192 5291 ascendere,
1241 5234 1296 5280 et
1333 5235 1443 5281 tam
1503 5226 1778 5282 laboriose
1815 5243 1906 5281 su-

286 5322 479 5383 perata
507 5312 784 5384 lignorum
811 5313 1120 5382 altitudine,
1154 5314 1436 5371 nitebatur
1457 5316 1683 5386 laquear
1708 5316 1906 5370 domus

283 5404 581 5476 attingere.
625 5404 686 5459 Et
718 5406 934 5461 revulsa
976 5424 1086 5462 una
1112 5407 1387 5478 laquearis
1413 5407 1619 5473 tabula,
1652 5408 1721 5462 ad
1748 5423 1908 5479 supe-

286 5492 403 5548 rius
460 5492 763 5549 tabulatum
821 5495 1018 5551 domus
1064 5496 1178 5565 jam
1224 5503 1574 5567 pervenerat.
1611 5496 1740 5560 Quae
1788 5511 1910 5552 om-

1995 4494 2099 4547 bus
2126 4493 2242 4547 suis
2278 4499 2487 4560 cavata,
2530 4493 2586 4547 in
2614 4510 2680 4548 ea
2730 4502 2903 4550 totum
2957 4496 3106 4552 diem
3162 4498 3335 4554 latuit.
3380 4499 3613 4556 Videbat

1998 4591 2221 4657 prepter
2263 4600 2325 4639 se
2380 4586 2739 4656 quaerendum
2791 4588 2895 4642 hac
2935 4589 3060 4644 illac
3086 4590 3610 4659 circumcursantes,

1996 4676 2221 4733 videbat
2246 4693 2411 4739 canes
2447 4677 2784 4749 odorisequo
2839 4680 3030 4736 habitu
3065 4682 3297 4757 vestigia
3329 4699 3428 4738 sua
3460 4684 3614 4741 inda-

1996 4776 2212 4840 gantes,
2279 4766 2502 4822 videbat
2551 4775 2605 4822 et
2654 4768 2916 4823 audiebat
2967 4769 3321 4827 mulierculas
3372 4773 3525 4843 juxta
3553 4791 3613 4830 se

1998 4856 2227 4911 herbam
2259 4856 2601 4929 colligentes,
2631 4873 2735 4913 nec
2772 4864 2957 4914 tamen
2998 4860 3111 4917 ullo
3151 4861 3314 4917 modo
3345 4878 3501 4933 spem
3526 4880 3616 4919 sa-

2000 4948 2133 5004 lutis
2152 4965 2266 5005 suae
2294 4949 2630 5020 deponebat.
2663 4950 2893 5022 Jamque
2909 4951 2999 5008 die
3030 4955 3238 5021 clauso,
3274 4954 3368 5026 qui
3392 4956 3619 5025 pericli-

2005 5044 2139 5098 tanti
2169 5043 2460 5100 videbatur
2515 5061 2635 5100 esse
2680 5046 2899 5121 longior
2923 5054 3034 5103 toto
3074 5065 3242 5115 anno,
3282 5060 3337 5105 et
3374 5050 3620 5107 instante

2008 5135 2186 5191 noctis
2215 5136 2560 5206 crepusculo,
2593 5146 2710 5193 erat
2738 5137 2930 5193 videre
2957 5147 3012 5195 et
3037 5141 3226 5195 audire
3253 5158 3419 5213 quam
3462 5142 3622 5199 multi

2011 5229 2350 5283 Everelmum
2410 5229 2654 5301 undique
2726 5231 3069 5287 ventilabant
3124 5234 3408 5301 cornibus,
3457 5253 3621 5307 quam

2006 5315 2163 5371 multi
2205 5317 2584 5378 discurrebant
2615 5318 2824 5390 ubique
2862 5336 2985 5376 cum
3020 5322 3245 5377 laternis
3290 5332 3345 5377 et
3390 5323 3621 5389 facibus,

2008 5424 2170 5480 quam
2203 5409 2359 5464 multi
2389 5425 2513 5464 eum
2566 5427 2665 5481 per
2710 5412 2905 5469 silvam
2937 5415 3276 5470 venabantur
3304 5414 3624 5489 indaganti-

2011 5497 2116 5551 bus
2148 5497 2401 5552 canibus.
2454 5497 2579 5553 Erat
2620 5500 2802 5556 omnis
2846 5501 2933 5558 via
2986 5503 3239 5571 obsessa,
3289 5508 3407 5559 erat
3450 5500 3635 5557 omnis

1857 5617 2068 5675 NOTAE.

362 5716 505 5788 (906)
536 5718 616 5770 An
648 5716 1000 5788 Gottendeys,
1042 5717 1326 5775 castellum
1359 5718 1771 5774 Mechliniense.

2067 5716 2209 5786 i907)
2241 5717 2278 5769 Ι.
2305 5731 2355 5770 e.
2400 5721 2616 5770 catena.
