3930 6204
411 292 513 350 687

1608 286 1959 342 SIGEBERTI
2001 285 2515 342 GEMBLACENSIS'

3632 298 3733 356 688

409 424 608 480 semita
660 420 975 477 interclusa.
1017 419 1081 472 At
1128 418 1444 473 Everelmus
1489 418 1545 472 in
1590 418 1701 473 Deo
1732 424 1787 472 et
1834 422 2022 472 sancto
2046 427 2101 493 Α
2128 422 2396 485 gravioris
2424 420 2560 473 mali
2597 422 2817 475 occasio.
2878 422 3170 490 Postquam
3207 424 3348 478 enim
3400 428 3563 495 capit
3588 429 3733 485 illum

407 516 687 572 Wicberto
715 511 981 579 confisus,
1011 526 1189 581 usque
1218 510 1287 564 ad
1316 510 1444 581 galli
1471 516 1690 564 cantum
1718 507 1892 576 jacuit
1919 521 2017 576 spe

406 610 522 664 sola
553 606 841 661 animatus.
905 604 1055 659 Gallo
1084 618 1214 659 vero
1244 608 1502 665 canente,
1544 600 1779 656 accinxit
1804 617 1863 653 se
1896 598 2017 653 ani-

404 700 480 754 mi
521 697 865 763 fortitudine,
897 702 953 751 et
981 710 1215 769 surgens
1262 693 1480 749 volebat
1515 692 1688 746 abire.
1731 693 1794 746 At
1832 692 2013 755 .lesus,

405 787 501 859 qui
556 792 789 841 canente
841 784 986 859 gallo
1023 783 1265 839 llPetrum
1324 781 1701 836 lacrimantem
1752 779 2013 850 respexit,

361 884 639 931 'canente
671 874 814 947 gallo
863 873 1027 928 etiam
1063 872 1401 926 Everelmum
1454 868 1793 923 lacrimando
1849 884 2016 923 orau-

404 962 511 1022 tem
545 966 806 1037 respexit,
838 973 892 1019 et
922 964 1051 1035 quia
1090 979 1214 1018 eum
1244 962 1464 1032 pietatis
1502 961 1663 1016 oculo
1689 960 2012 1030 respexerit,

404 1056 511 1110 hoc
536 1053 1062 1125 primumjudicium
1095 1050 1212 1105 fuit.
1241 1051 1481 1105 Canente
1504 1050 1673 1123 gallo,
1705 1066 1849 1103 unus
1881 1049 2014 1103 Eve-

402 1143 558 1198 relmi
614 1159 709 1214 pes
746 1141 957 1197 solutus
995 1146 1076 1193 est
1105 1155 1135 1193 a
1176 1138 1316 1193 boias
1355 1138 1596 1200 vinculo,
1627 1154 1859 1208 eamque
1892 1154 2016 1208 par-

402 1238 510 1286 tem
545 1231 686 1286 boire
737 1229 968 1303 alligans
998 1227 1141 1283 cruri
1188 1243 1288 1282 suo
1320 1226 1519 1281 invasit
1556 1227 1699 1280 viam
1742 1226 1885 1280 felici
1916 1242 2016 1279 au-

399 1321 598 1393 Spicio,
631 1336 852 1392 semper
878 1326 1126 1374 sanctum
1172 1317 1265 1371 Dei
1313 1316 1647 1371 Wicbertum
1680 1316 2010 1371 invocanda.

398 1413 691 1469 Frustratis
743 1428 874 1486 ergo
905 1410 1167 1466 omnibus
1205 1425 1265 1464 se
1306 1408 1703 1480 quaerentibus,
1738 1407 1851 1462 ibat
1903 1413 2013 1462 tota

396 1509 557 1557 nocte
598 1501 810 1556 Christo
851 1500 1200 1566 ducevtutus,
1253 1504 1443 1551 sancto
1495 1495 1769 1551 Wicberto
1822 1494 2009 1549 subsi-

393 1594 584 1649 diante
610 1609 858 1648 securus.
915 1591 975 1646 Et
1023 1606 1185 1645 mane
1218 1589 1445 1644 veniens
1502 1587 1570 1641 ad
1620 1586 2004 1641 Fraxinensem

394 1689 701 1746 aecclesiam
731 1696 959 1759 prepter
981 1702 1039 1742 se
1071 1686 1401 1757 capiendum
1430 1702 1461 1739 a
1491 1684 1788 1739 Petronilla
1815 1683 2007 1737 incen-

392 1795 533 1844 sam,
565 1777 768 1851 gratias
798 1775 1120 1843 egitsancto
1152 1774 1334 1839 Petro,
1366 1772 1461 1843 qui
1489 1789 1548 1827 se
1585 1772 1781 1826 vadem
1813 1771 2009 1825 obtulit

393 1866 706 1921 Petronilla
738 1880 837 1936 pro
869 1879 936 1920 eo
980 1862 1339 1918 absolvendo.
1372 1862 1435 1916 Et
1461 1877 1572 1916 non
1613 1860 1857 1935 ingratus
1883 1876 2010 1914 san-

394 1967 482 2016 cto
510 1959 792 2015 Wicberto
839 1958 926 2014 cui
965 1964 1090 2030 post
1132 1958 1301 2013 Deum
1340 1973 1611 2011 summam
1644 1972 1757 2011 suae
1797 1955 2009 2010 absolu-

392 2054 559 2111 tionis
591 2054 892 2121 commisit,
943 2060 1216 2125 0portune
1255 2052 1323 2107 ad
1363 2050 1482 2121 ejus
1524 2050 1795 2105 tumulum
1836 2050 2007 2117 venit,

392 2151 447 2199 et
470 2145 537 2199 ad
579 2143 955 2199 testimonium
996 2143 1195 2198 divina:
1223 2141 1438 2197 virtutis
1467 2140 1648 2195 boiam
1689 2156 1812 2195 cum
1842 2139 2006 2194 lacri-

391 2237 497 2291 mis
525 2236 881 2292 exultationis
906 2235 1112 2291 tumbae
1143 2236 1263 2305 ejus
1290 2233 1667 2305 superposuit.
1710 2232 1878 2297 Quam
1912 2231 2003 2303 qui

389 2331 557 2397 videt,
591 2332 793 2404 gratias
825 2332 935 2387 Deo
965 2329 1173 2386 referre
1212 2330 1398 2397 debet,
1433 2328 1583 2402 quod
1615 2335 1834 2383 sanctos
1874 2342 2005 2383 suos

390 2422 466 2477 ita
495 2420 784 2494 glorificat.

459 2511 512 2565 6.
568 2510 764 2565 Mulier
801 2509 1034 2566 oriunda
1090 2509 1158 2565 de
1212 2508 1345 2565 villa
1392 2516 1593 2564 nostrae
1648 2507 2004 2563 fraternitatis

388 2600 604 2667 Brania,
635 2599 810 2655 nimio
841 2600 1031 2656 dolore
1059 2599 1306 2655 dentium
1340 2599 1512 2654 multo
1559 2608 1809 2668 tempore
1832 2597 2005 2666 jacuit

387 2686 610 2742 afﬂicta.
644 2687 708 2741 Et
756 2687 1021 2743 invocans
1059 2703 1261 2743 nomen
1305 2688 1481 2743 sancti
1528 2685 1814 2751 Wicberti,
1871 2684 2004 2739 affe-

389 2784 579 2832 ctuose
612 2776 941 2847 implorabat
977 2784 1038 2832 ut
1080 2777 1188 2831 sibi
1230 2777 1554 2850 dignaretur
1582 2774 1850 2830 auxiliari.
1893 2775 2002 2829 Nec

384 2869 441 2924 id
490 2869 691 2924 frustra
739 2868 856 2924 fuit.
892 2868 1142 2943 Mitigato
1193 2869 1341 2925 enim
1399 2869 1610 2935 dolore,
1664 2874 1889 2939 experta
1919 2878 2002 2924 est

385 2975 590 3016 nomen
615 2961 789 3015 sancti
828 2959 1094 3015 Wicberti
1127 2976 1186 3015 se
1234 2960 1620 3016 invocantibus
1649 2975 1769 3014 esse
1811 2958 1999 3029 propi-

2116 515 2292 569 tedere
2311 528 2471 581 super
2494 513 2654 578 longa
2686 513 2948 567 dilatione
2994 513 3378 582 redemptionis
3409 532 3556 585 meas,
3581 536 3730 588 quam

2115 606 2355 669 graviter
2381 604 2442 654 in
2469 617 2551 654 me
2590 604 2872 674 exarserit,
2902 618 2969 656 ea:
2999 603 3095 658 hoc
3123 620 3229 658 uno
3255 607 3496 674 intelligi
3517 613 3727 676 poterit.

2115 693 2233 746 Non
2257 694 2530 744 contentus
2568 704 2679 744 esse
2715 693 3023 745 constrictos
3068 694 3231 763 pedes
3267 709 3406 749 meos
3447 696 3549 751 hac
3578 702 3729 765 gravi

2115 796 2279 849 quam
2303 779 2498 833 videtis
2550 780 2692 844 boia,
2732 780 2954 848 pollices
3001 784 3050 835 et
3087 783 3398 837 conbinatos
3450 788 3729 856 utriusque

2113 883 2304 921 manus
2359 884 2485 921 mea:
2543 867 2742 932 digitos
2799 870 3071 923 artissime
3120 874 3447 927 constrinxit
3526 878 3730 932 arcuali

2112 958 2294 1011 corda.
2328 958 2449 1023 Qua
2483 972 2640 1026 pwna
2668 972 2789 1026 quia
2818 962 2997 1026 potest
3033 974 3143 1013 esse
3172 964 3395 1027 gravior
3431 968 3729 1032 angustia?

2113 1052 2224 1116 Ego
2255 1053 2329 1102 tot
2356 1049 2621 1101 malorum
2643 1052 2914 1116 pertesus,
2956 1050 3227 1106 dominica
3251 1059 3401 1108 nocte
3426 1061 3551 1124 post
3578 1073 3729 1125 roga-

2111 1146 2277 1198 tiones
2314 1158 2431 1196 cum
2473 1142 2630 1197 corde
2681 1159 2793 1196 meo
2832 1145 3057 1210 locutus,
3111 1152 3358 1203 sanctum
3406 1152 3731 1207 Wicbertum

2110 1250 2265 1303 quem
2286 1234 2520 1288 solebam
2541 1235 2795 1288 invocare
2822 1236 3182 1305 frequentius,
3234 1240 3391 1294 modo
3412 1242 3729 1298 invocabam

2111 1326 2371 1379 devotius.
2408 1323 2474 1380 Et
2504 1328 2907 1394 erumpentibus
2937 1328 3177 1385 lacrimis
3215 1331 3282 1384 de
3306 1334 3590 1400 profundo
3617 1350 3731 1389 cor-

2110 1416 2216 1481 dis,
2240 1416 2323 1469 his
2346 1416 2568 1469 orabam
2592 1416 2768 1470 verbis
2796 1433 2809 1469 :
2850 1441 2862 1464 σ
2903 1419 3099 1473 Sancte
3135 1420 3416 1487 Wicberte,
3433 1439 3588 1492 quem
3617 1440 3728 1478 om-

2108 1519 2197 1557 nes
2226 1506 2589 1572 experimento
2626 1505 2851 1559 credunt
2878 1521 2987 1560 esse
3015 1522 3125 1562 tam
3148 1511 3306 1578 pium
3334 1514 3384 1564 et
3424 1514 3541 1565 tam
3557 1528 3724 1567 exau-

2108 1595 2347 1660 dibilem,
2371 1611 2468 1649 cur
2498 1598 2577 1649 ita
2614 1596 2924 1651 obduruisti
2960 1603 3150 1653 contra
3174 1616 3257 1654 me
3292 1606 3647 1670 peccatorem,
3676 1609 3726 1659 te

2104 1700 2218 1753 prie
2247 1685 2491 1739 omnibus
2528 1688 2729 1740 sanctis
2764 1686 3097 1754 ﬁducialiter
3126 1690 3457 1744 invocantem
3478 1694 3506 1745 ?
3538 1695 3721 1748 Tanta

2109 1788 2191 1826 me
2215 1778 2461 1828 coartant
2481 1776 2775 1843 angustias,
2802 1780 2862 1829 ut
2873 1775 2995 1844 jam
3014 1793 3083 1831 ea:
3110 1778 3486 1847 desperatione
3516 1783 3729 1836 timeam

2104 1866 2406 1934 periculum
2446 1868 2640 1920 animi:
2665 1882 2810 1933 mete,
2838 1870 2948 1922 nisi
2976 1869 3221 1936 digneris
3242 1871 3595 1942 jamjamque
3623 1876 3729 1928 mi-

2109 1954 2199 2007 chi
2221 1953 2517 2008 subvenire.
2556 1974 2581 2004 »
2614 1955 2747 2011 Cum
2769 1956 2954 2010 taliter
2999 1972 3237 2022 orarem,
3282 1964 3495 2015 tantum
3536 1964 3601 2017 in
3625 1962 3730 2018 loco

2106 2044 2167 2097 in
2206 2060 2313 2112 quo
2333 2044 2583 2113 jacebam
2610 2048 2756 2101 sensi
2782 2062 2892 2101 esse
2916 2047 3166 2113 calorem,
3193 2054 3255 2104 ut
3282 2054 3534 2120 putarem
3564 2053 3731 2121 juxta

2106 2152 2187 2191 me
2209 2152 2485 2191 accensam
2512 2140 2809 2205 fornacem.
2842 2143 2914 2195 Et
2942 2155 3230 2197 concussus
3256 2159 3452 2211 magno
3481 2145 3727 2214 horrore,

2106 2229 2256 2279 tanto
2280 2228 2512 2281 omnium
2540 2228 2891 2282 menbrorum
2918 2245 3155 2285 meorum
3177 2233 3441 2300 perfusus
3478 2249 3601 2289 sum
3638 2251 3727 2289 su-

2104 2320 2255 2386 dore,
2287 2324 2347 2374 ut
2375 2336 2654 2390 nunquam
2677 2323 2753 2376 sic
2791 2325 3137 2377 emwstuarim
3170 2339 3276 2393 pro
3308 2326 3493 2395 aliquo
3533 2327 3725 2382 calore.

2104 2408 2238 2462 Cum
2264 2408 2389 2462 inde
2416 2412 2465 2462 ct
2483 2409 2641 2462 corde
2667 2413 2718 2462 et
2745 2425 2963 2479 corpore
2990 2413 3274 2480 anmiarer,
3305 2420 3586 2483 cmperunt
3607 2416 3728 2470 dis-

2103 2497 2240 2551 solvi
2270 2498 2514 2566 colligati
2538 2514 2764 2554 manum
2802 2500 2988 2569 digiti,
3027 2505 3076 2556 et
3098 2503 3266 2571 paulo
3289 2508 3417 2574 post
3456 2506 3731 2576 σαφεῖ-ιιηέ

2103 2591 2265 2643 etiam
2295 2590 2484 2644 laxari
2523 2591 2655 2645 boiie
2686 2593 2917 2661 pessuli,
2961 2598 3009 2648 et
3035 2596 3248 2661 gratias
3293 2598 3398 2649 Deo
3450 2600 3502 2651 et
3548 2602 3731 2654 sancto

2102 2680 2219 2743 Dei,
2248 2694 2376 2733 usus
2419 2694 2684 2735 manuum
2711 2685 2761 2734 et
2803 2681 2999 2750 pedum
3027 2682 3272 2737 redditus
3322 2688 3401 2738 est
3437 2687 3622 2741 michi.
3660 2690 3733 2743 Et

2101 2770 2301 2825 oblitus
2321 2776 2492 2827 omnis
2516 2772 2735 2838 doloris,
2759 2788 2852 2827 nec
2880 2775 3070 2828 timens
3100 2777 3343 2844 quinque
3362 2778 3609 2832 custodes
3633 2782 3733 2848 qui

2100 2863 2249 2916 circa
2276 2879 2359 2917 me
2380 2863 2656 2934 jacebant,
2689 2880 2821 2934 quos
2841 2867 3004 2920 etiam
3029 2867 3262 2934 vigilare
3276 2869 3564 2937 putabam,
3594 2874 3731 2941 ccepi

2101 2953 2259 3007 abire
2284 2970 2402 3008 cum
2441 2970 2535 3026 spe
2571 2959 2898 3012 securitatis.
2942 2960 3164 3013 Emotus
3217 2960 3381 3015 cardo
3433 2965 3565 3016 ostii
3602 2968 3727 3018 tan-

385 3048 597 3104 tiabile.
629 3049 764 3121 Ergo
791 3050 860 3104 ad
888 3049 1153 3104 indicium
1197 3057 1509 3105 consecutae
1542 3049 1834 3103 medicinae
1867 3047 1998 3102 fecit
2035 3108 2074 3121 Λ
2095 3047 2209 3098 tum
2248 3045 2425 3099 emisit
2453 3046 2759 3113 stridorem,
2781 3051 2840 3101 ut
2858 3048 3022 3101 michi
3058 3049 3168 3116 ipsi
3185 3063 3444 3117 magnum
3463 3068 3717 3120 pavorem

381 3157 597 3197 cerea";
619 3141 868 3217 gengivm
899 3141 969 3195 ad
989 3141 1409 3197 similitudinem
1442 3143 1698 3196 humanae
1725 3140 1995 3215 φαείνω,
2027 3108 2077 3177 C
2098 3136 2147 3187 et
2175 3134 2426 3189 omnibus
2458 3136 2515 3188 in
2544 3135 2698 3190 domo
2735 3137 3127 3205 quiescentibus
3176 3132 3393 3206 gr'avem
3429 3142 3724 3198 incusserit

380 3251 615 3307 eamque
661 3235 730 3290 ad
777 3235 1048 3290 tumulum
1107 3236 1282 3291 sancti
1326 3234 1588 3289 Wicberti
1635 3233 1831 3288 detulit
1881 3248 2005 3287 cum
2108 3228 2395 3285 horrorem.
2463 3232 2721 3287 Veneram
2774 3233 2848 3287 ad
2894 3237 3104 3303 septum
3150 3235 3375 3290 castelli.
3438 3237 3544 3290 Hic
3590 3243 3727 3292 certe

379 3326 677 3401 gratiarum
709 3326 947 3381 actione.
990 3326 1181 3380 Omnia
1229 3340 1519 3381 recensere
1557 3323 1901 3398 singillatim,
1952 3331 2006 3378 et
2105 3324 2275 3376 omnis
2302 3338 2421 3392 spes
2450 3324 2656 3378 excidit
2680 3325 3021 3391 michi.Quid
3049 3329 3190 3381 enim
3216 3328 3492 3394 facerem?
3529 3331 3727 3386 Redire

378 3415 598 3487 singula
627 3415 893 3486 replicare
923 3415 1191 3481 seriatim,
1225 3422 1308 3470 est
1330 3414 1576 3482 difficile,
1607 3431 1712 3469 nec
1735 3422 1817 3469 est
1856 3414 2004 3468 mul-
2104 3432 2210 3471 non
2237 3419 2531 3483 audebam;
2564 3420 2828 3489 quomodo
2858 3421 2923 3474 de
2948 3426 3093 3490 septo
3124 3423 3333 3477 castelli
3386 3427 3589 3479 exirem
3632 3441 3728 3481 ne-

378 3513 494 3562 tum
525 3507 679 3562 utile.
739 3506 868 3563 Ideo
907 3506 976 3562 de
1014 3506 1205 3561 multis
1230 3506 1413 3578 aliqua
1461 3505 1701 3562 breviter
1748 3505 1991 3561 conscri-

376 3598 605 3667 buntur,
664 3606 724 3655 ut
765 3615 832 3655 ex
875 3599 1067 3673 paucis
1124 3600 1296 3655 multa
1353 3616 1476 3655 esse
1538 3597 1809 3655 veraciter
1861 3600 1989 3670 pro-

374 3689 597 3747 bentur.

445 3783 496 3839 7.
540 3783 810 3839 Hasbania
838 3783 1113 3841 laetificata
1158 3801 1270 3842 uno
1308 3792 1364 3841 et
1401 3786 1571 3841 altero
1630 3786 1805 3840 sancti
1833 3785 1986 3841 Wic-

371 3872 516 3928 berti
563 3872 852 3940 beneﬁcio,
897 3874 1164 3930 illustrata
1209 3883 1292 3930 est
1322 3875 1486 3930 etiam
1518 3874 1681 3930 terlio
1721 3873 1841 3945 ejus
1873 3874 1982 3928 mi-

370 3971 575 4028 raculo.
606 3972 758 4028 Diem
790 3971 987 4027 festum
1008 3978 1357 4043 pentecostes
1387 3972 1628 4042 pepulus
1658 3970 1985 4041 sollempni-

368 4059 546 4126 zabat,
603 4066 657 4116 et
693 4068 958 4134 vergente
1011 4062 1127 4116 sole
1178 4061 1247 4115 ad
1292 4076 1571 4127 occasum,
1612 4059 1981 4130 vespertinam

367 4150 597 4205 sinaxim
631 4151 882 4207 iecclesia
912 4151 1246 4206 celebrabat.
1278 4151 1337 4205 Et
1366 4166 1495 4206 ecce
1525 4150 1747 4221 quidam
1782 4167 1984 4222 paren-

365 4246 484 4294 tum
506 4255 730 4295 suorum
765 4241 1020 4295 manibus
1049 4245 1388 4296 sustentatus
1426 4240 1597 4303 venit,
1636 4248 1690 4296 et
1716 4248 1983 4314 sequente

362 4329 571 4400 pepulo
627 4329 696 4384 ad
761 4329 1032 4385 tumulum
1099 4331 1274 4385 sancti
1342 4331 1603 4386 Wicberti
1671 4332 1939 4388 deductus
1969 4373 1983 4401 ,

361 4416 547 4473 boiam
588 4418 775 4493 magni
806 4419 1070 4489 ponderis
1091 4420 1291 4477 tumbae
1307 4422 1480 4476 sancti
1521 4424 1893 4494 superposuit,
1930 4430 1984 4478 et

2091 3510 2346 3577 sciebam,
2379 3513 2512 3580 quia
2527 3512 2699 3565 nichil
2716 3513 2954 3578 consilii,
2985 3514 3157 3568 nichil
3179 3516 3383 3570 virium
3408 3521 3529 3571 erat
3542 3518 3725 3588 michi,

2090 3602 2151 3653 ut
2178 3601 2548 3668 quoquomodo
2578 3616 2873 3670 quaererem
2905 3602 3125 3658 aditum
3155 3606 3407 3658 exeundi.
3445 3606 3579 3661 Cum
3615 3613 3728 3661 sta-

2090 3704 2203 3743 rem
2231 3690 2308 3744 ibi
2337 3694 2598 3746 attonitus
2646 3708 2869 3761 pavore,
2902 3696 3036 3763 coepi
3078 3699 3325 3749 sanctum
3390 3696 3715 3752 Wicbertum

2087 3779 2356 3842 invocare,
2388 3784 2437 3834 et
2460 3782 2737 3850 imputans
2766 3782 2817 3835 ei
2845 3782 2992 3850 fugae
3018 3798 3148 3837 meae
3163 3799 3399 3849 causam,
3424 3786 3720 3841 lacrimans

2088 3870 2331 3925 dicebam
2355 3888 2368 3924 :
2410 3891 2430 3920 α
2455 3873 2720 3940 Decepisti
2750 3887 2848 3936 me,
2872 3878 3055 3928 sancte
3085 3876 3369 3941 Wicberte,
3399 3881 3450 3930 et
3470 3877 3720 3947 deceptus

2088 3975 2225 4026 sum,
2257 3961 2373 4030 qui,
2394 3960 2525 4015 dum
2544 3961 2701 4029 fugio
2730 3961 2987 4017 damnum
3007 3978 3191 4016 rerum
3209 3979 3474 4025 mearum.
3503 3967 3718 4020 incurri

2083 4053 2273 4103 mortis
2323 4051 2642 4118 periculum.
2685 4051 2743 4106 Si
2775 4051 2862 4106 hic
2891 4053 3135 4107 inventus
3190 4054 3370 4122 fuero,
3419 4055 3575 4109 nulla
3613 4059 3714 4111 erit

2082 4139 2245 4191 michi
2284 4139 2432 4193 ultra
2470 4139 2788 4209 redemptio.
2820 4138 2927 4194 Sed
2958 4144 3041 4207 tu,
3076 4145 3280 4207 sancte,
3330 4146 3527 4212 perfice
3565 4144 3713 4214 quod

2084 4233 2307 4300 coepisti,
2335 4234 2468 4300 quia
2498 4233 2597 4287 tibi
2623 4233 2726 4288 soli
2747 4238 2873 4303 post
2900 4237 3063 4289 Deum
3095 4250 3318 4289 causam
3346 4251 3519 4292 meam
3559 4254 3710 4293 com-

2086 4329 2227 4382 misi.
2262 4351 2285 4372 »
2321 4329 2453 4385 Cum
2492 4328 2602 4382 hazc
2644 4344 2849 4385 mecum
2874 4346 3106 4398 agerem,
3159 4334 3304 4385 sensi
3330 4335 3495 4400 quasi
3523 4349 3711 4389 sonum

2086 4418 2300 4473 alarum
2328 4421 2446 4473 avis
2474 4420 2626 4474 circa
2653 4435 2736 4474 me
2774 4422 3077 4488 volitantis,
3120 4425 3167 4474 et
3198 4435 3317 4474 cum
3361 4436 3564 4489 pavore
3605 4439 3709 4493 quo

362 4523 484 4562 cum
521 4507 763 4563 lacrimis
794 4508 1154 4565 exultationis
1191 4511 1393 4584 gratias
1431 4513 1543 4568 Deo
1572 4522 1627 4568 et
1654 4521 1844 4568 sancto
1884 4513 1981 4568 Dei
2003 4484 2059 4552 D
2082 4515 2373 4570 tremebam
2395 4516 2559 4568 etiam
2587 4514 2810 4569 horrore
2853 4531 3159 4583 concussus,
3182 4517 3394 4572 stabam
3432 4522 3592 4572 extra
3626 4532 3710 4572 me

360 4599 495 4675 egit.
528 4601 905 4676 Interrogatus
943 4601 1069 4673 quis
1095 4610 1262 4670 esset,
1302 4603 1449 4658 unde
1481 4610 1646 4672 esset,
1675 4604 1801 4676 quis
1853 4621 1978 4660 eum
2076 4606 2309 4672 positus,
2334 4609 2383 4658 et
2411 4621 2446 4658 a
2473 4620 2630 4659 sensu
2659 4620 2773 4658 meo
2820 4605 3110 4659 alienatus.
3171 4607 3355 4659 Testor
3396 4609 3587 4673 Deum,
3626 4612 3709 4661 te-

357 4688 710 4760 captivasset,
752 4689 1032 4762 quomodo
1072 4690 1358 4758 evasisset,
1391 4691 1577 4747 omnia
1606 4692 1853 4747 seriatim
1882 4707 1981 4746 ex-
2080 4700 2193 4750 stor
2218 4701 2468 4751 sanctum
2514 4695 2857 4764 Wicbertum,
2916 4711 3000 4750 me
3040 4698 3246 4750 neScire
3302 4701 3521 4753 omnino
3568 4698 3707 4768 quid

358 4781 573 4850 posuit:
605 4785 742 4850 Ego,
785 4783 984 4855 inquit,
1016 4785 1078 4837 in
1107 4784 1243 4838 villa
1271 4785 1565 4839 Hasbanice
1601 4802 1720 4855 qua:
1756 4791 1980 4841 vocatur
2080 4793 2297 4846 interim
2334 4792 2499 4845 michi
2534 4794 2837 4859 contigerit,
2884 4792 3085 4846 scilicet
3114 4793 3380 4861 quomodo
3429 4797 3590 4849 trans
3626 4809 3706 4849 se-

354 4872 622 4927 Pellonias
652 4874 929 4943 degebam,
982 4878 1033 4930 et
1082 4890 1184 4945 pro
1221 4877 1480 4932 mediocri
1518 4893 1698 4932 rerum
1735 4893 1975 4933 mearum
2070 4893 2226 4957 ptum
2253 4887 2458 4940 castelli
2478 4888 2684 4955 positus
2723 4889 2847 4952 sim,
2898 4888 3156 4956 quomodo
3189 4889 3560 4958 pracipitium
3603 4906 3706 4959 ag-

354 4965 527 5030 cOpia,
568 4979 651 5017 me
679 4969 892 5021 strenue
917 4968 1160 5036 agebam.
1208 4969 1315 5024 Sed
1347 4971 1687 5039 quantalibet
1716 4974 1849 5027 assit
1881 4973 1974 5027 ho-

351 5056 490 5108 mini
506 5055 765 5122 felicitas,
795 5074 901 5114 non
924 5060 1073 5115 abest
1109 5062 1159 5114 ei
1186 5061 1486 5131 aliquando
1513 5064 1835 5120 adversitas.
1868 5067 1971 5121 Mi-

353 5143 442 5197 chi
465 5145 607 5198 enim
631 5146 926 5204 insidiatus
956 5151 1181 5219 quidam
1206 5152 1396 5221 praedo
1422 5155 1636 5207 nomine
1658 5155 1865 5221 Petrus,
1891 5171 1972 5210 me

350 5237 569 5302 captum
596 5238 821 5294 inclusit
844 5243 903 5294 in
926 5243 1142 5297 castello
1169 5245 1314 5313 quod
1332 5246 1538 5302 dicitur
1562 5250 1769 5317 Wanga
1798 5249 1962 5323 (908).

346 5325 464 5391 Ego
491 5340 754 5385 summam
803 5330 1191 5399 redemptionis
1227 5351 1356 5390 mete
1383 5338 1644 5393 tamabam
1673 5342 1966 5398 secundum

346 5428 524 5472 meum
565 5432 743 5487 posse,
772 5420 867 5474 sed
902 5421 994 5475 ille
1019 5424 1174 5480 illam
1216 5427 1449 5482 tamabat
1484 5432 1771 5488 secundum
1807 5449 1964 5491 suum

341 5506 490 5603 velle.
530 5512 602 5566 Et
632 5510 742 5564 hac
767 5512 912 5568 inter
936 5528 1019 5568 me
1051 5521 1103 5571 et
1136 5519 1297 5574 illum
1336 5519 1601 5579 dissensio
1638 5526 1756 5593 fuit
1797 5529 1966 5584 michi

2073 4978 2213 5045 geris
2245 4978 2525 5030 suaserim.
2547 4976 2699 5041 Quod
2727 4976 2802 5030 ad
2818 4992 2902 5030 me
2920 4992 3168 5031 reversus
3194 4977 3289 5031 ubi
3305 4979 3575 5046 intellexi,
3597 4995 3706 5034 non

2065 5069 2240 5136 potest
2268 5065 2380 5120 dici
2408 5066 2492 5119 vel
2521 5064 2668 5119 credi
2692 5070 2957 5135 quantum
2988 5069 3177 5137 stupui
3207 5071 3260 5121 et
3287 5067 3469 5123 adhuc
3492 5073 3699 5140 stupeo.

2068 5159 2255 5212 Invasi
2269 5160 2447 5211 tamen
2472 5158 2639 5222 viam,
2661 5157 2783 5227 jam
2808 5174 2954 5228 spem
2985 5158 3178 5212 bonam
3202 5162 3433 5228 portans
3460 5176 3686 5215 mecum.

2068 5249 2376 5305 Audiebam
2399 5249 2680 5315 familiam
2700 5251 2913 5305 castelli
2918 5253 3363 5319 perstrepentem,
3397 5257 3446 5307 ct
3470 5268 3553 5305 me
3579 5266 3696 5306 cum

2067 5343 2322 5399 cornibus
2352 5347 2403 5398 et
2430 5344 2650 5411 facibus
2683 5348 2734 5399 et
2767 5345 2996 5400 canibus
3034 5349 3378 5414 quaerentem.
3433 5345 3698 5401 Videbam

2065 5452 2222 5493 canes
2248 5453 2330 5492 me
2364 5437 2712 5506 indagantes,
2774 5440 2871 5508 qui
2899 5453 2980 5492 me
3031 5440 3145 5492 viso
3184 5437 3599 5493 obmitescebant
3642 5441 3693 5491 et

2064 5533 2226 5602 quasi
2253 5531 2437 5587 baculo
2460 5533 2706 5601 percussi
2743 5530 3164 5587 retrocedebant.
3220 5534 3392 5601 Super
3430 5532 3518 5587 his
3552 5547 3691 5601 gra-

1881 5634 2100 5691 NOTAE.

413 5682 558 5757 (908)
589 5683 820 5761 Wange,
852 5688 910 5743 in
943 5685 1191 5749 districta
1222 5692 1519 5751 Landensi.
