3930 6204
236 311 355 366 689
1258 307 1406 363 νιτΑ
1446 304 1802 361 DEODERIC!
1841 306 2136 363 EPISCOPI
2175 308 2558 369 METTENSIS.
3469 321 3586 378 690

236 440 352 494 tias
392 450 559 505 agens
591 439 696 491 Deo
742 440 792 491 et
838 440 1022 491 sancto
1061 425 1178 502 Dei,
1205 439 1367 505 prout
1412 439 1658 505 poteram
1688 434 1861 488 eundo
1892 440 1934 504 Α
1963 451 2154 507 quare,
2223 453 2345 493 cum
2393 439 2612 509 quidam
2674 442 3003 510 juvenculus
3055 447 3213 504 miles
3264 456 3373 505 tam
3443 452 3579 510 levis

233 533 446 583 noctem
473 527 706 596 emplevi,
736 530 786 581 et
824 528 1097 597 insperato
1124 541 1275 580 mane
1321 526 1398 579 ad
1441 526 1653 578 domum
1693 540 1863 578 meam
1965 527 2150 583 animo
2192 546 2355 601 quam
2396 540 2583 586 aetate:
2620 535 2732 599 Dic,
2762 534 2965 607 inquit,
2998 541 3085 594 illi
3129 547 3188 596 ut
3219 558 3296 598 me
3332 545 3574 615 adjuvet,

234 621 384 673 veni.
431 618 505 673 Et
540 619 675 687 quia
696 616 1013 687 prohibente
1054 617 1240 672 dolore
1268 619 1508 686 corporis
1541 616 1640 669 huc
1679 617 1866 668 statim
1966 618 2101 686 quia
2144 619 2227 672 hic
2252 619 2540 675 subsistere
2566 621 2705 675 mihi
2734 626 2900 678 otium
2923 640 3029 680 non
3059 632 3152 683 est.
3186 629 3285 685 Ille
3331 633 3459 689 dicti
3500 635 3580 690 le-

232 717 424 770 venire
460 730 567 769 non
599 716 776 784 potui,
812 728 924 768 ecce
975 716 1159 768 octavo
1211 713 1564 767 absolutionis
1599 726 1729 765 mete
1778 710 1867 764 die
1962 704 2185 759 vitalem
2238 706 2561 772 abhorrens,
2617 710 2686 763 ad
2734 711 3003 767 orandum
3060 719 3374 786 ΡΓοϐυῦυίῑι
3436 724 3578 778 male

235 809 399 862 uenio
427 806 503 860 ad
541 804 855 871 referendas
898 807 1110 872 gratias
1136 807 1241 859 Deo
1270 808 1320 859 et
1361 806 1546 858 sancto
1586 802 1857 857 Wicberto.
1961 809 2129 848 sanus
2170 805 2352 850 autem
2375 796 2596 865 juvenis
2638 802 2973 870 pertransire
3026 805 3219 873 voluit,
3250 810 3348 863 sed
3391 812 3577 869 divino

239 902 338 956 His
364 900 588 967 auditis,
628 899 927 954 laudabant
965 914 1159 954 omnes
1188 900 1357 953 Deum
1391 898 1444 952 in
1498 902 1687 951 saneto
1719 895 1861 963 ejus,
1964 884 2193 940 verbere
2220 894 2505 958 correptus
2536 904 2646 944 non
2696 891 2888 946 valuit.
2938 894 3001 949 Et
3027 894 3173 949 enim
3225 896 3366 954 facie
3396 901 3579 959 subito

238 993 547 1049 laudabant
574 993 744 1048 Deum
771 992 826 1046 in
854 991 1152 1047 virtutibus
1190 991 1330 1063 ejus,
1367 989 1666 1045 laudabant
1690 990 1859 1043 Deum
1963 976 2213 1046 distorta,
2270 980 2492 1051 quidam
2546 983 2898 1039 menbrorum
2976 993 3181 1043 tremor
3251 1000 3306 1046 et
3370 993 3578 1051 oblivio

239 1085 299 1140 in
333 1085 589 1142 cimbalis
623 1084 995 1154 jubilationis,
1045 1090 1101 1139 et
1139 1083 1477 1155 personabat
1515 1081 1767 1137 mcclesia

2027 1068 2163 1122 entis
2192 1084 2318 1123 eum
2374 1069 2692 1141 intercepit,
2732 1078 2786 1126 ct
2834 1072 3152 1133 labantibus
3202 1082 3455 1157 vestigiis
3492 1085 3579 1140 vix

239 1173 506 1228 laudibus
543 1180 747 1228 sanctae
777 1170 1072 1226 Trinitatis.
1967 1164 2269 1220 subsistere
2295 1166 2498 1220 nedum
2529 1167 2609 1221 ire
2640 1182 2801 1238 posse
2830 1172 3016 1241 coepit.
3057 1173 3208 1231 Oculi
3247 1185 3456 1235 torvum
3485 1198 3577 1237 as-

315 1265 371 1321 8.
400 1264 528 1319 Post
565 1264 851 1318 decessum
874 1261 1034 1317 bonae
1064 1259 1343 1315 memoria:
1369 1257 1556 1315 domni
1590 1257 1867 1313 Liethardi
1968 1253 2174 1324 picere,
2198 1270 2359 1309 aures
2398 1256 2742 1323 surdescere,
2774 1258 2963 1334 lingua
2993 1261 3286 1334 balbutire,
3320 1268 3392 1323 ita
3419 1276 3478 1324 ut
3510 1271 3579 1327 de

240 1354 465 1409 abbatis
485 1355 598 1425 (an.
632 1354 789 1417 1113,
822 1355 979 1410 Febr.
1008 1354 1087 1423 4.)
1116 1352 1302 1406 multa
1332 1357 1387 1405 et
1426 1366 1639 1425 magna;
1667 1351 1867 1405 adver-
1968 1343 2191 1400 homine
2251 1347 2421 1401 nichil
2472 1349 2583 1421 jam
2628 1351 2911 1409 videretur
2939 1356 3166 1414 habere.
3215 1360 3344 1417 Nisu
3396 1371 3580 1421 tamen

240 1444 436 1498 sitates
483 1449 841 1498 occurrerunt
869 1440 1053 1509 nobis,
1113 1439 1441 1511 quibusdam
1492 1438 1712 1492 familiae
1766 1453 1869 1493 no—
1968 1451 2075 1506 qua
2117 1438 2293 1507 potuit
2347 1440 2414 1495 ad
2464 1441 2646 1497 locum
2692 1461 2868 1517 usque
2918 1448 3072 1504 chori
3121 1455 3478 1525 perreptavit,
3525 1466 3581 1513 et

243 1545 376 1589 stne
410 1534 663 1609 neglecta
692 1533 1095 1602 aacclesiazjura
1120 1532 1222 1586 sibi
1255 1530 1697 1597 vendicantibus,
1723 1535 1777 1584 et
1811 1530 1866 1583 in
1969 1525 2245 1594 quendam
2276 1526 2499 1583 fratrum
2555 1532 2622 1566 ⁸9⁸
2667 1532 2744 1586 ibi
2802 1535 3088 1591 sedentem
3138 1539 3354 1608 videns,
3398 1542 3477 1596 illi
3519 1559 3578 1599 se

244 1643 352 1683 nos
396 1637 582 1682 nostra
633 1627 992 1681 reclamantes
1049 1625 1206 1697 quasi
1260 1641 1360 1679 sua
1424 1624 1864 1694 calumpnianteg
1963 1616 2267 1690 adjungere
2312 1623 2637 1692 temptavit.
2672 1625 2892 1681 Horruit
2939 1627 3032 1683 ille
3091 1637 3301 1687 torvum
3333 1634 3578 1691 hominis

243 1723 387 1777 dure
413 1721 843 1776 vindicantibus.
879 1721 1047 1785 Quam
1079 1719 1384 1794 tragediam
1408 1718 1536 1790 quia
1576 1718 1709 1772 satis
1736 1734 1869 1772 can—
1894 1757 1936 1794 η
1968 1718 2273 1780 θδρθθωῖης
2315 1715 2413 1769 sed
2445 1716 2734 1774 miseratus
2764 1728 2847 1776 est
2881 1721 3121 1778 debilem
3160 1725 3456 1784 incessum.
3500 1732 3579 1786 Ita

248 1819 359 1867 tam
391 1819 475 1866 est
524 1812 580 1865 ίη
614 1811 807 1865 mundi
858 1812 1074 1866 theatro
1136 1810 1228 1864 hic
1256 1808 1465 1864 referre
1504 1809 1862 1879 supersedeo,
1891 1801 1940 1824 "
1967 1801 2159 1857 horror
2215 1804 2424 1878 fugere,
2485 1808 2763 1867 miseratio
2816 1815 3184 1885 compellebat
3225 1826 3392 1873 stare.
3438 1821 3579 1877 Vicit

240 1919 368 1958 cum
397 1902 681 1973 proprium
715 1904 895 1958 locum
955 1901 1237 1957 desideret
1275 1901 1394 1969 ejus
1453 1901 1615 1971 plena
1648 1899 1862 1956 relatio.
1965 1897 2144 1946 autem
2169 1893 2476 1964 miseratio;
2520 1905 2573 1952 ει
2603 1916 2766 1970 quem
2798 1902 3086 1959 horruerat
3118 1907 3295 1976 primo
3327 1890 3574 1980 aspectu,

244 1994 423 2067 igitur
448 1994 516 2048 ad
564 1994 984 2049 discernendam
1027 1994 1095 2047 ab
1138 1991 1462 2047 hominibus
1497 1991 1703 2061 iniquis
1732 2007 1868 2045 cau-
1966 1981 2432 2054 appropinquavit
2489 1986 2708 2044 misero.
2767 1990 3023 2047 Seorsum
3070 1995 3222 2050 ducit
3270 1997 3574 2066 hominem,

243 2100 362 2138 sam
389 2090 633 2139 nostram
658 2084 767 2137 dux
792 2082 1122 2138 Godeft'idus
1154 2081 1507 2137 Lovanicnsis
1544 2080 1863 2134 Gemblaum
1965 2072 2112 2142 (11138,
2156 2075 2325 2143 unde,
2377 2079 2654 2147 quomodo
2685 2081 2739 2134 in
2790 2082 2933 2139 hanc
2979 2083 3170 2140 faciem
3204 2086 3276 2142 sit
3308 2096 3572 2157 mutatus,

242 2181 493 2239 venerat,
525 2173 619 2228 ubi
643 2189 841 2245 magna
873 2181 980 2227 tam
1023 2173 1347 2243 Optimatum
1375 2186 1537 2242 quam
1570 2170 1863 2225 satellitum
1964 2167 2160 2237 queerit
2211 2185 2311 2240 per
2346 2171 2617 2227 ordinem.
2666 2174 2760 2229 Ille
2802 2190 3088 2246 exponens
3136 2193 3450 2249 personam,
3491 2181 3571 2237 lo-

243 2265 313 2300 ³9⁷
361 2264 484 2335 ejus
513 2264 823 2335 frequentia
875 2271 1225 2319 convenerat.
1273 2262 1509 2333 Corpora
1546 2270 1861 2316 sanctorum
1963 2271 2108 2324 cum,
2161 2264 2398 2330 tempus,
2437 2278 2688 2317 causam:
2752 2265 2888 2333 Ego,
2949 2266 3146 2337 inquit,
3193 2269 3470 2325 Gerardus
3508 2272 3574 2327 de

246 2352 505 2423 Exuperii
535 2353 778 2407 martiris
813 2351 1039 2406 Maclovi
1070 2359 1124 2407 et
1178 2349 1440 2405 Wicberti
1484 2348 1861 2404 confessorum
1962 2346 2297 2415 Morealmes,
2330 2349 2485 2404 hodie
2522 2367 2640 2405 cum
2677 2354 3002 2422 quibusdam
3042 2359 3372 2425 primoribus
3401 2366 3450 2416 et
3491 2376 3574 2416 so-

243 2444 301 2497 in
332 2444 516 2498 medio
547 2444 795 2499 ecnlesiae
820 2449 1127 2498 terratenus
1149 2442 1428 2512 jacebant,
1469 2446 1529 2495 ut
1577 2440 1705 2510 quia
1736 2455 1865 2510 pec-
1960 2439 2174 2492 dalibus
2197 2442 2327 2493 meis
2365 2441 2460 2494 hoc
2489 2445 2783 2496 oratorium
2823 2447 3177 2515 intraveram,
3219 2453 3270 2503 et
3294 2450 3410 2505 illis
3446 2467 3571 2520 erga

240 2534 382 2589 catis
412 2534 760 2590 obstantibus
791 2534 1038 2589 exaudiri
1072 2549 1182 2589 non
1224 2532 1576 2587 merebamur
1606 2531 1661 2585 in
1694 2531 1864 2585 tribu—
1961 2534 2267 2586 sancto-rum
2304 2534 2581 2603 praecipue
2629 2537 2805 2589 sancti
2875 2537 3130 2592 Wicberti
3181 2544 3573 2598 venerationem

239 2627 455 2682 latione
508 2636 715 2694 nostra,
755 2643 854 2698 per
885 2629 1026 2682 hanc
1074 2635 1386 2681 sanctorum
1431 2623 1862 2679 satisfactionem
1961 2621 2144 2676 devote
2199 2638 2254 2676 se
2292 2625 2594 2692 agentibus,
2636 2626 2964 2682 devotionem
3003 2644 3181 2684 eorum
3230 2632 3424 2701 quibus
3465 2649 3574 2688 non

246 2718 703 2774 reconciliaretur
743 2719 906 2774 nobis
957 2719 1054 2774 Dei
1104 2717 1503 2773 misericordia.
1557 2717 1633 2770 Ad
1666 2716 1860 2770 horum
1960 2715 2135 2768 decuit
2157 2716 2394 2771 irridere
2420 2720 2555 2787 ccepi
2593 2719 2945 2774 sermonibus.
2977 2723 3115 2776 Eam
3161 2724 3224 2777 ob
3262 2739 3481 2781 causam
3511 2728 3572 2781 in

238 2823 378 2882 ergo
431 2817 743 2863 sanctorum
820 2807 1234 2864 venerationem
1288 2805 1445 2860 multi
1519 2820 1709 2860 eorum
1764 2803 1857 2875 qui
1958 2806 2312 2861 miserabilem
2339 2823 2492 2876 quem
2509 2809 2680 2862 cernis
2709 2809 2954 2865 habitum
2984 2826 3067 2864 me
3101 2811 3436 2868 demutatum
3462 2816 3573 2869 scio

236 2909 617 2957 convenerant
671 2903 737 2957 ad
787 2902 935 2957 diem
969 2902 1120 2957 illum
1163 2899 1605 2965 convertebatur,
1661 2897 1860 2970 praeci-
1960 2898 2010 2949 et
2063 2898 2330 2965 conﬁteor,
2371 2900 2535 2967 utque
2578 2914 2611 2951 a
2648 2900 2873 2967 sanctis,
2911 2902 3181 2970 praecipue
3221 2906 3405 2957 sancto
3453 2905 3574 2960 Wi-

240 3011 354 3066 pue
384 2994 638 3049 adsancti
678 2995 961 3061 Wicberti,
1003 2996 1160 3063 cujus
1190 3008 1390 3049 nomen
1419 2992 1659 3064 gloriosa
1684 2991 1855 3046 mira-
1957 2987 2152 3053 cberto,
2194 3003 2350 3056 quem
2397 2989 2704 3058 specialiter
2730 2989 2954 3059 offendi,
2992 2993 3204 3047 veniam
3251 3008 3480 3061 merear,
3522 2998 3573 3049 te

238 3083 492 3139 culorum
525 3083 767 3137 novitate
796 3089 928 3137 tunc
953 3082 1218 3153 temporis
1266 3081 1667 3138 celebrabatur.
1712 3083 1859 3139 lnter
1883 3124 1930 3160 ρ
1957 3084 2277 3151 consulente,
2318 3100 2528 3155 precor.
2570 3086 2856 3142 Peccatum
2905 3103 3037 3160 ergo
3081 3104 3240 3143 suum
3290 3089 3574 3145 humiliter

240 3174 384 3229 alios
422 3173 648 3245 quidam
681 3174 953 3229 nobilium
1012 3174 1279 3229 Henricus
1330 3174 1400 3228 de
1452 3173 1700 3228 Bierbais
1755 3175 1856 3229 ad-
1885 3173 2315 3231 “conﬁtentem
2368 3176 2538 3231 frater
2586 3177 2679 3232 ille
2718 3179 2990 3251 corporali
3048 3180 3280 3236 verbere
3310 3181 3569 3249 correxit,

243 3272 383 3332 erat,
416 3264 512 3337 qui
542 3265 673 3320 licet
702 3264 846 3320 ﬁlius
884 3266 1071 3322 saeculi
1105 3273 1287 3321 tamen
1322 3266 1427 3337 ipsi
1470 3273 1660 3321 sancto
1712 3266 1859 3322 Wic-
1961 3272 2017 3321 et
2045 3274 2292 3322 correcto
2321 3268 2680 3338 penitentiam
2712 3267 2926 3323 indixit.
2958 3268 3111 3325 Adeo
3133 3276 3317 3325 autem
3340 3285 3572 3340 priscor-

241 3354 399 3409 berto
425 3369 633 3427 genere
662 3354 943 3424 proximus
967 3362 1104 3409 erat.
1139 3354 1239 3419 Qui
1273 3355 1563 3424 cumjuxta
1601 3353 1861 3408 transiret
1961 3357 2123 3412 dialis
2153 3357 2252 3413 fuit
2282 3358 2401 3426 ejus
2445 3358 2767 3428 penitentia,
2795 3365 2857 3413 ut
2885 3375 3005 3413 eam
3045 3359 3226 3413 statim
3259 3360 3568 3428 conseque-

239 3445 430 3500 multis
455 3446 882 3502 comitantibus:
938 3450 1066 3514 Eia,
1100 3448 1299 3518 inquit,
1332 3453 1549 3514 stemus,
1605 3452 1656 3503 et
1697 3451 1860 3503 Deum
1960 3451 2111 3499 retur
2139 3445 2322 3513 venia,
2363 3446 2493 3500 dum
2552 3446 2628 3500 ita
2686 3446 2742 3500 in
2788 3446 3052 3515 juvenilis
3089 3446 3264 3501 aetatis
3312 3446 3569 3502 decorem

235 3542 297 3594 in
325 3542 535 3594 sanctis
594 3540 1036 3607 suis'adorando,
1091 3545 1369 3611 parentem
1407 3557 1578 3595 meum
1616 3545 1859 3596 sanctum
1960 3535 2087 3591 ilico
2133 3544 2216 3590 est
2246 3536 2595 3603 reformatus,
2626 3543 2688 3592 ut
2715 3551 2776 3591 se
2806 3535 2912 3591 sibi
2928 3542 3048 3608 tam
3080 3536 3262 3592 subito
3291 3535 3570 3592 redditum

243 3636 575 3693 Wicbertum
601 3637 911 3693 salutemus.
948 3638 1059 3693 Hec
1105 3637 1251 3694 dicto
1273 3642 1518 3708 coeperat
1557 3636 1860 3707 apprOpin-
1957 3631 2027 3686 sit
2056 3630 2304 3684 miratus.

1598 3736 1819 3791 VARl/E
1845 3732 2219 3792 LECTIONES.

309 3809 377 3844 “7
404 3808 664 3864 satellum
694 3824 737 3862 c.
769 3808 838 3843 39°
864 3807 989 3864 frm.

1182 4071 1473 4196 VIT
1480 4072 1582 4191 Α
1664 4063 2639 4194 DEODERICI

1562 4272 1858 4329 EPlSCOPl
1899 4271 2260 4327 ME'I'I‘ENSIS

804 4379 1362 4470 AUCTORE
1449 4378 2101 4469 SIGEBERTO
2192 4378 3003 4474 GEMBLACENSI

892 4536 1097 4604 (Edidit
1134 4538 1374 4593 Domnus
1403 4539 1595 4606 Pam-2,
1628 4540 1864 4595 Monum.
1894 4537 2066 4593 Germ.
2100 4539 2230 4594 hist.
2273 4538 2446 4608 Scrip.
2483 4543 2522 4592 t.
2567 4538 2653 4606 IV,
2697 4555 2750 4609 p.
2780 4536 2931 4607 461.)

1564 4758 2259 4859 MONITUM

315 4925 661 5001 Sigebertus,
697 4939 829 5001 cum
851 4927 1200 5001 eireaannos
1242 4929 1555 4986 1027-1030
1582 4931 1723 5001 (909)
1780 4936 1942 4986 natus
1970 4933 2356 4986 monasterium
2400 4930 2767 4988 Gemblacense
2794 4929 2896 4983 sub
2928 4928 3120 4984 abbate
3166 4928 3406 4999 Olberto,
3461 4931 3571 4986 do-

242 5000 436 5072 ctrina
454 5000 505 5050 et
524 4997 733 5072 meritis
747 4999 954 5064 insigni
978 4997 1145 5070 (910),
1167 5002 1422 5057 intrassrt
1450 4997 1620 5072 (911),
1650 4997 1749 5057 sub
1782 5003 2036 5056 .ltaeelino
2066 5018 2362 5057 successore
2397 5002 2510 5071 ejus
2540 5016 2736 5071 paucos
2762 5015 2932 5054 annos
2956 5004 3221 5067 uersatus,
3254 5017 3288 5056 a
3314 4997 3570 5059 Folcuino

242 5069 472 5143 abbatis
512 5069 728 5143 fratre,
750 5072 875 5122 tunc
900 5074 1216 5125 monasterio
1245 5074 1432 5128 Sancti
1458 5069 1465 5072 “
1490 5075 1761 5127 Vincentii
1788 5076 2057 5127 Mettensis
2090 5069 2430 5143 ριτωροτςίιο,⁷
2448 5069 2633 5142 ραιὲνίε
2664 5072 2996 5125 instruendis
3048 5074 3241 5127 Mettus
3280 5078 3571 5130 arcessitus

244 5142 348 5204 est;
380 5144 431 5193 et
450 5141 511 5192 in
541 5140 785 5193 civitates
814 5144 1171 5213 amnissima
1196 5146 1432 5212 primam
1461 5148 1668 5197 aetatem
1694 5148 1887 5209 exegit.
1922 5145 2024 5199 Ubi
2050 5140 2260 5213 positus
2284 5140 2465 5198 multa
2486 5143 2742 5211 opuscula
2767 5144 2987 5211 scripsit
3013 5143 3172 5212 (912),
3220 5148 3271 5197 et
3307 5145 3570 5199 humani-

246 5214 378 5285 tate,
407 5212 696 5285 sapientia
720 5214 772 5285 et
800 5206 1052 5285 doctrina
1080 5206 1528 5280 incl.7truit.Erat,
1551 5219 1612 5269 ut
1640 5206 1927 5269 Anselmus
1956 5206 2129 5269 tradit
2159 5216 2323 5283 (913),
2365 5240 2388 5260 ‹‹
2423 5206 2706 5285 sapientia;
2732 5215 2853 5279 fons
2879 5206 3092 5281 patens,
3125 5206 3233 5269 non
3262 5216 3433 5270 solum
3461 5230 3575 5270 mo-

246 5282 442 5335 nachis
484 5282 577 5355 sed
607 5286 657 5335 et
686 5282 893 5353 clericis
918 5284 992 5338 ad
1019 5299 1073 5338 se
1088 5286 1327 5355 undique
1352 5286 1750 5354 confluentibus,
1790 5302 1883 5340 nec
1912 5287 2085 5341 solum
2124 5282 2465 5346 Christianis.
2487 5282 2583 5340 sed
2614 5289 2663 5339 et
2712 5284 2915 5339 Iudaeis
2963 5288 3020 5339 in
3057 5286 3241 5341 eadem
3278 5287 3413 5341 urbe
3433 5302 3574 5341 com-

245 5354 592 5407 manentibus
620 5355 737 5407 erat
760 5356 1133 5423 charissimus,
1159 5354 1262 5426 pro
1290 5373 1347 5412 eo
1384 5358 1526 5427 quod
1552 5357 1871 5412 Hebraicam
1889 5359 2168 5412 veritatem
2194 5374 2229 5412 a
2256 5359 2458 5413 caeteris
2487 5356 2807 5411 editionibus
2834 5371 3099 5412 secernere
3127 5362 3247 5414 erat
3273 5361 3500 5430 peritus,
3528 5361 3577 5412 et

1392 5436 1417 5462 δ
1809 5456 1848 5462 --
1863 5454 1936 5462 Α..
1957 5454 1996 5462 .-

1809 5454 2016 5510 NOTAE.

1727 4668 2095 4683 ψ

325 5551 473 5629 (909)
504 5554 691 5629 annos
711 5553 927 5629 circiter
952 5553 1023 5629 _85
1046 5554 1291 5629 exegisse
1310 5554 1570 5629 videtur._
1643 5624 1654 5629 _
1748 5625 1759 5629 _
1802 5626 1811 5629 _
1969 5553 2291 5629 Gesta_ab_b.
2333 5552 2612 5629 Gemblac.
2652 5552 2902 5629 Qaclierv
2926 5554 3059 5629 edit.
3085 5557 3147 5629 f2,
3178 5557 3240 5621 11,
3268 5556 3395 5629 767.

326 5552 473 5749 (900}
504 5554 691 5608 Annos
711 5553 927 5609 circiter
954 5553 1023 5608 85
1046 5554 1291 5629 exegisse
1310 5554 1549 5610 videtur.
1969 5553 2132 5608 Gesta
2162 5554 2291 5609 abb.
2333 5552 2612 5609 Gemblac.
2652 5552 2899 5624 Dachery
2926 5554 3059 5609 edit.
3090 5557 3146 5622 2,
3178 5557 3240 5621 11,
3268 5556 3395 5611 767.

326 5626 451 5694 (910
504 5622 580 5679 Cf.
615 5624 683 5679 de
722 5639 788 5679 eo
823 5624 1167 5696 Sigebertum
1213 5625 1288 5681 De
1313 5625 1407 5680 SS.
1460 5624 1865 5691 ecclesiasticis,
2043 5626 2187 5695 (912)
2215 5625 2541 5699 Sigebertus
2568 5623 2640 5676 De
2668 5623 2762 5679 SS.
2792 5623 3183 5682 ecclesiasticis
3210 5643 3261 5681 e.
3297 5628 3419 5681 171.

326 5695 421 5749 DA
465 5695 522 5748 2.
2044 5696 2189 5749 (9131
2205 5696 2367 5749 Gesta
2384 5693 2509 5749 abb.
2557 5693 2862 5749 Gemblac..
2885 5695 3089 5749 contin.
3119 5715 3172 5749 ι).
3202 5698 3327 5749 768.

252 5693 562 5767 capia.“
643 5764 656 5767 _
884 5693 910 5696 “
1644 5766 1649 5767 ί
2044 5693 2367 5764 (9l3)Gesta
2384 5693 2509 5749 abb.
2557 5693 2862 5761 Gemblac.,
2885 5695 3089 5751 contin.
3119 5715 3172 5767 ι).
3202 5698 3327 5753 768.

329 5764 477 5835 (911)
510 5764 834 5837 Sigebertus
864 5766 1152 5838 exsequias
1183 5767 1303 5836 ejus
1325 5783 1375 5820 a.
1409 5768 1544 5822 1048
1568 5766 1737 5831 vidit;
