3930 6204
418 307 515 360 691
1631 298 1974 354 SlGEBERTl
2016 299 2521 354 GEMBLACENSlS.
3629 311 3720 368 392

421 438 475 488 in
501 435 582 491 his
620 445 740 501 qua;
776 427 2029 506 secundumllebraicamveritatemldicebant,
2061 427 2371 506 Iudaeorum
2413 430 2530 506 erat
2567 428 2895 506 consentiens
2933 430 3336 506 assertionibus.
3380 452 3432 506 »ν
3469 435 3602 489 Vere
3628 438 3737 506 jam

416 497 662 576 primus,
692 516 846 576 quem
873 516 927 554 se
964 500 1197 553 edidisse
1222 503 1520 576 proﬁtetur,
1551 501 1689 576 liber
1709 572 1717 576 _
1735 497 1903 567 (914),
1932 500 2058 576 Vita
2094 499 2659 576 Deodericiepiscopi,
2678 500 2933 566 juvenem
2962 501 3194 576 ostendit
3224 501 3546 572 benevolum,
3577 497 3738 575 pium,

415 570 535 630 veri
570 570 892 645 pulchrique
908 576 1205 645 amantem,
1237 577 1295 645 et_
1322 573 1508 645 varia,
1545 570 1799 645 doctrinm
1826 572 1995 635 specie
2021 573 2301 645 insignem,
2331 570 2644 645 diligentem
2675 585 2956 645 sacrarum
3014 572 3447 645 Scripturarum,
3478 570 3733 634 auctorum

417 640 765 701 classicorum
792 640 965 713 (r915),
998 645 1219 696 Patrum
1251 642 1418 717 (916),
1444 646 1500 717 et
1537 645 1627 694 sui
1656 644 1813 717 etiam
1846 644 2096 709 temporis
2125 646 2453 717 scriptorum
2492 640 2965 717 (917),_le_ctorem,
3006 643 3248 717 sedulum
3278 648 3623 715 antiquitatis
3646 667 3734 717 pa-

421 721 540 771 triw
585 720 954 779 scrutatorem,
996 716 1313 781 scriptorem
1339 713 1602 776 vividum,
1642 713 1930 777 elegantem
1971 719 2017 765 et
2072 713 2236 780 paulo
2273 713 2618 779 ﬂoridiorem.
2665 712 2966 765 Delectatur
2992 716 3133 766 enim
3180 712 3426 770 versibus
3467 723 3517 772 et
3544 712 3735 775 vocibus

413 795 693 857 poetarum
722 786 986 858 decerptis
1014 789 1063 858 et
1088 787 1362 858 sententiis
1382 784 1632 849 rhythmo
1655 787 1703 835 et
1730 784 1989 858 sonp__sibi
2016 782 2488 858 respondentibus,
2506 786 2671 858 itaut
2699 784 2780 835 vel
2818 783 3119 858 hemametri
3143 790 3570 858 pentametrique
3597 808 3735 845 mem-

420 862 518 913 bra
546 862 603 912 in
635 858 845 911 easdem
870 853 1111 924 syllabas
1135 857 1444 925 plerumque
1475 857 1763 907 convertat.
1823 854 2003 907 Vitam
2035 855 2309 907 Deoderici
2360 853 2701 907 scribendam
2732 856 2980 925 suscepit
3025 857 3278 922 precibus
3325 853 3499 911 Ulrici
3525 866 3571 913 et
3614 865 3730 916 liuo-

421 932 551 998 dolﬁ
588 932 825 996 fratrum
864 931 911 980 et
936 924 1145 996 pietate
1168 927 1357 979 ductus
1386 929 1443 978 in
1470 926 1795 978 conditorem
1843 928 2179 998 monasterii,
2210 928 2268 998 in
2301 940 2402 998 quo
2434 928 2549 992 ipse
2593 924 2817 998 degebat
2841 925 3030 998 _1918),
3091 927 3284 981 Sancti
3320 931 3592 984 Vincentii
3610 950 3623 995 ;
3660 938 3735 987 cui

421 995 595 1070 operte
623 1013 953 1069 qucecunque
981 1000 1226 1070 conferre
1254 1001 1470 1070 possent
1506 998 1833 1070 monimenta
1872 998 2099 1070 antiqua
2134 996 2298 1070 (919),
2329 996 2552 1070 chartas
2609 1000 2670 1070 et,
2684 995 2979 1063 privilegia
3029 998 3415 1070 imperatorum
3447 1008 3495 1054 et
3534 1007 3727 1070 pontiﬁ-

421 1067 539 1125 cum
568 1067 714 1141 (920)
735 1071 1021 1122 historiam
1053 1068 1431 1141 translationis
1473 1068 1892 1141 reliquiaruma
1925 1068 2207 1141 Deoderico
2245 1068 2302 1119 in
2337 1067 2519 1141 ,Italia
2570 1067 2908 1141 collectamm
2953 1084 2988 1119 α
3014 1068 3208 1141 clerico
3267 1071 3384 1137 ejus
3447 1067 3545 1140 qui
3594 1067 3731 1128 rebus

423 1137 746 1209 interfuerat
772 1141 1130 1206 conscriptam
1162 1138 1330 1207 (921),
1353 1143 1600 1204 congesta
1630 1140 1688 1190 in
1716 1138 1929 1190 laudem
1968 1140 2203 1205 episcopi
2228 1143 2276 1190 et
2296 1139 2531 1189 civi'atis
2567 1137 2840 1190 Mettensis
2867 1140 3230 1193 concinnavit.
3264 1142 3342 1195 At
3371 1137 3491 1196 cum
3520 1145 3577 1196 in
3609 1148 3729 1199 Deo-

424 1215 608 1267 derico
639 1212 830 1279 aliqua
862 1226 967 1262 non
997 1211 1101 1262 levi
1128 1212 1393 1277 vituperio
1415 1210 1583 1274 digna
1614 1209 1955 1272 haberentur,
1997 1224 2059 1261 ea
2098 1215 2274 1261 tamen
2299 1209 2625 1275 Sigebertus,
2657 1211 2962 1277 episcopum
2985 1209 3135 1277 justo
3160 1215 3342 1266 acrius
3371 1215 3432 1266 in
3464 1216 3728 1269 violatores

424 1286 673 1337 bonorum
702 1282 758 1336 S.
802 1282 1079 1335 Vcncentii
1108 1282 1373 1333 invectum
1399 1280 1577 1334 dicere
1604 1283 1897 1336 contentus.
1930 1295 1994 1331 ne
2014 1295 2114 1333 acu
2145 1280 2360 1347 quidem
2388 1281 2580 1344 tetigit.
2617 1279 2770 1344 Quod
2798 1285 2985 1332 utrum
3004 1282 3323 1346 ignorentur
3375 1300 3449 1336 an
3488 1286 3729 1339 dissimu-

422 1355 580 1408 landi
606 1355 786 1406 animo
816 1352 1163 1405 tribuendum
1200 1354 1291 1415 sit,
1333 1366 1440 1405 non
1470 1352 1657 1420 liquet,
1691 1365 1807 1404 eum
1853 1352 2156 1415 Sigei/crtus
2210 1366 2301 1402 nec
2354 1367 2385 1402 a
2420 1352 2724 1403 Thietmaro
2746 1349 2926 1421 (922),
2961 1352 3017 1403 in
3075 1354 3429 1421 opprobrium
3469 1357 3732 1410 Deoderici

416 1426 637 1494 prolata
677 1425 882 1489 legerit,
913 1438 1008 1476 nec
1039 1438 1155 1476 eum
1178 1422 1300 1491 jam
1324 1427 1460 1486 tum,
1493 1439 1660 1492 quum
1691 1425 1856 1476 vitam
1886 1422 2164 1475 Deoderici
2203 1423 2393 1487 ederet,
2434 1422 2502 1474 ab
2542 1422 2767 1489 Alperto
2789 1420 2929 1490 (923)
2971 1420 3117 1476 circa
3146 1420 3414 1479 fewcitum
3479 1427 3731 1482 Deoderici

423 1497 631 1550 tradita
652 1497 862 1548 novisse
898 1498 1113 1547 constet.

494 1569 728 1635 Scripsit
781 1570 1011 1634 tempore
1046 1564 1293 1638 Folcuini
1330 1564 1541 1638 abbatis
1570 1580 1689 1638 cum
1735 1565 2073 1638 consecratio
2098 1564 2321 1638 ecclesia:
2352 1562 2406 1616 S.
2458 1562 3040 1638 Vincentiiha.‘A1030
3070 1565 3357 1630 celebrata,
3417 1584 3597 1622 eorum
3634 1572 3725 1638 qui

424 1632 788 1705 interfuerunt
819 1632 979 1704 quasi
1007 1637 1205 1688 recenti
1228 1637 1286 1687 in
1309 1637 1565 1688 memoria
1602 1635 1826 1687 luereret
1852 1635 2018 1703 (921).
2055 1637 2225 1700 igitur
2258 1636 2411 1686 intra
2440 1649 2610 1688 annos
2646 1632 2968 1688 1050-1060.

491 1710 653 1763 Liber
682 1709 855 1776 ipsius
880 1722 1044 1760 manu
1071 1711 1131 1759 ut
1157 1706 1371 1759 videtur
1400 1711 1661 1759 correctus
1691 1710 1861 1759 erstat
1898 1708 1955 1758 in
1974 1706 2148 1758 codice
2177 1706 2359 1759 sceculi
2388 1721 2437 1757 χι
2470 1708 2732 1767 creantis,
2763 1705 2972 1776 duabus
2991 1705 3272 1776 columnis,
3297 1708 3482 1761 littera
3510 1711 3724 1763 minima

421 1784 670 1843 exarata,
698 1774 790 1845 'fol
834 1778 951 1831 1-5.
980 1777 1109 1831 Inde
1128 1779 1459 1845 ea'scriptum
1478 1778 1774 1849 Leibnitius
1814 1781 1950 1830 tomo
1977 1778 2008 1829 I
2032 1779 2129 1831 SS.
2148 1778 2658 1849 _Brunsvicensium,
2688 1792 2745 1844 p.
2775 1774 3034 1840 293-313,
3066 1779 3276 1844 primus
3315 1779 3506 1849 edidit,
3547 1796 3725 1849 nosque

421 1853 784 1904 correctiorem
831 1851 1199 1916 proponimus,
1233 1850 1477 1901 indicata
1498 1848 1679 1900 littera
1708 1850 1775 1913 c.)
1808 1848 2024 1900 lectione
2064 1847 2283 1919 codicis,
2315 1848 2596 1919 numeral)
2635 1863 2801 1900 manu
2829 1849 3114 1919 scriptoris
3134 1849 3328 1915 ipsius,
3373 1848 3429 1919 2)
3487 1847 3725 1904 correcto-

422 1924 525 1987 ris,
566 1926 616 1974 et
636 1921 849 1988 adjecta
878 1919 931 1989 3)
962 1922 1225 1972 varietate
1253 1919 1451 1971 codicis
1470 1920 1608 1984 regii
1643 1920 1968 1972 Parisiensis
1990 1936 2042 1971 η.
2069 1918 2205 1972 5294
2236 1921 2459 1985 signati.
2494 1918 2632 1970 mbr.
2675 1933 2793 1972 saec.
2824 1933 2899 1981 χι,
2932 1919 3029 1984 qui
3084 1918 3374 1973 historiam
3414 1918 3725 1975 translatio-

419 1995 505 2045 nis
536 1993 890 2060 reliquiarum
920 2006 954 2043 a
992 1990 1278 2044 Deoderico
1309 1990 1646 2043 collectarum
1674 1990 1906 2053 eachibet,
1957 2005 1991 2042 a
2036 1990 2292 2042 Dacherio
2338 1991 2397 2042 in
2428 1990 2617 2057 Spicil.
2660 1991 2719 2044 V.
2770 2004 2827 2061 p7.
2882 1989 3001 2061 139,
3034 1989 3230 2061 editam
3294 1993 3353 2043 in
3409 1992 3578 2044 altera
3619 1994 3719 2061 ejus

419 2066 597 2132 operis
626 2059 855 2115 editione
891 2067 929 2115 t.
970 2063 1041 2126 II,
1074 2077 1131 2130 p.
1164 2061 1287 2125 133,
1320 2076 1355 2114 a
1394 2062 1612 2114 Baluzio
1637 2061 1987 2127 emendatam,
2024 2061 2253 2115 Waitzii
2276 2075 2397 2112 vero
2418 2075 2577 2127 opera
2603 2075 2719 2132 cum
2755 2060 2915 2132 editis
2939 2059 3057 2127 jam
3079 2059 3250 2113 denuo
3270 2062 3538 2115 collatam.

488 2135 764 2189 Nonnulla
802 2149 869 2185 ea:
900 2135 1014 2185 vita
1044 2132 1322 2185 Deoderici
1362 2133 1611 2200 decerpta
1640 2132 1941 2197 Sigebertus
1967 2134 2080 2198 ipse
2104 2132 2361 2186 Chronico
2390 2146 2485 2184 suo
2520 2147 2570 2182 a.
2602 2131 2707 2203 964
2751 2134 2799 2183 et
2846 2130 2949 2182 969
2976 2132 3242 2184 inseriut:
3303 2133 3595 2203 laudatque
3613 2150 3713 2188 eam

420 2210 608 2257 auctor
632 2206 885 2257 Chronici
925 2206 1289 2272 episcoporum
1317 2204 1650 2257 Mettensium
1693 2203 1841 2271 apud
1868 2204 2183 2255 Dacherium
2212 2202 2400 2270 Spicil.
2453 2204 2523 2265 Il,
2555 2201 2677 2255 228,
2712 2203 3078 2269 Epitaphium
3128 2204 3305 2270 capiti
3334 2203 3398 2256 21
3454 2201 3715 2270 insertum,

420 2279 578 2329 rtiam
612 2277 669 2328 in
701 2276 876 2327 codice
902 2290 1022 2328 suae.
1054 2290 1128 2339 λι,
1162 2274 1286 2327 olim
1351 2275 1562 2340 collegii
1626 2274 2050 2337 Claromontani,
2080 2278 2265 2340 postea
2314 2275 2659 2337 Meermanni,
2707 2272 2827 2339 jam
2893 2274 3003 2324 viri
3048 2273 3348 2326 clarissimi
3377 2274 3467 2329 Sir
3518 2277 3718 2330 Thermis

418 2347 666 2415 Philipps
689 2346 1017 2400 Middlchilli
1052 2349 1110 2398 in
1141 2346 1358 2410 Anglia.
1406 2361 1461 2397 n.
1514 2345 1643 2397 1711
1677 2347 1909 2410 signato,
1941 2345 2162 2397 habetur
2212 2344 2351 2396 unde
2376 2345 2502 2396 olim
2542 2344 2610 2395 ab
2650 2343 2874 2395 Andrea
2906 2343 3180 2397 Duchesne
3202 2344 3551 2415 descriptum,
3578 2348 3718 2401 Batu-

419 2420 535 2469 zius
562 2420 617 2469 in
649 2417 870 2471 Miseell.
896 2419 993 2482 IV,
1011 2416 1136 2480 554,
1169 2417 1362 2479 edidit,
1404 2420 1453 2468 et
1479 2416 1912 2485 Lappenbergius
1942 2420 2121 2468 noster
2148 2431 2199 2467 a.
2244 2415 2375 2467 1836
2402 2417 2591 2467 iterum
2621 2416 2930 2482 erescripsit.

488 2489 820 2555 Subjieimus
846 2489 1122 2554 rhythmos
1148 2490 1205 2542 in
1227 2488 1474 2540 honorem
1504 2488 1779 2540 Deoderici
1807 2503 1840 2539 a
1873 2487 2139 2553 Sigeberto
2167 2488 2499 2555 compositos,
2541 2500 2674 2553 quos
2705 2500 2767 2537 ea
2805 2485 3139 2553 autographo
3164 2485 3277 2555 ejus
3323 2489 3387 2542 in
3430 2490 3719 2544 monasterio

417 2560 475 2614 S.
512 2560 786 2615 Vineentii
814 2560 1085 2614 Mettensis
1106 2564 1312 2612 servato
1341 2558 1604 2613 Meurisse
1632 2561 1691 2612 in
1729 2560 1974 2612 Historia
1997 2559 2367 2626 episcoporum
2388 2559 2831 2626 Mettensium,p.
2854 2556 2978 2623 329,
3007 2555 3132 2623 330,
3162 2557 3356 2614 edidit.

1412 2774 1752 2835 RHYTHM]
1796 2774 1872 2835 IN
1920 2772 2285 2835 HONOREM
2335 2770 2759 2833 DEODEBICI.

414 2903 532 2956 Vita
558 2903 810 2958 Deodrici
837 2902 1051 2957 meritis
1089 2908 1143 2956 et
1169 2909 1419 2972 tempore
1449 2902 1608 2973 primi
1640 2903 1785 2973 (925)

417 2994 527 3047 Hoc
555 2992 831 3063 descripta
857 2992 1016 3059 libro,
1041 2991 1274 3046 memori
1298 2992 1616 3046 recitabitur
1643 3007 1779 3046 aevo.

415 3085 561 3138 llanc
587 3083 677 3137 vix
704 3081 957 3156 compegi
997 3080 1204 3152 vilique
1242 3087 1517 3160 caraetere
1545 3081 1740 3151 scripsi

412 3175 607 3230 Christi
641 3173 884 3246 pupillus
923 3172 1265 3246 Sigebertus,
1297 3180 1481 3226 mente
1510 3172 1764 3243 pusillus.

410 3271 507 3326 llic
535 3281 649 3338 tua,
670 3269 923 3324 Vincenti
955 3270 1138 3336 levita,
1173 3269 1404 3339 trOphea
1436 3269 1628 3342 relegi,

410 3367 522 3433 Hic,
550 3366 729 3432 Lucis,
760 3366 836 3419 tui
869 3364 1206 3435 reliquorum
1224 3371 1462 3432 suntque
1483 3361 1766 3432 triumphi,

408 3457 649 3520 Quorum
690 3459 817 3509 sunt
847 3453 988 3508 tituh
1010 3453 1248 3507 seriatim
1275 3450 1589 3523 praetitulati
1618 3450 1782 3521 (926).

405 3548 675 3620 Quicquid
699 3548 940 3618 peccavi,
964 3547 1120 3602 vobis
1147 3546 1313 3600 debet
1333 3544 1595 3615 reputari,

403 3642 441 3695 0
468 3640 666 3707 Ulrice,
693 3646 897 3711 tuoque
928 3638 1093 3693 simul
1125 3637 1273 3694 fratri
1308 3635 1601 3704 Ruodulfo,

403 3733 548 3798 Quos
572 3731 791 3788 divinus
816 3746 989 3798 amor,
1023 3746 1162 3802 quos
1191 3730 1358 3785 vestri
1381 3730 1448 3764 ⁸99
1474 3728 1722 3799 praesulis
1751 3727 1915 3782 ardor

2051 2912 2101 2978 Α
2133 2904 2379 2975 Pcrpulit
2419 2903 2648 2959 invitum
2693 2920 2778 2959 me
2800 2919 2999 2978 cogere
3041 2911 3237 2975 satque
3268 2907 3532 2974 renisum,

2132 2993 2241 3048 Hoc
2272 3008 2412 3047 onus
2438 2992 2695 3047 invalidis
2722 3000 2781 3047 ut
2809 2993 3006 3048 vellem
3026 2993 3216 3048 tollere
3250 2996 3531 3062 membris,

2127 3084 2191 3139 Ut
2229 3085 2387 3140 vobis
2413 3084 2807 3152 laudem,mihi
2830 3086 2922 3140 det
2948 3102 3072 3140 mea
3093 3086 3256 3157 culpa
3286 3089 3561 3143 ruborem.

2124 3179 2383 3244 Quisnam
2408 3180 2475 3233 ad
2500 3179 2810 3234 mercedem
2841 3179 2999 3235 vobis
3012 3189 3179 3255 neget
3203 3182 3412 3237 addere
3437 3183 3655 3246 laudem,

2125 3268 2224 3332 Qui
2258 3268 2423 3322 talem
2451 3267 2653 3322 librum
2680 3268 2884 3322 divinis
2913 3268 3107 3323 usibus
3134 3276 3325 3340 aptum

2126 3359 2342 3435 Sanctis
2368 3359 2618 3414 donastis
2643 3359 2883 3430 propriis
2912 3361 3308 3432 propriumque
3337 3359 3596 3417 dicastis?

2128 3450 2234 3506 Res
2265 3452 2444 3506 minor
2470 3449 2687 3517 aliectu,
2719 3452 2894 3521 major
2930 3451 3151 3506 devotio
3183 3467 3358 3507 censu
3384 3453 3452 3487 ⁹⁰⁰

2125 3542 2351 3597 Semine
2374 3542 2529 3613 plura
2565 3549 2759 3607 metes,
2793 3542 2849 3595 in
2875 3559 2973 3613 spe
2992 3543 3086 3614 qui
3116 3544 3333 3598 semina
3364 3544 3558 3599 mittes.

2124 3633 2421 3704 Nilrecipit
2440 3634 2628 3707 gratis,
2662 3634 2755 3704 qui
2788 3633 2900 3701 dat,
2933 3635 3095 3701 Deus,
3128 3634 3319 3690 omnia
3346 3634 3527 3711 gratis.

2124 3725 2262 3779 Laus
2289 3724 2461 3792 danti,
2493 3741 2597 3795 pax
2632 3724 2894 3792 servanti,
2927 3741 3058 3781 crux
3087 3725 3397 3797 diripienti.

717 3852 1080 3919 EPISTULA
1110 3858 1207 3919 DE
1241 3858 1416 3921 VITA
1447 3857 1513 3891 ⁹⁰¹
1551 3856 1781 3919 DOMNI
1816 3852 2217 3915 DEODERICI
2249 3852 2543 3915 PRIOBIS
2572 3852 2997 3914 METTENSIS
3024 3852 3384 3916 EPISCOPI.

467 3988 671 4040 Damno
698 3984 1004 4051 reverendo,
1038 3989 1197 4055 patri
1239 3988 1563 4054 venerando,
1609 3986 1800 4040 domno
1829 3985 2015 4039 abbati
2045 3988 2093 4055 Β
2118 3984 2254 4047 bere,
2287 3987 2364 4037 set
2408 3998 2513 4036 non
2549 3985 2661 4050 fuit
2687 3984 2994 4048 consilium,
3020 3983 3181 4052 culpa
3208 3985 3316 4037 mei
3354 3982 3501 4037 tardi
3524 3976 3704 4045 ingenii

396 4079 443 4128 et
472 4075 730 4129 abbatum
758 4076 990 4146 speculo,
1023 4077 1080 4129 Ρ.
1116 4116 1150 4130 ..
1195 4090 1463 4130 servorum
1495 4077 1593 4129 Dei
1632 4077 1843 4130 utinam
1881 4078 2013 4130 ulti-

394 4178 510 4217 mus
538 4164 782 4218 servulus
821 4164 924 4218 S...
959 4179 1075 4232 qua
1097 4165 1350 4233 promisit
1384 4167 1524 4218 Deus
1555 4178 1609 4217 se
1637 4164 2005 4231 diligentibus.

398 4257 471 4308 De
493 4257 656 4321 gestis
686 4255 894 4309 domini
920 4260 970 4308 et
1005 4257 1230 4324 patroni
1258 4258 1432 4309 nostri
1465 4255 1743 4310 Deoderici
1768 4272 1887 4325 quae
1923 4274 2008 4312 ve-

392 4349 508 4403 raci
557 4348 815 4402 relatione
857 4362 1142 4415 agnoscere
1176 4349 1354 4417 potui,
1412 4347 1663 4416 fideliter,
1720 4364 1819 4417 pro
1849 4354 2012 4419 captu

392 4457 526 4507 meo,
557 4446 816 4496 annotare
844 4439 1051 4506 studui,
1073 4456 1211 4494 ausu
1235 4441 1452 4509 quidem
1482 4443 1785 4505 temerario,
1814 4442 2012 4511 affectu

394 4539 573 4590 tamen
610 4535 937 4589 voluntario.
978 4535 1099 4591 Non
1148 4535 1288 4588 enim
1342 4548 1461 4586 reor
1504 4533 1788 4602 displicere
1828 4538 2010 4590 animo

394 4624 569 4688 ﬁdelis
617 4624 908 4690 echonomi,
940 4623 1206 4693 quiequid
1235 4622 1440 4677 accedit
1480 4622 1736 4677 laudibus
1786 4626 1874 4678 sui
1911 4625 2011 4679 do-

396 4714 551 4766 mini.
588 4713 834 4770 Monebat
867 4727 951 4767 me
978 4714 1194 4767 animus
1224 4712 1319 4767 hoc
1357 4716 1528 4767 vestro
1567 4715 1777 4768 nomini
1808 4717 2012 4768 asseri-

2114 4079 2327 4133 laudem
2380 4081 2612 4132 vestram
2663 4078 2911 4144 deterere,
2969 4093 3124 4146 quem
3174 4078 3443 4144 dignitate
3480 4071 3706 4129 litteratis

2111 4169 2346 4222 scientia:
2377 4170 2585 4221 constat
2629 4169 2830 4222 cunctis
2883 4167 3198 4236 praecellere.
3271 4167 3374 4222 Vos
3435 4180 3570 4232 ergo,
3624 4160 3706 4230 qui

2111 4260 2351 4313 lectionis
2377 4259 2578 4312 divino:
2600 4259 3114 4314 assiduadulcedine
3135 4261 3428 4314 consuestis
3454 4252 3703 4314 delectari,

2108 4349 2422 4416 patiamini,
2462 4362 2659 4416 quaiso,
2692 4351 2853 4412 gustu
2882 4349 3079 4401 incuiti
3115 4349 3377 4401 sermonis
3406 4361 3460 4399 os
3494 4346 3703 4397 vestrum

2111 4441 2427 4504 amaricari,
2482 4442 2543 4493 ut
2570 4441 2745 4506 magis
2783 4440 2933 4493 vobis
2986 4441 3245 4508 repetitus
3275 4440 3489 4509 placeat
3518 4434 3703 4494 dulcor,

2111 4544 2267 4597 quem
2293 4528 2366 4581 ad
2412 4528 2599 4582 horam
2629 4529 2863 4582 insuetus
2898 4530 3119 4583 torserit
3156 4533 3395 4591 amator;
3429 4526 3551 4580 dum
3579 4519 3700 4575 deli-

2111 4625 2279 4676 tiosus
2311 4624 2629 4692 plerumque
2667 4626 2933 4676 stomacus
2977 4622 3174 4691 rapula
3206 4628 3370 4691 atque
3398 4618 3617 4674 ascalias
3640 4608 3700 4646 ⁹⁰¹

2110 4716 2317 4768 mavult
2345 4716 2560 4781 imulas,
2594 4714 2817 4770 necdum
2873 4716 3047 4769 omnis
3103 4714 3295 4768 abacta
3332 4714 3411 4768 est
3438 4705 3699 4781 pauperies

1746 4826 1964 4881 VARUE
2013 4826 2391 4882 LECTIONES.

470 4918 539 4994 3°?
565 4922 649 4994 ita
686 4938 730 4994 c.
798 4922 869 4957 ⁹⁰⁰
905 4938 1073 4978 sensu
1105 4924 1156 4978 1.
1231 4922 1296 4958 θοι
1315 4921 1501 4978 devita
1532 4924 1661 4979 add.
1723 4924 1793 4959 ⁹⁰²
1820 4928 1901 4980 ita
1933 4929 2177 4994 corrigo;
2210 4926 2427 4981 ascidas
2458 4941 2507 4981 c.
2541 4927 2684 4981 Imas
2706 4924 2941 4979 ascalias
2981 4925 3304 4979 tenerrimas
3334 4936 3463 4987 esse,
3492 4917 3693 4989 quisque

1958 5068 2169 5123 NOT/E.

401 4992 567 5046 novit.
595 4993 780 5051 Leibn.
811 4998 1048 5050 correxit
1066 4995 1255 5049 acidas
1274 4995 1506 5067 jurulas.

472 5162 614 5236 (914)
657 5164 730 5220 De
774 5165 868 5221 SS.
911 5167 1302 5222 ecclesiasticis
1332 5183 1381 5223 ο.
1423 5167 1555 5221 171:
1584 5167 1792 5236 Scripsi
1825 5170 2010 5224 Vitam

405 5235 715 5308 Theoderici
740 5239 998 5306 episcopi,
1028 5239 1318 5293 conditoris
1362 5241 1534 5308 ipsius
1580 5235 1807 5293 ecclesia:
1834 5245 1884 5295 et
1913 5243 2008 5294 ab-

402 5307 559 5381 batis:
582 5323 601 5381 ;_
627 5309 683 5363 in
712 5323 822 5377 qua
850 5311 1012 5362 etiam
1030 5325 1135 5381 per
1166 5307 1549 5377 digressionem
1589 5310 1804 5365 laudem
1837 5314 2010 5381 ipsius

398 5379 551 5432 urbis
580 5379 789 5433 heroico
813 5383 980 5433 metro
1007 5379 1323 5435 declamavi.

464 5448 620 5531 .(915)
658 5450 862 5531 Horatii
902 5450 1204 5521 praecipue,
1251 5451 1408 5520 cujus
1452 5452 1640 5523 plures
1686 5455 1835 5509 locos
1876 5453 2010 5509 scri-

400 5522 509 5589 ptis
531 5522 783 5578 inseruit.

471 5593 619 5732 (916)
651 5593 687 5647 Ε
741 5610 792 5666 g.
824 5590 1156 5670 Augustini;
1195 5607 1243 5642 v.
1268 5606 1396 5670 cap.
1428 5594 1483 5660 ὅ,
1518 5612 1574 5651 n.
1607 5596 1644 5650 f.

471 5664 593 5732 (917
635 5664 690 5719 Ε.
713 5681 793 5732 g.,
825 5664 1091 5732 Ruotgerl
1121 5667 1175 5713 et
1198 5660 1516 5720 Wldukindi
1549 5683 1594 5722 c.
1630 5669 1644 5722 1

471 5660 611 5737 (917)
635 5664 690 5737 El.
825 5660 1091 5732 Ruotgeri
1121 5667 1175 5713 et
1198 5660 1516 5720 Widukindi
1549 5683 1594 5722 c.
1630 5669 1679 5722 1.

472 5733 614 5805 (918)
637 5733 764 5808 Cap.
801 5737 884 5792 14.

2184 5169 2322 5232 (919)
2363 5167 2491 5239 Cap.
2527 5167 2616 5233 13,
2649 5166 2848 5235 16,17,
2883 5165 3079 5231 18,21.

2183 5242 2321 5309 (920;
2364 5238 2534 5304 (1.11,
2565 5239 2654 5293 20.
3032 5238 3041 5251 ί

2184 5313 2328 5378 (921)
2364 5313 2419 5364 c.
2453 5311 2535 5364 16.

2185 5383 2332 5451 (922)
2362 5382 2538 5448 111,9.
2573 5424 2595 5450 ,

2188 5447 2330 5523 (923)
2364 5447 2527 5520 Cujus
2559 5447 2700 5506 libro
2731 5451 2787 5505 in
2808 5447 3077 5505 Chronico
3107 5461 3238 5501 usus
3266 5451 3373 5501 est.

2188 5525 2330 5579 (924)
2363 5522 2417 5579 C.
2452 5523 2543 5577 22.

2188 5574 2334 5666 (926)
2372 5574 2680 5650 Secundus
2723 5591 3092 5648 Theodericus
3148 5587 3294 5644 sedit
3343 5582 3498 5640 annis
3551 5574 3689 5634 1005-

2124 5666 2277 5724 1047.

2191 5737 2333 5809 (926)
2363 5737 2427 5792 ν.
2460 5743 2623 5808 caput
2650 5737 2736 5792 16.
