3930 6204
241 285 357 342 693

1281 284 1428 339 VITA
1471 285 1819 341 DEODERICI
1862 285 2157 341 EPISCOPI
2198 286 2580 340 METTENSIS.

3478 292 3585 349 694

232 412 415 484 epulis
454 425 667 479 regum;
693 425 821 465 nam
835 410 1035 465 vilibus
1058 412 1172 465 ovis
1201 413 1478 481 nigrisque
1507 416 1585 467 est
1611 413 1776 467 holeis
1797 413 1866 447 903
1889 419 1937 486 Α
1968 413 2237 482 displicet,
2261 414 2600 479 mortiferum
2624 416 2886 483 prwﬁgitc
2916 418 3082 472 theta.
3133 420 3412 489 Loquatur
3436 425 3585 476 muta

238 504 402 559 hodie
430 505 594 559 locus.
623 504 743 560 Non
772 500 1085 566 attendatis,
1118 504 1239 571 quis
1264 502 1345 556 vel
1374 503 1526 571 quali
1560 505 1868 571 scripserim
1966 507 2176 573 pagina
2200 520 2378 559 rerum
2411 507 2619 571 seriem,
2651 521 2742 561 nec
2763 509 3066 576 perfundat
3092 511 3278 565 rubore
3305 514 3584 582 scriptoris

238 596 388 660 stilo,
432 594 526 648 sed
556 593 691 663 quid
729 596 778 646 et
804 593 870 646 de
897 608 1033 662 quo:
1060 596 1108 647 et
1126 592 1373 647 adhibita
1384 596 1624 661 paterna:
1636 607 1872 646 censura:
1968 597 2183 663 faciem.
2226 598 2365 651 Bene
2398 597 2570 650 valete

234 688 443 767 prata,
473 688 524 741 si
568 686 768 757 placet,
800 689 954 740 acuto
988 700 1119 739 veru
1160 684 1432 752 confodite
1473 687 1786 754 superﬂua;
1824 686 1873 740 si

1620 828 1889 874 EXPLICIT
1932 830 2205 876 EPISTOI.A
2215 859 2227 871 .

1232 986 1413 1049 lTEM
1460 985 1855 1049 PREFATIO
1899 984 2311 1059 SEQUENTIS
2352 985 2621 1049 OPEBIS

309 1147 642 1214 Laudemus,
677 1145 857 1218 inquit
894 1146 1053 1200 Jesus
1080 1144 1227 1199 ﬁlius
1266 1144 1441 1211 Sirae,
1484 1143 1629 1199 viros
1658 1141 1866 1213 glorio-
1968 1154 2097 1192 num
2130 1138 2341 1193 invitat.
2376 1137 2640 1202 Quocirca
2668 1138 2851 1193 solent
2880 1139 3117 1194 multum
3148 1140 3304 1195 multi
3340 1156 3588 1214 conque-

236 1254 336 1293 sos
355 1245 409 1291 et
440 1243 696 1308 parentes
721 1242 938 1291 nostros
968 1236 1023 1289 in
1055 1235 1413 1306 generatione
1434 1250 1553 1300 sua,
1582 1234 1674 1305 qui
1705 1233 1774 1266 90‘
1808 1232 1862 1286 in

235 1325 699 1400 generationibus
737 1325 851 1379 suis
889 1324 1119 1396 gloriam
1150 1323 1338 1394 adepti
1376 1329 1523 1388 sunt,
1565 1328 1619 1375 et
1660 1321 1713 1375 in
1741 1319 1863 1374 die-

236 1416 349 1469 bus
404 1415 520 1470 suis
559 1415 829 1469 habentur
854 1430 978 1468 cum
1027 1413 1303 1468 laudibus.
1337 1412 1436 1476 Qui
1482 1411 1550 1465 de
1600 1410 1708 1465 illis
1748 1408 1859 1464 nati

235 1518 389 1576 sunt,
426 1510 771 1581 reliquerunt
801 1525 1005 1565 nomen
1046 1508 1303 1563 narrandi
1335 1507 1528 1561 laudes
1558 1522 1772 1571 eorum,
1807 1511 1861 1559 et

236 1609 369 1658 sunt
391 1618 622 1673 quorum
652 1618 764 1657 non
785 1609 867 1656 est
894 1601 1190 1665 memoria;
1227 1600 1519 1671 perierunt
1545 1597 1704 1670 quasi
1748 1613 1860 1653 non

240 1691 470 1756 fuerint,
503 1702 556 1746 et
579 1691 689 1745 nati
721 1699 849 1744 sunt
878 1690 1035 1761 quasi
1066 1705 1177 1745 non
1224 1689 1358 1757 nati,
1393 1697 1447 1744 et
1487 1687 1585 1742 lilii
1616 1688 1858 1759 ipsorum

232 1775 365 1843 cum
414 1789 539 1843 illis.
603 1789 696 1844 Set
733 1788 791 1842 lii
831 1795 960 1842 sunt
996 1786 1100 1841 viri
1152 1785 1562 1849 misericordiae,
1626 1800 1857 1855 quorum

230 1877 478 1945 justicize
510 1877 845 1933 oblivionem
879 1893 989 1932 non
1027 1883 1360 1946 acceperunt
1399 1874 1584 1944 (Eccli.
1628 1889 1772 1939 xuv,
1804 1872 1857 1939 1,

232 1967 392 2037 8-10)
450 1968 586 2022 Ecce
618 1976 826 2023 amator
872 1967 1160 2037 sapientiie
1214 1966 1358 2036 piam
1383 1974 1599 2035 patrum
1630 1979 1853 2019 suorum

230 2056 583 2126 amplexatus
620 2055 874 2128 gloriam,
919 2056 1116 2110 merito
1161 2055 1379 2110 illorum
1425 2055 1731 2109 detestatur
1768 2069 1853 2109 so-

235 2146 509 2213 cordiam,
542 2146 635 2217 qui
665 2146 943 2201 oblivione
970 2145 1055 2200 vel
1092 2144 1301 2198 incuria
1327 2144 1608 2214 patiuntur
1630 2142 1855 2198 oblitte-

239 2239 347 2293 rari
400 2239 667 2307 majorum
718 2254 944 2294 suorum
1003 2237 1345 2293 memoriam.
1398 2237 1524 2290 Cum
1592 2236 1738 2290 enim
1796 2236 1851 2289 in

240 2327 506 2382 memoria
534 2334 739 2382 aeterna
769 2328 840 2381 sit
879 2327 1077 2395 justus,
1103 2332 1157 2381 et
1190 2324 1453 2381 memoria
1472 2325 1604 2393 justi
1633 2340 1855 2394 semper

236 2422 309 2476 sit
340 2437 464 2476 eum
494 2421 770 2487 laudibus,
816 2420 1081 2492 profecto,
1114 2420 1255 2475 sicut
1280 2421 1445 2475 bonis
1474 2419 1857 2491 operibuspa-

236 2518 388 2565 ratur
410 2512 607 2566 animae
627 2512 758 2582 justi
789 2512 949 2565 beata
1000 2510 1400 2576 immortalitas,
1437 2509 1507 2563 ita
1538 2509 1724 2564 Tetiam
1759 2524 1856 2578 per

236 2604 509 2658 benorum
550 2620 776 2675 operum
823 2604 1150 2659 memoriam
1208 2602 1451 2674 paranda
1503 2608 1588 2655 est
1642 2600 1853 2655 nomini

239 2695 363 2763 ejus
392 2694 581 2769 gloriae
627 2695 962 2771 longeevitas.
998 2696 1050 2749 Si
1100 2711 1232 2769 ergo
1269 2694 1357 2749 his
1385 2693 1475 2760 θοδ,
1508 2692 1599 2764 qui
1642 2691 1855 2746 dederit

238 2786 471 2840 calicem
502 2801 658 2857 aquae
689 2782 900 2861 frigidas
933 2792 1141 2840 tantum
1180 2785 1236 2838 in
1278 2783 1504 2838 nomine
1529 2782 1685 2851 justi,
1718 2796 1857 2834 mer-

237 2876 433 2929 cedem
469 2891 623 2928 suam
657 2890 771 2929 non
814 2875 1039 2945 perdet:
1085 2882 1139 2929 et
1168 2874 1280 2941 ille,
1313 2873 1504 2937 credo,
1542 2872 1852 2926 mercedem

224 2965 365 3034 justi
391 2965 649 3035 accipiet,
670 2965 762 3036 qui
788 2966 981 3020 laudes
1006 2965 1137 3034 justi
1156 2972 1427 3020 vetustate
1449 2978 1739 3018 senescere
1768 2962 1854 3016 vel

232 3058 521 3112 oblivione
563 3056 781 3126 sepeliri
820 3058 1108 3127 prohibet;
1157 3058 1285 3128 quia
1331 3056 1519 3127 procul
1579 3055 1748 3109 dubio
1783 3055 1851 3108 ad

232 3146 457 3200 laudem
512 3144 605 3199 Dei
646 3152 874 3215 spectat,
922 3152 975 3200 et
1026 3146 1334 3200 mercedem
1372 3144 1504 3212 justi
1546 3143 1854 3199 accumulat

230 3239 381 3311 quod
414 3238 704 3312 integritas
735 3238 857 3294 vitae
875 3254 1064 3294 eorum
1096 3239 1232 3294 alios
1257 3253 1356 3293 suo
1388 3238 1640 3309 exemplo
1658 3236 1724 3291 ad
1754 3236 1854 3291 bo-

1966 1233 2047 1299 ri;
2080 1233 2195 1301 alii,
2255 1233 2402 1304 quod
2433 1232 2598 1287 vitam
2647 1233 3116 1303 praedecessorum
3169 1250 3416 1299 suorum,
3468 1236 3585 1303 alii,

1963 1326 2285 1396 specialium
2343 1332 2702 1396 patronorum
2743 1342 2967 1381 suorum
3011 1326 3083 1381 ita
3136 1327 3361 1396 penitus
3391 1328 3582 1384 abole-

1960 1413 2101 1468 verit
2131 1413 2356 1480 oblivio,
2389 1423 2445 1467 ut
2474 1420 2671 1483 praeter
2724 1414 2794 1448 ⁹⁰⁶
2843 1429 3069 1481 nomen,
3114 1419 3168 1467 et
3216 1422 3583 1488 praeterquam

1963 1504 2111 1576 quod
2140 1521 2236 1559 eos
2267 1505 2321 1558 in
2345 1504 2543 1559 diebus
2572 1504 2688 1559 suis
2721 1512 2935 1561 constat
2964 1507 3241 1577 placuisse
3274 1508 3407 1575 Deo,
3434 1508 3585 1563 nulla

1963 1610 2142 1648 rerum
2177 1601 2455 1665 gestarum
2490 1592 2582 1647 fiat
2614 1594 2843 1660 mentio,
2876 1600 2935 1648 ut
2970 1610 3070 1665 per
3117 1612 3213 1651 eos
3245 1612 3446 1651 nomen
3486 1597 3584 1652 Dei

1961 1685 2349 1753 benedicatur,
2384 1685 2478 1756 qui
2517 1685 2702 1740 omnia
2736 1685 2792 1739 in
2839 1686 3098 1741 omnibus
3143 1693 3420 1758 operatur.
3464 1689 3585 1744 Haec

1962 1778 2154 1832 eadem
2189 1777 2515 1848 conquestio
2548 1792 2649 1832 nos
2675 1794 2843 1848 super
2872 1778 2940 1812 90"
2985 1779 3212 1834 domino
3243 1787 3299 1834 et
3353 1788 3583 1850 patrono

1962 1876 2147 1925 nostro
2216 1869 2517 1924 Deoderico
2573 1869 2749 1943 magis
2808 1870 3095 1944 magisque
3144 1871 3475 1928 sollicitabat
3526 1873 3583 1928 in

1962 1959 2108 2026 dies;
2142 1959 2271 2031 quia
2302 1974 2468 2029 opera
2494 1958 2614 2027 ejus
2648 1959 2819 2013 multa
2849 1967 2905 2013 et
2936 1974 3136 2030 magna
3161 1959 3240 2014 sic
3266 1976 3409 2030 pene
3439 1977 3581 2016 con-

1955 2062 2270 2125 sumpserat
2307 2052 2602 2109 oblivionis
2629 2053 2821 2115 earies,
2857 2059 2917 2108 ut
2963 2054 3171 2128 lignum
3216 2070 3453 2123 vermes,
3495 2056 3582 2111 vel

1954 2144 2097 2198 sicut
2128 2143 2277 2197 tinea
2306 2148 2504 2197 vestes.
2541 2141 2709 2205 Quam
2750 2141 3179 2198 sollicitudinem
3213 2159 3245 2197 a
3270 2143 3576 2213 majoribus

1955 2234 2200 2289 relictam
2262 2232 2444 2299 nobis,
2490 2231 2860 2287 transmittere
2904 2233 3141 2303 posteris
3202 2235 3404 2290 nostris
3464 2251 3575 2290 non

1956 2323 2259 2388 debemus;
2319 2329 2401 2376 set
2426 2337 2490 2375 ea
2530 2321 2763 2376 curiosis
2792 2321 2969 2376 oculis
3021 2322 3391 2393 inquirentes,
3423 2340 3571 2392 pra:-

1955 2420 2133 2467 stante
2186 2412 2301 2477 illo,
2361 2410 2453 2481 qui
2505 2410 2721 2483 linguas
2777 2409 3065 2464 infantium
3118 2411 3246 2465 facit
3311 2412 3573 2479 disertas,

1956 2504 2082 2559 stilo
2112 2502 2458 2558 certitudinis
2488 2503 2782 2556 enucleare
2825 2502 3234 2572 temptabimus.
3269 2503 3574 2559 Probemus

1957 2614 2088 2670 ergo
2120 2597 2470 2651 devotionem
2493 2611 2622 2667 erga
2646 2602 2934 2666 patronum
2965 2603 3244 2663 nostrum;
3278 2596 3577 2654 offeramus

1956 2686 2295 2742 oblationem
2327 2691 2567 2739 nostram
2599 2684 2670 2745 ei,
2705 2684 2967 2755 quivere
2990 2694 3107 2740 erat
3139 2686 3230 2740 Dei
3264 2686 3572 2757 templum;

1957 2788 2012 2833 et
2046 2779 2091 2832 si
2134 2778 2545 2841 nonliabemus
2583 2776 2837 2847 puritatis
2880 2793 3094 2843 aurum,
3130 2778 3336 2849 eloqui,
3380 2795 3575 2852 argen-

1958 2879 2093 2933 tum,
2128 2869 2411 2924 munditiaz
2443 2870 2684 2939 byssum.
2720 2868 2955 2943 geminae
2981 2869 3069 2935 “08,
3101 2870 3418 2925 dilectionis
3437 2887 3570 2927 coc-

1957 2979 2079 3018 cum
2114 2962 2200 3016 his
2228 2961 2457 3015 tinctum
2487 2960 2685 3031 (Exod.
2712 2977 2868 3025 xxxv,
2897 2960 2972 3031 6),
3005 2961 3198 3016 saltem
3227 2963 3295 3016 de
3326 2962 3454 3032 pilis
3481 2979 3569 3018 ca-

1954 3071 2172 3127 prarum
2222 3060 2468 3108 texamus
2498 3067 2691 3125 sagum
2720 3052 3023 3119 cilicinum,
3055 3053 3139 3108 vel
3179 3054 3246 3107 ad
3301 3055 3568 3125 operien-

1955 3144 2083 3199 dum
2105 3143 2354 3213 corporis
2402 3142 2522 3210 ejus
2559 3141 2970 3197 tabernaculum
3018 3141 3107 3208 90°,
3151 3141 3237 3197 vel
3269 3141 3460 3197 saltem
3501 3141 3568 3196 ad

1956 3234 2150 3291 tumuli
2183 3234 2304 3304 ejus
2333 3234 2613 3306 pulverem
2647 3233 3069 3308 extergendum.

1566 3405 2230 3498 INVOCATIO

301 3600 614 3676 lngressuri
639 3614 770 3673 ergo
795 3599 960 3668 viam,
993 3606 1053 3655 ut
1098 3599 1384 3655 veniamus
1409 3599 1478 3653 ad
1518 3600 1845 3653 narrandam
1873 3603 1921 3671 Ο

221 3695 503 3753 veraciter
525 3693 660 3763 justi
690 3694 789 3748 viri
833 3693 1021 3760 vitam,
1064 3695 1205 3762 ejus,
1243 3694 1336 3764 qui
1380 3694 1486 3759 via,
1537 3694 1739 3748 veritas
1795 3701 1849 3748 et
1949 3670 2057 3723 La“

2056 3598 2262 3652 Pendet
2283 3613 2441 3651 mens
2466 3613 2497 3652 a
2526 3602 2608 3667 te;
2643 3596 2767 3667 quis
2792 3596 2925 3667 quid
2957 3596 3063 3667 erit
3092 3596 3210 3652 sine
3228 3602 3282 3653 te

2064 3668 2204 3723 datis
2231 3667 2457 3735 sanctis,
2486 3665 2737 3721 laudatus
2766 3665 3154 3734 sanctiﬁearis;

2059 3740 2116 3793 Et
2140 3740 2265 3806 justi
2299 3739 2429 3809 quid
2455 3737 2672 3792 honor?
2697 3736 3053 3792 Justiﬁcantis
3080 3754 3253 3794 amor.

222 3791 341 3845 νίίθ
399 3798 504 3854 θεῖ’
551 3787 870 3842 invocemus
922 3787 1172 3862 gm‘iam'
1227 3794 1287 3842 Πί
1335 3787 1429 3858 qni
1489 3787 1626 3841 ίδθίο
1676 3786 1849 3857 βδεθίί
1949 3786 2192 3865 Praedico
2220 3786 2533 3864 sanlctorum
2551 3786 3254 3878 sanauit:Eiiiii'Bi-éééii'éd
3283 3817 3561 3875 sanctum;

222 3879 548 3944 edentulos,
591 3894 691 3933 nos
726 3878 987 3933 doctrinae
1035 3895 1148 3934 suae
1181 3886 1367 3950 pascat
1410 3878 1617 3946 edulio,
1673 3885 1727 3933 et
1765 3894 1848 3932 sa-

221 3976 456 4050 pientiae
488 3990 603 4030 suae
618 3969 833 4029 erudiat
862 3974 1103 4046 alloquio

2056 3881 2235 3936 Pulcri
2263 3882 2380 3935 laus
2409 3878 2614 3951 operis,
2648 3879 2767 3933 laus
2789 3878 2893 3933 erit
2922 3878 3167 3951 artilicis.

1948 3953 2084 4007 Ecce
2115 3969 2325 4021 repono
2358 3949 2510 4006 tuum
2540 3950 2641 4005 tibi
2668 3950 2873 4021 justum
2904 3949 3305 4015 Deodericum;

2054 4020 2211 4078 Adsis
2231 4040 2339 4079 una
2366 4023 2537 4087 Trias,
2569 4021 2768 4077 anima:
2795 4020 2938 4075 trina
2963 4036 3184 4076 mouas.

219 4105 439 4161 domine
506 4102 716 4157 Christe
781 4102 910 4156 deus
963 4104 1294 4167 omnipotens
1396 4104 1654 4172 princeps
1731 4099 1846 4172 sine
1946 4095 2288 4172 Vix_mutti_re
2321 4110 2488 4172 queo,
2520 4100 2731 4148 mutum
2764 4108 2959 4172 precor
2986 4092 3310 4172 oshaperito.

1553 4170 1844 4241 [principio

2055 4168 2174 4238 [pse
2200 4164 2367 4221 doces
2392 4166 2624 4229 asinam,
2649 4181 2771 4236 qua:
2794 4164 3007 4238 doceat
3048 4164 3285 4238 Balaam.

222 4246 387 4319 Kyrie
418 4246 509 4312 9‘0,
544 4243 776 4313 Christe,
808 4244 990 4311 theos,
1023 4250 1404 4315 pantocraton,
1437 4235 1844 4319 areliostanar-
1945 4235 2157 4319 Naturae
2190 4238 2288 4293 tibi
2329 4238 2415 4292 lex
2453 4254 2563 4293 non
2585 4235 2767 4319 obstat
2794 4235 2996 4319 legifer
3021 4235 3206 4319 exlex;

764 4312 767 4313 ν
1024 4312 1037 4315 “
1688 4312 1820 4367 chos

332 4388 420 4443 Sis
451 4386 586 4442 mihi
610 4387 965 4458 principium,
995 4387 1128 4455 dux,
1160 4387 1267 4454 via,
1299 4384 1636 4458 pnesidium,
1669 4312 1685 4383 ί
1827 4353 1839 4376 ’

222 4461 289 4515 Ut
320 4460 534 4515 valeam
568 4475 666 4531 per
696 4469 771 4525 te,
800 4459 1076 4533 condigne
1106 4458 1347 4515 scribere
1377 4458 1448 4513 de
1478 4466 1553 4511 te.

2050 4310 2258 4380 Nempe
2281 4325 2524 4380 sequens
2543 4315 2757 4374 nutum,
2782 4307 2955 4363 nescit
2985 4307 3193 4380 habere
3221 4310 3446 4360 statum.

1942 4381 2018 4435 Tu
2054 4378 2306 4454 linguaue.
2335 4378 2534 4446 mutos,
2569 4380 2858 4453 elinguans
2880 4386 3043 4454 atque
3072 4378 3336 4454 disertos,

2050 4450 2240 4508 Cofdis
2271 4459 2433 4527 tange
2466 4450 2709 4523 petram,
2733 4458 2885 4522 petra
2904 4450 3161 4506 ret'undet
3189 4462 3410 4520 aquam.

600 4742 973 4850 INCIPIT
1031 4738 1258 4846 VITA
1324 4739 1635 4845 DOMNI
1703 4733 2212 4842 DEODERIGI
2273 4729 2701 4837 EPISGOPI
2767 4724 3184 4832 MAJORIS

294 4934 609 4990 Carnuns:
624 4933 646 4987 1
664 4975 674 4987 .
689 4934 1050 4989 Denobilitate
1061 4936 1266 5001 generis
1278 4933 1837 5008 ipsmngiturvirum
1871 4936 1922 5003 ι)
1943 4931 2142 4987 comite
2162 4928 2431 4985 Everardo
2446 4933 2598 4999 patre
2613 4932 2667 4981 et
2681 4923 3038 4979 Amalradam
3053 4927 3223 4977 matre
3241 4916 3557 4989 accepimus

218 5024 288 5059 ⁹¹¹
324 5023 451 5077 vitae
476 5020 854 5076 memorabilis
885 5030 938 5076 et
966 5022 1243 5077 memoria:
1263 5021 1596 5077 venerabilis
1624 5021 1840 5076 Deode—
1944 5023 2316 5097 progenitum,
2349 5021 2501 5077 orbis
2527 5019 2592 5074 ad
2626 5024 2875 5074 ornatum
2918 5030 3080 5087 quem
3131 5029 3264 5068 vere
3294 5009 3556 5067 credimus

218 5116 422 5180 ricum,
472 5129 536 5167 ex
560 5128 702 5186 pago
733 5112 982 5169 Saxoniie
1017 5113 1299 5168 Hamalant
1338 5114 1476 5183 (927)
1518 5113 1837 5179 oriundum,

1940 5120 2115 5167 ortum
2146 5112 2308 5179 (928).
2345 5110 2494 5165 Alius
2536 5108 2707 5164 fretus
2765 5105 2987 5178 ingenio
3026 5104 3094 5159 ab
3129 5104 3245 5174 ipse
3285 5100 3558 5157 ordiretur

1573 5239 1792 5295 νΑΒΙΑε
1831 5237 2204 5293 LECTlONES.

288 5356 360 5391 903
383 5357 409 5409 i
458 5371 503 5409 e.
537 5351 806 5425 oleribus.
902 5354 972 5390 ⁹⁰⁴
999 5372 1054 5425 q.
1097 5360 1152 5409 et
1192 5355 1249 5409 in
1283 5357 1331 5410 1.

217 5500 340 5566 ejus
360 5494 614 5552 manu'ﬁ.
733 5494 802 5529 ⁹¹⁰
833 5494 1023 5567 Kyrrie
1052 5512 1097 5551 c.
1201 5497 1267 5531 ⁰¹¹
1300 5512 1497 5550 verum
1532 5497 1579 5550 1.

1412 5353 1481 5389 9°“
1508 5356 1549 5409 i.
1578 5370 1623 5408 e.
1657 5354 1723 5410 is.
1807 5355 1877 5390 ⁹⁰⁶

218 5429 348 5482 ne?
398 5428 479 5481 ita
525 5423 981 5499 geminaﬂapudg
1012 5423 1384 5499 Thietmarum
1438 5428 1631 5499 scepius
1659 5423 1931 5499 occurrit;
1974 5426 2045 5499 c/_‘.
2093 5423 2190 5499 SS.
2244 5426 2335 5478 lll.
2394 5425 2518 5477 839.
2546 5454 2628 5499 L—
2657 5438 2888 5499 gemmze
2927 5424 2989 5499 L‘.

1675 5498 1743 5531 ⁰¹²
1785 5501 1862 5552 ita
1914 5487 2104 5551 Leibn.
2164 5496 2286 5549 bene
2341 5496 2598 5560 eorrercit,
2652 5487 2726 5561 ἐγ.
2785 5509 2902 5562 cap.
2952 5493 3043 5547 ‘21.
3101 5487 3453 5545 AMALRABA
3501 5498 3549 5537 c.

1916 5360 2281 5426 praeterquam
2313 5355 2364 5408 1.

2422 5357 2619 5423 praeter
2643 5352 2699 5406 2.
2777 5350 2845 5385 90"
2872 5365 3094 5421 semper
3126 5348 3175 5404 1.
3251 5345 3321 5381 ⁹⁰⁸
3352 5341 3554 5420 genui-

2422 5425 2518 5473 ὥς).
2558 5454 2628 5462 -
2657 5438 2888 5473 gemma!
2927 5424 2989 5473 L.
3107 5419 3176 5454 ⁹⁰⁹
3207 5418 3291 5473 vel
3321 5433 3366 5472 s.
3411 5414 3479 5469 ad
3511 5421 3550 5467 ι.

1786 5601 1976 5656 NOTAE
1989 5645 1994 5650 .

291 5696 441 5766 (927)
466 5695 527 5749 In
562 5700 793 5762 utraque
826 5693 943 5762 ripa
977 5693 1143 5747 lsalze.

2081 5692 2216 5763 (928)
2249 5693 2450 5746 Versus
2483 5692 2799 5746 liexameter
