  <div class='ocr_page' id='page_1' title='image "/cluster/home/n/w/nwhite01/storage/ocr_20150623/160/uva.x000829802/353.png"; bbox 0 0 3930 6204; ppageno 0'>
   <div class='ocr_carea' id='block_1_1' title="bbox 407 291 511 345">
    <p class='ocr_par' dir='ltr' id='par_1_1' title="bbox 407 291 511 345">
     <span class='ocr_line' id='line_1_1' title="bbox 407 291 511 345; baseline -0.01 0"><span class='ocrx_word' id='word_1_1' title='bbox 407 291 511 345; x_wconf 80' lang='grc'><strong>695</strong></span> 
     </span>
    </p>
   </div>
   <div class='ocr_carea' id='block_1_2' title="bbox 1635 284 2530 341">
    <p class='ocr_par' dir='ltr' id='par_1_2' title="bbox 1635 284 2530 341">
     <span class='ocr_line' id='line_1_2' title="bbox 1635 284 2530 341; baseline -0.002 -1"><span class='ocrx_word' id='word_1_2' title='bbox 1635 285 1979 341; x_wconf 71' lang='lat' dir='ltr'><strong>SfGEBERTl</strong></span> <span class='ocrx_word' id='word_1_3' title='bbox 2023 284 2530 341; x_wconf 84' lang='lat' dir='ltr'><strong>GEMBLACENSIS.</strong></span> 
     </span>
    </p>
   </div>
   <div class='ocr_carea' id='block_1_3' title="bbox 3653 285 3774 343">
    <p class='ocr_par' dir='ltr' id='par_1_3' title="bbox 3653 285 3774 343">
     <span class='ocr_line' id='line_1_3' title="bbox 3653 285 3774 343; baseline -0.033 0"><span class='ocrx_word' id='word_1_4' title='bbox 3653 285 3774 343; x_wconf 84' lang='lat'><strong>696</strong></span> 
     </span>
    </p>
   </div>
   <div class='ocr_carea' id='block_1_4' title="bbox 405 413 3779 488">
    <p class='ocr_par' dir='ltr' id='par_1_4' title="bbox 405 413 3779 488">
     <span class='ocr_line' id='line_1_4' title="bbox 405 413 3779 488; baseline -0 -15"><span class='ocrx_word' id='word_1_5' title='bbox 405 416 696 474; x_wconf 85' lang='lat' dir='ltr'><strong>cunabulis</strong></span> <span class='ocrx_word' id='word_1_6' title='bbox 745 417 1075 472; x_wconf 84' lang='lat' dir='ltr'><strong>narrationis</strong></span> <span class='ocrx_word' id='word_1_7' title='bbox 1102 416 1297 482; x_wconf 90' lang='lat' dir='ltr'><strong>telam;</strong></span> <span class='ocrx_word' id='word_1_8' title='bbox 1329 414 1581 470; x_wconf 89' lang='lat' dir='ltr'><strong>laudaret</strong></span> <span class='ocrx_word' id='word_1_9' title='bbox 1604 416 1841 471; x_wconf 87' lang='lat' dir='ltr'><strong>docilem</strong></span> <span class='ocrx_word' id='word_1_10' title='bbox 1886 432 2023 487; x_wconf 88' lang='lat' dir='ltr'><strong>pue-</strong></span> <span class='ocrx_word' id='word_1_11' title='bbox 2050 422 2098 488; x_wconf 80' lang='grc' dir='ltr'>Α</span> <span class='ocrx_word' id='word_1_12' title='bbox 2134 425 2189 472; x_wconf 91' lang='lat' dir='ltr'><strong>et</strong></span> <span class='ocrx_word' id='word_1_13' title='bbox 2214 417 2355 471; x_wconf 82' lang='lat' dir='ltr'><strong>sicut</strong></span> <span class='ocrx_word' id='word_1_14' title='bbox 2378 415 2583 470; x_wconf 86' lang='lat' dir='ltr'><strong>ferrum</strong></span> <span class='ocrx_word' id='word_1_15' title='bbox 2615 414 2761 471; x_wconf 89' lang='lat' dir='ltr'><strong>ferro</strong></span> <span class='ocrx_word' id='word_1_16' title='bbox 2791 413 3025 480; x_wconf 83' lang='lat' dir='ltr'><strong>acuitur,</strong></span> <span class='ocrx_word' id='word_1_17' title='bbox 3065 414 3144 468; x_wconf 90' lang='lat' dir='ltr'><strong>sic</strong></span> <span class='ocrx_word' id='word_1_18' title='bbox 3173 413 3311 469; x_wconf 86' lang='lat' dir='ltr'><strong>alter</strong></span> <span class='ocrx_word' id='word_1_19' title='bbox 3341 415 3574 470; x_wconf 84' lang='lat' dir='ltr'><strong>alterius</strong></span> <span class='ocrx_word' id='word_1_20' title='bbox 3616 414 3779 472; x_wconf 89' lang='lat' dir='ltr'><strong>bona</strong></span> 
     </span>
    </p>
   </div>
   <div class='ocr_carea' id='block_1_5' title="bbox 405 508 2021 582">
    <p class='ocr_par' dir='ltr' id='par_1_5' title="bbox 405 508 2021 582">
     <span class='ocr_line' id='line_1_5' title="bbox 405 508 2021 582; baseline -0.002 -17"><span class='ocrx_word' id='word_1_21' title='bbox 405 511 617 577; x_wconf 86' lang='lat' dir='ltr'><strong>riciam,</strong></span> <span class='ocrx_word' id='word_1_22' title='bbox 660 508 1039 582; x_wconf 81' lang='lat' dir='ltr'><strong>magnificaret</strong></span> <span class='ocrx_word' id='word_1_23' title='bbox 1085 514 1274 562; x_wconf 69' lang='lat' dir='ltr'><strong>macta:</strong></span> <span class='ocrx_word' id='word_1_24' title='bbox 1316 508 1522 561; x_wconf 90' lang='lat' dir='ltr'><strong>indolis</strong></span> <span class='ocrx_word' id='word_1_25' title='bbox 1570 509 2021 575; x_wconf 83' lang='lat' dir='ltr'><strong>adolescentiam,</strong></span> 
     </span>
    </p>
   </div>
   <div class='ocr_carea' id='block_1_6' title="bbox 406 597 2021 668">
    <p class='ocr_par' dir='ltr' id='par_1_6' title="bbox 406 597 2021 668">
     <span class='ocr_line' id='line_1_6' title="bbox 406 597 2021 668; baseline -0.001 -15"><span class='ocrx_word' id='word_1_26' title='bbox 406 599 503 653; x_wconf 90' lang='lat' dir='ltr'><strong>ubi</strong></span> <span class='ocrx_word' id='word_1_27' title='bbox 559 604 782 653; x_wconf 86' lang='lat' dir='ltr'><strong>ventum</strong></span> <span class='ocrx_word' id='word_1_28' title='bbox 839 605 987 652; x_wconf 82' lang='lat' dir='ltr'><strong>esset</strong></span> <span class='ocrx_word' id='word_1_29' title='bbox 1025 598 1094 651; x_wconf 89' lang='lat' dir='ltr'><strong>ad</strong></span> <span class='ocrx_word' id='word_1_30' title='bbox 1162 598 1500 668; x_wconf 65' lang='lat' dir='ltr'><strong>Pytagorica)</strong></span> <span class='ocrx_word' id='word_1_31' title='bbox 1547 597 1742 651; x_wconf 58' lang='lat' dir='ltr'><strong>litterae</strong></span> <span class='ocrx_word' id='word_1_32' title='bbox 1790 598 2021 665; x_wconf 78' lang='lat' dir='ltr'><strong>bivium,</strong></span> 
     </span>
    </p>
   </div>
   <div class='ocr_carea' id='block_1_7' title="bbox 407 689 2020 765">
    <p class='ocr_par' dir='ltr' id='par_1_7' title="bbox 407 689 2020 765">
     <span class='ocr_line' id='line_1_7' title="bbox 407 689 2020 765; baseline -0.001 -21"><span class='ocrx_word' id='word_1_33' title='bbox 407 691 828 765; x_wconf 42' lang='lat' dir='ltr'><strong>mundum‘cum</strong></span> <span class='ocrx_word' id='word_1_34' title='bbox 860 689 1152 743; x_wconf 85' lang='lat' dir='ltr'><strong>blandiciis</strong></span> <span class='ocrx_word' id='word_1_35' title='bbox 1184 689 1301 743; x_wconf 86' lang='lat' dir='ltr'><strong>suis</strong></span> <span class='ocrx_word' id='word_1_36' title='bbox 1337 689 1585 760; x_wconf 75' lang='lat' dir='ltr'><strong>abigeret</strong></span> <span class='ocrx_word' id='word_1_37' title='bbox 1614 689 2020 753; x_wconf 84' lang='lat' dir='ltr'><strong>sinistrorsum;</strong></span> 
     </span>
    </p>
   </div>
   <div class='ocr_carea' id='block_1_8' title="bbox 406 778 2026 848">
    <p class='ocr_par' dir='ltr' id='par_1_8' title="bbox 406 778 2026 848">
     <span class='ocr_line' id='line_1_8' title="bbox 406 778 2026 848; baseline -0.002 -12"><span class='ocrx_word' id='word_1_38' title='bbox 406 782 653 837; x_wconf 90' lang='lat' dir='ltr'><strong>animum</strong></span> <span class='ocrx_word' id='word_1_39' title='bbox 700 780 1011 847; x_wconf 88' lang='lat' dir='ltr'><strong>verojusti,</strong></span> <span class='ocrx_word' id='word_1_40' title='bbox 1046 780 1366 833; x_wconf 84' lang='lat' dir='ltr'><strong>tendentem</strong></span> <span class='ocrx_word' id='word_1_41' title='bbox 1415 779 1483 832; x_wconf 91' lang='lat' dir='ltr'><strong>ad</strong></span> <span class='ocrx_word' id='word_1_42' title='bbox 1528 779 1869 848; x_wconf 67' lang='lat' dir='ltr'><strong>proliositum</strong></span> <span class='ocrx_word' id='word_1_43' title='bbox 1922 778 2026 832; x_wconf 91' lang='lat' dir='ltr'><strong>im-</strong></span> 
     </span>
    </p>
   </div>
   <div class='ocr_carea' id='block_1_9' title="bbox 408 870 2024 943">
    <p class='ocr_par' dir='ltr' id='par_1_9' title="bbox 408 870 2024 943">
     <span class='ocr_line' id='line_1_9' title="bbox 408 870 2024 943; baseline -0.002 -16"><span class='ocrx_word' id='word_1_44' title='bbox 408 872 754 927; x_wconf 85' lang='lat' dir='ltr'><strong>mortalitatis</strong></span> <span class='ocrx_word' id='word_1_45' title='bbox 784 872 1055 938; x_wconf 89' lang='lat' dir='ltr'><strong>bravium,</strong></span> <span class='ocrx_word' id='word_1_46' title='bbox 1102 879 1293 942; x_wconf 82' lang='lat' dir='ltr'><strong>ageret</strong></span> <span class='ocrx_word' id='word_1_47' title='bbox 1329 879 1563 943; x_wconf 88' lang='lat' dir='ltr'><strong>angusto</strong></span> <span class='ocrx_word' id='word_1_48' title='bbox 1604 870 1745 923; x_wconf 90' lang='lat' dir='ltr'><strong>calle</strong></span> <span class='ocrx_word' id='word_1_49' title='bbox 1778 870 2024 924; x_wconf 87' lang='lat' dir='ltr'><strong>dextror-</strong></span> 
     </span>
    </p>
   </div>
   <div class='ocr_carea' id='block_1_10' title="bbox 408 961 2024 1035">
    <p class='ocr_par' dir='ltr' id='par_1_10' title="bbox 408 961 2024 1035">
     <span class='ocr_line' id='line_1_10' title="bbox 408 961 2024 1035; baseline -0.002 -15"><span class='ocrx_word' id='word_1_50' title='bbox 408 983 548 1020; x_wconf 90' lang='lat' dir='ltr'><strong>sum.</strong></span> <span class='ocrx_word' id='word_1_51' title='bbox 584 965 719 1030; x_wconf 86' lang='lat' dir='ltr'><strong>Quid</strong></span> <span class='ocrx_word' id='word_1_52' title='bbox 743 962 941 1034; x_wconf 85' lang='lat' dir='ltr'><strong>plura?</strong></span> <span class='ocrx_word' id='word_1_53' title='bbox 972 979 1066 1033; x_wconf 88' lang='lat' dir='ltr'><strong>per</strong></span> <span class='ocrx_word' id='word_1_54' title='bbox 1089 962 1337 1033; x_wconf 81' lang='lat' dir='ltr'><strong>singulos</strong></span> <span class='ocrx_word' id='word_1_55' title='bbox 1363 962 1568 1035; x_wconf 85' lang='lat' dir='ltr'><strong>gradus</strong></span> <span class='ocrx_word' id='word_1_56' title='bbox 1592 968 1810 1015; x_wconf 70' lang='lat' dir='ltr'><strong>aetatum</strong></span> <span class='ocrx_word' id='word_1_57' title='bbox 1843 961 2024 1032; x_wconf 89' lang='lat' dir='ltr'><strong>dispo-</strong></span> 
     </span>
    </p>
   </div>
   <div class='ocr_carea' id='block_1_11' title="bbox 410 1050 2023 1122">
    <p class='ocr_par' dir='ltr' id='par_1_11' title="bbox 410 1050 2023 1122">
     <span class='ocr_line' id='line_1_11' title="bbox 410 1050 2023 1122; baseline -0.002 -15"><span class='ocrx_word' id='word_1_58' title='bbox 410 1060 567 1107; x_wconf 90' lang='lat' dir='ltr'><strong>neret</strong></span> <span class='ocrx_word' id='word_1_59' title='bbox 584 1054 636 1107; x_wconf 93' lang='lat' dir='ltr'><strong>in</strong></span> <span class='ocrx_word' id='word_1_60' title='bbox 652 1053 818 1107; x_wconf 79' lang='lat' dir='ltr'><strong>corde</strong></span> <span class='ocrx_word' id='word_1_61' title='bbox 844 1051 1018 1122; x_wconf 86' lang='lat' dir='ltr'><strong>ipsius</strong></span> <span class='ocrx_word' id='word_1_62' title='bbox 1040 1051 1397 1105; x_wconf 88' lang='lat' dir='ltr'><strong>ascensioncs</strong></span> <span class='ocrx_word' id='word_1_63' title='bbox 1423 1050 1703 1104; x_wconf 90' lang='lat' dir='ltr'><strong>virtutum.</strong></span> <span class='ocrx_word' id='word_1_64' title='bbox 1725 1050 1849 1114; x_wconf 85' lang='lat' dir='ltr'><strong>Nos,</strong></span> <span class='ocrx_word' id='word_1_65' title='bbox 1882 1066 2023 1121; x_wconf 87' lang='lat' dir='ltr'><strong>quo-</strong></span> 
     </span>
    </p>
   </div>
   <div class='ocr_carea' id='block_1_12' title="bbox 410 1139 2023 1211">
    <p class='ocr_par' dir='ltr' id='par_1_12' title="bbox 410 1139 2023 1211">
     <span class='ocr_line' id='line_1_12' title="bbox 410 1139 2023 1211; baseline -0.002 -14"><span class='ocrx_word' id='word_1_66' title='bbox 410 1145 553 1198; x_wconf 84' lang='lat' dir='ltr'><strong>niam</strong></span> <span class='ocrx_word' id='word_1_67' title='bbox 572 1142 781 1197; x_wconf 87' lang='lat' dir='ltr'><strong>viribus</strong></span> <span class='ocrx_word' id='word_1_68' title='bbox 808 1139 1131 1205; x_wconf 87' lang='lat' dir='ltr'><strong>diffidimus,</strong></span> <span class='ocrx_word' id='word_1_69' title='bbox 1161 1141 1421 1211; x_wconf 88' lang='lat' dir='ltr'><strong>quoniam</strong></span> <span class='ocrx_word' id='word_1_70' title='bbox 1451 1139 1516 1193; x_wconf 90' lang='lat' dir='ltr'><strong>ad</strong></span> <span class='ocrx_word' id='word_1_71' title='bbox 1548 1140 1767 1210; x_wconf 86' lang='lat' dir='ltr'><strong>prOpria</strong></span> <span class='ocrx_word' id='word_1_72' title='bbox 1786 1139 2023 1195; x_wconf 87' lang='lat' dir='ltr'><strong>dicenda</strong></span> 
     </span>
    </p>
   </div>
   <div class='ocr_carea' id='block_1_13' title="bbox 408 1232 2022 1304">
    <p class='ocr_par' dir='ltr' id='par_1_13' title="bbox 408 1232 2022 1304">
     <span class='ocr_line' id='line_1_13' title="bbox 408 1232 2022 1304; baseline -0.001 -15"><span class='ocrx_word' id='word_1_73' title='bbox 408 1236 493 1289; x_wconf 81' lang='lat' dir='ltr'><strong>vix</strong></span> <span class='ocrx_word' id='word_1_74' title='bbox 522 1235 848 1300; x_wconf 86' lang='lat' dir='ltr'><strong>sufficimus,</strong></span> <span class='ocrx_word' id='word_1_75' title='bbox 904 1232 1217 1288; x_wconf 90' lang='lat' dir='ltr'><strong>communia</strong></span> <span class='ocrx_word' id='word_1_76' title='bbox 1258 1233 1749 1303; x_wconf 79' lang='lat' dir='ltr'><strong>praetermittimus,</strong></span> <span class='ocrx_word' id='word_1_77' title='bbox 1799 1241 1853 1287; x_wconf 89' lang='lat' dir='ltr'><strong>et</strong></span> <span class='ocrx_word' id='word_1_78' title='bbox 1882 1249 2022 1304; x_wconf 89' lang='lat' dir='ltr'><strong>quo-</strong></span> 
     </span>
    </p>
   </div>
   <div class='ocr_carea' id='block_1_14' title="bbox 410 1326 2019 1393">
    <p class='ocr_par' dir='ltr' id='par_1_14' title="bbox 410 1326 2019 1393">
     <span class='ocr_line' id='line_1_14' title="bbox 410 1326 2019 1393; baseline -0.002 -11"><span class='ocrx_word' id='word_1_79' title='bbox 410 1329 555 1383; x_wconf 87' lang='lat' dir='ltr'><strong>niam</strong></span> <span class='ocrx_word' id='word_1_80' title='bbox 584 1327 843 1381; x_wconf 85' lang='lat' dir='ltr'><strong>brevitati</strong></span> <span class='ocrx_word' id='word_1_81' title='bbox 883 1327 1190 1393; x_wconf 88' lang='lat' dir='ltr'><strong>studemus,</strong></span> <span class='ocrx_word' id='word_1_82' title='bbox 1221 1326 1392 1380; x_wconf 89' lang='lat' dir='ltr'><strong>solam</strong></span> <span class='ocrx_word' id='word_1_83' title='bbox 1434 1341 1647 1380; x_wconf 92' lang='lat' dir='ltr'><strong>morum</strong></span> <span class='ocrx_word' id='word_1_84' title='bbox 1677 1327 2019 1380; x_wconf 68' lang='lat' dir='ltr'><strong>honestatem</strong></span> 
     </span>
    </p>
   </div>
   <div class='ocr_carea' id='block_1_15' title="bbox 411 1416 2019 1487">
    <p class='ocr_par' dir='ltr' id='par_1_15' title="bbox 411 1416 2019 1487">
     <span class='ocr_line' id='line_1_15' title="bbox 411 1416 2019 1487; baseline -0.003 -13"><span class='ocrx_word' id='word_1_85' title='bbox 411 1427 465 1474; x_wconf 91' lang='lat' dir='ltr'><strong>et</strong></span> <span class='ocrx_word' id='word_1_86' title='bbox 503 1418 766 1473; x_wconf 85' lang='lat' dir='ltr'><strong>natalium</strong></span> <span class='ocrx_word' id='word_1_87' title='bbox 819 1417 1159 1472; x_wconf 89' lang='lat' dir='ltr'><strong>nobilitatem</strong></span> <span class='ocrx_word' id='word_1_88' title='bbox 1213 1418 1269 1471; x_wconf 91' lang='lat' dir='ltr'><strong>iu</strong></span> <span class='ocrx_word' id='word_1_89' title='bbox 1328 1433 1393 1472; x_wconf 93' lang='lat' dir='ltr'><strong>eo</strong></span> <span class='ocrx_word' id='word_1_90' title='bbox 1444 1418 1746 1487; x_wconf 33' lang='lat' dir='ltr'><strong>praedicare</strong></span> <span class='ocrx_word' id='word_1_91' title='bbox 1777 1416 2019 1471; x_wconf 88' lang='lat' dir='ltr'><strong>contenti</strong></span> 
     </span>
    </p>
   </div>
   <div class='ocr_carea' id='block_1_16' title="bbox 408 1506 2022 1576">
    <p class='ocr_par' dir='ltr' id='par_1_16' title="bbox 408 1506 2022 1576">
     <span class='ocr_line' id='line_1_16' title="bbox 408 1506 2022 1576; baseline -0.002 -13"><span class='ocrx_word' id='word_1_92' title='bbox 408 1524 615 1563; x_wconf 90' lang='lat' dir='ltr'><strong>sumus.</strong></span> <span class='ocrx_word' id='word_1_93' title='bbox 660 1508 720 1561; x_wconf 90' lang='lat' dir='ltr'><strong>Et</strong></span> <span class='ocrx_word' id='word_1_94' title='bbox 744 1506 889 1560; x_wconf 87' lang='lat' dir='ltr'><strong>illam</strong></span> <span class='ocrx_word' id='word_1_95' title='bbox 919 1507 1140 1576; x_wconf 91' lang='lat' dir='ltr'><strong>quidem</strong></span> <span class='ocrx_word' id='word_1_96' title='bbox 1168 1506 1409 1561; x_wconf 90' lang='lat' dir='ltr'><strong>nobilem</strong></span> <span class='ocrx_word' id='word_1_97' title='bbox 1434 1506 1808 1560; x_wconf 87' lang='lat' dir='ltr'><strong>morositatem</strong></span> <span class='ocrx_word' id='word_1_98' title='bbox 1838 1506 2022 1559; x_wconf 89' lang='lat' dir='ltr'><strong>multi-</strong></span> 
     </span>
    </p>
   </div>
   <div class='ocr_carea' id='block_1_17' title="bbox 409 1596 2018 1671">
    <p class='ocr_par' dir='ltr' id='par_1_17' title="bbox 409 1596 2018 1671">
     <span class='ocr_line' id='line_1_17' title="bbox 409 1596 2018 1671; baseline -0.002 -18"><span class='ocrx_word' id='word_1_99' title='bbox 409 1599 650 1671; x_wconf 88' lang='lat' dir='ltr'><strong>plicabat</strong></span> <span class='ocrx_word' id='word_1_100' title='bbox 674 1599 764 1669; x_wconf 51' lang='lat'><strong>313</strong></span> <span class='ocrx_word' id='word_1_101' title='bbox 794 1599 848 1652; x_wconf 93' lang='lat' dir='ltr'><strong>in</strong></span> <span class='ocrx_word' id='word_1_102' title='bbox 881 1598 999 1652; x_wconf 90' lang='lat' dir='ltr'><strong>dies</strong></span> <span class='ocrx_word' id='word_1_103' title='bbox 1029 1598 1230 1652; x_wconf 68' lang='lat' dir='ltr'><strong>divinae</strong></span> <span class='ocrx_word' id='word_1_104' title='bbox 1259 1597 1669 1668; x_wconf 89' lang='lat' dir='ltr'><strong>cooperationis</strong></span> <span class='ocrx_word' id='word_1_105' title='bbox 1700 1596 2018 1667; x_wconf 56' lang='lat' dir='ltr'><strong>praesentia;</strong></span> 
     </span>
    </p>
   </div>
   <div class='ocr_carea' id='block_1_18' title="bbox 2129 504 3773 575">
    <p class='ocr_par' dir='ltr' id='par_1_18' title="bbox 2129 504 3773 575">
     <span class='ocr_line' id='line_1_18' title="bbox 2129 504 3773 575; baseline 0.001 -14"><span class='ocrx_word' id='word_1_106' title='bbox 2129 506 2483 561; x_wconf 67' lang='lat' dir='ltr'><strong>aemulatione</strong></span> <span class='ocrx_word' id='word_1_107' title='bbox 2533 504 2925 560; x_wconf 63' lang='lat' dir='ltr'><strong>aedificabatur.</strong></span> <span class='ocrx_word' id='word_1_108' title='bbox 2986 504 3169 559; x_wconf 88' lang='lat' dir='ltr'><strong>Primo</strong></span> <span class='ocrx_word' id='word_1_109' title='bbox 3199 504 3425 575; x_wconf 90' lang='lat' dir='ltr'><strong>quidem</strong></span> <span class='ocrx_word' id='word_1_110' title='bbox 3483 504 3637 559; x_wconf 90' lang='lat' dir='ltr'><strong>inter</strong></span> <span class='ocrx_word' id='word_1_111' title='bbox 3660 522 3773 562; x_wconf 85' lang='lat' dir='ltr'><strong>eos</strong></span> 
     </span>
    </p>
   </div>
   <div class='ocr_carea' id='block_1_19' title="bbox 2126 592 3771 667">
    <p class='ocr_par' dir='ltr' id='par_1_19' title="bbox 2126 592 3771 667">
     <span class='ocr_line' id='line_1_19' title="bbox 2126 592 3771 667; baseline -0.001 -17"><span class='ocrx_word' id='word_1_112' title='bbox 2126 594 2552 667; x_wconf 87' lang='lat' dir='ltr'><strong>pr0pinquitatis</strong></span> <span class='ocrx_word' id='word_1_113' title='bbox 2584 593 2845 648; x_wconf 88' lang='lat' dir='ltr'><strong>naturalis</strong></span> <span class='ocrx_word' id='word_1_114' title='bbox 2876 592 3227 647; x_wconf 87' lang='lat' dir='ltr'><strong>necessitudo</strong></span> <span class='ocrx_word' id='word_1_115' title='bbox 3282 601 3578 663; x_wconf 89' lang='lat' dir='ltr'><strong>pepererat</strong></span> <span class='ocrx_word' id='word_1_116' title='bbox 3626 596 3771 648; x_wconf 80' lang='lat' dir='ltr'><strong>ami-</strong></span> 
     </span>
    </p>
   </div>
   <div class='ocr_carea' id='block_1_20' title="bbox 2125 681 3771 747">
    <p class='ocr_par' dir='ltr' id='par_1_20' title="bbox 2125 681 3771 747">
     <span class='ocr_line' id='line_1_20' title="bbox 2125 681 3771 747; baseline -0.001 -9"><span class='ocrx_word' id='word_1_117' title='bbox 2125 685 2345 747; x_wconf 86' lang='lat' dir='ltr'><strong>citiam;</strong></span> <span class='ocrx_word' id='word_1_118' title='bbox 2399 683 2605 737; x_wconf 91' lang='lat' dir='ltr'><strong>deinde</strong></span> <span class='ocrx_word' id='word_1_119' title='bbox 2679 681 3065 736; x_wconf 84' lang='lat' dir='ltr'><strong>familiaritatis</strong></span> <span class='ocrx_word' id='word_1_120' title='bbox 3138 682 3487 737; x_wconf 88' lang='lat' dir='ltr'><strong>consuetudo</strong></span> <span class='ocrx_word' id='word_1_121' title='bbox 3542 684 3771 737; x_wconf 79' lang='lat' dir='ltr'><strong>alue:at</strong></span> 
     </span>
    </p>
   </div>
   <div class='ocr_carea' id='block_1_21' title="bbox 2126 776 3769 848">
    <p class='ocr_par' dir='ltr' id='par_1_21' title="bbox 2126 776 3769 848">
     <span class='ocr_line' id='line_1_21' title="bbox 2126 776 3769 848; baseline 0 -16"><span class='ocrx_word' id='word_1_122' title='bbox 2126 779 2585 844; x_wconf 85' lang='lat' dir='ltr'><strong>benivolentiam;</strong></span> <span class='ocrx_word' id='word_1_123' title='bbox 2632 793 2754 848; x_wconf 65' lang='lat' dir='ltr'><strong>quae</strong></span> <span class='ocrx_word' id='word_1_124' title='bbox 2804 777 2904 830; x_wconf 88' lang='lat' dir='ltr'><strong>etsi</strong></span> <span class='ocrx_word' id='word_1_125' title='bbox 2937 792 3005 830; x_wconf 89' lang='lat' dir='ltr'><strong>ex</strong></span> <span class='ocrx_word' id='word_1_126' title='bbox 3044 776 3460 847; x_wconf 82' lang='lat' dir='ltr'><strong>prOpiuquitate</strong></span> <span class='ocrx_word' id='word_1_127' title='bbox 3496 776 3618 831; x_wconf 92' lang='lat' dir='ltr'><strong>tolli</strong></span> <span class='ocrx_word' id='word_1_128' title='bbox 3655 793 3769 847; x_wconf 89' lang='lat' dir='ltr'><strong>po-</strong></span> 
     </span>
    </p>
   </div>
   <div class='ocr_carea' id='block_1_22' title="bbox 2130 864 3767 936">
    <p class='ocr_par' dir='ltr' id='par_1_22' title="bbox 2130 864 3767 936">
     <span class='ocr_line' id='line_1_22' title="bbox 2130 864 3767 936; baseline -0.001 -15"><span class='ocrx_word' id='word_1_129' title='bbox 2130 874 2250 929; x_wconf 89' lang='lat' dir='ltr'><strong>test,</strong></span> <span class='ocrx_word' id='word_1_130' title='bbox 2281 882 2343 919; x_wconf 89' lang='lat' dir='ltr'><strong>ex</strong></span> <span class='ocrx_word' id='word_1_131' title='bbox 2372 865 2613 920; x_wconf 89' lang='lat' dir='ltr'><strong>amicitia</strong></span> <span class='ocrx_word' id='word_1_132' title='bbox 2653 873 2836 918; x_wconf 90' lang='lat' dir='ltr'><strong>tamen</strong></span> <span class='ocrx_word' id='word_1_133' title='bbox 2864 880 2976 919; x_wconf 92' lang='lat' dir='ltr'><strong>non</strong></span> <span class='ocrx_word' id='word_1_134' title='bbox 3008 871 3208 935; x_wconf 86' lang='lat' dir='ltr'><strong>potest,</strong></span> <span class='ocrx_word' id='word_1_135' title='bbox 3243 864 3373 935; x_wconf 91' lang='lat' dir='ltr'><strong>quia</strong></span> <span class='ocrx_word' id='word_1_136' title='bbox 3418 866 3767 936; x_wconf 85' lang='lat' dir='ltr'><strong>pr0pinqui-</strong></span> 
     </span>
    </p>
   </div>
   <div class='ocr_carea' id='block_1_23' title="bbox 2128 954 3765 1020">
    <p class='ocr_par' dir='ltr' id='par_1_23' title="bbox 2128 954 3765 1020">
     <span class='ocr_line' id='line_1_23' title="bbox 2128 954 3765 1020; baseline 0 -11"><span class='ocrx_word' id='word_1_137' title='bbox 2128 962 2209 1009; x_wconf 88' lang='lat' dir='ltr'><strong>tas</strong></span> <span class='ocrx_word' id='word_1_138' title='bbox 2258 955 2375 1009; x_wconf 90' lang='lat' dir='ltr'><strong>sine</strong></span> <span class='ocrx_word' id='word_1_139' title='bbox 2416 954 2784 1009; x_wconf 83' lang='lat' dir='ltr'><strong>benivolentia</strong></span> <span class='ocrx_word' id='word_1_140' title='bbox 2812 954 2975 1008; x_wconf 91' lang='lat' dir='ltr'><strong>inane</strong></span> <span class='ocrx_word' id='word_1_141' title='bbox 3014 968 3217 1008; x_wconf 90' lang='lat' dir='ltr'><strong>nomen</strong></span> <span class='ocrx_word' id='word_1_142' title='bbox 3250 954 3474 1020; x_wconf 90' lang='lat' dir='ltr'><strong>retinet,</strong></span> <span class='ocrx_word' id='word_1_143' title='bbox 3503 956 3765 1010; x_wconf 85' lang='lat' dir='ltr'><strong>amicitia</strong></span> 
     </span>
    </p>
   </div>
   <div class='ocr_carea' id='block_1_24' title="bbox 2126 1042 3761 1101">
    <p class='ocr_par' dir='ltr' id='par_1_24' title="bbox 2126 1042 3761 1101">
     <span class='ocr_line' id='line_1_24' title="bbox 2126 1042 3761 1101; baseline 0.002 -3"><span class='ocrx_word' id='word_1_144' title='bbox 2126 1045 2512 1100; x_wconf 66' lang='lat' dir='ltr'><strong>benivolentiae</strong></span> <span class='ocrx_word' id='word_1_145' title='bbox 2544 1045 2834 1098; x_wconf 86' lang='lat' dir='ltr'><strong>indiscissa</strong></span> <span class='ocrx_word' id='word_1_146' title='bbox 2865 1046 3124 1099; x_wconf 81' lang='lat' dir='ltr'><strong>cohaeret.</strong></span> <span class='ocrx_word' id='word_1_147' title='bbox 3169 1042 3260 1099; x_wconf 92' lang='lat' dir='ltr'><strong>Sic</strong></span> <span class='ocrx_word' id='word_1_148' title='bbox 3287 1044 3342 1097; x_wconf 92' lang='lat' dir='ltr'><strong>iu</strong></span> <span class='ocrx_word' id='word_1_149' title='bbox 3392 1045 3761 1101; x_wconf 88' lang='lat' dir='ltr'><strong>consobrinis</strong></span> 
     </span>
    </p>
   </div>
   <div class='ocr_carea' id='block_1_25' title="bbox 2125 1137 3754 1209">
    <p class='ocr_par' dir='ltr' id='par_1_25' title="bbox 2125 1137 3754 1209">
     <span class='ocr_line' id='line_1_25' title="bbox 2125 1137 3754 1209; baseline 0 -17"><span class='ocrx_word' id='word_1_150' title='bbox 2125 1139 2244 1192; x_wconf 85' lang='lat' dir='ltr'><strong>istis</strong></span> <span class='ocrx_word' id='word_1_151' title='bbox 2273 1138 2671 1209; x_wconf 87' lang='lat' dir='ltr'><strong>propinquitati</strong></span> <span class='ocrx_word' id='word_1_152' title='bbox 2711 1138 3086 1207; x_wconf 87' lang='lat' dir='ltr'><strong>respondebat</strong></span> <span class='ocrx_word' id='word_1_153' title='bbox 3123 1137 3394 1201; x_wconf 87' lang='lat' dir='ltr'><strong>amicitia;</strong></span> <span class='ocrx_word' id='word_1_154' title='bbox 3441 1138 3754 1193; x_wconf 88' lang='lat' dir='ltr'><strong>amicitiam</strong></span> 
     </span>
    </p>
   </div>
   <div class='ocr_carea' id='block_1_26' title="bbox 2124 1226 3759 1282">
    <p class='ocr_par' dir='ltr' id='par_1_26' title="bbox 2124 1226 3759 1282">
     <span class='ocr_line' id='line_1_26' title="bbox 2124 1226 3759 1282; baseline 0.001 -2"><span class='ocrx_word' id='word_1_155' title='bbox 2124 1233 2310 1281; x_wconf 91' lang='lat' dir='ltr'><strong>mutua</strong></span> <span class='ocrx_word' id='word_1_156' title='bbox 2342 1227 2611 1281; x_wconf 89' lang='lat' dir='ltr'><strong>solidabat</strong></span> <span class='ocrx_word' id='word_1_157' title='bbox 2638 1226 3028 1281; x_wconf 77' lang='lat' dir='ltr'><strong>benivolentia.</strong></span> <span class='ocrx_word' id='word_1_158' title='bbox 3067 1226 3176 1281; x_wconf 91' lang='lat' dir='ltr'><strong>Nec</strong></span> <span class='ocrx_word' id='word_1_159' title='bbox 3222 1226 3279 1279; x_wconf 90' lang='lat' dir='ltr'><strong>in</strong></span> <span class='ocrx_word' id='word_1_160' title='bbox 3308 1242 3508 1281; x_wconf 91' lang='lat' dir='ltr'><strong>vanum</strong></span> <span class='ocrx_word' id='word_1_161' title='bbox 3547 1226 3759 1282; x_wconf 87' lang='lat' dir='ltr'><strong>cedere</strong></span> 
     </span>
    </p>
   </div>
   <div class='ocr_carea' id='block_1_27' title="bbox 2122 1318 3758 1391">
    <p class='ocr_par' dir='ltr' id='par_1_27' title="bbox 2122 1318 3758 1391">
     <span class='ocr_line' id='line_1_27' title="bbox 2122 1318 3758 1391; baseline -0.001 -17"><span class='ocrx_word' id='word_1_162' title='bbox 2122 1329 2359 1391; x_wconf 86' lang='lat' dir='ltr'><strong>poterat,</strong></span> <span class='ocrx_word' id='word_1_163' title='bbox 2400 1320 2548 1391; x_wconf 88' lang='lat' dir='ltr'><strong>quod</strong></span> <span class='ocrx_word' id='word_1_164' title='bbox 2579 1320 2682 1385; x_wconf 87' lang='lat' dir='ltr'><strong>vir,</strong></span> <span class='ocrx_word' id='word_1_165' title='bbox 2713 1319 2805 1390; x_wconf 90' lang='lat' dir='ltr'><strong>qui</strong></span> <span class='ocrx_word' id='word_1_166' title='bbox 2840 1319 2894 1372; x_wconf 93' lang='lat' dir='ltr'><strong>in</strong></span> <span class='ocrx_word' id='word_1_167' title='bbox 2921 1318 3136 1373; x_wconf 87' lang='lat' dir='ltr'><strong>Christo</strong></span> <span class='ocrx_word' id='word_1_168' title='bbox 3155 1325 3210 1372; x_wconf 92' lang='lat' dir='ltr'><strong>et</strong></span> <span class='ocrx_word' id='word_1_169' title='bbox 3241 1318 3297 1372; x_wconf 90' lang='lat' dir='ltr'><strong>in</strong></span> <span class='ocrx_word' id='word_1_170' title='bbox 3328 1319 3588 1373; x_wconf 65' lang='lat' dir='ltr'><strong>aacclesia</strong></span> <span class='ocrx_word' id='word_1_171' title='bbox 3627 1320 3758 1373; x_wconf 89' lang='lat' dir='ltr'><strong>talis</strong></span> 
     </span>
    </p>
   </div>
   <div class='ocr_carea' id='block_1_28' title="bbox 2124 1409 3755 1481">
    <p class='ocr_par' dir='ltr' id='par_1_28' title="bbox 2124 1409 3755 1481">
     <span class='ocr_line' id='line_1_28' title="bbox 2124 1409 3755 1481; baseline -0.002 -17"><span class='ocrx_word' id='word_1_172' title='bbox 2124 1417 2415 1479; x_wconf 90' lang='lat' dir='ltr'><strong>tantusque</strong></span> <span class='ocrx_word' id='word_1_173' title='bbox 2473 1409 2685 1463; x_wconf 84' lang='lat' dir='ltr'><strong>futurus</strong></span> <span class='ocrx_word' id='word_1_174' title='bbox 2743 1418 2879 1475; x_wconf 90' lang='lat' dir='ltr'><strong>erat,</strong></span> <span class='ocrx_word' id='word_1_175' title='bbox 2936 1426 3100 1481; x_wconf 90' lang='lat' dir='ltr'><strong>quem</strong></span> <span class='ocrx_word' id='word_1_176' title='bbox 3148 1416 3325 1464; x_wconf 90' lang='lat' dir='ltr'><strong>mater</strong></span> <span class='ocrx_word' id='word_1_177' title='bbox 3372 1410 3626 1464; x_wconf 66' lang='lat' dir='ltr'><strong>aacclesia</strong></span> <span class='ocrx_word' id='word_1_178' title='bbox 3683 1410 3755 1463; x_wconf 89' lang='lat' dir='ltr'><strong>ad</strong></span> 
     </span>
    </p>
   </div>
   <div class='ocr_carea' id='block_1_29' title="bbox 2122 1498 3752 1572">
    <p class='ocr_par' dir='ltr' id='par_1_29' title="bbox 2122 1498 3752 1572">
     <span class='ocr_line' id='line_1_29' title="bbox 2122 1498 3752 1572; baseline -0.001 -18"><span class='ocrx_word' id='word_1_179' title='bbox 2122 1507 2503 1554; x_wconf 90' lang='lat' dir='ltr'><strong>ornamentum</strong></span> <span class='ocrx_word' id='word_1_180' title='bbox 2559 1506 2611 1554; x_wconf 90' lang='lat' dir='ltr'><strong>et</strong></span> <span class='ocrx_word' id='word_1_181' title='bbox 2664 1498 3069 1554; x_wconf 86' lang='lat' dir='ltr'><strong>firmamentum</strong></span> <span class='ocrx_word' id='word_1_182' title='bbox 3107 1500 3191 1553; x_wconf 89' lang='lat' dir='ltr'><strong>sui</strong></span> <span class='ocrx_word' id='word_1_183' title='bbox 3229 1500 3521 1566; x_wconf 86' lang='lat' dir='ltr'><strong>nutrierat,</strong></span> <span class='ocrx_word' id='word_1_184' title='bbox 3578 1517 3752 1572; x_wconf 90' lang='lat' dir='ltr'><strong>quem</strong></span> 
     </span>
    </p>
   </div>
   <div class='ocr_carea' id='block_1_30' title="bbox 2123 1587 3753 1662">
    <p class='ocr_par' dir='ltr' id='par_1_30' title="bbox 2123 1587 3753 1662">
     <span class='ocr_line' id='line_1_30' title="bbox 2123 1587 3753 1662; baseline 0.001 -21"><span class='ocrx_word' id='word_1_185' title='bbox 2123 1595 2336 1652; x_wconf 90' lang='lat' dir='ltr'><strong>natura,</strong></span> <span class='ocrx_word' id='word_1_186' title='bbox 2383 1587 2549 1642; x_wconf 92' lang='lat' dir='ltr'><strong>immo</strong></span> <span class='ocrx_word' id='word_1_187' title='bbox 2578 1587 2756 1658; x_wconf 86' lang='lat' dir='ltr'><strong>ipsius</strong></span> <span class='ocrx_word' id='word_1_188' title='bbox 2811 1597 3002 1642; x_wconf 90' lang='lat' dir='ltr'><strong>auctor</strong></span> <span class='ocrx_word' id='word_1_189' title='bbox 3031 1596 3257 1653; x_wconf 66' lang='lat' dir='ltr'><strong>naturae,</strong></span> <span class='ocrx_word' id='word_1_190' title='bbox 3304 1589 3490 1644; x_wconf 87' lang='lat' dir='ltr'><strong>nativo</strong></span> <span class='ocrx_word' id='word_1_191' title='bbox 3522 1589 3753 1662; x_wconf 85' lang='lat' dir='ltr'><strong>ingenii</strong></span> 
     </span>
    </p>
   </div>
   <div class='ocr_carea' id='block_1_31' title="bbox 408 1681 3753 1767">
    <p class='ocr_par' dir='ltr' id='par_1_31' title="bbox 408 1681 3753 1767">
     <span class='ocr_line' id='line_1_31' title="bbox 408 1681 3753 1767; baseline -0.003 -21"><span class='ocrx_word' id='word_1_192' title='bbox 408 1692 721 1767; x_wconf 68' lang='lat' dir='ltr'><strong>religiosam</strong></span> <span class='ocrx_word' id='word_1_193' title='bbox 746 1706 873 1745; x_wconf 88' lang='lat' dir='ltr'><strong>vero</strong></span> <span class='ocrx_word' id='word_1_194' title='bbox 893 1690 1319 1763; x_wconf 75' lang='lat' dir='ltr'><strong>generositatem</strong></span> <span class='ocrx_word' id='word_1_195' title='bbox 1354 1689 1639 1744; x_wconf 89' lang='lat' dir='ltr'><strong>attollebat</strong></span> <span class='ocrx_word' id='word_1_196' title='bbox 1663 1697 2017 1763; x_wconf 86' lang='lat' dir='ltr'><strong>cegnatorum</strong></span> <span class='ocrx_word' id='word_1_197' title='bbox 2055 1728 2094 1767; x_wconf 47' lang='grc' dir='ltr'>ρ</span> <span class='ocrx_word' id='word_1_198' title='bbox 2125 1681 2272 1735; x_wconf 88' lang='lat' dir='ltr'><strong>bono</strong></span> <span class='ocrx_word' id='word_1_199' title='bbox 2309 1681 2541 1745; x_wconf 86' lang='lat' dir='ltr'><strong>ditabat,</strong></span> <span class='ocrx_word' id='word_1_200' title='bbox 2582 1681 2703 1735; x_wconf 86' lang='lat' dir='ltr'><strong>talis</strong></span> <span class='ocrx_word' id='word_1_201' title='bbox 2739 1682 2984 1752; x_wconf 86' lang='lat' dir='ltr'><strong>tantique</strong></span> <span class='ocrx_word' id='word_1_202' title='bbox 3017 1681 3261 1755; x_wconf 76' lang='lat' dir='ltr'><strong>magistri</strong></span> <span class='ocrx_word' id='word_1_203' title='bbox 3311 1682 3498 1737; x_wconf 90' lang='lat' dir='ltr'><strong>studio</strong></span> <span class='ocrx_word' id='word_1_204' title='bbox 3538 1693 3597 1737; x_wconf 91' lang='lat' dir='ltr'><strong>et</strong></span> <span class='ocrx_word' id='word_1_205' title='bbox 3644 1684 3753 1737; x_wconf 90' lang='lat' dir='ltr'><strong>do-</strong></span> 
     </span>
    </p>
   </div>
   <div class='ocr_carea' id='block_1_32' title="bbox 407 1781 2019 1852">
    <p class='ocr_par' dir='ltr' id='par_1_32' title="bbox 407 1781 2019 1852">
     <span class='ocr_line' id='line_1_32' title="bbox 407 1781 2019 1852; baseline -0.001 -15"><span class='ocrx_word' id='word_1_206' title='bbox 407 1791 460 1838; x_wconf 90' lang='lat' dir='ltr'><strong>et</strong></span> <span class='ocrx_word' id='word_1_207' title='bbox 482 1782 729 1837; x_wconf 90' lang='lat' dir='ltr'><strong>affinium</strong></span> <span class='ocrx_word' id='word_1_208' title='bbox 764 1783 905 1850; x_wconf 87' lang='lat' dir='ltr'><strong>ejus,</strong></span> <span class='ocrx_word' id='word_1_209' title='bbox 938 1782 1233 1852; x_wconf 88' lang='lat' dir='ltr'><strong>primatum</strong></span> <span class='ocrx_word' id='word_1_210' title='bbox 1266 1782 1479 1835; x_wconf 89' lang='lat' dir='ltr'><strong>scilicet</strong></span> <span class='ocrx_word' id='word_1_211' title='bbox 1509 1781 1693 1836; x_wconf 60' lang='lat' dir='ltr'><strong>Gallia</strong></span> <span class='ocrx_word' id='word_1_212' title='bbox 1725 1788 1779 1834; x_wconf 90' lang='lat' dir='ltr'><strong>et</strong></span> <span class='ocrx_word' id='word_1_213' title='bbox 1800 1781 2019 1836; x_wconf 87' lang='lat' dir='ltr'><strong>Germa-</strong></span> 
     </span>
    </p>
   </div>
   <div class='ocr_carea' id='block_1_33' title="bbox 409 1868 2024 1943">
    <p class='ocr_par' dir='ltr' id='par_1_33' title="bbox 409 1868 2024 1943">
     <span class='ocr_line' id='line_1_33' title="bbox 409 1868 2024 1943; baseline 0 -20"><span class='ocrx_word' id='word_1_214' title='bbox 409 1871 534 1937; x_wconf 70' lang='lat' dir='ltr'><strong>nize,</strong></span> <span class='ocrx_word' id='word_1_215' title='bbox 570 1869 889 1936; x_wconf 89' lang='lat' dir='ltr'><strong>eminentia,</strong></span> <span class='ocrx_word' id='word_1_216' title='bbox 922 1876 976 1924; x_wconf 88' lang='lat' dir='ltr'><strong>et</strong></span> <span class='ocrx_word' id='word_1_217' title='bbox 1016 1868 1251 1938; x_wconf 88' lang='lat' dir='ltr'><strong>insuper</strong></span> <span class='ocrx_word' id='word_1_218' title='bbox 1280 1868 1587 1939; x_wconf 90' lang='lat' dir='ltr'><strong>imperialis</strong></span> <span class='ocrx_word' id='word_1_219' title='bbox 1625 1870 2024 1943; x_wconf 85' lang='lat' dir='ltr'><strong>consanguini-</strong></span> 
     </span>
    </p>
   </div>
   <div class='ocr_carea' id='block_1_34' title="bbox 410 1959 2027 2035">
    <p class='ocr_par' dir='ltr' id='par_1_34' title="bbox 410 1959 2027 2035">
     <span class='ocr_line' id='line_1_34' title="bbox 410 1959 2027 2035; baseline -0.002 -18"><span class='ocrx_word' id='word_1_220' title='bbox 410 1962 536 2017; x_wconf 88' lang='lat' dir='ltr'><strong>tatis</strong></span> <span class='ocrx_word' id='word_1_221' title='bbox 575 1962 890 2016; x_wconf 89' lang='lat' dir='ltr'><strong>cumulabat</strong></span> <span class='ocrx_word' id='word_1_222' title='bbox 927 1959 1357 2035; x_wconf 88' lang='lat' dir='ltr'><strong>magnificentia.</strong></span> <span class='ocrx_word' id='word_1_223' title='bbox 1400 1960 1622 2015; x_wconf 89' lang='lat' dir='ltr'><strong>Matrem</strong></span> <span class='ocrx_word' id='word_1_224' title='bbox 1661 1977 1867 2031; x_wconf 89' lang='lat' dir='ltr'><strong>nempe</strong></span> <span class='ocrx_word' id='word_1_225' title='bbox 1908 1962 2027 2031; x_wconf 88' lang='lat' dir='ltr'><strong>ejus</strong></span> 
     </span>
    </p>
   </div>
   <div class='ocr_carea' id='block_1_35' title="bbox 412 2051 2028 2125">
    <p class='ocr_par' dir='ltr' id='par_1_35' title="bbox 412 2051 2028 2125">
     <span class='ocr_line' id='line_1_35' title="bbox 412 2051 2028 2125; baseline 0 -18"><span class='ocrx_word' id='word_1_226' title='bbox 412 2054 620 2109; x_wconf 83' lang='lat' dir='ltr'><strong>scimus</strong></span> <span class='ocrx_word' id='word_1_227' title='bbox 676 2053 949 2108; x_wconf 83' lang='lat' dir='ltr'><strong>Mathildis</strong></span> <span class='ocrx_word' id='word_1_228' title='bbox 1003 2053 1210 2125; x_wconf 66' lang='lat' dir='ltr'><strong>reginae</strong></span> <span class='ocrx_word' id='word_1_229' title='bbox 1267 2051 1436 2107; x_wconf 88' lang='lat' dir='ltr'><strong>fuisse</strong></span> <span class='ocrx_word' id='word_1_230' title='bbox 1483 2068 1751 2119; x_wconf 79' lang='lat' dir='ltr'><strong>sororem,</strong></span> <span class='ocrx_word' id='word_1_231' title='bbox 1791 2069 1914 2123; x_wconf 63' lang='lat' dir='ltr'><strong>quae</strong></span> <span class='ocrx_word' id='word_1_232' title='bbox 1962 2070 2028 2107; x_wconf 84' lang='lat' dir='ltr'><strong>ex</strong></span> 
     </span>
    </p>
   </div>
   <div class='ocr_carea' id='block_1_36' title="bbox 413 2139 2027 2214">
    <p class='ocr_par' dir='ltr' id='par_1_36' title="bbox 413 2139 2027 2214">
     <span class='ocr_line' id='line_1_36' title="bbox 413 2139 2027 2214; baseline -0.004 -16"><span class='ocrx_word' id='word_1_233' title='bbox 413 2143 668 2198; x_wconf 83' lang='lat' dir='ltr'><strong>Heinrico</strong></span> <span class='ocrx_word' id='word_1_234' title='bbox 690 2157 817 2214; x_wconf 86' lang='lat' dir='ltr'><strong>rege</strong></span> <span class='ocrx_word' id='word_1_235' title='bbox 847 2140 1038 2214; x_wconf 84' lang='lat' dir='ltr'><strong>genuit</strong></span> <span class='ocrx_word' id='word_1_236' title='bbox 1068 2140 1319 2194; x_wconf 90' lang='lat' dir='ltr'><strong>Ottonem</strong></span> <span class='ocrx_word' id='word_1_237' title='bbox 1343 2139 1607 2206; x_wconf 88' lang='lat' dir='ltr'><strong>majorem</strong></span> <span class='ocrx_word' id='word_1_238' title='bbox 1640 2149 1694 2194; x_wconf 92' lang='lat' dir='ltr'><strong>et</strong></span> <span class='ocrx_word' id='word_1_239' title='bbox 1722 2140 2027 2194; x_wconf 88' lang='lat' dir='ltr'><strong>llcinricum</strong></span> 
     </span>
    </p>
   </div>
   <div class='ocr_carea' id='block_1_37' title="bbox 415 2231 2026 2305">
    <p class='ocr_par' dir='ltr' id='par_1_37' title="bbox 415 2231 2026 2305">
     <span class='ocr_line' id='line_1_37' title="bbox 415 2231 2026 2305; baseline -0.002 -16"><span class='ocrx_word' id='word_1_240' title='bbox 415 2236 633 2297; x_wconf 88' lang='lat' dir='ltr'><strong>ducem,</strong></span> <span class='ocrx_word' id='word_1_241' title='bbox 667 2248 969 2303; x_wconf 89' lang='lat' dir='ltr'><strong>eorumque</strong></span> <span class='ocrx_word' id='word_1_242' title='bbox 997 2231 1217 2286; x_wconf 90' lang='lat' dir='ltr'><strong>fratrem</strong></span> <span class='ocrx_word' id='word_1_243' title='bbox 1251 2232 1419 2285; x_wconf 88' lang='lat' dir='ltr'><strong>multa</strong></span> <span class='ocrx_word' id='word_1_244' title='bbox 1441 2232 1601 2285; x_wconf 89' lang='lat' dir='ltr'><strong>laude</strong></span> <span class='ocrx_word' id='word_1_245' title='bbox 1629 2232 1854 2305; x_wconf 88' lang='lat' dir='ltr'><strong>dignum</strong></span> <span class='ocrx_word' id='word_1_246' title='bbox 1889 2233 2026 2285; x_wconf 43' lang='lat' dir='ltr'><strong>Bruc</strong></span> 
     </span>
    </p>
   </div>
   <div class='ocr_carea' id='block_1_38' title="bbox 417 2322 2028 2395">
    <p class='ocr_par' dir='ltr' id='par_1_38' title="bbox 417 2322 2028 2395">
     <span class='ocr_line' id='line_1_38' title="bbox 417 2322 2028 2395; baseline -0.002 -15"><span class='ocrx_word' id='word_1_247' title='bbox 417 2341 643 2387; x_wconf 91' lang='lat' dir='ltr'><strong>nonem,</strong></span> <span class='ocrx_word' id='word_1_248' title='bbox 673 2323 766 2395; x_wconf 93' lang='lat' dir='ltr'><strong>qui</strong></span> <span class='ocrx_word' id='word_1_249' title='bbox 808 2323 883 2378; x_wconf 90' lang='lat' dir='ltr'><strong>ita</strong></span> <span class='ocrx_word' id='word_1_250' title='bbox 912 2322 1057 2377; x_wconf 87' lang='lat' dir='ltr'><strong>inter</strong></span> <span class='ocrx_word' id='word_1_251' title='bbox 1100 2338 1296 2377; x_wconf 89' lang='lat' dir='ltr'><strong>omnes</strong></span> <span class='ocrx_word' id='word_1_252' title='bbox 1337 2323 1603 2393; x_wconf 87' lang='lat' dir='ltr'><strong>temporis</strong></span> <span class='ocrx_word' id='word_1_253' title='bbox 1640 2322 1788 2376; x_wconf 89' lang='lat' dir='ltr'><strong>illius</strong></span> <span class='ocrx_word' id='word_1_254' title='bbox 1816 2323 2028 2377; x_wconf 89' lang='lat' dir='ltr'><strong>emica-</strong></span> 
     </span>
    </p>
   </div>
   <div class='ocr_carea' id='block_1_39' title="bbox 420 2416 2026 2492">
    <p class='ocr_par' dir='ltr' id='par_1_39' title="bbox 420 2416 2026 2492">
     <span class='ocr_line' id='line_1_39' title="bbox 420 2416 2026 2492; baseline -0.001 -18"><span class='ocrx_word' id='word_1_255' title='bbox 420 2422 509 2475; x_wconf 80' lang='lat' dir='ltr'><strong>bat</strong></span> <span class='ocrx_word' id='word_1_256' title='bbox 541 2417 1164 2483; x_wconf 82' lang='lat' dir='ltr'><strong>mortales,&#39;velutintcr</strong></span> <span class='ocrx_word' id='word_1_257' title='bbox 1194 2418 1352 2492; x_wconf 85' lang='lat' dir='ltr'><strong>ignes</strong></span> <span class='ocrx_word' id='word_1_258' title='bbox 1383 2416 1511 2472; x_wconf 89' lang='lat' dir='ltr'><strong>luna</strong></span> <span class='ocrx_word' id='word_1_259' title='bbox 1543 2418 1785 2473; x_wconf 89' lang='lat' dir='ltr'><strong>minores</strong></span> <span class='ocrx_word' id='word_1_260' title='bbox 1809 2420 2026 2485; x_wconf 68' lang='lat' dir='ltr'><strong>(Hoaar.</strong></span> 
     </span>
    </p>
   </div>
   <div class='ocr_carea' id='block_1_40' title="bbox 420 2505 2034 2579">
    <p class='ocr_par' dir='ltr' id='par_1_40' title="bbox 420 2505 2034 2579">
     <span class='ocr_line' id='line_1_40' title="bbox 420 2505 2034 2579; baseline -0.003 -13"><span class='ocrx_word' id='word_1_261' title='bbox 420 2512 518 2566; x_wconf 86' lang='lat' dir='ltr'><strong>0d.</strong></span> <span class='ocrx_word' id='word_1_262' title='bbox 559 2526 597 2575; x_wconf 84' lang='grc' dir='ltr'><strong>ι,</strong></span> <span class='ocrx_word' id='word_1_263' title='bbox 632 2510 735 2579; x_wconf 71' lang='grc'><strong>12).</strong></span> <span class='ocrx_word' id='word_1_264' title='bbox 781 2508 870 2562; x_wconf 69' lang='lat' dir='ltr'><strong>lla:</strong></span> <span class='ocrx_word' id='word_1_265' title='bbox 906 2523 1036 2562; x_wconf 89' lang='lat' dir='ltr'><strong>vero</strong></span> <span class='ocrx_word' id='word_1_266' title='bbox 1068 2514 1225 2561; x_wconf 86' lang='lat' dir='ltr'><strong>erant</strong></span> <span class='ocrx_word' id='word_1_267' title='bbox 1255 2507 1400 2576; x_wconf 74' lang='lat'>(929)</span> <span class='ocrx_word' id='word_1_268' title='bbox 1452 2505 1574 2561; x_wconf 68' lang='lat' dir='ltr'><strong>filiae</strong></span> <span class='ocrx_word' id='word_1_269' title='bbox 1605 2508 1880 2562; x_wconf 86' lang='lat' dir='ltr'><strong>Thiadrici</strong></span> <span class='ocrx_word' id='word_1_270' title='bbox 1938 2508 2034 2561; x_wconf 91' lang='lat' dir='ltr'><strong>du-</strong></span> 
     </span>
    </p>
   </div>
   <div class='ocr_carea' id='block_1_41' title="bbox 420 2595 2035 2669">
    <p class='ocr_par' dir='ltr' id='par_1_41' title="bbox 420 2595 2035 2669">
     <span class='ocr_line' id='line_1_41' title="bbox 420 2595 2035 2669; baseline -0.001 -16"><span class='ocrx_word' id='word_1_271' title='bbox 420 2599 519 2666; x_wconf 92' lang='lat' dir='ltr'><strong>cis,</strong></span> <span class='ocrx_word' id='word_1_272' title='bbox 543 2613 779 2669; x_wconf 89' lang='lat' dir='ltr'><strong>quarum</strong></span> <span class='ocrx_word' id='word_1_273' title='bbox 802 2595 998 2650; x_wconf 84' lang='lat' dir='ltr'><strong>fratres</strong></span> <span class='ocrx_word' id='word_1_274' title='bbox 1023 2602 1180 2650; x_wconf 89' lang='lat' dir='ltr'><strong>erant</strong></span> <span class='ocrx_word' id='word_1_275' title='bbox 1208 2596 1529 2661; x_wconf 87' lang='lat' dir='ltr'><strong>Windukin,</strong></span> <span class='ocrx_word' id='word_1_276' title='bbox 1565 2597 1770 2651; x_wconf 90' lang='lat' dir='ltr'><strong>lmmed</strong></span> <span class='ocrx_word' id='word_1_277' title='bbox 1801 2598 2035 2652; x_wconf 79' lang='lat' dir='ltr'><strong>etBein-</strong></span> 
     </span>
    </p>
   </div>
   <div class='ocr_carea' id='block_1_42' title="bbox 421 2687 2037 2758">
    <p class='ocr_par' dir='ltr' id='par_1_42' title="bbox 421 2687 2037 2758">
     <span class='ocr_line' id='line_1_42' title="bbox 421 2687 2037 2758; baseline -0.001 -15"><span class='ocrx_word' id='word_1_278' title='bbox 421 2691 579 2743; x_wconf 79' lang='lat' dir='ltr'><strong>bern.</strong></span> <span class='ocrx_word' id='word_1_279' title='bbox 613 2688 891 2743; x_wconf 83' lang='lat' dir='ltr'><strong>Reinbern</strong></span> <span class='ocrx_word' id='word_1_280' title='bbox 919 2694 1098 2741; x_wconf 90' lang='lat' dir='ltr'><strong>autem</strong></span> <span class='ocrx_word' id='word_1_281' title='bbox 1126 2687 1245 2757; x_wconf 92' lang='lat' dir='ltr'><strong>ipse</strong></span> <span class='ocrx_word' id='word_1_282' title='bbox 1277 2694 1411 2751; x_wconf 89' lang='lat' dir='ltr'><strong>erat,</strong></span> <span class='ocrx_word' id='word_1_283' title='bbox 1431 2687 1523 2757; x_wconf 92' lang='lat' dir='ltr'><strong>qui</strong></span> <span class='ocrx_word' id='word_1_284' title='bbox 1557 2689 1817 2758; x_wconf 79' lang='lat' dir='ltr'><strong>pugnavit</strong></span> <span class='ocrx_word' id='word_1_285' title='bbox 1846 2694 2037 2743; x_wconf 88' lang='lat' dir='ltr'><strong>contra</strong></span> 
     </span>
    </p>
   </div>
   <div class='ocr_carea' id='block_1_43' title="bbox 426 2778 2038 2850">
    <p class='ocr_par' dir='ltr' id='par_1_43' title="bbox 426 2778 2038 2850">
     <span class='ocr_line' id='line_1_43' title="bbox 426 2778 2038 2850; baseline -0.001 -15"><span class='ocrx_word' id='word_1_286' title='bbox 426 2783 623 2845; x_wconf 81' lang='lat' dir='ltr'><strong>llanos,</strong></span> <span class='ocrx_word' id='word_1_287' title='bbox 652 2778 825 2833; x_wconf 89' lang='lat' dir='ltr'><strong>multo</strong></span> <span class='ocrx_word' id='word_1_288' title='bbox 858 2786 1108 2847; x_wconf 90' lang='lat' dir='ltr'><strong>tempore</strong></span> <span class='ocrx_word' id='word_1_289' title='bbox 1140 2778 1432 2832; x_wconf 87' lang='lat' dir='ltr'><strong>Saxoniam</strong></span> <span class='ocrx_word' id='word_1_290' title='bbox 1462 2786 1755 2845; x_wconf 79' lang='lat' dir='ltr'><strong>vastantes,</strong></span> <span class='ocrx_word' id='word_1_291' title='bbox 1797 2780 2038 2850; x_wconf 88' lang='lat' dir='ltr'><strong>vicitque</strong></span> 
     </span>
    </p>
   </div>
   <div class='ocr_carea' id='block_1_44' title="bbox 425 2865 2041 2935">
    <p class='ocr_par' dir='ltr' id='par_1_44' title="bbox 425 2865 2041 2935">
     <span class='ocr_line' id='line_1_44' title="bbox 425 2865 2041 2935; baseline -0.001 -12"><span class='ocrx_word' id='word_1_292' title='bbox 425 2884 523 2923; x_wconf 88' lang='lat' dir='ltr'><strong>eos</strong></span> <span class='ocrx_word' id='word_1_293' title='bbox 582 2866 826 2920; x_wconf 86' lang='lat' dir='ltr'><strong>liberans</strong></span> <span class='ocrx_word' id='word_1_294' title='bbox 868 2865 1097 2935; x_wconf 90' lang='lat' dir='ltr'><strong>patriam</strong></span> <span class='ocrx_word' id='word_1_295' title='bbox 1144 2865 1212 2918; x_wconf 89' lang='lat' dir='ltr'><strong>ab</strong></span> <span class='ocrx_word' id='word_1_296' title='bbox 1252 2865 1470 2919; x_wconf 90' lang='lat' dir='ltr'><strong>illorum</strong></span> <span class='ocrx_word' id='word_1_297' title='bbox 1514 2867 1953 2932; x_wconf 86' lang='lat' dir='ltr'><strong>incursionibus;</strong></span> <span class='ocrx_word' id='word_1_298' title='bbox 1987 2874 2041 2922; x_wconf 90' lang='lat' dir='ltr'><strong>et</strong></span> 
     </span>
    </p>
   </div>
   <div class='ocr_carea' id='block_1_45' title="bbox 422 2954 2036 3027">
    <p class='ocr_par' dir='ltr' id='par_1_45' title="bbox 422 2954 2036 3027">
     <span class='ocr_line' id='line_1_45' title="bbox 422 2954 2036 3027; baseline -0.001 -17"><span class='ocrx_word' id='word_1_299' title='bbox 422 2957 479 3011; x_wconf 83' lang='lat' dir='ltr'><strong>hi</strong></span> <span class='ocrx_word' id='word_1_300' title='bbox 510 2963 665 3009; x_wconf 89' lang='lat' dir='ltr'><strong>erant</strong></span> <span class='ocrx_word' id='word_1_301' title='bbox 693 2955 880 3025; x_wconf 89' lang='lat' dir='ltr'><strong>stirpis</strong></span> <span class='ocrx_word' id='word_1_302' title='bbox 910 2954 1092 3025; x_wconf 82' lang='lat' dir='ltr'><strong>magni</strong></span> <span class='ocrx_word' id='word_1_303' title='bbox 1127 2955 1281 3009; x_wconf 88' lang='lat' dir='ltr'><strong>ducis</strong></span> <span class='ocrx_word' id='word_1_304' title='bbox 1306 2955 1685 3023; x_wconf 84' lang='lat' dir='ltr'><strong>Windukindi,</strong></span> <span class='ocrx_word' id='word_1_305' title='bbox 1710 2957 1801 3027; x_wconf 92' lang='lat' dir='ltr'><strong>qui</strong></span> <span class='ocrx_word' id='word_1_306' title='bbox 1832 2957 2036 3011; x_wconf 90' lang='lat' dir='ltr'><strong>bellum</strong></span> 
     </span>
    </p>
   </div>
   <div class='ocr_carea' id='block_1_46' title="bbox 2084 1765 3749 1843">
    <p class='ocr_par' dir='ltr' id='par_1_46' title="bbox 2084 1765 3749 1843">
     <span class='ocr_line' id='line_1_46' title="bbox 2084 1765 3749 1843; baseline 0.002 -19"><span class='ocrx_word' id='word_1_307' title='bbox 2084 1765 2097 1789; x_wconf 77' lang='lat'><em>’</em></span> <span class='ocrx_word' id='word_1_308' title='bbox 2123 1770 2297 1824; x_wconf 89' lang='lat' dir='ltr'><strong>ctrina</strong></span> <span class='ocrx_word' id='word_1_309' title='bbox 2321 1769 2531 1823; x_wconf 89' lang='lat' dir='ltr'><strong>institui</strong></span> <span class='ocrx_word' id='word_1_310' title='bbox 2565 1776 2619 1823; x_wconf 90' lang='lat' dir='ltr'><strong>et</strong></span> <span class='ocrx_word' id='word_1_311' title='bbox 2641 1769 2868 1839; x_wconf 89' lang='lat' dir='ltr'><strong>expoliri</strong></span> <span class='ocrx_word' id='word_1_312' title='bbox 2898 1778 3193 1826; x_wconf 87' lang='lat' dir='ltr'><strong>meruerat.</strong></span> <span class='ocrx_word' id='word_1_313' title='bbox 3232 1770 3295 1825; x_wconf 91' lang='lat' dir='ltr'><strong>Ut</strong></span> <span class='ocrx_word' id='word_1_314' title='bbox 3320 1772 3469 1825; x_wconf 91' lang='lat' dir='ltr'><strong>enim</strong></span> <span class='ocrx_word' id='word_1_315' title='bbox 3504 1772 3582 1826; x_wconf 88' lang='lat' dir='ltr'><strong>ait</strong></span> <span class='ocrx_word' id='word_1_316' title='bbox 3614 1774 3749 1843; x_wconf 88' lang='lat' dir='ltr'><strong>qui-</strong></span> 
     </span>
    </p>
   </div>
   <div class='ocr_carea' id='block_1_47' title="bbox 2130 1862 2847 1927">
    <p class='ocr_par' dir='ltr' id='par_1_47' title="bbox 2130 1862 2847 1927">
     <span class='ocr_line' id='line_1_47' title="bbox 2130 1862 2847 1927; baseline -0.001 -11"><span class='ocrx_word' id='word_1_317' title='bbox 2130 1863 2249 1917; x_wconf 86' lang='lat' dir='ltr'><strong>:lem</strong></span> <span class='ocrx_word' id='word_1_318' title='bbox 2272 1862 2500 1927; x_wconf 66' lang='lat' dir='ltr'><strong>(Hoaa&#39;r.</strong></span> <span class='ocrx_word' id='word_1_319' title='bbox 2545 1863 2645 1918; x_wconf 89' lang='lat' dir='ltr'><strong>0d.</strong></span> <span class='ocrx_word' id='word_1_320' title='bbox 2685 1863 2847 1925; x_wconf 70' lang='lat' dir='ltr'><strong>1v,4).</strong></span> 
     </span>
    </p>
   </div>
   <div class='ocr_carea' id='block_1_48' title="bbox 2230 1952 3208 2019">
    <p class='ocr_par' dir='ltr' id='par_1_48' title="bbox 2230 1952 3208 2019">
     <span class='ocr_line' id='line_1_48' title="bbox 2230 1952 3208 2019; baseline 0 -14"><span class='ocrx_word' id='word_1_321' title='bbox 2230 1953 2487 2005; x_wconf 84' lang='lat' dir='ltr'><strong>Doctrina</strong></span> <span class='ocrx_word' id='word_1_322' title='bbox 2510 1953 2621 2003; x_wconf 82' lang='lat' dir='ltr'><strong>vim</strong></span> <span class='ocrx_word' id='word_1_323' title='bbox 2653 1955 2923 2019; x_wconf 82' lang='lat' dir='ltr'><strong>promovet</strong></span> <span class='ocrx_word' id='word_1_324' title='bbox 2962 1952 3208 2018; x_wconf 81' lang='lat' dir='ltr'><strong>insitam,</strong></span> 
     </span>
    </p>
   </div>
   <div class='ocr_carea' id='block_1_49' title="bbox 2236 2041 3217 2109">
    <p class='ocr_par' dir='ltr' id='par_1_49' title="bbox 2236 2041 3217 2109">
     <span class='ocr_line' id='line_1_49' title="bbox 2236 2041 3217 2109; baseline -0.001 -15"><span class='ocrx_word' id='word_1_325' title='bbox 2236 2042 2485 2109; x_wconf 71' lang='lat' dir='ltr'><strong>ﬂectique</strong></span> <span class='ocrx_word' id='word_1_326' title='bbox 2509 2042 2683 2094; x_wconf 83' lang='lat' dir='ltr'><strong>cultus</strong></span> <span class='ocrx_word' id='word_1_327' title='bbox 2706 2045 2928 2109; x_wconf 84' lang='lat' dir='ltr'><strong>pectora</strong></span> <span class='ocrx_word' id='word_1_328' title='bbox 2954 2041 3217 2094; x_wconf 77' lang='lat' dir='ltr'><strong>roborant</strong></span> 
     </span>
    </p>
   </div>
   <div class='ocr_carea' id='block_1_50' title="bbox 2311 2133 3078 2201">
    <p class='ocr_par' dir='ltr' id='par_1_50' title="bbox 2311 2133 3078 2201">
     <span class='ocr_line' id='line_1_50' title="bbox 2311 2133 3078 2201; baseline -0.003 -14"><span class='ocrx_word' id='word_1_329' title='bbox 2311 2135 2601 2201; x_wconf 83' lang='lat' dir='ltr'><strong>Utcumque</strong></span> <span class='ocrx_word' id='word_1_330' title='bbox 2626 2133 2860 2198; x_wconf 79' lang='lat' dir='ltr'><strong>defecere</strong></span> <span class='ocrx_word' id='word_1_331' title='bbox 2886 2147 3078 2196; x_wconf 75' lang='lat' dir='ltr'><strong>mores,</strong></span> 
     </span>
    </p>
   </div>
   <div class='ocr_carea' id='block_1_51' title="bbox 2384 2223 3233 2292">
    <p class='ocr_par' dir='ltr' id='par_1_51' title="bbox 2384 2223 3233 2292">
     <span class='ocr_line' id='line_1_51' title="bbox 2384 2223 3233 2292; baseline 0 -15"><span class='ocrx_word' id='word_1_332' title='bbox 2384 2225 2711 2278; x_wconf 78' lang='lat' dir='ltr'><strong>Dcdecorant</strong></span> <span class='ocrx_word' id='word_1_333' title='bbox 2727 2225 2866 2277; x_wconf 61' lang='lat' dir='ltr'><strong>bene</strong></span> <span class='ocrx_word' id='word_1_334' title='bbox 2895 2228 3029 2277; x_wconf 84' lang='lat' dir='ltr'><strong>nata</strong></span> <span class='ocrx_word' id='word_1_335' title='bbox 3057 2223 3233 2292; x_wconf 72' lang='lat' dir='ltr'><strong>culpw</strong></span> 
     </span>
    </p>
   </div>
   <div class='ocr_carea' id='block_1_52' title="bbox 2200 2317 3757 2394">
    <p class='ocr_par' dir='ltr' id='par_1_52' title="bbox 2200 2317 3757 2394">
     <span class='ocr_line' id='line_1_52' title="bbox 2200 2317 3757 2394; baseline 0.003 -21"><span class='ocrx_word' id='word_1_336' title='bbox 2200 2320 2253 2373; x_wconf 90' lang='lat'><strong>3.</strong></span> <span class='ocrx_word' id='word_1_337' title='bbox 2284 2323 2359 2373; x_wconf 83' lang='lat' dir='ltr'><strong>De</strong></span> <span class='ocrx_word' id='word_1_338' title='bbox 2388 2321 2714 2388; x_wconf 83' lang='lat' dir='ltr'><strong>promotione</strong></span> <span class='ocrx_word' id='word_1_339' title='bbox 2768 2318 2885 2386; x_wconf 84' lang='lat' dir='ltr'><strong>ejus</strong></span> <span class='ocrx_word' id='word_1_340' title='bbox 2923 2317 2997 2371; x_wconf 88' lang='lat' dir='ltr'><strong>ad</strong></span> <span class='ocrx_word' id='word_1_341' title='bbox 3048 2319 3432 2386; x_wconf 77' lang='lat' dir='ltr'><strong>episcopatum.</strong></span> <span class='ocrx_word' id='word_1_342' title='bbox 3488 2320 3569 2375; x_wconf 89' lang='lat' dir='ltr'><strong>Ne</strong></span> <span class='ocrx_word' id='word_1_343' title='bbox 3621 2338 3757 2394; x_wconf 81' lang='lat' dir='ltr'><strong>ergo</strong></span> 
     </span>
    </p>
   </div>
   <div class='ocr_carea' id='block_1_53' title="bbox 2130 2399 3760 2465">
    <p class='ocr_par' dir='ltr' id='par_1_53' title="bbox 2130 2399 3760 2465">
     <span class='ocr_line' id='line_1_53' title="bbox 2130 2399 3760 2465; baseline 0.007 -12"><span class='ocrx_word' id='word_1_344' title='bbox 2130 2399 2247 2453; x_wconf 83' lang='lat' dir='ltr'><strong>viro</strong></span> <span class='ocrx_word' id='word_1_345' title='bbox 2288 2401 2354 2454; x_wconf 89' lang='lat' dir='ltr'><strong>ad</strong></span> <span class='ocrx_word' id='word_1_346' title='bbox 2396 2403 2683 2458; x_wconf 85' lang='lat' dir='ltr'><strong>utilitatem</strong></span> <span class='ocrx_word' id='word_1_347' title='bbox 2738 2404 3030 2459; x_wconf 90' lang='lat' dir='ltr'><strong>multorum</strong></span> <span class='ocrx_word' id='word_1_348' title='bbox 3087 2410 3213 2457; x_wconf 88' lang='lat' dir='ltr'><strong>nato</strong></span> <span class='ocrx_word' id='word_1_349' title='bbox 3254 2405 3474 2462; x_wconf 89' lang='lat' dir='ltr'><strong>deesset</strong></span> <span class='ocrx_word' id='word_1_350' title='bbox 3522 2411 3760 2465; x_wconf 88' lang='lat' dir='ltr'><strong>materia</strong></span> 
     </span>
    </p>
   </div>
   <div class='ocr_carea' id='block_1_54' title="bbox 2132 2493 3847 2568">
    <p class='ocr_par' dir='ltr' id='par_1_54' title="bbox 2132 2493 3847 2568">
     <span class='ocr_line' id='line_1_54' title="bbox 2132 2493 3847 2568; baseline 0.005 -22"><span class='ocrx_word' id='word_1_351' title='bbox 2132 2493 2415 2561; x_wconf 90' lang='lat' dir='ltr'><strong>virtutum,</strong></span> <span class='ocrx_word' id='word_1_352' title='bbox 2447 2512 2516 2549; x_wconf 92' lang='lat' dir='ltr'><strong>ne</strong></span> <span class='ocrx_word' id='word_1_353' title='bbox 2547 2496 2765 2550; x_wconf 86' lang='lat' dir='ltr'><strong>deesset</strong></span> <span class='ocrx_word' id='word_1_354' title='bbox 2804 2497 2895 2550; x_wconf 89' lang='lat' dir='ltr'><strong>tali</strong></span> <span class='ocrx_word' id='word_1_355' title='bbox 2928 2497 3111 2568; x_wconf 84' lang='lat' dir='ltr'><strong>Opifici</strong></span> <span class='ocrx_word' id='word_1_356' title='bbox 3146 2498 3370 2554; x_wconf 83' lang='lat' dir='ltr'><strong>officina</strong></span> <span class='ocrx_word' id='word_1_357' title='bbox 3410 2503 3757 2555; x_wconf 84' lang='lat' dir='ltr'><strong>exercendo-</strong></span> <span class='ocrx_word' id='word_1_358' title='bbox 3842 2519 3847 2523; x_wconf 70' lang='grc'><em>’</em></span> 
     </span>
    </p>
   </div>
   <div class='ocr_carea' id='block_1_55' title="bbox 2135 2587 3759 2661">
    <p class='ocr_par' dir='ltr' id='par_1_55' title="bbox 2135 2587 3759 2661">
     <span class='ocr_line' id='line_1_55' title="bbox 2135 2587 3759 2661; baseline 0.006 -23"><span class='ocrx_word' id='word_1_359' title='bbox 2135 2601 2248 2639; x_wconf 90' lang='lat' dir='ltr'><strong>rem</strong></span> <span class='ocrx_word' id='word_1_360' title='bbox 2299 2602 2529 2656; x_wconf 90' lang='lat' dir='ltr'><strong>operum</strong></span> <span class='ocrx_word' id='word_1_361' title='bbox 2573 2587 2864 2656; x_wconf 88' lang='lat' dir='ltr'><strong>bonorum,</strong></span> <span class='ocrx_word' id='word_1_362' title='bbox 2924 2590 3160 2658; x_wconf 88' lang='lat' dir='ltr'><strong>providit</strong></span> <span class='ocrx_word' id='word_1_363' title='bbox 3211 2590 3376 2645; x_wconf 86' lang='lat' dir='ltr'><strong>etiam</strong></span> <span class='ocrx_word' id='word_1_364' title='bbox 3435 2607 3606 2661; x_wconf 88' lang='lat' dir='ltr'><strong>super</strong></span> <span class='ocrx_word' id='word_1_365' title='bbox 3654 2594 3759 2647; x_wconf 90' lang='lat' dir='ltr'><strong>hoc</strong></span> 
     </span>
    </p>
   </div>
   <div class='ocr_carea' id='block_1_56' title="bbox 2139 2679 3760 2755">
    <p class='ocr_par' dir='ltr' id='par_1_56' title="bbox 2139 2679 3760 2755">
     <span class='ocr_line' id='line_1_56' title="bbox 2139 2679 3760 2755; baseline 0.005 -24"><span class='ocrx_word' id='word_1_366' title='bbox 2139 2693 2379 2748; x_wconf 89' lang='lat' dir='ltr'><strong>superna</strong></span> <span class='ocrx_word' id='word_1_367' title='bbox 2407 2679 2744 2749; x_wconf 88' lang='lat' dir='ltr'><strong>dispensatio</strong></span> <span class='ocrx_word' id='word_1_368' title='bbox 2774 2695 2884 2734; x_wconf 92' lang='lat' dir='ltr'><strong>non</strong></span> <span class='ocrx_word' id='word_1_369' title='bbox 2930 2681 3104 2736; x_wconf 89' lang='lat' dir='ltr'><strong>solum</strong></span> <span class='ocrx_word' id='word_1_370' title='bbox 3132 2683 3224 2750; x_wconf 88' lang='lat' dir='ltr'><strong>ei,</strong></span> <span class='ocrx_word' id='word_1_371' title='bbox 3278 2692 3361 2738; x_wconf 89' lang='lat' dir='ltr'><strong>set</strong></span> <span class='ocrx_word' id='word_1_372' title='bbox 3401 2691 3457 2738; x_wconf 92' lang='lat' dir='ltr'><strong>et</strong></span> <span class='ocrx_word' id='word_1_373' title='bbox 3489 2683 3760 2755; x_wconf 84' lang='lat' dir='ltr'><strong>profcctui</strong></span> 
     </span>
    </p>
   </div>
   <div class='ocr_carea' id='block_1_57' title="bbox 2141 2770 3759 2845">
    <p class='ocr_par' dir='ltr' id='par_1_57' title="bbox 2141 2770 3759 2845">
     <span class='ocr_line' id='line_1_57' title="bbox 2141 2770 3759 2845; baseline 0.006 -23"><span class='ocrx_word' id='word_1_374' title='bbox 2141 2770 2522 2840; x_wconf 90' lang='lat' dir='ltr'><strong>plurimorum,</strong></span> <span class='ocrx_word' id='word_1_375' title='bbox 2571 2778 2631 2825; x_wconf 89' lang='lat' dir='ltr'><strong>ut</strong></span> <span class='ocrx_word' id='word_1_376' title='bbox 2675 2771 2857 2825; x_wconf 91' lang='lat' dir='ltr'><strong>cultor</strong></span> <span class='ocrx_word' id='word_1_377' title='bbox 2905 2772 3448 2845; x_wconf 64' lang='lat' dir='ltr'><strong>justicizeplantatus</strong></span> <span class='ocrx_word' id='word_1_378' title='bbox 3484 2776 3538 2829; x_wconf 92' lang='lat' dir='ltr'><strong>in</strong></span> <span class='ocrx_word' id='word_1_379' title='bbox 3594 2776 3759 2831; x_wconf 90' lang='lat' dir='ltr'><strong>domo</strong></span> 
     </span>
    </p>
   </div>
   <div class='ocr_carea' id='block_1_58' title="bbox 2140 2858 3759 2931">
    <p class='ocr_par' dir='ltr' id='par_1_58' title="bbox 2140 2858 3759 2931">
     <span class='ocr_line' id='line_1_58' title="bbox 2140 2858 3759 2931; baseline 0.004 -20"><span class='ocrx_word' id='word_1_380' title='bbox 2140 2858 2376 2924; x_wconf 90' lang='lat' dir='ltr'><strong>Domini,</strong></span> <span class='ocrx_word' id='word_1_381' title='bbox 2414 2858 2466 2911; x_wconf 91' lang='lat' dir='ltr'><strong>in</strong></span> <span class='ocrx_word' id='word_1_382' title='bbox 2492 2859 2645 2912; x_wconf 87' lang='lat' dir='ltr'><strong>atriis</strong></span> <span class='ocrx_word' id='word_1_383' title='bbox 2682 2859 2777 2913; x_wconf 89' lang='lat' dir='ltr'><strong>Dei</strong></span> <span class='ocrx_word' id='word_1_384' title='bbox 2805 2860 2977 2914; x_wconf 89' lang='lat' dir='ltr'><strong>nostri</strong></span> <span class='ocrx_word' id='word_1_385' title='bbox 3006 2870 3065 2914; x_wconf 92' lang='lat' dir='ltr'><strong>ut</strong></span> <span class='ocrx_word' id='word_1_386' title='bbox 3099 2860 3282 2931; x_wconf 89' lang='lat' dir='ltr'><strong>palma</strong></span> <span class='ocrx_word' id='word_1_387' title='bbox 3310 2862 3605 2916; x_wconf 89' lang='lat' dir='ltr'><strong>altitudine</strong></span> <span class='ocrx_word' id='word_1_388' title='bbox 3644 2880 3759 2918; x_wconf 89' lang='lat' dir='ltr'><strong>me—</strong></span> 
     </span>
    </p>
   </div>
   <div class='ocr_carea' id='block_1_59' title="bbox 2143 2953 3759 3026">
    <p class='ocr_par' dir='ltr' id='par_1_59' title="bbox 2143 2953 3759 3026">
     <span class='ocr_line' id='line_1_59' title="bbox 2143 2953 3759 3026; baseline 0.002 -20"><span class='ocrx_word' id='word_1_389' title='bbox 2143 2953 2368 3007; x_wconf 90' lang='lat' dir='ltr'><strong>ritorum</strong></span> <span class='ocrx_word' id='word_1_390' title='bbox 2406 2953 2647 3020; x_wconf 83' lang='lat' dir='ltr'><strong>floreret,</strong></span> <span class='ocrx_word' id='word_1_391' title='bbox 2681 2961 2739 3008; x_wconf 90' lang='lat' dir='ltr'><strong>ut</strong></span> <span class='ocrx_word' id='word_1_392' title='bbox 2764 2954 2964 3009; x_wconf 91' lang='lat' dir='ltr'><strong>cedrus</strong></span> <span class='ocrx_word' id='word_1_393' title='bbox 2996 2954 3199 3026; x_wconf 78' lang='lat' dir='ltr'><strong>Lybani</strong></span> <span class='ocrx_word' id='word_1_394' title='bbox 3235 2956 3637 3026; x_wconf 89' lang='lat' dir='ltr'><strong>multiplicatus</strong></span> <span class='ocrx_word' id='word_1_395' title='bbox 3678 2957 3759 3010; x_wconf 88' lang='lat' dir='ltr'><strong>in-</strong></span> 
     </span>
    </p>
   </div>
   <div class='ocr_carea' id='block_1_60' title="bbox 426 3045 3761 3141">
    <p class='ocr_par' dir='ltr' id='par_1_60' title="bbox 426 3045 3761 3141">
     <span class='ocr_line' id='line_1_60' title="bbox 426 3045 3761 3141; baseline 0.001 -44"><span class='ocrx_word' id='word_1_396' title='bbox 426 3046 1014 3120; x_wconf 61' lang='lat' dir='ltr'><strong>I,»otensgessit‘coutra</strong></span> <span class='ocrx_word' id='word_1_397' title='bbox 1044 3062 1302 3118; x_wconf 87' lang='lat' dir='ltr'><strong>magnum</strong></span> <span class='ocrx_word' id='word_1_398' title='bbox 1338 3046 1589 3100; x_wconf 84' lang='lat' dir='ltr'><strong>Karolum</strong></span> <span class='ocrx_word' id='word_1_399' title='bbox 1617 3047 1838 3119; x_wconf 76' lang='lat' dir='ltr'><strong>triginta</strong></span> <span class='ocrx_word' id='word_1_400' title='bbox 1871 3046 2040 3101; x_wconf 87' lang='lat' dir='ltr'><strong>ferme</strong></span> <span class='ocrx_word' id='word_1_401' title='bbox 2069 3074 2117 3141; x_wconf 61' lang='grc' dir='ltr'>Ε</span> <span class='ocrx_word' id='word_1_402' title='bbox 2142 3045 2486 3115; x_wconf 90' lang='lat' dir='ltr'><strong>corruptibili</strong></span> <span class='ocrx_word' id='word_1_403' title='bbox 2516 3046 2892 3114; x_wconf 86' lang='lat' dir='ltr'><strong>exemplorum</strong></span> <span class='ocrx_word' id='word_1_404' title='bbox 2924 3045 3094 3101; x_wconf 88' lang='lat' dir='ltr'><strong>odore</strong></span> <span class='ocrx_word' id='word_1_405' title='bbox 3128 3047 3423 3113; x_wconf 83' lang='lat' dir='ltr'><strong>redoleret,</strong></span> <span class='ocrx_word' id='word_1_406' title='bbox 3453 3047 3761 3102; x_wconf 82' lang='lat' dir='ltr'><strong>sicutoliva</strong></span> 
     </span>
    </p>
   </div>
   <div class='ocr_carea' id='block_1_61' title="bbox 428 3139 2043 3209">
    <p class='ocr_par' dir='ltr' id='par_1_61' title="bbox 428 3139 2043 3209">
     <span class='ocr_line' id='line_1_61' title="bbox 428 3139 2043 3209; baseline -0.001 -15"><span class='ocrx_word' id='word_1_407' title='bbox 428 3155 623 3194; x_wconf 89' lang='lat' dir='ltr'><strong>annos.</strong></span> <span class='ocrx_word' id='word_1_408' title='bbox 658 3139 824 3193; x_wconf 88' lang='lat' dir='ltr'><strong>Porro</strong></span> <span class='ocrx_word' id='word_1_409' title='bbox 858 3139 1194 3204; x_wconf 87' lang='lat' dir='ltr'><strong>Brunoncm,</strong></span> <span class='ocrx_word' id='word_1_410' title='bbox 1227 3155 1388 3209; x_wconf 87' lang='lat' dir='ltr'><strong>quem</strong></span> <span class='ocrx_word' id='word_1_411' title='bbox 1422 3156 1587 3209; x_wconf 90' lang='lat' dir='ltr'><strong>supra</strong></span> <span class='ocrx_word' id='word_1_412' title='bbox 1618 3140 2043 3206; x_wconf 88' lang='lat' dir='ltr'><strong>nominavimus,</strong></span> 
     </span>
    </p>
   </div>
   <div class='ocr_carea' id='block_1_62' title="bbox 427 3229 2044 3303">
    <p class='ocr_par' dir='ltr' id='par_1_62' title="bbox 427 3229 2044 3303">
     <span class='ocr_line' id='line_1_62' title="bbox 427 3229 2044 3303; baseline 0.001 -18"><span class='ocrx_word' id='word_1_413' title='bbox 427 3239 575 3285; x_wconf 89' lang='lat' dir='ltr'><strong>tanta</strong></span> <span class='ocrx_word' id='word_1_414' title='bbox 620 3229 937 3284; x_wconf 90' lang='lat' dir='ltr'><strong>meritorum</strong></span> <span class='ocrx_word' id='word_1_415' title='bbox 970 3230 1328 3303; x_wconf 73' lang='lat' dir='ltr'><strong>praerogativa</strong></span> <span class='ocrx_word' id='word_1_416' title='bbox 1355 3231 1657 3286; x_wconf 85' lang='lat' dir='ltr'><strong>divinitatis</strong></span> <span class='ocrx_word' id='word_1_417' title='bbox 1696 3233 2044 3287; x_wconf 88' lang='lat' dir='ltr'><strong>commenda-</strong></span> 
     </span>
    </p>
   </div>
   <div class='ocr_carea' id='block_1_63' title="bbox 426 3318 2045 3391">
    <p class='ocr_par' dir='ltr' id='par_1_63' title="bbox 426 3318 2045 3391">
     <span class='ocr_line' id='line_1_63' title="bbox 426 3318 2045 3391; baseline 0.001 -17"><span class='ocrx_word' id='word_1_418' title='bbox 426 3320 522 3374; x_wconf 86' lang='lat' dir='ltr'><strong>bat</strong></span> <span class='ocrx_word' id='word_1_419' title='bbox 560 3318 757 3390; x_wconf 88' lang='lat' dir='ltr'><strong>pietas,</strong></span> <span class='ocrx_word' id='word_1_420' title='bbox 813 3324 893 3383; x_wconf 88' lang='lat' dir='ltr'><strong>ut,</strong></span> <span class='ocrx_word' id='word_1_421' title='bbox 946 3334 1108 3388; x_wconf 89' lang='lat' dir='ltr'><strong>quem</strong></span> <span class='ocrx_word' id='word_1_422' title='bbox 1152 3318 1499 3373; x_wconf 89' lang='lat' dir='ltr'><strong>Coloniensis</strong></span> <span class='ocrx_word' id='word_1_423' title='bbox 1538 3320 2045 3391; x_wconf 87' lang='lat' dir='ltr'><strong>archiepiscopatus</strong></span> 
     </span>
    </p>
   </div>
   <div class='ocr_carea' id='block_1_64' title="bbox 429 3407 2045 3481">
    <p class='ocr_par' dir='ltr' id='par_1_64' title="bbox 429 3407 2045 3481">
     <span class='ocr_line' id='line_1_64' title="bbox 429 3407 2045 3481; baseline 0.002 -19"><span class='ocrx_word' id='word_1_424' title='bbox 429 3409 736 3463; x_wconf 89' lang='lat' dir='ltr'><strong>illustrabat</strong></span> <span class='ocrx_word' id='word_1_425' title='bbox 767 3407 1030 3481; x_wconf 88' lang='lat' dir='ltr'><strong>dignitas,</strong></span> <span class='ocrx_word' id='word_1_426' title='bbox 1066 3408 1227 3462; x_wconf 91' lang='lat' dir='ltr'><strong>etiam</strong></span> <span class='ocrx_word' id='word_1_427' title='bbox 1275 3408 1589 3463; x_wconf 85' lang='lat' dir='ltr'><strong>dominatus</strong></span> <span class='ocrx_word' id='word_1_428' title='bbox 1641 3409 1813 3464; x_wconf 91' lang='lat' dir='ltr'><strong>tocius</strong></span> <span class='ocrx_word' id='word_1_429' title='bbox 1848 3410 2045 3466; x_wconf 89' lang='lat' dir='ltr'><strong>Lotha-</strong></span> 
     </span>
    </p>
   </div>
   <div class='ocr_carea' id='block_1_65' title="bbox 433 3500 1469 3576">
    <p class='ocr_par' dir='ltr' id='par_1_65' title="bbox 433 3500 1469 3576">
     <span class='ocr_line' id='line_1_65' title="bbox 433 3500 1469 3576; baseline -0.001 -20"><span class='ocrx_word' id='word_1_430' title='bbox 433 3502 625 3576; x_wconf 65' lang='lat' dir='ltr'><strong>ringiaa</strong></span> <span class='ocrx_word' id='word_1_431' title='bbox 654 3501 945 3573; x_wconf 87' lang='lat' dir='ltr'><strong>iusigniret</strong></span> <span class='ocrx_word' id='word_1_432' title='bbox 965 3500 1274 3556; x_wconf 90' lang='lat' dir='ltr'><strong>sublimitas</strong></span> <span class='ocrx_word' id='word_1_433' title='bbox 1306 3502 1469 3573; x_wconf 78' lang='lat'><strong>(930).</strong></span> 
     </span>
    </p>
   </div>
   <div class='ocr_carea' id='block_1_66' title="bbox 501 3593 2043 3665">
    <p class='ocr_par' dir='ltr' id='par_1_66' title="bbox 501 3593 2043 3665">
     <span class='ocr_line' id='line_1_66' title="bbox 501 3593 2043 3665; baseline 0.006 -23"><span class='ocrx_word' id='word_1_434' title='bbox 501 3593 630 3649; x_wconf 71' lang='lat'><strong>2.9“</strong></span> <span class='ocrx_word' id='word_1_435' title='bbox 669 3593 909 3660; x_wconf 77' lang='lat' dir='ltr'><strong>Qualiter</strong></span> <span class='ocrx_word' id='word_1_436' title='bbox 933 3593 1028 3646; x_wconf 85' lang='lat' dir='ltr'><strong>sub</strong></span> <span class='ocrx_word' id='word_1_437' title='bbox 1059 3593 1355 3663; x_wconf 71' lang='lat' dir='ltr'><strong>disciplina</strong></span> <span class='ocrx_word' id='word_1_438' title='bbox 1395 3594 1578 3647; x_wconf 76' lang='lat' dir='ltr'><strong>damni</strong></span> <span class='ocrx_word' id='word_1_439' title='bbox 1619 3597 1888 3649; x_wconf 81' lang='lat' dir='ltr'><strong>Brunonis</strong></span> <span class='ocrx_word' id='word_1_440' title='bbox 1916 3612 2043 3665; x_wconf 79' lang='lat' dir='ltr'><strong>pro-</strong></span> 
     </span>
    </p>
   </div>
   <div class='ocr_carea' id='block_1_67' title="bbox 428 3688 2043 3760">
    <p class='ocr_par' dir='ltr' id='par_1_67' title="bbox 428 3688 2043 3760">
     <span class='ocr_line' id='line_1_67' title="bbox 428 3688 2043 3760; baseline 0.001 -16"><span class='ocrx_word' id='word_1_441' title='bbox 428 3690 634 3757; x_wconf 76' lang='lat' dir='ltr'><strong>fecerit.</strong></span> <span class='ocrx_word' id='word_1_442' title='bbox 673 3688 838 3757; x_wconf 83' lang='lat' dir='ltr'><strong>llujus</strong></span> <span class='ocrx_word' id='word_1_443' title='bbox 869 3703 999 3759; x_wconf 85' lang='lat' dir='ltr'><strong>ergo</strong></span> <span class='ocrx_word' id='word_1_444' title='bbox 1031 3688 1417 3752; x_wconf 87' lang='lat' dir='ltr'><strong>consobrinus,</strong></span> <span class='ocrx_word' id='word_1_445' title='bbox 1449 3688 1537 3743; x_wconf 92' lang='lat' dir='ltr'><strong>cui</strong></span> <span class='ocrx_word' id='word_1_446' title='bbox 1571 3690 1675 3745; x_wconf 90' lang='lat' dir='ltr'><strong>hoc</strong></span> <span class='ocrx_word' id='word_1_447' title='bbox 1706 3706 1845 3760; x_wconf 84' lang='lat' dir='ltr'><strong>Opus</strong></span> <span class='ocrx_word' id='word_1_448' title='bbox 1884 3692 2043 3746; x_wconf 88' lang='lat' dir='ltr'><strong>cudi-</strong></span> 
     </span>
    </p>
   </div>
   <div class='ocr_carea' id='block_1_68' title="bbox 433 3778 2044 3845">
    <p class='ocr_par' dir='ltr' id='par_1_68' title="bbox 433 3778 2044 3845">
     <span class='ocr_line' id='line_1_68' title="bbox 433 3778 2044 3845; baseline 0.001 -12"><span class='ocrx_word' id='word_1_449' title='bbox 433 3788 539 3845; x_wconf 91' lang='lat' dir='ltr'><strong>tur,</strong></span> <span class='ocrx_word' id='word_1_450' title='bbox 569 3780 904 3834; x_wconf 90' lang='lat' dir='ltr'><strong>Dcodcricus</strong></span> <span class='ocrx_word' id='word_1_451' title='bbox 929 3778 998 3812; x_wconf 73' lang='lat'><strong>9”</strong></span> <span class='ocrx_word' id='word_1_452' title='bbox 1041 3778 1093 3832; x_wconf 92' lang='lat' dir='ltr'><strong>in</strong></span> <span class='ocrx_word' id='word_1_453' title='bbox 1135 3785 1338 3833; x_wconf 69' lang='lat' dir='ltr'><strong>sanctas</strong></span> <span class='ocrx_word' id='word_1_454' title='bbox 1364 3779 1838 3835; x_wconf 84' lang='lat' dir='ltr'><strong>llalberstedensis</strong></span> <span class='ocrx_word' id='word_1_455' title='bbox 1866 3781 2044 3835; x_wconf 88' lang='lat' dir='ltr'><strong>eccle-</strong></span> 
     </span>
    </p>
   </div>
   <div class='ocr_carea' id='block_1_69' title="bbox 427 3871 2043 3946">
    <p class='ocr_par' dir='ltr' id='par_1_69' title="bbox 427 3871 2043 3946">
     <span class='ocr_line' id='line_1_69' title="bbox 427 3871 2043 3946; baseline 0.002 -20"><span class='ocrx_word' id='word_1_456' title='bbox 427 3871 525 3926; x_wconf 64' lang='lat' dir='ltr'><strong>siae</strong></span> <span class='ocrx_word' id='word_1_457' title='bbox 552 3872 763 3946; x_wconf 89' lang='lat' dir='ltr'><strong>gremio</strong></span> <span class='ocrx_word' id='word_1_458' title='bbox 792 3888 824 3925; x_wconf 89' lang='lat' dir='ltr'><strong>a</strong></span> <span class='ocrx_word' id='word_1_459' title='bbox 879 3871 1074 3942; x_wconf 89' lang='lat' dir='ltr'><strong>primis</strong></span> <span class='ocrx_word' id='word_1_460' title='bbox 1116 3872 1277 3927; x_wconf 89' lang='lat' dir='ltr'><strong>annis</strong></span> <span class='ocrx_word' id='word_1_461' title='bbox 1319 3878 1581 3926; x_wconf 76' lang='lat' dir='ltr'><strong>maternze</strong></span> <span class='ocrx_word' id='word_1_462' title='bbox 1628 3874 1841 3943; x_wconf 70' lang='lat' dir='ltr'><strong>pietatis</strong></span> <span class='ocrx_word' id='word_1_463' title='bbox 1874 3875 2043 3929; x_wconf 91' lang='lat' dir='ltr'><strong>ubere</strong></span> 
     </span>
    </p>
   </div>
   <div class='ocr_carea' id='block_1_70' title="bbox 428 3963 2038 4035">
    <p class='ocr_par' dir='ltr' id='par_1_70' title="bbox 428 3963 2038 4035">
     <span class='ocr_line' id='line_1_70' title="bbox 428 3963 2038 4035; baseline 0.001 -17"><span class='ocrx_word' id='word_1_464' title='bbox 428 3963 750 4025; x_wconf 87' lang='lat' dir='ltr'><strong>ablactatus,</strong></span> <span class='ocrx_word' id='word_1_465' title='bbox 804 3971 858 4017; x_wconf 89' lang='lat' dir='ltr'><strong>et</strong></span> <span class='ocrx_word' id='word_1_466' title='bbox 901 3963 1210 4018; x_wconf 91' lang='lat' dir='ltr'><strong>sublimiter</strong></span> <span class='ocrx_word' id='word_1_467' title='bbox 1252 3971 1312 4019; x_wconf 89' lang='lat' dir='ltr'><strong>ut</strong></span> <span class='ocrx_word' id='word_1_468' title='bbox 1357 3964 1711 4035; x_wconf 88' lang='lat' dir='ltr'><strong>competebat</strong></span> <span class='ocrx_word' id='word_1_469' title='bbox 1753 3966 2038 4031; x_wconf 90' lang='lat' dir='ltr'><strong>educatus,</strong></span> 
     </span>
    </p>
   </div>
   <div class='ocr_carea' id='block_1_71' title="bbox 430 4051 2040 4123">
    <p class='ocr_par' dir='ltr' id='par_1_71' title="bbox 430 4051 2040 4123">
     <span class='ocr_line' id='line_1_71' title="bbox 430 4051 2040 4123; baseline 0.002 -18"><span class='ocrx_word' id='word_1_470' title='bbox 430 4059 635 4106; x_wconf 62' lang='lat' dir='ltr'><strong>natura:</strong></span> <span class='ocrx_word' id='word_1_471' title='bbox 675 4057 729 4105; x_wconf 90' lang='lat' dir='ltr'><strong>et</strong></span> <span class='ocrx_word' id='word_1_472' title='bbox 781 4065 996 4106; x_wconf 89' lang='lat' dir='ltr'><strong>morum</strong></span> <span class='ocrx_word' id='word_1_473' title='bbox 1046 4051 1238 4106; x_wconf 90' lang='lat' dir='ltr'><strong>dulces</strong></span> <span class='ocrx_word' id='word_1_474' title='bbox 1289 4058 1343 4107; x_wconf 91' lang='lat' dir='ltr'><strong>et</strong></span> <span class='ocrx_word' id='word_1_475' title='bbox 1385 4052 1585 4107; x_wconf 88' lang='lat' dir='ltr'><strong>uberes</strong></span> <span class='ocrx_word' id='word_1_476' title='bbox 1625 4055 2040 4123; x_wconf 87' lang='lat' dir='ltr'><strong>repromitlebat</strong></span> 
     </span>
    </p>
   </div>
   <div class='ocr_carea' id='block_1_72' title="bbox 430 4143 2033 4218">
    <p class='ocr_par' dir='ltr' id='par_1_72' title="bbox 430 4143 2033 4218">
     <span class='ocr_line' id='line_1_72' title="bbox 430 4143 2033 4218; baseline 0.003 -20"><span class='ocrx_word' id='word_1_477' title='bbox 430 4144 657 4199; x_wconf 88' lang='lat' dir='ltr'><strong>fructus.</strong></span> <span class='ocrx_word' id='word_1_478' title='bbox 710 4143 907 4198; x_wconf 89' lang='lat' dir='ltr'><strong>Verum</strong></span> <span class='ocrx_word' id='word_1_479' title='bbox 967 4144 1061 4198; x_wconf 90' lang='lat' dir='ltr'><strong>ubi</strong></span> <span class='ocrx_word' id='word_1_480' title='bbox 1136 4161 1354 4218; x_wconf 88' lang='lat' dir='ltr'><strong>gemma</strong></span> <span class='ocrx_word' id='word_1_481' title='bbox 1407 4146 1791 4217; x_wconf 89' lang='lat' dir='ltr'><strong>episcoporum</strong></span> <span class='ocrx_word' id='word_1_482' title='bbox 1855 4148 2033 4203; x_wconf 86' lang='lat' dir='ltr'><strong>Bruno</strong></span> 
     </span>
    </p>
   </div>
   <div class='ocr_carea' id='block_1_73' title="bbox 427 4235 2033 4310">
    <p class='ocr_par' dir='ltr' id='par_1_73' title="bbox 427 4235 2033 4310">
     <span class='ocr_line' id='line_1_73' title="bbox 427 4235 2033 4310; baseline 0.002 -20"><span class='ocrx_word' id='word_1_483' title='bbox 427 4235 745 4306; x_wconf 81' lang='lat' dir='ltr'><strong>pontificale</strong></span> <span class='ocrx_word' id='word_1_484' title='bbox 792 4236 1043 4290; x_wconf 90' lang='lat' dir='ltr'><strong>ascendit</strong></span> <span class='ocrx_word' id='word_1_485' title='bbox 1073 4236 1270 4291; x_wconf 89' lang='lat' dir='ltr'><strong>solium</strong></span> <span class='ocrx_word' id='word_1_486' title='bbox 1296 4238 1400 4305; x_wconf 86' lang='lat' dir='ltr'><strong>(an.</strong></span> <span class='ocrx_word' id='word_1_487' title='bbox 1446 4239 1594 4310; x_wconf 76' lang='lat'>933),</span> <span class='ocrx_word' id='word_1_488' title='bbox 1630 4239 1723 4293; x_wconf 85' lang='lat' dir='ltr'><strong>Hic</strong></span> <span class='ocrx_word' id='word_1_489' title='bbox 1757 4246 2033 4309; x_wconf 91' lang='lat' dir='ltr'><strong>assumpta</strong></span> 
     </span>
    </p>
   </div>
   <div class='ocr_carea' id='block_1_74' title="bbox 428 4327 2031 4401">
    <p class='ocr_par' dir='ltr' id='par_1_74' title="bbox 428 4327 2031 4401">
     <span class='ocr_line' id='line_1_74' title="bbox 428 4327 2031 4401; baseline 0.004 -20"><span class='ocrx_word' id='word_1_490' title='bbox 428 4327 598 4383; x_wconf 90' lang='lat' dir='ltr'><strong>forma</strong></span> <span class='ocrx_word' id='word_1_491' title='bbox 634 4327 894 4398; x_wconf 90' lang='lat' dir='ltr'><strong>discipuli</strong></span> <span class='ocrx_word' id='word_1_492' title='bbox 927 4343 986 4382; x_wconf 91' lang='lat' dir='ltr'><strong>se</strong></span> <span class='ocrx_word' id='word_1_493' title='bbox 1045 4329 1164 4396; x_wconf 88' lang='lat' dir='ltr'><strong>ejus</strong></span> <span class='ocrx_word' id='word_1_494' title='bbox 1194 4328 1533 4383; x_wconf 92' lang='lat' dir='ltr'><strong>individuum</strong></span> <span class='ocrx_word' id='word_1_495' title='bbox 1576 4332 1771 4401; x_wconf 79' lang='lat' dir='ltr'><strong>agebat</strong></span> <span class='ocrx_word' id='word_1_496' title='bbox 1801 4332 2031 4388; x_wconf 90' lang='lat' dir='ltr'><strong>socium.</strong></span> 
     </span>
    </p>
   </div>
   <div class='ocr_carea' id='block_1_75' title="bbox 2147 3136 3758 3208">
    <p class='ocr_par' dir='ltr' id='par_1_75' title="bbox 2147 3136 3758 3208">
     <span class='ocr_line' id='line_1_75' title="bbox 2147 3136 3758 3208; baseline 0.002 -20"><span class='ocrx_word' id='word_1_497' title='bbox 2147 3136 2542 3208; x_wconf 84' lang='lat' dir='ltr'><strong>pinguedinem</strong></span> <span class='ocrx_word' id='word_1_498' title='bbox 2577 3136 2786 3191; x_wconf 73' lang='lat' dir='ltr'><strong>lacticis:</strong></span> <span class='ocrx_word' id='word_1_499' title='bbox 2828 3143 2881 3191; x_wconf 90' lang='lat' dir='ltr'><strong>et</strong></span> <span class='ocrx_word' id='word_1_500' title='bbox 2922 3137 3332 3193; x_wconf 88' lang='lat' dir='ltr'><strong>benedictionis</strong></span> <span class='ocrx_word' id='word_1_501' title='bbox 3381 3138 3758 3193; x_wconf 86' lang='lat' dir='ltr'><strong>fructificaret.</strong></span> 
     </span>
    </p>
   </div>
   <div class='ocr_carea' id='block_1_76' title="bbox 2146 3224 3759 3300">
    <p class='ocr_par' dir='ltr' id='par_1_76' title="bbox 2146 3224 3759 3300">
     <span class='ocr_line' id='line_1_76' title="bbox 2146 3224 3759 3300; baseline 0.002 -23"><span class='ocrx_word' id='word_1_502' title='bbox 2146 3226 2300 3279; x_wconf 81' lang='lat' dir='ltr'><strong>Anno</strong></span> <span class='ocrx_word' id='word_1_503' title='bbox 2326 3224 2602 3296; x_wconf 90' lang='lat' dir='ltr'><strong>siquidem</strong></span> <span class='ocrx_word' id='word_1_504' title='bbox 2627 3224 3050 3298; x_wconf 88' lang='lat' dir='ltr'><strong>nongentesimo</strong></span> <span class='ocrx_word' id='word_1_505' title='bbox 3083 3225 3425 3300; x_wconf 80' lang='lat' dir='ltr'><strong>sexagesimo</strong></span> <span class='ocrx_word' id='word_1_506' title='bbox 3457 3227 3708 3282; x_wconf 89' lang='lat' dir='ltr'><strong>secundo</strong></span> <span class='ocrx_word' id='word_1_507' title='bbox 3734 3245 3759 3280; x_wconf 88' lang='lat' dir='ltr'><strong>a</strong></span> 
     </span>
    </p>
   </div>
   <div class='ocr_carea' id='block_1_77' title="bbox 2146 3315 3761 3379">
    <p class='ocr_par' dir='ltr' id='par_1_77' title="bbox 2146 3315 3761 3379">
     <span class='ocr_line' id='line_1_77' title="bbox 2146 3315 3761 3379; baseline 0.004 -12"><span class='ocrx_word' id='word_1_508' title='bbox 2146 3315 2410 3369; x_wconf 90' lang='lat' dir='ltr'><strong>dominici</strong></span> <span class='ocrx_word' id='word_1_509' title='bbox 2441 3315 2683 3369; x_wconf 87' lang='lat' dir='ltr'><strong>hominis</strong></span> <span class='ocrx_word' id='word_1_510' title='bbox 2714 3315 3113 3379; x_wconf 87' lang='lat' dir='ltr'><strong>incarnatione,</strong></span> <span class='ocrx_word' id='word_1_511' title='bbox 3142 3316 3284 3369; x_wconf 91' lang='lat' dir='ltr'><strong>viam</strong></span> <span class='ocrx_word' id='word_1_512' title='bbox 3318 3317 3592 3373; x_wconf 65' lang='lat' dir='ltr'><strong>universa:</strong></span> <span class='ocrx_word' id='word_1_513' title='bbox 3642 3334 3761 3373; x_wconf 86' lang='lat' dir='ltr'><strong>car-</strong></span> 
     </span>
    </p>
   </div>
   <div class='ocr_carea' id='block_1_78' title="bbox 2147 3401 3762 3477">
    <p class='ocr_par' dir='ltr' id='par_1_78' title="bbox 2147 3401 3762 3477">
     <span class='ocr_line' id='line_1_78' title="bbox 2147 3401 3762 3477; baseline 0.004 -23"><span class='ocrx_word' id='word_1_514' title='bbox 2147 3402 2232 3455; x_wconf 87' lang='lat' dir='ltr'><strong>nis</strong></span> <span class='ocrx_word' id='word_1_515' title='bbox 2291 3401 2537 3474; x_wconf 87' lang='lat' dir='ltr'><strong>ingresso</strong></span> <span class='ocrx_word' id='word_1_516' title='bbox 2595 3409 2910 3471; x_wconf 79' lang='lat' dir='ltr'><strong>reparatore</strong></span> <span class='ocrx_word' id='word_1_517' title='bbox 2967 3409 3167 3457; x_wconf 71' lang='lat' dir='ltr'><strong>sanctae</strong></span> <span class='ocrx_word' id='word_1_518' title='bbox 3244 3403 3533 3477; x_wconf 87' lang='lat' dir='ltr'><strong>religionis</strong></span> <span class='ocrx_word' id='word_1_519' title='bbox 3589 3406 3762 3475; x_wconf 90' lang='lat' dir='ltr'><strong>primo</strong></span> 
     </span>
    </p>
   </div>
   <div class='ocr_carea' id='block_1_79' title="bbox 2147 3493 3765 3559">
    <p class='ocr_par' dir='ltr' id='par_1_79' title="bbox 2147 3493 3765 3559">
     <span class='ocr_line' id='line_1_79' title="bbox 2147 3493 3765 3559; baseline 0.004 -15"><span class='ocrx_word' id='word_1_520' title='bbox 2147 3493 2514 3559; x_wconf 82' lang='lat' dir='ltr'><strong>Adelberone,</strong></span> <span class='ocrx_word' id='word_1_521' title='bbox 2552 3493 2784 3547; x_wconf 88' lang='lat' dir='ltr'><strong>vacabat</strong></span> <span class='ocrx_word' id='word_1_522' title='bbox 2813 3494 3072 3548; x_wconf 90' lang='lat' dir='ltr'><strong>cathedra</strong></span> <span class='ocrx_word' id='word_1_523' title='bbox 3100 3503 3305 3549; x_wconf 70' lang='lat' dir='ltr'><strong>sanctae</strong></span> <span class='ocrx_word' id='word_1_524' title='bbox 3341 3496 3635 3551; x_wconf 81' lang='lat' dir='ltr'><strong>Mcttensis</strong></span> <span class='ocrx_word' id='word_1_525' title='bbox 3664 3513 3765 3551; x_wconf 61' lang='lat' dir='ltr'><strong>aec-</strong></span> 
     </span>
    </p>
   </div>
   <div class='ocr_carea' id='block_1_80' title="bbox 2144 3586 3761 3657">
    <p class='ocr_par' dir='ltr' id='par_1_80' title="bbox 2144 3586 3761 3657">
     <span class='ocr_line' id='line_1_80' title="bbox 2144 3586 3761 3657; baseline 0.001 -16"><span class='ocrx_word' id='word_1_526' title='bbox 2144 3587 2560 3656; x_wconf 84' lang='lat' dir='ltr'><strong>clcsiaeprOprio</strong></span> <span class='ocrx_word' id='word_1_527' title='bbox 2605 3586 2841 3641; x_wconf 71' lang='lat' dir='ltr'><strong>viduatae</strong></span> <span class='ocrx_word' id='word_1_528' title='bbox 2870 3595 3107 3657; x_wconf 88' lang='lat' dir='ltr'><strong>pastore.</strong></span> <span class='ocrx_word' id='word_1_529' title='bbox 3153 3587 3271 3642; x_wconf 90' lang='lat' dir='ltr'><strong>Non</strong></span> <span class='ocrx_word' id='word_1_530' title='bbox 3303 3586 3484 3642; x_wconf 89' lang='lat' dir='ltr'><strong>defuit</strong></span> <span class='ocrx_word' id='word_1_531' title='bbox 3528 3588 3639 3643; x_wconf 70' lang='lat' dir='ltr'><strong>subi</strong></span> <span class='ocrx_word' id='word_1_532' title='bbox 3669 3606 3761 3643; x_wconf 86' lang='lat' dir='ltr'><strong>sa-</strong></span> 
     </span>
    </p>
   </div>
   <div class='ocr_carea' id='block_1_81' title="bbox 2145 3679 3761 3753">
    <p class='ocr_par' dir='ltr' id='par_1_81' title="bbox 2145 3679 3761 3753">
     <span class='ocr_line' id='line_1_81' title="bbox 2145 3679 3761 3753; baseline 0.003 -20"><span class='ocrx_word' id='word_1_533' title='bbox 2145 3680 2377 3735; x_wconf 91' lang='lat' dir='ltr'><strong>crarium</strong></span> <span class='ocrx_word' id='word_1_534' title='bbox 2412 3679 2648 3750; x_wconf 89' lang='lat' dir='ltr'><strong>Spiritus</strong></span> <span class='ocrx_word' id='word_1_535' title='bbox 2685 3679 2859 3733; x_wconf 92' lang='lat' dir='ltr'><strong>sancti</strong></span> <span class='ocrx_word' id='word_1_536' title='bbox 2888 3680 3098 3747; x_wconf 83' lang='lat' dir='ltr'><strong>Bruno;</strong></span> <span class='ocrx_word' id='word_1_537' title='bbox 3142 3695 3251 3735; x_wconf 91' lang='lat' dir='ltr'><strong>non</strong></span> <span class='ocrx_word' id='word_1_538' title='bbox 3282 3680 3479 3747; x_wconf 83' lang='lat' dir='ltr'><strong>defuit,</strong></span> <span class='ocrx_word' id='word_1_539' title='bbox 3515 3682 3761 3753; x_wconf 89' lang='lat' dir='ltr'><strong>inquam,</strong></span> 
     </span>
    </p>
   </div>
   <div class='ocr_carea' id='block_1_82' title="bbox 2144 3770 3760 3845">
    <p class='ocr_par' dir='ltr' id='par_1_82' title="bbox 2144 3770 3760 3845">
     <span class='ocr_line' id='line_1_82' title="bbox 2144 3770 3760 3845; baseline 0.002 -22"><span class='ocrx_word' id='word_1_540' title='bbox 2144 3770 2250 3823; x_wconf 91' lang='lat' dir='ltr'><strong>sibi</strong></span> <span class='ocrx_word' id='word_1_541' title='bbox 2281 3771 2364 3825; x_wconf 86' lang='lat' dir='ltr'><strong>vel</strong></span> <span class='ocrx_word' id='word_1_542' title='bbox 2387 3770 2564 3825; x_wconf 89' lang='lat' dir='ltr'><strong>tocius</strong></span> <span class='ocrx_word' id='word_1_543' title='bbox 2611 3770 2765 3845; x_wconf 88' lang='lat' dir='ltr'><strong>regni</strong></span> <span class='ocrx_word' id='word_1_544' title='bbox 2800 3772 3119 3836; x_wconf 91' lang='lat' dir='ltr'><strong>commodo;</strong></span> <span class='ocrx_word' id='word_1_545' title='bbox 3143 3779 3247 3838; x_wconf 89' lang='lat' dir='ltr'><strong>set,</strong></span> <span class='ocrx_word' id='word_1_546' title='bbox 3278 3770 3421 3826; x_wconf 88' lang='lat' dir='ltr'><strong>sicut</strong></span> <span class='ocrx_word' id='word_1_547' title='bbox 3450 3771 3507 3826; x_wconf 89' lang='lat' dir='ltr'><strong>in</strong></span> <span class='ocrx_word' id='word_1_548' title='bbox 3545 3774 3760 3828; x_wconf 73' lang='lat' dir='ltr'><strong>caeteris</strong></span> 
     </span>
    </p>
   </div>
   <div class='ocr_carea' id='block_1_83' title="bbox 2144 3861 3759 3936">
    <p class='ocr_par' dir='ltr' id='par_1_83' title="bbox 2144 3861 3759 3936">
     <span class='ocr_line' id='line_1_83' title="bbox 2144 3861 3759 3936; baseline 0.003 -21"><span class='ocrx_word' id='word_1_549' title='bbox 2144 3861 2327 3917; x_wconf 89' lang='lat' dir='ltr'><strong>facere</strong></span> <span class='ocrx_word' id='word_1_550' title='bbox 2373 3871 2753 3926; x_wconf 89' lang='lat' dir='ltr'><strong>consueverat,</strong></span> <span class='ocrx_word' id='word_1_551' title='bbox 2810 3862 2891 3916; x_wconf 91' lang='lat' dir='ltr'><strong>sic</strong></span> <span class='ocrx_word' id='word_1_552' title='bbox 2918 3871 2972 3917; x_wconf 90' lang='lat' dir='ltr'><strong>et</strong></span> <span class='ocrx_word' id='word_1_553' title='bbox 3022 3863 3077 3917; x_wconf 92' lang='lat' dir='ltr'><strong>in</strong></span> <span class='ocrx_word' id='word_1_554' title='bbox 3116 3861 3220 3918; x_wconf 88' lang='lat' dir='ltr'><strong>hac</strong></span> <span class='ocrx_word' id='word_1_555' title='bbox 3251 3880 3309 3917; x_wconf 92' lang='lat' dir='ltr'><strong>re</strong></span> <span class='ocrx_word' id='word_1_556' title='bbox 3356 3879 3469 3918; x_wconf 90' lang='lat' dir='ltr'><strong>non</strong></span> <span class='ocrx_word' id='word_1_557' title='bbox 3500 3882 3626 3936; x_wconf 69' lang='lat' dir='ltr'><strong>quae</strong></span> <span class='ocrx_word' id='word_1_558' title='bbox 3665 3883 3759 3920; x_wconf 86' lang='lat' dir='ltr'><strong>sua</strong></span> 
     </span>
    </p>
   </div>
   <div class='ocr_carea' id='block_1_84' title="bbox 2142 3954 3757 4027">
    <p class='ocr_par' dir='ltr' id='par_1_84' title="bbox 2142 3954 3757 4027">
     <span class='ocr_line' id='line_1_84' title="bbox 2142 3954 3757 4027; baseline 0.002 -18"><span class='ocrx_word' id='word_1_559' title='bbox 2142 3962 2318 4019; x_wconf 91' lang='lat' dir='ltr'><strong>erant,</strong></span> <span class='ocrx_word' id='word_1_560' title='bbox 2351 3961 2432 4009; x_wconf 88' lang='lat' dir='ltr'><strong>set</strong></span> <span class='ocrx_word' id='word_1_561' title='bbox 2459 3971 2582 4025; x_wconf 67' lang='lat' dir='ltr'><strong>qua:</strong></span> <span class='ocrx_word' id='word_1_562' title='bbox 2612 3955 2739 4010; x_wconf 82' lang='lat' dir='ltr'><strong>Jesu</strong></span> <span class='ocrx_word' id='word_1_563' title='bbox 2782 3954 2999 4021; x_wconf 88' lang='lat' dir='ltr'><strong>Christi,</strong></span> <span class='ocrx_word' id='word_1_564' title='bbox 3032 3955 3334 4027; x_wconf 59' lang='lat' dir='ltr'><strong>quierebat.</strong></span> <span class='ocrx_word' id='word_1_565' title='bbox 3382 3960 3516 4012; x_wconf 89' lang='lat' dir='ltr'><strong>Nam</strong></span> <span class='ocrx_word' id='word_1_566' title='bbox 3550 3960 3757 4014; x_wconf 67' lang='lat' dir='ltr'><strong>caeteris</strong></span> 
     </span>
    </p>
   </div>
   <div class='ocr_carea' id='block_1_85' title="bbox 2141 4047 3750 4123">
    <p class='ocr_par' dir='ltr' id='par_1_85' title="bbox 2141 4047 3750 4123">
     <span class='ocr_line' id='line_1_85' title="bbox 2141 4047 3750 4123; baseline 0.002 -21"><span class='ocrx_word' id='word_1_567' title='bbox 2141 4048 2344 4120; x_wconf 89' lang='lat' dir='ltr'><strong>quibus</strong></span> <span class='ocrx_word' id='word_1_568' title='bbox 2383 4047 2627 4119; x_wconf 86' lang='lat' dir='ltr'><strong>pollebat</strong></span> <span class='ocrx_word' id='word_1_569' title='bbox 2656 4048 2865 4103; x_wconf 88' lang='lat' dir='ltr'><strong>artibus</strong></span> <span class='ocrx_word' id='word_1_570' title='bbox 2902 4048 3069 4102; x_wconf 87' lang='lat' dir='ltr'><strong>etiam</strong></span> <span class='ocrx_word' id='word_1_571' title='bbox 3102 4049 3207 4103; x_wconf 91' lang='lat' dir='ltr'><strong>hoc</strong></span> <span class='ocrx_word' id='word_1_572' title='bbox 3245 4051 3561 4115; x_wconf 88' lang='lat' dir='ltr'><strong>addiderat,</strong></span> <span class='ocrx_word' id='word_1_573' title='bbox 3605 4053 3750 4123; x_wconf 88' lang='lat' dir='ltr'><strong>quod</strong></span> 
     </span>
    </p>
   </div>
   <div class='ocr_carea' id='block_1_86' title="bbox 2138 4136 3759 4210">
    <p class='ocr_par' dir='ltr' id='par_1_86' title="bbox 2138 4136 3759 4210">
     <span class='ocr_line' id='line_1_86' title="bbox 2138 4136 3759 4210; baseline 0.002 -18"><span class='ocrx_word' id='word_1_574' title='bbox 2138 4138 2478 4210; x_wconf 88' lang='lat' dir='ltr'><strong>principibus</strong></span> <span class='ocrx_word' id='word_1_575' title='bbox 2533 4136 2799 4208; x_wconf 90' lang='lat' dir='ltr'><strong>cujusque</strong></span> <span class='ocrx_word' id='word_1_576' title='bbox 2849 4137 3081 4203; x_wconf 90' lang='lat' dir='ltr'><strong>ordinis,</strong></span> <span class='ocrx_word' id='word_1_577' title='bbox 3135 4137 3189 4191; x_wconf 91' lang='lat' dir='ltr'><strong>in</strong></span> <span class='ocrx_word' id='word_1_578' title='bbox 3225 4139 3427 4209; x_wconf 90' lang='lat' dir='ltr'><strong>quibus</strong></span> <span class='ocrx_word' id='word_1_579' title='bbox 3488 4140 3759 4195; x_wconf 72' lang='lat' dir='ltr'><strong>columba:</strong></span> 
     </span>
    </p>
   </div>
   <div class='ocr_carea' id='block_1_87' title="bbox 2138 4229 3757 4301">
    <p class='ocr_par' dir='ltr' id='par_1_87' title="bbox 2138 4229 3757 4301">
     <span class='ocr_line' id='line_1_87' title="bbox 2138 4229 3757 4301; baseline 0.002 -17"><span class='ocrx_word' id='word_1_580' title='bbox 2138 4230 2533 4294; x_wconf 90' lang='lat' dir='ltr'><strong>innocentiam,</strong></span> <span class='ocrx_word' id='word_1_581' title='bbox 2566 4229 2839 4300; x_wconf 89' lang='lat' dir='ltr'><strong>serpentis</strong></span> <span class='ocrx_word' id='word_1_582' title='bbox 2889 4231 3175 4293; x_wconf 91' lang='lat' dir='ltr'><strong>astuciam,</strong></span> <span class='ocrx_word' id='word_1_583' title='bbox 3209 4239 3263 4284; x_wconf 90' lang='lat' dir='ltr'><strong>et</strong></span> <span class='ocrx_word' id='word_1_584' title='bbox 3312 4231 3757 4301; x_wconf 61' lang='lat' dir='ltr'><strong>praecipumtutze</strong></span> 
     </span>
    </p>
   </div>
   <div class='ocr_carea' id='block_1_88' title="bbox 2141 4317 3756 4392">
    <p class='ocr_par' dir='ltr' id='par_1_88' title="bbox 2141 4317 3756 4392">
     <span class='ocr_line' id='line_1_88' title="bbox 2141 4317 3756 4392; baseline 0.001 -19"><span class='ocrx_word' id='word_1_585' title='bbox 2141 4317 2265 4373; x_wconf 85' lang='lat' dir='ltr'><strong>fidei</strong></span> <span class='ocrx_word' id='word_1_586' title='bbox 2291 4319 2700 4389; x_wconf 87' lang='lat' dir='ltr'><strong>simplicitatem</strong></span> <span class='ocrx_word' id='word_1_587' title='bbox 2734 4318 2921 4392; x_wconf 89' lang='lat' dir='ltr'><strong>vigere</strong></span> <span class='ocrx_word' id='word_1_588' title='bbox 2941 4318 3183 4383; x_wconf 86' lang='lat' dir='ltr'><strong>videbat,</strong></span> <span class='ocrx_word' id='word_1_589' title='bbox 3210 4319 3296 4373; x_wconf 87' lang='lat' dir='ltr'><strong>his</strong></span> <span class='ocrx_word' id='word_1_590' title='bbox 3329 4319 3584 4390; x_wconf 89' lang='lat' dir='ltr'><strong>adprime</strong></span> <span class='ocrx_word' id='word_1_591' title='bbox 3624 4320 3756 4375; x_wconf 83' lang='lat' dir='ltr'><strong>ami-</strong></span> 
     </span>
    </p>
   </div>
   <div class='ocr_carea' id='block_1_89' title="bbox 428 4381 3757 4489">
    <p class='ocr_par' dir='ltr' id='par_1_89' title="bbox 428 4381 3757 4489">
     <span class='ocr_line' id='line_1_89' title="bbox 428 4381 3757 4489; baseline -0.002 -18"><span class='ocrx_word' id='word_1_592' title='bbox 428 4417 491 4472; x_wconf 89' lang='lat' dir='ltr'><strong>Et</strong></span> <span class='ocrx_word' id='word_1_593' title='bbox 528 4417 656 4489; x_wconf 91' lang='lat' dir='ltr'><strong>quia</strong></span> <span class='ocrx_word' id='word_1_594' title='bbox 701 4423 819 4472; x_wconf 89' lang='lat' dir='ltr'><strong>erat</strong></span> <span class='ocrx_word' id='word_1_595' title='bbox 856 4417 1135 4488; x_wconf 87' lang='lat' dir='ltr'><strong>quondam</strong></span> <span class='ocrx_word' id='word_1_596' title='bbox 1189 4418 1244 4472; x_wconf 89' lang='lat' dir='ltr'><strong>in</strong></span> <span class='ocrx_word' id='word_1_597' title='bbox 1291 4418 1484 4473; x_wconf 88' lang='lat' dir='ltr'><strong>castris</strong></span> <span class='ocrx_word' id='word_1_598' title='bbox 1546 4419 1785 4474; x_wconf 70' lang='lat' dir='ltr'><strong>cmlcstis</strong></span> <span class='ocrx_word' id='word_1_599' title='bbox 1824 4420 2035 4475; x_wconf 60' lang='lat' dir='ltr'><strong>militiai</strong></span> <span class='ocrx_word' id='word_1_600' title='bbox 2066 4381 2321 4466; x_wconf 87' lang='lat' dir='ltr'><strong>Dcitiam</strong></span> <span class='ocrx_word' id='word_1_601' title='bbox 2368 4427 2519 4464; x_wconf 85' lang='lat' dir='ltr'><strong>suam</strong></span> <span class='ocrx_word' id='word_1_602' title='bbox 2559 4410 3011 4465; x_wconf 88' lang='lat' dir='ltr'><strong>accommodabat</strong></span> <span class='ocrx_word' id='word_1_603' title='bbox 3043 4410 3126 4465; x_wconf 77' lang='lat' dir='ltr'><strong>his</strong></span> <span class='ocrx_word' id='word_1_604' title='bbox 3188 4411 3418 4486; x_wconf 89' lang='lat' dir='ltr'><strong>gratiam</strong></span> <span class='ocrx_word' id='word_1_605' title='bbox 3456 4412 3604 4486; x_wconf 80' lang='lat' dir='ltr'><strong>regis</strong></span> <span class='ocrx_word' id='word_1_606' title='bbox 3664 4430 3757 4466; x_wconf 83' lang='lat' dir='ltr'><strong>cu-</strong></span> 
     </span>
    </p>
   </div>
   <div class='ocr_carea' id='block_1_90' title="bbox 428 4506 2040 4565">
    <p class='ocr_par' dir='ltr' id='par_1_90' title="bbox 428 4506 2040 4565">
     <span class='ocr_line' id='line_1_90' title="bbox 428 4506 2040 4565; baseline 0.001 -3"><span class='ocrx_word' id='word_1_607' title='bbox 428 4506 663 4562; x_wconf 89' lang='lat' dir='ltr'><strong>civiliter</strong></span> <span class='ocrx_word' id='word_1_608' title='bbox 709 4506 1060 4565; x_wconf 88' lang='lat' dir='ltr'><strong>militaturus.</strong></span> <span class='ocrx_word' id='word_1_609' title='bbox 1101 4506 1202 4560; x_wconf 92' lang='lat' dir='ltr'><strong>sub</strong></span> <span class='ocrx_word' id='word_1_610' title='bbox 1243 4522 1309 4560; x_wconf 89' lang='lat' dir='ltr'><strong>eo</strong></span> <span class='ocrx_word' id='word_1_611' title='bbox 1360 4506 1415 4560; x_wconf 91' lang='lat' dir='ltr'><strong>in</strong></span> <span class='ocrx_word' id='word_1_612' title='bbox 1461 4513 1662 4562; x_wconf 63' lang='lat' dir='ltr'><strong>sancta:</strong></span> <span class='ocrx_word' id='word_1_613' title='bbox 1697 4506 2040 4563; x_wconf 85' lang='lat' dir='ltr'><strong>Coloniensis</strong></span> 
     </span>
    </p>
   </div>
   <div class='ocr_carea' id='block_1_91' title="bbox 429 4595 2038 4670">
    <p class='ocr_par' dir='ltr' id='par_1_91' title="bbox 429 4595 2038 4670">
     <span class='ocr_line' id='line_1_91' title="bbox 429 4595 2038 4670; baseline 0 -19"><span class='ocrx_word' id='word_1_614' title='bbox 429 4597 678 4652; x_wconf 66' lang='lat' dir='ltr'><strong>ecclesiae</strong></span> <span class='ocrx_word' id='word_1_615' title='bbox 711 4595 998 4670; x_wconf 86' lang='lat' dir='ltr'><strong>gymnasio</strong></span> <span class='ocrx_word' id='word_1_616' title='bbox 1020 4596 1090 4630; x_wconf 70' lang='lat'><strong>9‘5</strong></span> <span class='ocrx_word' id='word_1_617' title='bbox 1117 4612 1216 4666; x_wconf 91' lang='lat' dir='ltr'><strong>per</strong></span> <span class='ocrx_word' id='word_1_618' title='bbox 1240 4595 1457 4650; x_wconf 89' lang='lat' dir='ltr'><strong>diutina</strong></span> <span class='ocrx_word' id='word_1_619' title='bbox 1487 4595 1697 4650; x_wconf 90' lang='lat' dir='ltr'><strong>diludia</strong></span> <span class='ocrx_word' id='word_1_620' title='bbox 1720 4596 1933 4651; x_wconf 89' lang='lat' dir='ltr'><strong>liberali</strong></span> <span class='ocrx_word' id='word_1_621' title='bbox 1958 4606 2038 4669; x_wconf 83' lang='lat' dir='ltr'><strong>ty-</strong></span> 
     </span>
    </p>
   </div>
   <div class='ocr_carea' id='block_1_92' title="bbox 430 4686 2040 4758">
    <p class='ocr_par' dir='ltr' id='par_1_92' title="bbox 430 4686 2040 4758">
     <span class='ocr_line' id='line_1_92' title="bbox 430 4686 2040 4758; baseline 0.001 -17"><span class='ocrx_word' id='word_1_622' title='bbox 430 4687 640 4743; x_wconf 92' lang='lat' dir='ltr'><strong>rocinio</strong></span> <span class='ocrx_word' id='word_1_623' title='bbox 670 4693 753 4741; x_wconf 89' lang='lat' dir='ltr'><strong>est</strong></span> <span class='ocrx_word' id='word_1_624' title='bbox 779 4686 1128 4750; x_wconf 89' lang='lat' dir='ltr'><strong>exercilatus,</strong></span> <span class='ocrx_word' id='word_1_625' title='bbox 1163 4696 1217 4741; x_wconf 90' lang='lat' dir='ltr'><strong>et</strong></span> <span class='ocrx_word' id='word_1_626' title='bbox 1245 4687 1617 4758; x_wconf 89' lang='lat' dir='ltr'><strong>perdiuturna</strong></span> <span class='ocrx_word' id='word_1_627' title='bbox 1644 4688 1894 4758; x_wconf 89' lang='lat' dir='ltr'><strong>proludia</strong></span> <span class='ocrx_word' id='word_1_628' title='bbox 1921 4689 2040 4742; x_wconf 84' lang='lat' dir='ltr'><strong>lau-</strong></span> 
     </span>
    </p>
   </div>
   <div class='ocr_carea' id='block_1_93' title="bbox 430 4778 2036 4852">
    <p class='ocr_par' dir='ltr' id='par_1_93' title="bbox 430 4778 2036 4852">
     <span class='ocr_line' id='line_1_93' title="bbox 430 4778 2036 4852; baseline 0.002 -21"><span class='ocrx_word' id='word_1_629' title='bbox 430 4780 687 4833; x_wconf 91' lang='lat' dir='ltr'><strong>dabiliter</strong></span> <span class='ocrx_word' id='word_1_630' title='bbox 706 4779 985 4851; x_wconf 90' lang='lat' dir='ltr'><strong>probatus.</strong></span> <span class='ocrx_word' id='word_1_631' title='bbox 1010 4778 1262 4833; x_wconf 88' lang='lat' dir='ltr'><strong>Discebat</strong></span> <span class='ocrx_word' id='word_1_632' title='bbox 1294 4779 1920 4844; x_wconf 79' lang='lat' dir='ltr'><strong>ibihumilitersubesse,</strong></span> <span class='ocrx_word' id='word_1_633' title='bbox 1942 4782 2036 4852; x_wconf 87' lang='lat' dir='ltr'><strong>qui</strong></span> 
     </span>
    </p>
   </div>
   <div class='ocr_carea' id='block_1_94' title="bbox 430 4867 2038 4940">
    <p class='ocr_par' dir='ltr' id='par_1_94' title="bbox 430 4867 2038 4940">
     <span class='ocr_line' id='line_1_94' title="bbox 430 4867 2038 4940; baseline 0.003 -20"><span class='ocrx_word' id='word_1_634' title='bbox 430 4867 670 4921; x_wconf 88' lang='lat' dir='ltr'><strong>debebat</strong></span> <span class='ocrx_word' id='word_1_635' title='bbox 685 4868 872 4922; x_wconf 90' lang='lat' dir='ltr'><strong>multis</strong></span> <span class='ocrx_word' id='word_1_636' title='bbox 890 4869 1186 4940; x_wconf 89' lang='lat' dir='ltr'><strong>aliquando</strong></span> <span class='ocrx_word' id='word_1_637' title='bbox 1200 4868 1409 4923; x_wconf 89' lang='lat' dir='ltr'><strong>utiliter</strong></span> <span class='ocrx_word' id='word_1_638' title='bbox 1420 4886 1678 4939; x_wconf 61' lang='lat' dir='ltr'><strong>praeesse,</strong></span> <span class='ocrx_word' id='word_1_639' title='bbox 1698 4877 1751 4924; x_wconf 91' lang='lat' dir='ltr'><strong>ct</strong></span> <span class='ocrx_word' id='word_1_640' title='bbox 1773 4870 2038 4937; x_wconf 86' lang='lat' dir='ltr'><strong>subjectis</strong></span> 
     </span>
    </p>
   </div>
   <div class='ocr_carea' id='block_1_95' title="bbox 430 4958 2038 5033">
    <p class='ocr_par' dir='ltr' id='par_1_95' title="bbox 430 4958 2038 5033">
     <span class='ocr_line' id='line_1_95' title="bbox 430 4958 2038 5033; baseline 0.002 -20"><span class='ocrx_word' id='word_1_641' title='bbox 430 4958 622 5013; x_wconf 91' lang='lat' dir='ltr'><strong>humili</strong></span> <span class='ocrx_word' id='word_1_642' title='bbox 647 4967 701 5013; x_wconf 89' lang='lat' dir='ltr'><strong>et</strong></span> <span class='ocrx_word' id='word_1_643' title='bbox 726 4961 963 5015; x_wconf 90' lang='lat' dir='ltr'><strong>discreta</strong></span> <span class='ocrx_word' id='word_1_644' title='bbox 986 4961 1304 5033; x_wconf 78' lang='lat' dir='ltr'><strong>praelatione</strong></span> <span class='ocrx_word' id='word_1_645' title='bbox 1326 4963 1555 5017; x_wconf 91' lang='lat' dir='ltr'><strong>utillime</strong></span> <span class='ocrx_word' id='word_1_646' title='bbox 1598 4963 1878 5033; x_wconf 86' lang='lat' dir='ltr'><strong>prodesse.</strong></span> <span class='ocrx_word' id='word_1_647' title='bbox 1916 4964 2038 5018; x_wconf 85' lang='lat' dir='ltr'><strong>Erat</strong></span> 
     </span>
    </p>
   </div>
   <div class='ocr_carea' id='block_1_96' title="bbox 430 5050 2033 5126">
    <p class='ocr_par' dir='ltr' id='par_1_96' title="bbox 430 5050 2033 5126">
     <span class='ocr_line' id='line_1_96' title="bbox 430 5050 2033 5126; baseline 0.003 -22"><span class='ocrx_word' id='word_1_648' title='bbox 430 5050 486 5104; x_wconf 91' lang='lat' dir='ltr'><strong>in</strong></span> <span class='ocrx_word' id='word_1_649' title='bbox 502 5058 756 5122; x_wconf 90' lang='lat' dir='ltr'><strong>utroque,</strong></span> <span class='ocrx_word' id='word_1_650' title='bbox 780 5053 927 5124; x_wconf 88' lang='lat' dir='ltr'><strong>quod</strong></span> <span class='ocrx_word' id='word_1_651' title='bbox 949 5061 1181 5126; x_wconf 88' lang='lat' dir='ltr'><strong>uterque</strong></span> <span class='ocrx_word' id='word_1_652' title='bbox 1212 5054 1268 5109; x_wconf 93' lang='lat' dir='ltr'><strong>in</strong></span> <span class='ocrx_word' id='word_1_653' title='bbox 1285 5056 1548 5111; x_wconf 88' lang='lat' dir='ltr'><strong>alterutro</strong></span> <span class='ocrx_word' id='word_1_654' title='bbox 1579 5055 2033 5126; x_wconf 83' lang='lat' dir='ltr'><strong>amplecteretur;</strong></span> 
     </span>
    </p>
   </div>
   <div class='ocr_carea' id='block_1_97' title="bbox 2141 4501 3756 4574">
    <p class='ocr_par' dir='ltr' id='par_1_97' title="bbox 2141 4501 3756 4574">
     <span class='ocr_line' id='line_1_97' title="bbox 2141 4501 3756 4574; baseline 0.001 -17"><span class='ocrx_word' id='word_1_655' title='bbox 2141 4503 2401 4557; x_wconf 89' lang='lat' dir='ltr'><strong>mulatius</strong></span> <span class='ocrx_word' id='word_1_656' title='bbox 2442 4501 2792 4556; x_wconf 86' lang='lat' dir='ltr'><strong>conciliabat.</strong></span> <span class='ocrx_word' id='word_1_657' title='bbox 2825 4502 2878 4555; x_wconf 91' lang='lat' dir='ltr'><strong>Si</strong></span> <span class='ocrx_word' id='word_1_658' title='bbox 2912 4518 3052 4574; x_wconf 90' lang='lat' dir='ltr'><strong>quos</strong></span> <span class='ocrx_word' id='word_1_659' title='bbox 3099 4502 3285 4556; x_wconf 90' lang='lat' dir='ltr'><strong>talium</strong></span> <span class='ocrx_word' id='word_1_660' title='bbox 3314 4503 3531 4573; x_wconf 88' lang='lat' dir='ltr'><strong>privata</strong></span> <span class='ocrx_word' id='word_1_661' title='bbox 3583 4504 3756 4558; x_wconf 87' lang='lat' dir='ltr'><strong>adhuc</strong></span> 
     </span>
    </p>
   </div>
   <div class='ocr_carea' id='block_1_98' title="bbox 2140 4593 3753 4664">
    <p class='ocr_par' dir='ltr' id='par_1_98' title="bbox 2140 4593 3753 4664">
     <span class='ocr_line' id='line_1_98' title="bbox 2140 4593 3753 4664; baseline -0.001 -14"><span class='ocrx_word' id='word_1_662' title='bbox 2140 4596 2249 4650; x_wconf 89' lang='lat' dir='ltr'><strong>vita</strong></span> <span class='ocrx_word' id='word_1_663' title='bbox 2280 4593 2591 4658; x_wconf 88' lang='lat' dir='ltr'><strong>oscurabat,</strong></span> <span class='ocrx_word' id='word_1_664' title='bbox 2655 4595 2756 4648; x_wconf 91' lang='lat' dir='ltr'><strong>hos</strong></span> <span class='ocrx_word' id='word_1_665' title='bbox 2805 4600 3076 4664; x_wconf 85' lang='lat' dir='ltr'><strong>oportune</strong></span> <span class='ocrx_word' id='word_1_666' title='bbox 3117 4594 3172 4648; x_wconf 90' lang='lat' dir='ltr'><strong>in</strong></span> <span class='ocrx_word' id='word_1_667' title='bbox 3206 4594 3327 4649; x_wconf 93' lang='lat' dir='ltr'><strong>loco</strong></span> <span class='ocrx_word' id='word_1_668' title='bbox 3371 4593 3753 4651; x_wconf 89' lang='lat' dir='ltr'><strong>defunctorum</strong></span> 
     </span>
    </p>
   </div>
   <div class='ocr_carea' id='block_1_99' title="bbox 2142 4683 3751 4754">
    <p class='ocr_par' dir='ltr' id='par_1_99' title="bbox 2142 4683 3751 4754">
     <span class='ocr_line' id='line_1_99' title="bbox 2142 4683 3751 4754; baseline 0.001 -15"><span class='ocrx_word' id='word_1_669' title='bbox 2142 4686 2433 4740; x_wconf 90' lang='lat' dir='ltr'><strong>illustrium</strong></span> <span class='ocrx_word' id='word_1_670' title='bbox 2483 4686 2723 4739; x_wconf 90' lang='lat' dir='ltr'><strong>virorum</strong></span> <span class='ocrx_word' id='word_1_671' title='bbox 2773 4701 2871 4739; x_wconf 90' lang='lat' dir='ltr'><strong>sua</strong></span> <span class='ocrx_word' id='word_1_672' title='bbox 2921 4700 3092 4754; x_wconf 86' lang='lat' dir='ltr'><strong>Opera</strong></span> <span class='ocrx_word' id='word_1_673' title='bbox 3159 4683 3441 4751; x_wconf 82' lang='lat' dir='ltr'><strong>suﬂ&#39;ectos,</strong></span> <span class='ocrx_word' id='word_1_674' title='bbox 3505 4686 3575 4740; x_wconf 88' lang='lat' dir='ltr'><strong>ad</strong></span> <span class='ocrx_word' id='word_1_675' title='bbox 3612 4687 3751 4741; x_wconf 87' lang='lat' dir='ltr'><strong>bene</strong></span> 
     </span>
    </p>
   </div>
   <div class='ocr_carea' id='block_1_100' title="bbox 2137 4778 3755 4856">
    <p class='ocr_par' dir='ltr' id='par_1_100' title="bbox 2137 4778 3755 4856">
     <span class='ocr_line' id='line_1_100' title="bbox 2137 4778 3755 4856; baseline 0 -21"><span class='ocrx_word' id='word_1_676' title='bbox 2137 4782 2410 4856; x_wconf 81' lang='lat' dir='ltr'><strong>agendum</strong></span> <span class='ocrx_word' id='word_1_677' title='bbox 2442 4778 2779 4835; x_wconf 90' lang='lat' dir='ltr'><strong>accendebat</strong></span> <span class='ocrx_word' id='word_1_678' title='bbox 2816 4778 2906 4834; x_wconf 73' lang='lat'><strong>9”.</strong></span> <span class='ocrx_word' id='word_1_679' title='bbox 2930 4778 3364 4850; x_wconf 85' lang='lat' dir='ltr'><strong>Omnia&#39;quippe</strong></span> <span class='ocrx_word' id='word_1_680' title='bbox 3385 4780 3648 4835; x_wconf 88' lang='lat' dir='ltr'><strong>omnibus</strong></span> <span class='ocrx_word' id='word_1_681' title='bbox 3678 4780 3755 4835; x_wconf 86' lang='lat' dir='ltr'><strong>fa-</strong></span> 
     </span>
    </p>
   </div>
   <div class='ocr_carea' id='block_1_101' title="bbox 2138 4867 3747 4943">
    <p class='ocr_par' dir='ltr' id='par_1_101' title="bbox 2138 4867 3747 4943">
     <span class='ocr_line' id='line_1_101' title="bbox 2138 4867 3747 4943; baseline -0.002 -15"><span class='ocrx_word' id='word_1_682' title='bbox 2138 4880 2258 4928; x_wconf 88' lang='lat' dir='ltr'><strong>ctus</strong></span> <span class='ocrx_word' id='word_1_683' title='bbox 2300 4879 2435 4937; x_wconf 88' lang='lat' dir='ltr'><strong>erat,</strong></span> <span class='ocrx_word' id='word_1_684' title='bbox 2460 4871 2589 4943; x_wconf 89' lang='lat' dir='ltr'><strong>quia</strong></span> <span class='ocrx_word' id='word_1_685' title='bbox 2636 4886 2830 4925; x_wconf 88' lang='lat' dir='ltr'><strong>omnes</strong></span> <span class='ocrx_word' id='word_1_686' title='bbox 2881 4868 3203 4923; x_wconf 88' lang='lat' dir='ltr'><strong>lucrifacere</strong></span> <span class='ocrx_word' id='word_1_687' title='bbox 3250 4867 3491 4925; x_wconf 91' lang='lat' dir='ltr'><strong>volebat.</strong></span> <span class='ocrx_word' id='word_1_688' title='bbox 3524 4870 3574 4924; x_wconf 89' lang='lat' dir='ltr'><strong>Is</strong></span> <span class='ocrx_word' id='word_1_689' title='bbox 3603 4871 3747 4925; x_wconf 84' lang='lat' dir='ltr'><strong>deni-</strong></span> 
     </span>
    </p>
   </div>
   <div class='ocr_carea' id='block_1_102' title="bbox 2139 4957 3752 5032">
    <p class='ocr_par' dir='ltr' id='par_1_102' title="bbox 2139 4957 3752 5032">
     <span class='ocr_line' id='line_1_102' title="bbox 2139 4957 3752 5032; baseline -0.002 -17"><span class='ocrx_word' id='word_1_690' title='bbox 2139 4977 2248 5032; x_wconf 86' lang='lat' dir='ltr'><strong>que</strong></span> <span class='ocrx_word' id='word_1_691' title='bbox 2296 4960 2491 5015; x_wconf 79' lang='lat' dir='ltr'><strong>videns</strong></span> <span class='ocrx_word' id='word_1_692' title='bbox 2540 4965 2876 5029; x_wconf 88' lang='lat' dir='ltr'><strong>oportunum</strong></span> <span class='ocrx_word' id='word_1_693' title='bbox 2938 4957 3114 5011; x_wconf 91' lang='lat' dir='ltr'><strong>locum</strong></span> <span class='ocrx_word' id='word_1_694' title='bbox 3183 4963 3239 5009; x_wconf 87' lang='lat' dir='ltr'><strong>et</strong></span> <span class='ocrx_word' id='word_1_695' title='bbox 3283 4963 3504 5026; x_wconf 88' lang='lat' dir='ltr'><strong>tempus</strong></span> <span class='ocrx_word' id='word_1_696' title='bbox 3566 4973 3752 5013; x_wconf 85' lang='lat' dir='ltr'><strong>occur-</strong></span> 
     </span>
    </p>
   </div>
   <div class='ocr_carea' id='block_1_103' title="bbox 2138 5049 3751 5121">
    <p class='ocr_par' dir='ltr' id='par_1_103' title="bbox 2138 5049 3751 5121">
     <span class='ocr_line' id='line_1_103' title="bbox 2138 5049 3751 5121; baseline -0.001 -14"><span class='ocrx_word' id='word_1_697' title='bbox 2138 5054 2276 5108; x_wconf 74' lang='lat' dir='ltr'><strong>risse</strong></span> <span class='ocrx_word' id='word_1_698' title='bbox 2306 5053 2375 5088; x_wconf 78' lang='grc'><strong>⁹¹⁸</strong></span> <span class='ocrx_word' id='word_1_699' title='bbox 2416 5052 2542 5119; x_wconf 83' lang='lat' dir='ltr'><strong>sibi,</strong></span> <span class='ocrx_word' id='word_1_700' title='bbox 2572 5058 2632 5107; x_wconf 92' lang='lat' dir='ltr'><strong>ut</strong></span> <span class='ocrx_word' id='word_1_701' title='bbox 2656 5051 2723 5106; x_wconf 90' lang='lat' dir='ltr'><strong>ad</strong></span> <span class='ocrx_word' id='word_1_702' title='bbox 2766 5050 3172 5105; x_wconf 84' lang='lat' dir='ltr'><strong>firmamentum</strong></span> <span class='ocrx_word' id='word_1_703' title='bbox 3210 5049 3517 5121; x_wconf 88' lang='lat' dir='ltr'><strong>spiritualis</strong></span> <span class='ocrx_word' id='word_1_704' title='bbox 3541 5049 3751 5106; x_wconf 69' lang='lat' dir='ltr'><strong>fabricae</strong></span> 
     </span>
    </p>
   </div>
   <div class='ocr_carea' id='block_1_104' title="bbox 1771 5182 2404 5239">
    <p class='ocr_par' dir='ltr' id='par_1_104' title="bbox 1771 5182 2404 5239">
     <span class='ocr_line' id='line_1_104' title="bbox 1771 5182 2404 5239; baseline -0.003 -2"><span class='ocrx_word' id='word_1_705' title='bbox 1771 5184 1991 5239; x_wconf 69' lang='lat' dir='ltr'><strong>VARIIE</strong></span> <span class='ocrx_word' id='word_1_706' title='bbox 2030 5182 2404 5239; x_wconf 85' lang='lat' dir='ltr'><strong>LECTIONES.</strong></span> 
     </span>
    </p>
   </div>
   <div class='ocr_carea' id='block_1_105' title="bbox 501 5299 1048 5370">
    <p class='ocr_par' dir='ltr' id='par_1_105' title="bbox 501 5299 1048 5370">
     <span class='ocr_line' id='line_1_105' title="bbox 501 5299 1048 5370; baseline 0.002 -16"><span class='ocrx_word' id='word_1_707' title='bbox 501 5299 573 5335; x_wconf 77' lang='grc'><strong>⁹¹³</strong></span> <span class='ocrx_word' id='word_1_708' title='bbox 600 5299 967 5370; x_wconf 88' lang='lat' dir='ltr'><strong>multiplicata</strong></span> <span class='ocrx_word' id='word_1_709' title='bbox 1000 5302 1048 5356; x_wconf 83' lang='lat'><strong>1.</strong></span> 
     </span>
    </p>
   </div>
   <div class='ocr_carea' id='block_1_106' title="bbox 1135 5302 2658 5375">
    <p class='ocr_par' dir='ltr' id='par_1_106' title="bbox 1135 5302 2658 5375">
     <span class='ocr_line' id='line_1_106' title="bbox 1135 5302 2658 5375; baseline -0.004 -16"><span class='ocrx_word' id='word_1_710' title='bbox 1135 5302 1205 5375; x_wconf 49' lang='grc' dir='ltr'><strong>Ῠὲξ</strong></span> <span class='ocrx_word' id='word_1_711' title='bbox 1234 5305 1295 5358; x_wconf 86' lang='lat' dir='ltr'><strong>in</strong></span> <span class='ocrx_word' id='word_1_712' title='bbox 1319 5304 1496 5358; x_wconf 85' lang='lat' dir='ltr'><strong>codice</strong></span> <span class='ocrx_word' id='word_1_713' title='bbox 1523 5320 1629 5359; x_wconf 68' lang='lat' dir='ltr'><strong>vox</strong></span> <span class='ocrx_word' id='word_1_714' title='bbox 1660 5304 1965 5375; x_wconf 89' lang='lat' dir='ltr'><strong>Capitulum</strong></span> <span class='ocrx_word' id='word_1_715' title='bbox 1997 5308 2300 5359; x_wconf 81' lang='lat' dir='ltr'><strong>constanter</strong></span> <span class='ocrx_word' id='word_1_716' title='bbox 2323 5304 2548 5373; x_wconf 78' lang='lat' dir='ltr'><strong>repetita</strong></span> <span class='ocrx_word' id='word_1_717' title='bbox 2567 5306 2658 5357; x_wconf 84' lang='lat' dir='ltr'><strong>est.</strong></span> 
     </span>
    </p>
   </div>
   <div class='ocr_carea' id='block_1_107' title="bbox 2748 5295 3745 5375">
    <p class='ocr_par' dir='ltr' id='par_1_107' title="bbox 2748 5295 3745 5375">
     <span class='ocr_line' id='line_1_107' title="bbox 2748 5295 3745 5375; baseline 0.012 -24"><span class='ocrx_word' id='word_1_718' title='bbox 2748 5300 2818 5335; x_wconf 70' lang='grc' dir='ltr'><strong>ωδ</strong></span> <span class='ocrx_word' id='word_1_719' title='bbox 2847 5295 3304 5354; x_wconf 74' lang='lat' dir='ltr'><strong>DEODEMHCUS</strong></span> <span class='ocrx_word' id='word_1_720' title='bbox 3334 5314 3380 5354; x_wconf 92' lang='lat' dir='ltr'><strong>c.</strong></span> <span class='ocrx_word' id='word_1_721' title='bbox 3462 5299 3536 5335; x_wconf 71' lang='grc' dir='ltr'><strong>οη</strong></span> <span class='ocrx_word' id='word_1_722' title='bbox 3560 5300 3745 5375; x_wconf 78' lang='lat' dir='ltr'><strong>gigna-</strong></span> 
     </span>
    </p>
   </div>
   <div class='ocr_carea' id='block_1_108' title="bbox 434 5370 2331 5445">
    <p class='ocr_par' dir='ltr' id='par_1_108' title="bbox 434 5370 2331 5445">
     <span class='ocr_line' id='line_1_108' title="bbox 434 5370 2331 5445; baseline 0.003 -22"><span class='ocrx_word' id='word_1_723' title='bbox 434 5370 515 5428; x_wconf 92' lang='lat' dir='ltr'><strong>sio</strong></span> <span class='ocrx_word' id='word_1_724' title='bbox 557 5387 695 5427; x_wconf 85' lang='lat' dir='ltr'><strong>corr.</strong></span> <span class='ocrx_word' id='word_1_725' title='bbox 730 5370 985 5445; x_wconf 84' lang='lat' dir='ltr'><strong>ginnasio</strong></span> <span class='ocrx_word' id='word_1_726' title='bbox 1010 5388 1056 5426; x_wconf 90' lang='lat' dir='ltr'><strong>c.</strong></span> <span class='ocrx_word' id='word_1_727' title='bbox 1134 5372 1202 5407; x_wconf 77' lang='lat'><strong>9&quot;</strong></span> <span class='ocrx_word' id='word_1_728' title='bbox 1223 5377 1303 5429; x_wconf 83' lang='lat' dir='ltr'><strong>ita</strong></span> <span class='ocrx_word' id='word_1_729' title='bbox 1335 5376 1491 5431; x_wconf 80' lang='lat' dir='ltr'><strong>Leibn</strong></span> <span class='ocrx_word' id='word_1_730' title='bbox 1516 5370 1816 5431; x_wconf 81' lang='lat' dir='ltr'><strong>accedebat</strong></span> <span class='ocrx_word' id='word_1_731' title='bbox 1896 5377 1965 5411; x_wconf 81' lang='grc'><strong>⁹¹⁸</strong></span> <span class='ocrx_word' id='word_1_732' title='bbox 1986 5375 2264 5431; x_wconf 90' lang='lat' dir='ltr'><strong>occurisse</strong></span> <span class='ocrx_word' id='word_1_733' title='bbox 2285 5390 2331 5428; x_wconf 81' lang='grc' dir='ltr'><strong>ο.</strong></span> 
     </span>
    </p>
   </div>
   <div class='ocr_carea' id='block_1_109' title="bbox 1983 5504 2194 5561">
    <p class='ocr_par' dir='ltr' id='par_1_109' title="bbox 1983 5504 2194 5561">
     <span class='ocr_line' id='line_1_109' title="bbox 1983 5504 2194 5561; baseline 0.014 -3"><span class='ocrx_word' id='word_1_734' title='bbox 1983 5504 2194 5561; x_wconf 70' lang='lat' dir='ltr'><strong>NOTAE.</strong></span> 
     </span>
    </p>
   </div>
   <div class='ocr_carea' id='block_1_110' title="bbox 502 5598 2311 5668">
    <p class='ocr_par' dir='ltr' id='par_1_110' title="bbox 502 5598 2311 5668">
     <span class='ocr_line' id='line_1_110' title="bbox 502 5598 2311 5668; baseline 0.003 -14"><span class='ocrx_word' id='word_1_735' title='bbox 502 5598 649 5668; x_wconf 78' lang='lat'>(929)</span> <span class='ocrx_word' id='word_1_736' title='bbox 679 5599 803 5655; x_wconf 79' lang='lat' dir='ltr'><strong>Haec</strong></span> <span class='ocrx_word' id='word_1_737' title='bbox 840 5612 1019 5668; x_wconf 80' lang='lat' dir='ltr'><strong>usque</strong></span> <span class='ocrx_word' id='word_1_738' title='bbox 1046 5602 1277 5668; x_wconf 80' lang='lat' dir='ltr'><strong>triginta</strong></span> <span class='ocrx_word' id='word_1_739' title='bbox 1312 5604 1479 5668; x_wconf 79' lang='lat' dir='ltr'><strong>ferme</strong></span> <span class='ocrx_word' id='word_1_740' title='bbox 1505 5621 1676 5662; x_wconf 85' lang='lat' dir='ltr'><strong>annos</strong></span> <span class='ocrx_word' id='word_1_741' title='bbox 1702 5622 1765 5662; x_wconf 84' lang='lat' dir='ltr'><strong>ex</strong></span> <span class='ocrx_word' id='word_1_742' title='bbox 1787 5598 2122 5662; x_wconf 86' lang='lat' dir='ltr'><strong>Widukindo</strong></span> <span class='ocrx_word' id='word_1_743' title='bbox 2154 5607 2191 5660; x_wconf 82' lang='grc' dir='ltr'><strong>Ι.</strong></span> <span class='ocrx_word' id='word_1_744' title='bbox 2224 5605 2311 5663; x_wconf 84' lang='lat' dir='ltr'><strong>3t.</strong></span> 
     </span>
    </p>
   </div>
   <div class='ocr_carea' id='block_1_111' title="bbox 504 5667 1480 5740">
    <p class='ocr_par' dir='ltr' id='par_1_111' title="bbox 504 5667 1480 5740">
     <span class='ocr_line' id='line_1_111' title="bbox 504 5667 1480 5740; baseline 0.004 -14"><span class='ocrx_word' id='word_1_745' title='bbox 504 5669 647 5740; x_wconf 88' lang='lat'><strong>(930)</strong></span> <span class='ocrx_word' id='word_1_746' title='bbox 669 5669 741 5727; x_wconf 90' lang='lat' dir='ltr'><strong>Cf.</strong></span> <span class='ocrx_word' id='word_1_747' title='bbox 779 5667 957 5726; x_wconf 87' lang='lat' dir='ltr'><strong>Vitam</strong></span> <span class='ocrx_word' id='word_1_748' title='bbox 988 5667 1282 5740; x_wconf 21' lang='lat' dir='ltr'><strong>Brun’onis,</strong></span> <span class='ocrx_word' id='word_1_749' title='bbox 1314 5667 1361 5725; x_wconf 72' lang='grc' dir='ltr'><strong>ο.</strong></span> <span class='ocrx_word' id='word_1_750' title='bbox 1393 5674 1480 5729; x_wconf 77' lang='lat'><strong>2‘2.</strong></span> 
     </span>
    </p>
   </div>
  </div>
