3930 6204
194 341 309 395 697

1219 330 1369 385 Vl'l‘A
1412 324 1759 383 DEODERICI
1801 319 2099 378 EPISCOPI
2136 317 2524 373 METTENSIS.

3436 307 3540 363 698

200 467 528 523 columnam
570 463 799 519 solidam
837 467 892 515 et
930 476 1030 515 sua
1075 474 1241 513 manu
1302 456 1527 527 politam
1560 452 1829 509 stabiliret
1857 454 1903 521 Α
1927 445 2222 518 penderet:
2258 444 2401 497 inter
2445 441 2579 495 alias
2602 457 2688 495 Slll
2720 440 2961 494 nominis
2998 440 3232 493 litteram
3276 449 3541 508 argensce

200 559 262 612 in
323 554 576 610 aecclesia
634 552 750 618 Dei,
806 552 939 606 utile
998 550 1172 615 duxit,
1222 546 1612 604 consobrinum
1668 559 1826 598 suum

200 647 599 712 Deodericum,
641 644 1002 715 spectabilem
1040 657 1244 715 genere
1295 648 1349 695 et
1380 638 1672 713 religione,
1720 636 1828 691 illic

202 738 570 794 incardinari.
610 736 782 807 [Equa
829 751 1066 806 namque
1120 734 1323 788 trutina
1355 730 1593 791 consilii,
1624 730 1825 794 locum,

200 836 452 898 tempus,
482 842 775 899 personam
804 825 1209 889 moderabatur,
1255 822 1482 895 dignum
1504 819 1715 875 scilicet
1738 817 1830 888 ju-

202 918 407 971 dicans
462 932 611 979 eum,
652 914 747 985 qui
795 912 921 967 urbi
980 911 1339 967 nobilissime
1405 907 1831 979 principaretur,

202 1025 315 1064 nec
346 1009 635 1082 indignum
697 1005 811 1060 fore
842 1005 964 1059 urbi
1007 1011 1166 1058 tanta)
1218 1001 1504 1074 potentiae,
1537 999 1685 1071 quod
1711 998 1826 1053 viro

203 1110 375 1158 tantze
418 1100 720 1157 nobilitatis
764 1100 1136 1163 ancillaretur,
1178 1094 1483 1168 praesertim
1525 1109 1645 1148 cum
1687 1098 1821 1145 tem-

204 1211 313 1265 pus
372 1194 507 1248 illud
550 1199 757 1264 egeret,
825 1200 885 1245 ut
933 1189 1224 1260 prudentis
1277 1186 1544 1256 fortisque
1598 1182 1827 1237 rectoris

202 1285 416 1340 auxilio
456 1284 856 1338 defensaretur.
915 1281 1088 1335 Nimis
1117 1280 1265 1333 enim
1317 1275 1696 1348 superioribus
1724 1289 1827 1327 an-

202 1376 300 1430 nis
357 1376 414 1429 in
454 1391 573 1430 eam
632 1373 999 1427 incubuerant
1052 1370 1130 1425 rei
1185 1369 1416 1440 publica!
1456 1362 1828 1431 incommoda,

204 1487 337 1527 cum
365 1469 434 1523 ab
474 1468 760 1522 incentorc
792 1465 1036 1521 omnium
1068 1463 1338 1517 malorum
1373 1459 1596 1514 Conone
1643 1456 1829 1509 invasa

205 1562 367 1632 (931)
418 1564 530 1627 (an.
582 1558 724 1623 954*,
768 1573 911 1628 pene
951 1557 1163 1626 direpta
1213 1562 1294 1608 est
1328 1560 1381 1606 et
1446 1548 1827 1605 exterminata.

203 1653 590 1710 Concordante
630 1651 811 1721 itaque
855 1648 987 1704 cleri
1026 1647 1312 1717 tociusque
1370 1643 1545 1713 plebis
1573 1637 1822 1695 unanimi

201 1758 502 1809 consensu,
543 1740 829 1794 annitente
858 1737 1021 1792 etiam
1063 1742 1260 1792 cuncto
1317 1733 1682 1805 palatinorum
1732 1744 1821 1782 se-
1849 1763 1898 1831 Β

204 1841 364 1900 natu,
398 1831 716 1886 intronizari
768 1846 894 1884 eum
929 1828 1057 1883 fecit
1098 1828 1151 1882 in
1205 1834 1436 1901 augusta
1473 1820 1821 1878 Mettensium

204 1929 377 1993 sede,
406 1928 531 1981 lmto
558 1924 802 1980 omnium
854 1930 1150 1987 concentu,
1183 1938 1292 1976 non
1321 1921 1442 1974 sine
1481 1932 1680 1991 magno
1710 1930 1825 1971 cte-

206 2018 427 2073 lcstium
467 2016 727 2070 virtutum
761 2013 1049 2083 applausu.
1088 2008 1389 2064 Pontificali
1431 2009 1613 2077 itaque
1643 2005 1824 2075 petalo

203 2110 521 2174 decoratus,
554 2115 609 2161 et
639 2104 918 2161 ofﬁciante
967 2103 1153 2176 magni
1185 2102 1364 2156 meriti
1396 2099 1652 2154 Heinrieo
1689 2098 1823 2166 (932)

197 2199 550 2253 Trevirorum
574 2193 951 2264 metrOpolita,
993 2190 1402 2246 benedictionis
1432 2191 1554 2245 oleo
1586 2189 1618 2241 3
1646 2188 1828 2242 Nonas

198 2292 380 2347 Martii
406 2296 759 2346 consecratus
773 2288 888 2359 (an.
906 2288 1053 2356 965),
1070 2285 1349 2358 satagebat
1363 2301 1565 2338 nomen
1587 2282 1827 2353 suscepti

200 2383 379 2439 ofﬁcii
404 2381 568 2437 bonis
591 2380 821 2451 implere
842 2379 1137 2451 operibus;
1171 2376 1606 2432 malensscilicet
1635 2375 1828 2430 haberi

202 2489 373 2545 quam
425 2469 599 2524 videri
631 2468 949 2538 episcopus.
1002 2468 1061 2521 Et
1119 2468 1297 2537 primo
1332 2483 1360 2519 a
1406 2463 1832 2535 praedecessoris

200 2561 289 2616 sui
321 2561 571 2635 vestigiis
601 2577 712 2616 non
746 2558 1110 2621 exorbitabat,
1144 2565 1226 2613 set
1269 2574 1434 2627 quem
1479 2556 1584 2609 sibi
1619 2555 1828 2610 nobili-

202 2653 356 2715 tatis,
386 2652 713 2707 excellentia
748 2651 1144 2723 zequiperabat,
1198 2650 1363 2705 etiam
1394 2664 1606 2703 morum
1629 2646 1825 2719 probi-

200 2748 313 2796 tate
346 2749 400 2795 et
446 2740 733 2815 religionis
774 2740 985 2795 fervore
1042 2737 1244 2792 imitari
1304 2738 1359 2791 in
1398 2744 1524 2791 voto
1564 2735 1823 2790 habebat.

206 2833 627 2887 Accendebatur
656 2832 799 2885 enim
843 2831 909 2885 ad
940 2829 1144 2885 bonum
1190 2830 1338 2885 bono
1369 2827 1538 2881 animi
1578 2827 1663 2881 sui
1696 2842 1826 2896 pro-

204 2925 411 2997 posito,
443 2924 862 2992 informabatur,
896 2931 957 2978 ut
996 2922 1237 2976 diximus
1274 2919 1704 2991 praedecessoris
1742 2919 1826 2973 sui

202 3014 414 3069 recenti
449 3013 726 3084 exemplo,
752 3028 854 3067 nec
879 3011 994 3066 exei
1009 3012 1163 3065 derat
1182 3010 1369 3064 animo
1402 3025 1533 3063 sana
1557 3007 1687 3062 boni
1728 3006 1819 3061 in-

200 3105 754 3170 stitutoriseruditio,
779 3104 991 3176 etquod
1011 3102 1160 3156 omni
1178 3101 1462 3172 praeminet
1483 3099 1799 3173 magisterio

196 3199 414 3255 caelesti
447 3198 677 3267 insuper
706 3196 981 3251 animatus
1008 3201 1090 3249 est
1114 3194 1355 3249 oraculo.

272 3289 326 3341 ιι.
365 3290 441 3341 De
463 3288 659 3356 primis
689 3286 885 3340 litteris
922 3286 1196 3338 nominum
1236 3298 1334 3351 per
1367 3281 1614 3347 angelum
1652 3280 1817 3334 datis.

206 3376 466 3431 Dicamus
502 3390 633 3446 ergo
675 3390 788 3428 rem
830 3374 1002 3427 relatu
1037 3379 1091 3427 et
1117 3371 1323 3442 scripto
1354 3370 1618 3437 majorum
1661 3383 1818 3422 com-

205 3475 442 3537 pertam,
468 3480 566 3535 pro
597 3464 680 3518 sui
707 3464 949 3519 novitate
1001 3462 1198 3517 merito
1230 3462 1285 3515 in
1318 3462 1581 3516 thesauro
1614 3473 1821 3513 memo-

200 3556 304 3610 riae
347 3553 780 3609 recondendam.
818 3552 1050 3606 Sanctus
1089 3550 1359 3612 Clemens,
1397 3548 1662 3619 principis
1692 3561 1825 3617 apo-

204 3646 474 3702 stolorum
536 3645 682 3700 Petri
740 3644 974 3699 auditor.
1052 3641 1586 3697 Mediomatricorum
1641 3645 1825 3693 autem

208 3738 422 3810 primus
453 3736 734 3807 apostolus
762 3742 814 3791 et
841 3735 1187 3805 prmdicator,
1222 3733 1366 3787 inter
1391 3740 1588 3786 caetera
1615 3745 1737 3802 quae
1775 3730 1825 3783 ei

208 3834 279 3888 ad
314 3832 626 3888 roboranda
656 3831 935 3885 nascentis
956 3828 1220 3885 {ecclesiae
1262 3827 1573 3882 rudimenta
1602 3821 1834 3880 contulit

212 3923 340 3993 pius
378 3920 570 3975 salutis
616 3925 815 3974 nostra;
867 3924 1098 3980 amator,
1157 3917 1263 3971 hoc
1302 3914 1545 3985 speciale
1614 3912 1834 3968 ccelitus

209 4010 449 4066 emeruit
496 4010 725 4074 donum,
767 4016 826 4063 ut
860 4009 1083 4063 nomina
1124 4008 1431 4062 futurorum
1485 4006 1541 4059 in
1585 4003 1835 4060 tecclesia

212 4101 468 4158 Mettensi
498 4098 818 4172 pontiﬁcum
875 4100 1167 4171 acciperet,
1209 4099 1378 4153 missa
1407 4097 1515 4153 sibi
1540 4113 1639 4168 per
1664 4111 1835 4170 ange-

213 4193 347 4246 lum.
379 4190 655 4244 annotatis
683 4195 892 4244 tantum
931 4187 1127 4259 primis
1164 4187 1363 4242 litteris
1393 4186 1658 4242 nominis.
1692 4184 1836 4239 Ade-

215 4288 341 4352 ptus
378 4279 465 4332 vir
492 4278 686 4333 beatus
717 4277 784 4331 de
816 4292 923 4347 quo
954 4276 1166 4349 agimus
1193 4275 1458 4331 zecelesize
1484 4279 1829 4347 suggestum.

212 4385 343 4426 cum
387 4367 622 4438 quadam
664 4366 755 4421 die
778 4366 1408 4434 delectareturjoeunda
1439 4372 1492 4420 et
1520 4365 1665 4419 seria
1703 4362 1833 4419 affa-

1929 537 2112 591 colore
2154 534 2433 589 albentem
2500 531 2667 585 videt.
2732 529 2830 594 Qui
2872 544 3171 584 conversus
3217 527 3283 581 ad
3330 532 3540 593 semet:-

1930 630 2134 699 ipsum,
2189 634 2244 683 et
2289 628 2418 681 hinc
2464 623 2797 697 profundum
2859 628 2912 675 et
2941 619 3285 674 immutabile
3344 618 3542 673 divinas

1932 722 2295 795 prtescientiae
2336 722 2404 757 ⁹¹⁰
2448 721 2727 775 demirans
2758 714 3227 779 consilium,‘indc
3259 714 3417 767 bonae
3445 727 3540 767 vo-

1936 812 2161 867 luntatis
2213 827 2325 866 suae
2375 809 2738 865 considerans
2789 804 3173 877 propositum:
3221 802 3300 864 Si,
3345 799 3541 869 inquit,

1933 905 2243 970 cooperator
2282 901 2518 954 omnium
2567 898 2823 951 bonorum
2857 897 2995 948 Deus
3034 891 3164 944 bono
3193 887 3411 956 effectui
3436 900 3547 940 meo

1933 997 2174 1062 optatum
2200 991 2594 1046 ministraverit
2620 988 2884 1056 effectum,
2916 988 3070 1039 tanta
3095 982 3231 1035 bona
3260 981 3318 1032 in
3342 979 3544 1046 episco-

1924 1090 2059 1153 patu
2093 1101 2174 1138 me
2217 1083 2418 1152 conﬁt/0
2460 1084 2756 1148 facturum,
2811 1082 2871 1131 ut
2922 1078 3183 1142 argentea
3208 1074 3319 1126 ista
3362 1071 3545 1123 littera

1928 1177 2250 1245 quandoque
2280 1174 2700 1240 transformetur
2718 1172 2777 1223 in
2804 1184 3021 1222 aurum.
3056 1165 3177 1219 llaec
3206 1161 3432 1234 quidem
3462 1158 3545 1213 vir

1928 1267 2109 1321 bonus
2136 1267 2206 1320 de
2247 1266 2393 1320 bono
2426 1265 2684 1318 thesauro
2732 1259 3039 1331 proferens.
3080 1256 3289 1310 bonum
3327 1269 3394 1306 ex
3434 1251 3539 1305 ha-

1929 1359 2236 1415 bundantia
2276 1358 2459 1414 cordis
2504 1358 2720 1411 locutus
2776 1360 2877 1417 est,
2927 1367 3031 1405 nec
3084 1347 3307 1422 segnior
3346 1344 3445 1398 fuit
3483 1342 3541 1395 in

1928 1450 2269 1523 exequendis
2298 1449 2461 1503 bonis
2488 1447 2754 1517 oneribus
2786 1460 2948 1515 quam
2979 1440 3255 1511 pollicitus
3278 1441 3381 1490 est.
3412 1434 3541 1499 Quae

1929 1540 2061 1594 licet
2110 1539 2273 1594 nobis
2328 1554 2395 1591 ex
2436 1543 2587 1606 parte
2633 1532 2891 1587 inviderit
2928 1530 3195 1597 majorum
3230 1530 3540 1579 nostrorum

1928 1628 2162 1695 incuria,
2194 1635 2248 1680 et
2279 1639 2489 1681 sommo
2519 1622 2785 1677 socordiae
2824 1635 2936 1673 suze
2988 1614 3260 1685 consopiti
3285 1628 3409 1667 eum
3453 1626 3537 1663 se-

1930 1739 2051 1778 cum
2082 1721 2395 1792 putaverint
2422 1715 2936 1787 consepeliendum,
2982 1712 3164 1765 adhuc
3194 1718 3375 1761 tamen
3418 1707 3539 1774 ejus

1926 1812 2095 1866 multa
2149 1818 2204 1864 et
2249 1806 2483 1862 miriﬁca
2513 1820 2682 1875 opera
2711 1809 2917 1865 extant,
2951 1816 3073 1871 quze
3102 1814 3224 1851 eum
3273 1795 3344 1831 ⁹²⁰
3400 1809 3537 1865 quo-

1924 1900 2220 1954 dammodo
2244 1896 2407 1952 nobis
2427 1896 2493 1929 ⁹²ί
2518 1895 2791 1949 viventem
2812 1892 3236 1959 reprtesentant;
3257 1882 3541 1954 utliquido

1926 1990 2208 2047 testificari
2252 1988 2550 2059 possimus,
2580 1983 2728 2056 quod
2763 1983 2818 2036 in
2868 1978 3155 2050 evangelio
3186 1976 3320 2031 dicit
3356 1974 3544 2029 Domi-

1927 2096 2059 2134 nus:
2118 2080 2181 2135 Si
2234 2080 2295 2133 hi
2351 2078 2616 2131 tacuerint
2649 2114 2664 2136 ,
2720 2072 2930 2142 lapides
3010 2067 3323 2122 clamabunt
3388 2066 3540 2129 (Luc.

1925 2189 2033 2228 χιχ.
2066 2173 2173 2236 40).
2209 2172 2339 2236 Quis
2389 2169 2536 2225 enim
2580 2167 2811 2233 nesciat,
2862 2163 3148 2218 vivacitate
3188 2158 3393 2233 ingenii
3425 2158 3547 2226 ejus

1927 2271 1982 2318 et
2031 2262 2325 2334 sagacitate
2383 2257 2599 2313 consilii
2646 2256 2729 2309 vel
2780 2252 3088 2325 prudentiae
3145 2247 3545 2321 singularitate,

1930 2371 2038 2425 qua
2067 2352 2211 2423 apud
2231 2351 2386 2425 regni
2421 2349 2692 2420 primores
2723 2345 2909 2420 magni
2938 2342 3308 2414 pendebatur,
3346 2337 3546 2392 melio-

1932 2454 2107 2499 ratum
2139 2443 2217 2497 rei
2245 2442 2481 2513 publicae
2512 2446 2734 2503 statum,
2794 2444 2849 2492 et
2890 2436 2943 2489 in
2985 2434 3182 2488 melius
3211 2436 3543 2501 augmenta-

1931 2545 2042 2592 tum
2084 2542 2285 2591 sanctae
2340 2531 2626 2588 Mettensis
2666 2529 2949 2592 EBCCleSltB,
3007 2526 3093 2581 cui
3155 2529 3377 2578 auctore
3432 2522 3541 2576 Deo

1928 2624 2285 2697 praesidebat,
2330 2620 2708 2693 pontificatum
2735 2618 2763 2671 ‘P

1996 2716 2049 2768 5.
2083 2717 2155 2768 De
2181 2714 2373 2766 veteris
2409 2711 2656 2764 (ecclesiae
2693 2707 2984 2775 dejectione
3022 2708 3071 2757 et
3113 2717 3262 2756 novae
3313 2700 3546 2769 nidiﬁca-

1927 2806 2084 2858 tione.
2139 2802 2204 2856 Ut
2261 2799 2480 2853 interim
2532 2797 2599 2851 de
2652 2792 2988 2850 monasterio
3028 2789 3255 2865 gloriosi
3297 2787 3550 2858 martyris

1929 2891 2121 2947 Christi
2151 2888 2425 2944 Vincentii
2465 2888 2748 2951 sileamus,
2790 2883 2845 2936 in
2898 2896 3006 2952 quo
3065 2876 3440 2933 construendo
3471 2882 3552 2930 to.

1929 2992 2013 3036 tos
2068 2980 2235 3034 animi
2270 2979 2357 3033 sui
2416 2976 2679 3048 expendit
2726 2972 2973 3037 aﬁ'ectus,
3006 2970 3185 3041 primo
3226 2984 3292 3022 ex
3347 2966 3539 3021 subci-

1875 3133 1892 3154 ‘
1922 3072 2055 3127 sivis
2083 3073 2152 3105 9”
2173 3069 2568 3141 ejuSOperibus
2590 3064 2917 3120 industriam
2950 3062 3070 3130 ejus
3095 3058 3547 3130 comprobemus.

1807 3136 1894 3197 ’δ
1924 3162 1983 3215 In
2023 3159 2215 3232 primis
2267 3136 2442 3227 major
2489 3154 2737 3210 {ecclesia
2793 3152 3023 3223 pretiosi
3091 3145 3547 3220 prothomartyris

1923 3250 2188 3322 Stephani
2226 3244 2657 3321 magniﬁcentiae
2710 3243 2834 3311 ejus
2870 3239 3027 3295 testis
3071 3235 3332 3302 occurrit,
3381 3250 3543 3306 quam

1920 3350 2194 3399 vetustate
2248 3341 2333 3395 sui
2380 3339 2593 3393 ruinam
2642 3333 3008 3406 periculosam
3076 3328 3422 3383 minitantem
3475 3327 3546 3360 “3

1923 3436 2186 3491 decenter
2214 3450 2245 3488 a
2274 3433 2635 3488 fundamento
2665 3426 2956 3498 reparavit.
3008 3422 3196 3478 Stabat
3228 3421 3321 3475 illo
3363 3419 3547 3473 adhuc

1924 3539 2169 3600 tempore
2203 3529 2336 3582 illud
2362 3527 2601 3597 antiquae
2624 3520 2947 3578 reverentiae
2969 3518 3291 3582 oratorium,
3317 3530 3543 3570 servans

1926 3625 2242 3679 thesaurum
2276 3621 2425 3692 quod
2467 3632 2714 3690 gemmas
2750 3614 2921 3672 vineit
2965 3619 3020 3667 et
3077 3627 3293 3675 aurum,
3334 3608 3549 3665 scilicet

1929 3714 2213 3787 sanguinis
2261 3708 2715 3783 protliomartyris
2774 3705 2977 3779 pignus
3032 3703 3354 3773 pretiosum.
3415 3699 3553 3765 Quia

1934 3824 2042 3864 non
2067 3807 2252 3863 omnia
2278 3812 2408 3860 nota
2445 3809 2572 3857 sunt
2600 3799 2880 3865 omnibus,
2912 3797 2983 3850 de
3012 3797 3116 3850 hoc
3142 3795 3382 3849 oratorio
3410 3810 3549 3864 pau—

1933 3898 2013 3954 cis
2038 3895 2380 3951 docebimus.
2425 3891 2561 3947 Olim
2591 3890 2829 3945 clamore
2864 3885 3155 3940 Galliarum
3202 3890 3333 3937 ante
3378 3883 3551 3937 Deum

1933 3987 2316 4059 multiplicato,
2347 3992 2400 4040 et
2427 3988 2651 4055 peccato
2680 3978 2903 4034 malitiae
2943 3991 3130 4031 earum
3171 3973 3338 4028 nimis
3365 3990 3558 4049 aggra-
3606 4039 3610 4042 ~

1934 4091 2079 4144 vato,
2136 4084 2452 4151 purpuratte
2499 4071 2810 4130 meretricis
2877 4068 3194 4126 civitatibus
3250 4065 3562 4137 propinavit

1936 4173 2161 4229 calicem
2197 4170 2290 4224 irae
2325 4175 2378 4224 et
2414 4164 2817 4241 indignationis
2842 4161 2977 4233 justi
3005 4158 3210 4230 judicis
3238 4157 3558 4223 commotio,

1936 4263 2000 4317 ad
2042 4261 2293 4315 ultimum
2322 4273 2508 4312 earum
2542 4253 2929 4310 exterminium
2977 4248 3147 4303 Hunis
3195 4244 3408 4312 laxatis,
3443 4245 3561 4301 vel-

1934 4365 1995 4413 ut
2026 4354 2236 4410 rabidis
2284 4351 2516 4407 canibus
2551 4349 2620 4403 ad
2663 4344 3073 4402 devorationem
3100 4339 3336 4394 ferarum
3377 4344 3433 4392 et
3461 4338 3560 4392 be-

212 4458 429 4513 bilitate
477 4456 826 4511 familiarium
866 4472 928 4509 ac
957 4456 1288 4526 sapientium
1330 4488 1387 4494 —
1430 4471 1553 4509 nam
1581 4454 1745 4509 etiam
1779 4449 2169 4539 inDstiarum
2226 4445 2340 4518 agri
2381 4441 2672 4515 instigatis.
2718 4440 2969 4493 Pastores
3030 4432 3239 4505 quique
3299 4446 3396 4502 pro
3437 4445 3562 4485 ere—

220 4554 325 4606 hoc
357 4549 508 4604 fideli
551 4566 651 4604 suo
700 4549 792 4603 Dei
840 4549 1193 4604 consuluerat
1232 4548 1548 4618 dispositio,
1588 4553 1647 4600 ut
1673 4547 1723 4601 ei
1751 4562 1841 4600 sa-

215 4644 492 4716 pientium
539 4651 594 4696 et
646 4642 917 4696 bonorum
962 4641 1405 4696 consiliariorum
1466 4654 1576 4693 non
1620 4639 1842 4694 deesset

214 4735 464 4800 collatio,
497 4764 566 4773 —
597 4732 688 4786 illa
733 4732 997 4805 angelicae
1025 4732 1309 4802 scripturae
1337 4730 1681 4785 monimenta
1713 4729 1839 4798 jus-

217 4831 293 4884 sit
323 4828 532 4883 deferri
574 4828 629 4881 in
687 4834 983 4897 conspectu
1045 4843 1164 4882 suo.
1200 4827 1343 4891 Quas
1374 4841 1497 4881 cum
1552 4825 1850 4899 diligenter

215 4917 580 4989 inspexisset,
630 4922 683 4970 et
714 4915 847 4969 alias
888 4915 1112 4986 quidem
1166 4915 1337 4979 aurei,
1384 4915 1521 4968 alias
1575 4912 1847 4986 argentei,

222 5011 361 5065 alias
402 5009 546 5064 alius
589 5007 887 5075 cujuslibet
915 5007 1118 5063 coloris
1144 5008 1407 5062 varietate
1446 5007 1706 5062 formatas
1736 5012 1851 5061 stu-

220 5112 404 5176 peret,
462 5109 517 5157 et
552 5101 732 5156 altiori
774 5101 1057 5155 intellectu
1090 5117 1186 5171 per
1244 5102 1488 5156 colorum
1523 5100 1847 5156 varietatem

219 5192 428 5249 variam
461 5188 788 5244 meritorum
819 5189 1090 5260 cujusque
1117 5188 1442 5260 qualitatem
1482 5187 1687 5263 signari
1718 5203 1847 5258 per-

1941 4539 2129 4611 ptione
2160 4535 2344 4591 ovium
2384 4548 2606 4587 suarum
2643 4530 2791 4599 justa
2817 4524 3192 4582 sollicitudine
3222 4519 3561 4576 omnimodis

1941 4631 2296 4697 ambiebant;
2349 4635 2434 4683 set
2463 4625 2604 4682 adeo
2636 4629 2860 4695 peccata
2891 4619 3081 4691 populi
3123 4613 3561 4680 invalescebant,

1948 4730 2008 4778 ut
2037 4719 2287 4792 quamvis
2307 4716 2623 4772 sacerdotes
2654 4711 2805 4785 digni
2833 4710 3062 4764 auribus
3090 4704 3310 4761 Domini
3337 4702 3561 4772 judica-

1951 4821 2155 4879 rentur,
2206 4810 2285 4864 illi
2320 4818 2524 4873 tamen,
2557 4819 2657 4876 pro
2690 4803 2893 4874 quibus
2923 4798 3174 4865 orabant,
3235 4793 3452 4867 indigni
3483 4808 3568 4847 es-

1950 4916 2091 4974 sent,
2123 4912 2184 4962 ut
2221 4903 2633 4960 exaudirentur.
2676 4898 2752 4952 De
2803 4897 2907 4951 hoc
2938 4894 3080 4966 (933)
3122 4907 3285 4963 porro
3323 4886 3566 4945 oratorio

1952 5002 2234 5075 aliquibus
2272 5000 2608 5054 insinuatum
2657 5000 2741 5049 est
2784 4989 3065 5060 edeivina
3120 4984 3476 5048 revelatione,
3513 4987 3569 5036 et

1953 5072 2187 5148 maxime
2227 5096 2418 5145 sancto
2477 5084 2721 5140 Servatio
2773 5077 3075 5153 Tungrensi
3132 5075 3419 5147 episcopo,
3462 5072 3570 5126 Au-

1950 5183 2118 5240 ctoris
2151 5190 2280 5238 tunc
2336 5176 2604 5249 temporis
2647 5171 2997 5230 Mettensium
3040 5166 3299 5240 praesulis
3337 5160 3570 5219 laniilia-

1590 5317 1807 5373 VARIIE
1838 5311 2218 5371 LECTIONES.

300 5422 371 5457 ⁶¹⁹
403 5418 716 5492 praesentiae
747 5421 797 5475 1.
883 5419 954 5456 ⁹²⁰
983 5436 1107 5476 cum
1138 5434 1184 5475 c.
1274 5420 1341 5455 ⁹²¹
1373 5421 1515 5475 deest
1554 5419 1605 5476 1.

1694 5418 1766 5453 ⁹²²
1802 5417 1883 5473 ita
1920 5417 1976 5471 L.
2009 5411 2261 5469 subcinis
2341 5409 2413 5446 "3
2442 5407 2745 5463 minitatem
2777 5418 2837 5460 c.‘

1804 5552 2011 5610 ΝΟΤᾸΞ.

308 5656 459 5731 (93!)
480 5653 561 5731 Qf-
607 5653 868 5731 Rugtseri
907 5655 995 5731 Vit
1021 5654 1317 5731 Βςμηοηίεν
1349 5669 1397 5711 οι
1430 5653 1519 5731 θέε

311 5724 458 5799 (932)
502 5726 652 5800 Lege
684 5724 1030 5794 Th'eoderico;
1062 5724 1354 5781 Heinricus
1380 5741 1431 5782 a.
1466 5725 1572 5781 966
1597 5724 1655 5780 in
1687 5725 1841 5781 Italia

1950 5645 2288 5713 obierat;cf.
2323 5644 2476 5699 Cont.
2510 5642 2672 5767 Reg,
2703 5656 2755 5695 a.
2777 5637 2903 5694 965.

2024 5717 2167 5767 (933)
2193 5717 2269 5767 Cf-
2304 5715 2476 5767 Vitam
2507 5712 2565 5767 S.
2631 5709 2823 5767 ervatii
2849 5708 2903 5763 Τι

2024 5717 2167 5791 (933)
2185 5708 2269 5773 Cf.
2304 5715 2476 5772 Vitam
2507 5712 2565 5767 S.
2592 5708 2823 5767 Servatii
2849 5708 3053 5778 Tungr.
