3930 6204
396 320 501 374 699

1578 318 1924 375 SIGEBERTI
1966 319 2487 376 GEMBLACENSIS.

3626 318 3743 373 700

398 446 637 512 rissimo,
672 445 1001 516 promissum
1042 453 1126 501 est
1155 462 1219 501 ex
1267 448 1568 518 apostolica
1607 449 2009 515 consolatione,
2036 453 2087 519 Α
2113 458 2168 503 et
2199 450 2373 520 ipsam
2397 448 2563 502 vitam
2588 461 2688 518 pro
2711 462 2900 501 amore
2919 446 3046 501 vitae
3080 451 3301 500 aeternae
3325 445 3559 516 pacisci,
3591 445 3741 500 felici

399 536 505 589 hoc
533 535 708 589 solum
762 535 1065 589 oratorium
1107 536 1161 589 in
1211 535 1379 589 Gallia
1440 537 1655 609 Belgica
1702 537 2011 592 interventu

400 627 855 697 prothomartyris
886 626 1131 681 immune
1171 627 1412 681 futurum
1454 644 1483 681 a
1516 628 1801 682 barbarica
1840 629 2012 699 depo-

402 715 700 785 pulatione.
734 715 851 769 Jam
901 714 1094 770 urbem
1129 716 1451 786 populosam
1489 722 1543 769 et
1600 717 1918 787 opulentam
1958 717 2012 770 in

400 806 614 860 favillas
645 807 918 860 redactam
952 807 1195 873 dolores,
1220 823 1344 862 cum
1375 815 1557 861 tamen
1599 808 1845 878 undique
1876 809 2013 862 lam-

402 900 662 955 bentibus
693 901 929 955 flammis
967 900 1036 955 ab
1080 902 1317 956 oratorio
1364 900 1512 956 faces
1571 902 1790 975 longius
1835 918 2018 956 remo-

403 991 515 1045 veri
547 990 841 1062 gauderes,
884 997 937 1044 et
986 990 1251 1045 barbaros
1299 1007 1588 1060 percussos
1641 1007 1705 1046 ea
1747 993 2017 1060 edacitate,

402 1095 525 1150 quae
552 1095 729 1150 graece
761 1080 963 1133 dicitur
998 1081 1210 1135 aorasia
1261 1083 1349 1147 πθ,
1385 1082 1453 1135 ab
1485 1083 1634 1137 aditu
1668 1083 1801 1137 aditi
1842 1084 2017 1138 arceri

402 1177 672 1240 stuperes,
702 1180 759 1224 ut
791 1178 1120 1241 patesceret,
1181 1172 1315 1243 quid
1355 1180 1540 1242 posset
1572 1174 1850 1229 fructuosa
1876 1192 2017 1229 mar-

405 1261 535 1330 tyris
562 1260 715 1315 fides.
761 1262 950 1315 Stabat
977 1263 1175 1327 adhuc,
1212 1271 1272 1317 ut
1311 1264 1444 1331 dixi,
1486 1267 1736 1335 quamvis
1775 1266 2022 1340 longaeva

403 1357 670 1405 vetustate
699 1353 1045 1419 convulsum,
1079 1354 1386 1424 similcjam
1411 1357 1650 1423 cadenti,
1681 1357 1847 1413 immo
1878 1374 2020 1428 pene

397 1444 508 1511 jam
552 1445 851 1514 lapsuram,
887 1446 982 1501 Set
1024 1448 1276 1518 quamvis
1323 1450 1481 1504 ruina
1506 1450 1797 1505 videbatur
1835 1454 2020 1506 inten-

404 1544 518 1588 tare
543 1536 872 1605 pcriculum,
912 1547 1095 1593 tamen
1136 1542 1432 1610 praesentia
1462 1541 1544 1595 sui
1578 1544 1860 1614 antiquum
1890 1559 2019 1598 cre-

405 1623 638 1678 debatur
670 1634 1066 1695 repracsentare
1114 1630 1453 1698 praasidium.
1498 1630 1758 1686 Caeterum
1796 1632 2020 1702 pracsul,

406 1711 499 1782 qui
533 1713 598 1765 ad
634 1715 1083 1769 restaurationem
1115 1719 1301 1788 templi
1335 1726 1389 1773 et
1418 1720 1487 1772 ad
1519 1721 1704 1774 omnia
1738 1737 1860 1791 qua)
1891 1737 2022 1775 usus

404 1802 491 1855 vel
518 1803 688 1857 decus
708 1806 971 1860 mcclesiaz
1003 1808 1257 1879 exigebat
1285 1810 1577 1865 induxerat
1604 1811 1870 1879 animum,
1900 1828 2021 1866 cre-

408 1895 546 1948 dens
611 1897 759 1966 quod
817 1913 931 1951 non
980 1900 1155 1953 solum
1218 1901 1271 1954 in
1303 1902 1629 1957 manufactis
1688 1904 2020 1959 habitaculis

408 1995 623 2042 constet
663 1989 861 2043 divinae
900 1993 1271 2048 venerationis
1319 1996 1516 2062 cultus,
1563 1998 1820 2068 quodque
1868 1998 2021 2052 locus

411 2076 619 2131 nullum
651 2082 1020 2145 commendat,
1038 2092 1121 2138 set
1148 2086 1319 2158 magis
1348 2102 1446 2141 nos
1470 2088 1622 2141 illum
1656 2090 2019 2143 commenda-

410 2187 553 2237 mus,
588 2173 729 2227 bene
744 2175 923 2230 vivere
942 2178 985 2231 si
1016 2184 1347 2250 satagamus,
1382 2197 1490 2236 non
1506 2166 1687 2237 timuit
1710 2184 1842 2237 illud
1866 2200 2020 2239 ever-

409 2267 524 2311 tere
541 2258 807 2329 funditus,
832 2266 1084 2334 quamvis
1097 2268 1309 2322 animos
1324 2271 1578 2325 etoculos
1596 2270 1885 2327 offenderit
1901 2274 2022 2343 plu-

410 2348 572 2414 rium,
595 2352 747 2420 quasi
764 2354 855 2422 qui
874 2355 1086 2410 tulisset
1100 2357 1168 2411 de
1182 2357 1365 2413 medio
1388 2360 1614 2415 evidens
1628 2362 1829 2415 divinae
1845 2364 2024 2434 prepi-

413 2437 652 2493 tiationis
670 2439 921 2495 inditium
935 2485 947 2507 ,
962 2451 1015 2497 et
1029 2462 1270 2514 praesens
1285 2449 1603 2503 meritorum
1619 2452 2024 2522 prothomarty—

410 2529 482 2581 ris
509 2531 904 2586 testimonium.
942 2534 1340 2591 Exaediticatam
1365 2539 1533 2612 igitur
1550 2540 1852 2594 mcclesiam
1883 2542 2023 2598 libe-

410 2619 598 2674 raliter
623 2622 1030 2679 aecclcsiasticis
1061 2632 1400 2682 ornamentis
1432 2630 1744 2694 honoravit,
1779 2632 2024 2686 donariis

410 2710 637 2781 insuper
668 2715 923 2782 pretiosis
966 2717 1344 2788 locupletavit,
1381 2722 1573 2789 partim
1607 2738 1638 2775 a
1670 2738 1728 2776 se
1758 2723 1877 2793 ipso
1910 2725 2025 2779 col-

410 2801 553 2863 latis,
588 2804 779 2871 partim
808 2804 890 2857 sui
926 2807 1128 2860 amoris
1153 2808 1324 2880 gratia
1368 2809 1435 2862 ab
1477 2811 1837 2879 optimatibus
1868 2815 2021 2887 regni

408 2894 673 2947 aécclesize
698 2895 790 2948 Dei
817 2896 1107 2962 oblatis,ct
1130 2900 1407 2969 praecipue
1434 2918 1464 2955 a
1487 2901 1864 2959 muniﬁcentia
1893 2907 2021 2977 glo-

408 2982 540 3037 riosi
598 2985 817 3039 caesaris
856 2987 1065 3041 Ottonis
1095 2989 1325 3060 ejusque
1380 2992 1634 3065 conjugis
1678 2995 2017 3061 Adheleidis,

410 3074 567 3143 cujus
604 3075 711 3128 vita
739 3076 905 3130 nichil
940 3079 1086 3132 aliud
1131 3081 1231 3134 fuit
1262 3082 1364 3135 nisi
1397 3084 1681 3154 exemplar
1708 3085 1930 3154 pietatis
1968 3094 2022 3141 et

410 3166 692 3220 castitatis.
735 3167 828 3222 Set
860 3176 912 3222 et
941 3169 1114 3242 gloria
1155 3173 1492 3241 posteritatis
1532 3191 1742 3238 eorum,
1778 3177 1896 3231 Otto
1931 3179 2024 3246 ju-

410 3254 554 3318 nior,
610 3257 665 3309 in
710 3258 809 3311 hac
838 3259 1087 3330 largitate
1126 3277 1238 3315 non
1271 3262 1371 3317 fuit
1401 3263 1648 3320 inferior.
1705 3268 1843 3331 Quia
1874 3269 2021 3323 enim

412 3344 590 3400 fidelis
618 3348 1009 3417 paterfamilias
1055 3353 1459 3410 thesaurizabat
1503 3372 1613 3411 non
1650 3358 1776 3425 sibi,
1809 3370 1892 3414 set
1923 3361 2025 3416 do-

412 3437 630 3493 minic'ce
658 3440 881 3495 familize
921 3445 1232 3513 commodo,
1261 3455 1320 3499 ut
1349 3447 1507 3501 daret
1537 3448 1645 3503 illis
1671 3450 1836 3505 tritici
1869 3469 2023 3508 men-

411 3547 592 3586 suram
624 3533 679 3587 in
709 3542 955 3605 tempore
986 3546 1280 3608 Oportuno,
1312 3541 1683 3598 collaborabat
1712 3544 1874 3601 bonae
1903 3548 2023 3616 ejus

412 3618 705 3676 intentioni
737 3623 907 3678 multa
933 3624 1181 3681 fidelium
1206 3627 1401 3684 Christi
1426 3631 1664 3686 devotio.

482 3709 533 3763 6.
577 3713 653 3764 De
689 3717 1075 3769 constructione
1117 3716 1560 3774 Waltiodorensis
1590 3723 1827 3777 .caznobii
1862 3723 2023 3794 (934),

411 3798 478 3853 Ut
517 3799 584 3854 de
626 3802 812 3857 multis
851 3820 1021 3859 unum
1064 3806 1391 3876 inseramus,
1448 3809 1553 3865 fuit
1588 3826 1654 3865 ea
1698 3819 2025 3884 tempestate

410 3906 596 3946 comes
629 3893 852 3964 quidam
886 3897 1184 3954 nobilitatis
1209 3900 1384 3973 gloria
1423 3901 1783 3969 clarissimus,
1816 3906 2026 3961 sancti-

411 3986 538 4040 tatis
568 3991 875 4046 reverentia
903 3994 1397 4060 nominatissimus,
1439 3997 1616 4051 cidem
1652 3998 1794 4068 patri
1836 4010 2022 4056 nostro

410 4094 616 4151 genere
652 4082 1026 4154 prOpinquus;
1062 4101 1265 4141 nomen
1304 4095 1419 4141 erat
1445 4088 1494 4141 ei
1535 4089 1811 4145 Elbertus.
1838 4092 1906 4158 Is,
1942 4101 2024 4147 ta-

409 4174 527 4221 ctus
559 4169 821 4225 instinctu
852 4172 1095 4227 cmlestis
1147 4173 1435 4243 desiderii,
1484 4178 1818 4246 posthabere
1859 4182 2026 4252 cespit

406 4259 593 4313 omnia
621 4276 744 4330 quae
782 4264 833 4317 ei
864 4263 1251 4319 habundanter
1280 4267 1598 4323 arridebant
1625 4271 1847 4339 pellacis
1874 4289 2017 4345 gau-

407 4346 496 4401 dia
522 4350 734 4416 mundi,
772 4350 1062 4425 indignum
1091 4354 1322 4420 ducens,
1346 4372 1445 4427 pro
1478 4358 1601 4426 eius
1641 4360 1792 4415 lucro
1817 4360 2018 4417 animae

405 4452 518 4492 suae
547 4439 937 4496 detrimentum
972 4444 1099 4512 pati.
1156 4447 1255 4510 Qui
1285 4446 1631 4519 legationem
1681 4450 1874 4505 salutis
1903 4468 2016 4507 suae

408 4533 633 4589 mittens
663 4536 730 4590 ad
759 4553 942 4610 regem
975 4555 1099 4594 cum
1148 4541 1318 4612 duplo
1350 4502 1591 4600 exercitu
1640 4548 1830 4601 contra
1877 4548 2014 4602 sim-
2040 4502 2099 4570 D

406 4621 557 4693 plum
589 4631 837 4680 nostrum
870 4628 1206 4697 venientem,
1240 4631 1498 4686 idoneam
1527 4632 1669 4688 inter
1689 4651 1747 4689 se
1769 4644 1823 4690 et
1844 4636 2012 4692 Deum

405 4715 570 4791 elegit
599 4718 977 4775 mediatricem
1009 4720 1310 4792 piissimam
1334 4724 1591 4781 videlicet
1620 4726 1863 4796 Mariam,
1896 4729 2016 4798 ejus
2056 4788 2061 4793 ,

402 4805 673 4878 virginem
708 4810 1066 4882 genitricem;
1099 4818 1153 4866 et
1182 4813 1413 4884 cupiens
1444 4830 1552 4870 non
1577 4821 1786 4870 tantum
1808 4833 1907 4872 sua
1932 4827 2015 4873 set

2045 1763 2095 1831 Β

2048 3133 2097 3200 C

2115 543 2436 599 commertio
2465 558 2563 596 sua
2583 541 2768 597 omnia
2798 542 2910 596 Deo
2938 540 3153 595 dedidit
3193 540 3424 611 ejusque
3454 540 3740 614 genitrici,

2114 643 2170 691 et
2200 636 2254 689 in
2295 636 2503 689 honore
2536 633 2681 701 *ejus
2711 631 3107 688 monasterium
3160 631 3465 686 construxit
3526 631 3583 684 in
3612 630 3742 685 villa

2115 723 2654 793 Walciodoro,quam
2682 721 2832 776 Mosa
2855 720 3011 775 alluit
3042 720 3096 773 in
3129 718 3356 774 dimcesi
3385 719 3740 786 Leodicensi,

2119 815 2307 887 ibique
2378 815 2478 870 sub
2536 813 2854 870 monasticae
2892 812 3175 885 religionis
3226 809 3420 865 habitu
3479 811 3748 866 adunavit

2119 908 2305 964 divino
2330 907 2563 963 idoneos
2584 905 2887 966 famulatui,
2916 904 3010 976 qui
3039 903 3145 958 sibi
3192 904 3535 958 seminarent
3564 902 3742 974 spiri—

2121 1002 2308 1069 tualia,
2330 1010 2385 1057 et
2410 1002 2489 1056 illi
2511 1017 2611 1057 sua
2637 1006 2918 1056 meterent
2932 999 3187 1055 carnalia.
3222 998 3344 1064 Qui,
3375 998 3506 1070 quia
3535 998 3748 1069 praedi-

2122 1092 2253 1146 dicti
2285 1086 2548 1146 antistitis
2578 1090 2753 1145 nostri
2769 1090 2838 1125 ⁹²⁵
2869 1088 3207 1164 gloriabatur
3233 1087 3744 1160 consanguinitate,

2122 1183 2428 1254 praesertim
2463 1183 2591 1253 quia
2619 1198 2744 1236 eum
2767 1180 2913 1252 apud
2947 1181 3188 1234 animum
3225 1178 3369 1250 regis
3400 1195 3516 1234 non
3549 1196 3745 1248 parum

2121 1274 2305 1329 valere
2332 1274 2552 1328 videbat
2604 1273 2797 1327 intima
2823 1271 3216 1337 familiaritate,
3260 1270 3519 1343 regisque
3551 1287 3747 1344 regum

2120 1366 2348 1439 gratiam
2376 1364 2746 1434 promeruisse
2774 1380 2896 1418 eum
2932 1362 3280 1417 intellexerat
3311 1378 3376 1416 ex
3430 1362 3503 1396 9³⁸
3548 1362 3745 1416 mundi

2123 1457 2305 1511 cordis
2345 1456 2684 1521 sinceritate,
2729 1454 2937 1508 nullum
2991 1461 3112 1524 post
3162 1453 3333 1507 Deum
3365 1453 3605 1524 ejusque
3630 1469 3755 1507 ma-

2125 1553 2262 1600 trem
2315 1561 2475 1616 quam
2508 1560 2630 1599 eum
2690 1543 2796 1597 sibi
2858 1542 3119 1597 heredem
3168 1541 3469 1615 subrogare
3526 1540 3751 1605 maluit,

2124 1636 2384 1706 idemque
2424 1634 2816 1689 monasterium
2851 1648 2948 1703 pro
3000 1633 3119 1701 ejus
3164 1647 3350 1686 amore
3384 1631 3499 1700 juri
3540 1641 3752 1686 sancta:

2124 1725 2406 1779 Mettensis
2422 1723 2684 1777 mcclesize
2708 1720 3343 1793 testamentodelegavit,
3382 1726 3438 1774 et
3472 1720 3752 1790 imperiali

2123 1814 2346 1868 decreto
2392 1812 2447 1866 in
2506 1817 2830 1882 perpetuum
2865 1808 3209 1863 confirmavit
3244 1806 3404 1877 (935).
3454 1807 3551 1861 Ille
3591 1823 3749 1873 vero,

2123 1908 2310 1972 utpote
2366 1901 2450 1955 vir
2518 1914 2627 1954 non
2682 1897 2979 1953 mediocris
3030 1896 3364 1967 prudentiae,
3438 1896 3574 1966 quia
3635 1912 3751 1950 non

2124 1991 2367 2061 ingratus
2408 1995 2546 2056 erat,
2600 1997 2750 2043 tanto
2797 1987 2966 2059 gratis
3017 1986 3282 2041 secclesiaz
3326 2000 3442 2040 suae
3498 1986 3753 2054 praestito

2125 2079 2418 2148 beneﬁcio,
2460 2096 2528 2135 ne
2587 2080 2635 2135 ei
2683 2087 2883 2150 praeter
2928 2085 3187 2133 aeternam
3222 2076 3746 2131 remunerationem

2124 2171 2286 2225 etiam
2317 2170 2368 2224 in
2426 2170 2660 2225 terrenis
2699 2170 2917 2223 deesset
2946 2168 3112 2240 digna
3156 2166 3508 2232 vicissitudo,
3557 2166 3751 2219 villam

2124 2279 2234 2315 suae
2268 2262 2491 2317 ditionis
2522 2262 2701 2315 eidem
2725 2260 3068 2333 constiguam
3111 2260 3253 2324 loco,
3299 2257 3605 2312 Hasteriam
3658 2274 3758 2312 vo-

2124 2356 2343 2421 cabulo,
2394 2372 2517 2412 cum
2550 2355 2853 2427 apenditiis
2907 2354 3024 2409 suis
3082 2352 3263 2408 eidem
3315 2351 3607 2420 conjunxit
3636 2367 3754 2406 cre—

2126 2448 2315 2503 nobio.

2194 2537 2245 2590 7.
2277 2537 2382 2603 Qui
2411 2539 2521 2589 viri
2568 2552 2628 2590 ea
2659 2540 2965 2605 tempestate
3019 2536 3349 2590 claruerunt.
3386 2533 3519 2587 Jure
3568 2532 3754 2586 felicia

2124 2628 2351 2683 dixerim
2380 2628 2588 2683 Ottonis
2617 2635 2885 2698 tempora,
2941 2643 3064 2681 cum
3121 2625 3283 2680 claris
3331 2623 3667 2695 praesulibus
3697 2631 3752 2676 et

2124 2719 2471 2789 sapientibus
2502 2718 2630 2772 viris
2672 2735 2757 2772 res
2788 2718 3008 2789 publica
3047 2718 3118 2772 sit
3150 2717 3468 2781 reformata,
3498 2732 3602 2786 pax
3637 2731 3749 2769 aec-

2124 2807 2415 2862 clesiarum
2469 2814 2794 2870 restaurata,
2846 2808 3103 2861 honestas
3162 2805 3447 2877 religionis
3499 2804 3753 2858 redinte-

2123 2903 2294 2970 grata.
2339 2896 2465 2950 Erat
2502 2896 2693 2950 videre
2742 2902 2798 2949 et
2836 2911 2892 2949 re
2926 2895 3040 2964 ipsa
3075 2893 3340 2964 probare,
3397 2910 3590 2949 verum
3624 2909 3750 2947 esse

2124 2989 2258 3042 illud
2293 2989 2635 3061 philosophi:
2689 2987 3020 3042 fortunatam
3054 3004 3175 3041 esse
3207 3002 3320 3040 rem
3361 2984 3670 3055 publicam,
3704 2984 3752 3038 si

2122 3080 2205 3133 vel
2235 3096 2394 3153 reges
2431 3084 2710 3149 saperent,
2755 3077 2842 3131 vel
2886 3084 3183 3148 regnarent
3241 3074 3543 3144 sapientes.
3595 3074 3745 3127 Prae-

2125 3181 2281 3226 erant
2311 3170 2455 3224 enim
2479 3168 2685 3241 populo
2713 3168 2868 3242 regni
2890 3184 2997 3223 non
3034 3166 3422 3230 mercennarii,
3448 3172 3533 3220 set
3560 3174 3753 3237 pasto-

2127 3282 2212 3320 res
2239 3264 2545 3319 clarissimi.
2600 3265 2747 3317 Inter
2776 3278 2914 3335 quos
2949 3262 3146 3317 merito
3177 3262 3262 3316 sui
3291 3260 3490 3315 lucidis
3520 3276 3754 3332 compa-

2125 3358 2327 3412 randos
2366 3355 2677 3426 syderibus,
2719 3354 3036 3409 nominatus
3092 3360 3145 3408 et
3174 3369 3322 3423 saepe
3369 3352 3751 3408 nominandus

2126 3449 2219 3503 ille
2249 3454 2564 3521 maguatum
2597 3446 2890 3511 maximus,
2938 3445 3121 3499 Bruno
3153 3443 3420 3499 archidux
3451 3443 3519 3478 ⁹²⁷
3573 3450 3627 3497 et
3656 3460 3745 3498 ar-

2124 3540 2534 3610 chiepiscopus,
2567 3537 2715 3593 velut
2753 3537 2945 3593 lucifer
2982 3536 3281 3591 matutinus
3335 3534 3580 3591 micabat
3611 3535 3749 3591 ruti-

2123 3634 2227 3690 lus.
2253 3634 2383 3688 Post
2412 3649 2537 3688 eum
2572 3631 2905 3687 Deodericus
2933 3638 3138 3697 noster,
3169 3618 3435 3685 aecclesiae
3469 3629 3745 3702 regimen,

2127 3724 2281 3798 regni
2312 3726 2588 3790 columen,
2618 3723 2834 3778 virtutis
2871 3722 3177 3793 specimen,
3233 3722 3435 3792 passim
3501 3722 3748 3776 nominis

2126 3815 2210 3870 sui
2247 3815 2541 3888 spargebat
2569 3815 2776 3869 lumen.
2807 3813 3043 3869 Treviris
3075 3813 3365 3894 aurigabat
3392 3829 3615 3867 currum
3651 3813 3744 3867 Dei

2127 3907 2416 3962 lleinricus
2456 3907 2546 3974 9’8,
2580 3912 2704 3978 post
2733 3922 2858 3960 eum
2890 3906 3191 3977 Egbertus;
3226 3905 3319 3976 qui
3352 3898 3514 3975 cujus
3541 3905 3749 3959 sancti—

2125 3998 2254 4053 tatis
2286 3997 2489 4052 fuerint
2527 3997 2572 4051 si
2609 3997 2734 4068 quis
2766 3997 3002 4069 ignorat,
3065 3996 3219 4051 facile
3260 3996 3509 4050 inveniet
3541 4012 3571 4049 a
3621 3996 3747 4066 qui-

2124 4093 2229 4147 bus
2260 4093 2452 4147 discat.
2497 4092 2689 4146 Leucis
2728 4096 2959 4162 przeerat
2998 4091 3287 4156 Gerardus,
3321 4089 3555 4144 Virduni
3594 4091 3742 4146 anti-

2126 4182 2304 4237 stabat
2358 4180 2684 4244 Wicfridus;
2730 4181 2822 4252 qui
2856 4180 3048 4251 quales
3100 4179 3305 4233 fuerint
3349 4178 3436 4234 vel
3485 4179 3621 4234 hinc
3648 4194 3746 4250 po-

2121 4280 2228 4329 test
2253 4273 2403 4339 sciri,
2431 4274 2558 4344 quia
2613 4274 2838 4348 collegae
2884 4272 3108 4327 fuerunt
3148 4272 3311 4340 hujus
3368 4272 3544 4326 nostri
3606 4273 3744 4327 Deo-

2120 4366 2314 4432 derici,
2347 4381 2413 4420 ex
2442 4364 2735 4435 disciplina
2784 4364 2996 4420 scilicet
3039 4364 3309 4441 Brunonis
3349 4363 3550 4429 incliti,
3588 4365 3743 4431 cujus

2120 4458 2281 4513 etiam
2334 4457 2545 4526 judicio
2587 4457 2654 4511 ad
2711 4456 2939 4529 gradum
3003 4456 3355 4527 pontificatus
3413 4464 3742 4511 meruerunt

2120 4548 2365 4620 provehi.
2426 4550 2589 4603 Porro
2646 4547 2943 4603 Wicfridus
3019 4564 3151 4603 usus
3197 4554 3281 4602 est
3347 4547 3400 4601 in
3476 4548 3740 4602 omnibus

2117 4642 2365 4706 prompta
2402 4650 2571 4706 opera
2629 4635 2877 4707 praesulis
2933 4635 3246 4702 Deoderici,
3306 4646 3361 4690 et
3406 4637 3647 4691 maxime
3689 4638 3738 4691 in

2117 4727 2489 4783 construendo
2539 4728 2798 4783 cmnobio
2850 4727 3025 4783 sancti
3083 4728 3232 4782 Pauli
3286 4726 3631 4784 confessoris
3686 4729 3737 4782 in

2114 4816 2382 4872 suburbio
2406 4816 2760 4884 Virduncnsi,
2791 4833 2823 4871 a
2873 4832 2981 4888 quo
3011 4817 3173 4871 etiam
3224 4816 3555 4887 pretiosiora
3609 4832 3737 4871 auro

1759 4941 1976 4997 VARUE
2008 4941 2384 4998 LECTIONES.

478 5048 863 5139 ”‘gtqtttts
932 5056 1226 5139 addi't;_Si
1286 5059 1409 5139 quis
1463 5060 1597 5131 quid
1652 5062 1724 5139 sit
1761 5063 1973 5139 aorasia
2030 5064 2229 5139 querit,
2293 5080 2357 5119 ex
2414 5065 2595 5139 verbis
2651 5066 2823 5120 sancti
2873 5064 3473 5139 _Augustini_discere

3581 5072 3735 5136 pote-

410 5120 936 5206 rit,‘qui-in_libr_o
966 5120 1319 5206 questionuni
1377 5120 1702 5206 ingenesi
1741 5134 1821 5187 sic
1872 5135 1991 5206 ait:
2051 5120 2228 5190 'Viros'
2272 5152 2401 5191 vero
2458 5137 2551 5206 qui
2609 5144 2767 5190 erant
2818 5137 2886 5190 ad
2938 5120 3134 5190 ostium
3198 5136 3399 5189 domus
3448 5120 3731 5206 percusse-

413 5196 829 5285 EuElAthitate;
870 5196 1264 5285 Grecihabent
1290 5196 1523 5285 agrasia;
1558 5204 1706 5285 quod
1732 5204 1914 5285 magis
1941 5206 2215 5285 significat
2251 5206 2294 5285 si
2324 5207 2431 5285 dici
2465 5196 2648 5285 potest
2676 5207 3041 5285 avidenciam,
3069 5222 3192 5285 qtae
3226 5206 3396 5285 faciat
3409 5196 3525 5285 non
3541 5205 3728 5271 videri,

541 5268 734 5360 [qm-nia
748 5274 834 5320 set
854 5268 1003 5360 quod
1024 5284 1164 5339 opus
1184 5278 1294 5360 est:
1308 5273 1419 5354 liae
1445 5268 1743 5360 aora'siaet
1768 5268 2112 5360 illi'perc‘ﬁsszi
2139 5284 2265 5359 sunt
2283 5279 2379 5360 qui
2398 5268 2708 5350 querebant
2740 5268 3232 5360 Helyseumkjlanc
3256 5285 3311 5359 et
3342 5278 3421 5332 illi
3456 5268 3730 5360 abu‘erunt

452 5332 507 5386 ui
540 5333 829 5390 Dominum

409 5401 477 5436 "7
498 5406 763 5462 archidus
791 5424 838 5462 c.
873 5401 886 5409 ’
944 5410 1013 5444 ⁹²⁸
1045 5412 1304 5469 henricus
1331 5431 1376 5470 c.

873 5346 1011 5423 post“
1027 5345 1487 5423 resurrectionem
1513 5362 1637 5400 cum
1667 5346 1762 5402 illo
1794 5345 2140 5404 ambulantes
2168 5349 2225 5403 in
2263 5345 2351 5405 via
2381 5345 2489 5404 non
2518 5345 2917 5423 cognoverunt.

3022 5349 3091 5384 9’5
3118 5348 3321 5404 nostris
3350 5365 3397 5404 c.
3510 5351 3583 5384 ⁹²⁶
3608 5355 3662 5403 et
3682 5348 3732 5401 Ι.

1965 5490 2174 5547 NOTAE.

482 5575 618 5646 (934)
653 5577 866 5646 Wasor,
890 5580 1051 5638 diuae.
1075 5583 1480 5642 Namurcensis.

480 5645 621 5724 (935)
649 5650 711 5703 A.
745 5649 870 5724 946A.
904 5650 1055 5724 Sept.
1070 5672 1179 5719 Xix,
1216 5655 1399 5712 Remis
1429 5658 1655 5716 Eilberti
1686 5661 1910 5718 donatio

408 5714 477 5770 ab
507 5714 704 5777 Ottone
724 5714 1044 5780 conﬁrmata
1073 5714 1177 5792 est,
1209 5726 1376 5781 Miraei
1409 5730 1544 5800 Opp.
1582 5714 1878 5798 1,259iielv.

2129 5590 2327 5647 Chron.
2361 5590 2697 5647 Walciodor.
2732 5591 2993 5662 ,Dachery
3030 5590 3119 5645 ed.
3173 5590 3232 5662 ,2.
3296 5590 3363 5657 ll,
3407 5608 3462 5662 p.
3523 5590 3644 5656 709,
3677 5596 3727 5646 et

2020 5663 2192 5717 Vitam
2235 5663 2541 5719 Forannani
2564 5661 2766 5718 Mabill.
2793 5662 2911 5719 Oct.
2939 5662 3000 5727 V,
3035 5678 3089 5733 p.
3123 5661 3245 5716 587.
