3930 6204
151 274 245 331 701

1166 279 1317 333 νιΤΑ
1356 280 1709 338 DEODERILI
1750 280 2046 337 EPISCOPI
2087 280 2468 337 METTENSIS.

3378 284 3493 341 702

146 411 200 459 et
228 404 446 475 topatio
500 419 623 459 ossa
654 406 830 461 sancti
886 409 1141 479 martyris
1199 410 1442 485 Gregorii
1500 413 1771 482 Spoletini
1797 415 1845 483 Α
1875 416 1961 466 tus
1995 412 2174 479 Halym
2210 427 2369 481 super
2397 413 2487 465 11σί
2490 428 2672 479 J'seum
2695 413 2770 467 ad
2804 415 3057 479 facienda
3084 418 3247 483 signa
3282 419 3332 470 et
3358 431 3486 485 pro-

148 498 493 568 impetravit,
521 513 645 568 qua?
693 499 979 568 decenter,
1009 508 1068 555 ut
1097 502 1259 557 hodie
1299 513 1382 557 est
1414 520 1661 571 cernere,
1716 506 1773 558 in

156 590 408 646 :ecclesia
443 590 637 645 eadem
680 592 945 661 reposuit.
986 593 1209 670 Possem
1254 611 1540 651 recensere
1589 598 1778 667 plures

156 682 432 751 cujusque
465 681 675 735 ordinis
720 698 786 736 ea
826 688 1148 752 tempestate
1199 683 1467 758 insignes,
1524 692 1610 740 set
1647 686 1775 741 nolo

157 771 526 826 extaedientur
564 771 795 827 aliorum
839 782 1055 826 mentes
1108 774 1196 827 vel
1240 790 1422 828 aures.
1459 775 1550 829 lsti
1583 784 1780 845 praeter

155 876 247 916 eos
286 876 433 932 quos
466 859 609 915 fama
637 862 874 916 obscura
904 863 1174 929 recondit,
1216 863 1378 931 hujus
1410 864 1580 934 patris
1605 865 1779 919 nostri

160 952 625 1021 contemporales,
681 952 849 1023 aliqui
896 954 1057 1009 etiam
1111 954 1562 1017 contubernales,
1609 955 1780 1027 aliqui

154 1038 531 1103 contribulcs;
566 1040 619 1093 hi
644 1041 865 1111 inquam
895 1043 1016 1109 ejus
1048 1043 1103 1096 in
1130 1042 1334 1098 bonum
1365 1052 1775 1113 cooperatores,

155 1130 205 1184 hi
239 1131 291 1183 in
353 1130 554 1184 castris
587 1131 797 1186 domini
848 1133 1083 1188 Sabaoth
1150 1135 1314 1202 hujus
1353 1134 1562 1208 egregii
1619 1143 1779 1189 antc-

154 1221 371 1292 signani
407 1220 563 1276 fuere
597 1223 1027 1290 commilitones,
1059 1226 1114 1278 hi
1144 1242 1338 1281 omnes
1362 1228 1774 1294 succenturiati,

156 1313 209 1367 in
256 1313 371 1368 otio
431 1320 488 1367 et
522 1313 577 1366 in
610 1315 832 1386 negotio
863 1316 1045 1370 causis
1102 1318 1245 1389 regis
1273 1319 1525 1383 aderant,
1545 1320 1776 1389 ejusque

160 1411 415 1473 nepotem
452 1403 811 1458 Deodericum
854 1405 946 1459 alii
989 1407 1159 1476 patris
1205 1407 1433 1473 honore,
1462 1407 1555 1461 alii
1598 1407 1776 1462 fratris

159 1510 340 1549 arnore
373 1494 612 1549 mirifice
641 1495 990 1551 excolebant.

225 1586 277 1640 8.
308 1588 385 1639 De
412 1590 583 1639 morte
602 1587 786 1639 domm'
825 1587 1111 1640 Brunom’s.
1164 1586 1456 1657 Postquam
1490 1586 1637 1658 (936)
1668 1586 1775 1661 igi-

157 1686 239 1733 tur
274 1679 611 1735 venerabilis
638 1679 1088 1750 archiepisc0pus
1116 1681 1300 1736 Bruno
1344 1688 1511 1735 totam
1543 1697 1773 1751 compo-

1875 504 2034 572 digia
2062 505 2160 571 (IV
2186 507 2311 571 Reg.
2354 521 2414 570 ιι,
2468 505 2573 571 13).
2610 504 2691 558 sic
2742 520 2904 559 omne
2953 507 3255 576 spiritualis
3307 509 3494 581 gratiae

1878 594 2105 670 donum,
2141 608 2250 664 quo
2287 594 2595 648 Brunonem
2640 592 2733 646 Dei
2763 593 3119 663 insigniverat
3153 596 3345 667 gratia,
3391 598 3496 650 mi-

1880 686 2080 741 rareris
2122 686 2177 740 in
2240 686 2598 742 Deodericum
2651 685 2982 739 transfusum
3034 685 3099 739 ad
3153 685 3500 757 disponenda

1882 775 2037 850 regni
2070 774 2311 846 negotia.

1953 864 2005 918 9.
2038 868 2112 919 De
2138 865 2391 917 unanimi
2434 863 2788 929 fraternitate
2822 862 2953 915 cieri
2973 864 3248 917 Mettensis
3275 867 3323 916 et
3362 864 3500 917 Hal-

1885 956 2253 1011 berstedensz's.
2292 956 2415 1009 Erat
2446 954 2576 1007 huic
2602 953 2906 1023 imperialis
2936 952 3245 1008 nobilitatis
3297 961 3351 1008 et
3381 954 3501 1024 epi-

1880 1044 2115 1114 scopalis
2149 1043 2433 1117 dignitatis
2464 1042 2579 1096 viro
2612 1042 2763 1117 jugis
2802 1042 3085 1116 vigilantia
3129 1058 3298 1113 super
3334 1058 3500 1097 excu-

1880 1134 2001 1189 bias
2040 1135 2143 1189 sibi
2174 1134 2453 1189 commissi
2479 1133 2684 1207 gregis,
2735 1141 2853 1188 erat
2883 1135 3216 1205 propensior
3246 1151 3377 1188 cura
3400 1148 3500 1204 pro

1879 1227 2091 1280 honore
2122 1233 2174 1280 et
2205 1226 2455 1296 profectu
2497 1225 2766 1280 clericalis
2795 1225 3038 1290 ordinis;
3080 1226 3206 1280 ideo
3231 1224 3498 1296 quicquid

1880 1333 2070 1372 eorum
2100 1316 2261 1371 saluti
2294 1316 2604 1371 conducere
2632 1317 2870 1386 videbat,
2899 1317 3197 1391 diligenter
3227 1333 3496 1387 procura-

1877 1408 1989 1463 bat.
2027 1409 2181 1463 Unde
2234 1408 2378 1461 inter
2417 1415 2609 1462 caetera
2662 1409 2869 1463 clerum
2903 1408 3222 1463 Mettensem
3257 1416 3311 1463 et
3352 1410 3486 1463 Hal-

1877 1500 2320 1564 berstedensum,
2354 1500 2448 1571 qui
2506 1500 2724 1571 utrique
2769 1501 3080 1555 innituntur
3126 1509 3381 1571 patrono,
3414 1505 3495 1558 vi-

1877 1587 2112 1641 ctorioso
2144 1588 2353 1642 scilicet
2392 1594 2791 1659 protomartyre
2839 1589 3141 1659 Stephano,
3179 1590 3251 1643 ita
3289 1599 3493 1645 mutuae

1875 1674 2114 1728 caritatis
2154 1675 2331 1728 univit
2382 1675 2617 1744 glutino,
2679 1684 2737 1730 ut
2789 1692 2884 1730 cor
2934 1694 3101 1730 unum
3157 1686 3212 1731 et
3250 1678 3488 1745 animam

156 1780 331 1826 suerat
382 1770 841 1842 Lothtaringiam.
897 1771 1290 1842 Compendium
1348 1773 1587 1843 perrexit
1611 1790 1768 1829 com-
1800 1732 1849 1799 Β
1876 1782 2040 1820 unam
2078 1766 2159 1819 eis
2189 1765 2419 1820 infunde
2452 1773 2505 1819 et
2534 1766 2589 1819 in
2626 1768 2877 1829 Domino,
2924 1767 2977 1820 id
3011 1775 3095 1821 est
3123 1769 3259 1822 utin
3294 1785 3492 1840 corpo-

158 1860 427 1929 positurus
460 1860 627 1914 etiam
673 1860 976 1925 Franciam,
1025 1860 1236 1916 habens
1266 1878 1452 1916 secum
1486 1863 1773 1918 consobri-

156 1968 277 2006 num
310 1969 472 2007 suum
519 1954 909 2016 Deodericum,
950 1955 1006 2008 in
1039 1957 1251 2010 cunctis
1290 1957 1554 2026 cperibus
1608 1958 1772 2013 bonis

158 2044 529 2099 fidelissimum
591 2046 919 2114 adjutorem.
981 2048 1111 2101 Eum
1166 2048 1373 2119 quippe
1430 2049 1499 2103 ab
1541 2050 1769 2105 exordio

158 2135 610 2191 incardinationis
648 2137 767 2205 ejus
818 2139 873 2191 in
914 2140 1171 2193 omnibus
1231 2141 1466 2214 negotiis
1499 2141 1771 2209 jexibehat

162 2228 256 2281 sibi
294 2236 737 2301 c00peratorem,
770 2231 1108 2303 praesagiens
1128 2248 1252 2285 eum
1285 2247 1512 2302 operum
1544 2249 1767 2288 suorum

161 2314 268 2371 fore
316 2317 733 2385 imitatorem,et
770 2318 956 2391 gratiae
1018 2319 1347 2390 virtutisque
1402 2320 1507 2373 sibi
1564 2321 1772 2377 caelitus

161 2421 423 2461 concessa)
467 2422 583 2461 non
610 2407 774 2480 longe
809 2414 932 2477 post
960 2408 1241 2462 heredem.
1278 2408 1367 2462 Vir
1405 2424 1535 2481 ergo
1575 2408 1769 2479 paciﬁ-

161 2511 247 2551 cus
285 2497 476 2552 volens
509 2497 696 2552 vocari
741 2498 835 2551 Dei
878 2495 1044 2564 filius,
1093 2498 1224 2552 dum
1275 2514 1502 2568 operum
1545 2514 1769 2553 suorum

163 2585 307 2639 bona:
339 2585 813 2641 consummationi
855 2596 1000 2640 esset
1032 2586 1299 2652 intentus,
1331 2586 1536 2640 decidit
1575 2586 1632 2640 in
1691 2587 1771 2641 le-

161 2683 295 2730 ctum
341 2677 600 2749 corporis
633 2677 934 2752 gravedine
962 2678 1246 2741 detentus;
1290 2684 1344 2731 et
1373 2678 1557 2733 Remis
1595 2695 1772 2749 usque

163 2784 447 2842 regressus,
490 2770 699 2825 ibidem
735 2771 1108 2825 invalescente
1168 2771 1497 2845 aegritudine
1543 2779 1628 2827 est
1683 2786 1771 2826 re-

165 2863 348 2913 tentus.
390 2859 652 2915 Sentiens
680 2859 863 2930 itaque
913 2858 1077 2914 finem
1111 2875 1270 2914 suum
1304 2876 1334 2914 a
1381 2860 1490 2914 Deo
1519 2859 1625 2913 sibi
1666 2874 1772 2914 no-

165 2944 367 3014 tilicari,
407 2963 818 3019 numerumque
865 2947 1079 3001 dierum
1120 2964 1342 3004 suorum
1374 2950 1768 3016 consummari,

165 3036 437 3111 sciensque
477 3040 618 3111 quid
647 3040 867 3094 deesset
907 3040 1036 3106 sibi,
1078 3040 1401 3096 deliberavit
1440 3057 1624 3096 secum
1656 3042 1770 3096 ele-

166 3129 375 3184 mosinis
414 3137 644 3200 peccata
672 3146 771 3184 sua
811 3130 1083 3185 redimere
1114 3138 1168 3186 et
1206 3132 1497 3187 thesauros
1539 3147 1669 3187 suos
1709 3132 1766 3186 in

165 3222 511 3291 gazophilatio
570 3222 696 3276 coeli
736 3221 1063 3287 recondere,
1111 3222 1322 3278 scilicet
1362 3223 1415 3276 in
1466 3240 1598 3278 usus
1629 3240 1763 3294 pau-

168 3323 340 3375 perum
368 3321 421 3364 et
468 3310 846 3372 recclesiarum
877 3309 1073 3365 Christi
1102 3313 1446 3383 expendere;
1479 3324 1534 3368 et
1562 3329 1767 3369 vocans

167 3398 226 3450 ad
260 3416 317 3454 se
349 3401 698 3477 refrigerium
729 3401 939 3456 doloris
963 3402 1048 3456 sui
1090 3409 1143 3457 et
1184 3404 1306 3458 vitm
1346 3405 1649 3475 mortisque
1673 3419 1767 3461 so-

166 3487 336 3546 latium
393 3494 783 3557 Deodericum,
836 3500 891 3549 et
921 3494 1321 3549 Virdunensem
1373 3529 1435 3537 ——
1469 3513 1592 3551 nam
1640 3504 1694 3551 et
1723 3496 1768 3551 is

168 3589 346 3647 prasto
368 3584 940 3652 erat—Wicfridum,
981 3602 1166 3641 coram
1208 3588 1289 3640 eis
1319 3587 1545 3643 dictavit
1582 3596 1640 3642 et
1683 3589 1765 3642 si-

1795 3083 1843 3151 C

1873 1855 2077 1908 ralibus
2104 1863 2374 1924 perpetua
2413 1855 2492 1908 eis
2520 1863 2666 1908 esset
2705 1855 3025 1909 dilectionis
3053 1857 3393 1922 communio,
3434 1866 3490 1913 et

1872 1948 1927 2001 in
1983 1947 2364 2018 spiritualibus
2409 1946 2647 2001 indivisa
2701 1955 2849 2001 esset
2903 1948 3146 2002 caritatis
3200 1950 3488 2005 connexio.

1872 2039 2026 2103 Quod
2055 2055 2155 2092 sua
2186 2038 2458 2093 initiatum
2507 2038 2818 2111 diligentia,
2850 2039 3188 2093 successoris
3231 2047 3285 2094 et
3316 2056 3490 2110 nepo-

1873 2125 1940 2179 tis
1971 2125 2053 2179 sui
2093 2125 2252 2180 bonae
2285 2126 2562 2181 memoriae
2594 2126 2955 2180 Adelberonis
3001 2127 3277 2197 supplevit
3320 2128 3489 2181 indu-

1870 2218 2019 2271 stria.
2045 2218 2179 2282 Quia
2206 2218 2353 2272 enim
2381 2218 2896 2273 llalberstendensis
2912 2219 3140 2274 antistes
3163 2220 3217 2272 in
3247 2220 3493 2275 celebra-

1873 2306 2020 2360 tione
2047 2306 2335 2360 missarum
2367 2306 2768 2376 sollempnibus
2798 2306 2996 2359 diebus
3035 2307 3288 2362 utebatur
3317 2308 3485 2382 logie,

1872 2398 1925 2451 id
1958 2407 2042 2450 est
2073 2397 2321 2452 rationali
2355 2397 2503 2467 (937)
2545 2398 2694 2468 quod
2724 2404 2807 2451 est
2841 2398 3103 2451 indicium
3136 2398 3401 2452 doctrinae
3434 2408 3490 2454 et

1871 2489 2135 2555 veritatis,
2169 2496 2532 2563 prazrogatum
2551 2489 2813 2544 aeeclesize
2844 2506 2955 2544 suae
2987 2506 3053 2543 ex
3077 2490 3297 2545 decreto
3330 2507 3488 2561 papae

1871 2577 2106 2651 Agapiti,
2134 2577 2413 2652 suggessit
2448 2595 2546 2647 per
2576 2578 2865 2648 epistolam
2896 2579 3194 2649 praedictus
3217 2579 3489 2636 Adelbero

1876 2667 2446 2738 HilduardoepiscOpo
2476 2669 2980 2734 Halberstendcnsi,
3007 2678 3066 2723 ut
3093 2669 3224 2741 quia
3255 2676 3414 2724 erant
3431 2670 3487 2724 in

1872 2765 2335 2829 omnibusunum,
2360 2764 2793 2819 communicaret
2817 2764 2981 2818 etiam
3004 2765 3108 2819 sibi
3134 2765 3268 2819 illud
3293 2781 3486 2833 unum,

1872 2858 2018 2929 quod
2036 2864 2153 2911 erat
2177 2856 2496 2911 sibisolum.
2537 2856 2841 2927 Respondit
2870 2857 2945 2909 illi
2980 2857 3068 2910 ille
3102 2856 3276 2927 (938):
3311 2857 3487 2912 Unum

1870 2946 2216 3001 individuum
2248 2962 2390 3011 esse,
2431 2952 2514 3000 set
2553 2946 2681 3017 quia
2731 2946 2957 2999 unitatis
2987 2946 3183 3000 caritas
3213 2945 3350 3000 nihil
3381 2963 3485 3016 pa-

1870 3036 2109 3090 tiebatur
2140 3052 2364 3111 negare,
2416 3036 2586 3090 misso
2617 3035 2781 3088 simili
2816 3034 2950 3088 illud
3002 3050 3061 3088 se
3098 3035 3148 3089 ei
3182 3035 3490 3090 communi-

1866 3143 2012 3194 care,
2044 3142 2109 3181 ea
2129 3126 2411 3197 preposita
2440 3125 2782 3189 conditione,
2829 3132 2887 3177 ut
2919 3122 3100 3178 neutri
3127 3123 3314 3178 liceret
3344 3123 3488 3178 ulte-

1868 3219 1982 3273 rius
2015 3219 2125 3288 jam
2180 3219 2277 3273 ulli
2316 3218 2581 3273 azcclesiaa
2638 3216 2776 3271 illud
2808 3217 3216 3282 transfundere,
3270 3223 3352 3270 set
3407 3216 3489 3271 hae

1867 3313 1990 3368 dua:
2036 3312 2168 3367 solae
2199 3326 2418 3367 sorores
2449 3326 2561 3366 uno
2593 3318 2769 3380 patre,
2819 3326 2930 3365 una
2985 3316 3181 3377 matre,
3222 3325 3332 3363 una
3358 3324 3489 3382 ger-

1867 3404 2153 3469 manitate,
2196 3419 2309 3459 uno
2337 3403 2644 3479 gaudentes
2682 3408 3015 3473 protectore,
3066 3400 3241 3456 oculis
3295 3402 3488 3471 sponsi

1868 3508 1928 3547 se
1957 3498 2210 3562 aptarent
2239 3492 2440 3560 pudice
2472 3498 2525 3545 et
2554 3490 2879 3557 honorifice,
2908 3498 2963 3545 et
2989 3490 3033 3544 si
3064 3506 3170 3561 qua
3219 3489 3377 3544 alteri
3400 3489 3489 3544 in-

1869 3588 2016 3637 esset
2053 3581 2267 3637 macula
2305 3589 2399 3635 aut
2419 3597 2574 3653 ruga,
2609 3581 2838 3635 alterius
2870 3587 3178 3653 tergeretur
3198 3581 3283 3635 vel
3312 3580 3488 3635 corri-

167 3676 339 3743 gnavit
371 3684 759 3734 testamentum
813 3696 994 3747 suum,
1049 3696 1256 3751 eosque
1310 3680 1614 3735 sanctionis
1655 3696 1768 3735 suae
1868 3682 2088 3749 geretur
2126 3676 2369 3729 dextera.
2414 3674 2807 3743 Expostulabat
2838 3680 3023 3728 tamen
3055 3689 3154 3743 pro
3186 3674 3292 3729 hoc
3316 3676 3490 3729 vicem

169 3770 318 3819 testes
347 3775 398 3822 et
426 3768 742 3824 testamenti
771 3769 854 3823 sui
909 3769 1102 3823 statuit
1154 3768 1575 3841 dissignatores.
1616 3768 1770 3822 Jam-

172 3870 267 3923 que
293 3856 628 3929 inpendente
656 3861 1023 3915 tremebunda
1053 3860 1438 3915 dissolutionis
1467 3876 1580 3914 suae
1614 3861 1770 3925 hora,

173 3945 281 4001 nisu
319 3966 425 4020 quo
456 3959 671 4023 poterat
720 3953 789 4007 ad
831 3960 1091 4024 nepotem
1124 3970 1281 4008 suum
1318 3952 1683 4008 Deodericum
1714 3968 1775 4006 se

1874 3767 2165 3822 laudandae
2188 3766 2669 3829 remunerationis,
2705 3766 2822 3821 dari
2855 3765 3067 3820 scilicet
3094 3766 3358 3820 aacclesiae
3378 3782 3491 3821 801E.

1876 3868 2086 3932 partem
2116 3859 2203 3914 vel
2234 3859 2514 3913 minimam
2554 3858 2842 3931 sanguinis
2874 3856 3351 3927 prothomartyris,
3387 3857 3485 3928 qui

1875 3948 2101 4022 sanguis
2129 3964 2259 4003 vera
2285 3947 2391 4001 fide
2422 3947 2665 4001 creditur
2694 3946 2944 4015 pululare
2977 3945 3033 3998 in
3063 3943 3313 3998 {ecclesia
3338 3944 3493 3998 urbis

172 4047 499 4108 convertens,
568 4041 730 4112 eique
775 4057 841 4096 ex
898 4041 1240 4112 praecordiali
1294 4040 1489 4097 affectu
1520 4041 1773 4095 ultimum
1877 4037 2175 4101 Mettensis,
2211 4042 2264 4091 et
2289 4035 2550 4107 reliquias
2578 4036 2833 4107 gloriosa:
2866 4033 3063 4089 Christi
3106 4032 3338 4105 virginis
3367 4032 3495 4088 Glo-

171 4125 280 4181 vale
332 4130 551 4187 dicens:
600 4136 836 4197 Domine,
890 4133 1090 4204 inquit,
1143 4149 1261 4188 ora.
1309 4133 1429 4188 Mox
1468 4133 1665 4188 devote
1721 4137 1776 4186 et

172 4216 382 4274 confuse
410 4230 577 4278 cantu
600 4232 655 4278 et
687 4225 907 4294 planctu
940 4231 1277 4294 personante
1317 4224 1588 4290 omnium,
1627 4238 1775 4278 anno

172 4304 384 4366 Domine
431 4312 854 4388 nongentesimo
884 4317 1228 4389 sexagesimo
1255 4317 1471 4387 quinto.
1513 4316 1547 4370 5
1576 4316 1773 4370 Iduum

175 4398 425 4469 Octobris,
455 4410 618 4465 solvit
671 4418 880 4465 natura:
911 4411 1181 4475 debitum,
1215 4413 1347 4466 caelo
1389 4411 1614 4465 mittens
1637 4427 1775 4482 gau-

173 4489 333 4559 dium,
362 4502 570 4556 mundo
596 4501 914 4573 relinquens
939 4502 1243 4571 justicium.
1282 4503 1618 4557 Deodericus
1648 4518 1769 4557 cum

174 4585 491 4661 coepiscOpo
532 4606 731 4661 corpus
792 4592 956 4646 amici
997 4590 1275 4647 Coloniam
1334 4592 1650 4662 reportavit,
1691 4598 1777 4647 te-

178 4674 490 4733 stamentum
525 4679 673 4735 clero
712 4688 767 4735 et
800 4680 1014 4735 civibus
1044 4680 1360 4753 resignavit,
1391 4679 1557 4735 fidem
1599 4680 1774 4736 devo-

175 4758 499 4839 tionemque,
555 4789 717 4844 quam
757 4772 882 4827 vivo
926 4771 1268 4838 monstravit,
1309 4771 1471 4826 etiam
1517 4762 1778 4827 defuncto

178 4864 277 4907 non
300 4863 535 4931 negavit.
570 4864 772 4919 Dolens
800 4864 1099 4934 imperator
1141 4879 1200 4919 se
1240 4864 1405 4920 unico
1471 4863 1667 4925 solatio
1698 4864 1781 4918 vi-

180 4940 412 5018 duatum,
445 4954 698 5011 affectum
731 4972 896 5027 quem
931 4954 1170 5009 habebat
1199 4954 1256 5010 in
1284 4954 1509 5010 fratrem
1537 4953 1779 5010 transfu-

181 5031 253 5088 dit
302 5039 356 5094 in
394 5048 807 5103 consobrinum.
848 5048 1050 5103 Dolens
1072 5047 1299 5102 antistes
1326 5063 1384 5102 se
1424 5047 1777 5117 superstitem

179 5135 288 5179 esse
317 5132 514 5191 animae
543 5154 660 5192 suae
680 5137 931 5204 dimidio,
965 5152 1035 5192 ne
1067 5136 1242 5207 impar
1271 5144 1364 5193 aut
1396 5136 1661 5211 indignus
1691 5152 1780 5192 es-

179 5214 255 5263 set
282 5218 424 5288 regis
459 5225 663 5292 animo,
695 5225 913 5280 fratrem
944 5225 995 5280 ei
1035 5224 1469 5296 repraesentabat
1514 5224 1780 5281 fidelitate

178 5303 227 5348 et
249 5299 534 5379 obsequio,
565 5320 620 5368 et
649 5314 794 5369 sicut
833 5314 1100 5385 scriptum
1131 5322 1244 5369 est:
1287 5316 1571 5389 Requievit
1611 5317 1779 5383 spiri-

1876 4126 2140 4195 desindis.
2197 4125 2398 4191 Unde,
2466 4123 2609 4179 sicut
2672 4139 2771 4194 per
2833 4123 3181 4178 Salomonem
3248 4120 3488 4176 dicitur:

1875 4219 2167 4273 Funiculus
2215 4217 2417 4285 tripch
2448 4215 2671 4285 difﬁcile
2717 4216 2998 4285 rumpitur
3030 4212 3219 4279 (Eccle.
3250 4227 3322 4278 IV,
3377 4210 3492 4281 12),

1877 4306 1995 4361 haec
2042 4305 2161 4375 ipsa
2209 4303 2567 4358 fraternitatis
2619 4302 2956 4357 unanimitas
3010 4316 3187 4371 usque
3243 4298 3298 4352 in
3352 4314 3492 4369 prte-

1876 4413 2006 4453 sens
2045 4396 2367 4452 inconvulsa
2396 4395 2674 4466 utrimque
2705 4393 3017 4447 firmissime
3044 4396 3312 4446 servatur.

1945 4490 2013 4546 10
2069 4494 2141 4546 De
2199 4492 2415 4560 privato
2482 4490 2676 4543 honore
2750 4487 3089 4541 Mettensz'um
3154 4484 3487 4552 pontiﬁcum.

1877 4584 2111 4640 Felicem
2128 4590 2352 4639 matrem
2386 4582 2692 4639 aacclesiam
2705 4586 2812 4635 tam
2831 4579 2978 4634 dulci
3001 4577 3197 4632 aﬂectu
3216 4576 3453 4630 ﬁliorum
3476 4574 3489 4628 ι

1877 4674 2118 4741 felicem,
2160 4674 2406 4744 inquam,
2461 4671 2781 4725 Mettensem
2811 4668 3001 4723 urbem
3054 4676 3160 4720 tam
3188 4664 3303 4737 jugi
3360 4679 3493 4733 pro-

1879 4770 2039 4819 vectu
2102 4759 2516 4834 episcoporum!
2573 4759 2671 4812 Vix
2726 4757 2870 4813 enim
2931 4755 3060 4811 huic
3109 4771 3169 4810 se
3228 4752 3492 4825 praeferre

1879 4854 2163 4910 audebunt
2200 4853 2399 4923 aliqua:
2427 4850 2716 4905 Galliarum
2749 4848 3015 4911 civitates,
3048 4846 3197 4917 quod
3252 4844 3497 4916 potiores

1879 4964 1910 5002 a
1932 4948 2043 5003 Deo
2072 4944 2388 5017 acceperint
2416 4943 2752 5008 sacerdotes,
2770 4939 2856 4995 vel
2889 4938 3177 4994 nobilitate
3208 4937 3495 5002 clariores,

1879 5039 1967 5094 vel
2004 5036 2295 5093 sanctitate
2344 5033 2703 5095 illustriores;
2745 5029 2895 5085 unde
2933 5034 2988 5083 et
3015 5026 3237 5098 quidam
3269 5024 3498 5080 Metten«

1880 5130 2023 5185 sium
2056 5126 2401 5200 pontificum,
2435 5123 2684 5179 honorati
2715 5120 2861 5177 ultra
2887 5119 3156 5190 privatum
3190 5116 3489 5188 praasulum

1882 5222 2129 5289 modum,
2161 5220 2488 5291 plerumque
2519 5232 2550 5269 a
2579 5215 2710 5270 sede
2741 5211 3045 5283 apostolica
3072 5210 3179 5265 tale
3209 5204 3498 5264 consecuti

1881 5318 2007 5367 sunt
2038 5306 2542 5383 privilegium,sive
2571 5306 2642 5360 ob
2671 5302 2975 5359 sanctitatis
3003 5299 3254 5373 gratiam,
3281 5298 3397 5352 sive
3422 5294 3496 5352 ob

1691 5437 1902 5492 ΝΟΤΔΞ.

1781 5438 1902 5492 TE.

1739 5438 1777 5493 Ο
1842 5627 1876 5682 p
1928 5537 2088 5666 ($338)
2131 5537 2193 5590 V.
2252 5531 2566 5588 Hildiwardi
2632 5530 2924 5602 epistolam
2983 5544 3071 5599 ap.
3132 5526 3409 5583 Labbeum
3449 5522 3495 5583 Ι,

408 5533 478 5613 lix
498 5537 758 5613 R‘uotgeri
796 5541 916 5596 Vita
943 5540 1221 5613 Brunonis
1240 5556 1287 5613 c.
1313 5540 1506 5597 43-46.

186 5595 386 5714 “31937)
411 5604 585 5664 Vestis
612 5595 698 5664 νὲι
721 5618 1127 5692 ornamentum,
1160 5612 1229 5666 ad
1256 5595 1429 5666 instar
1458 5609 1694 5666 rationa-

283 5682 395 5727 Slvc
422 5681 574 5735 stola:
601 5696 798 5735 summi
838 5682 1141 5735 sacerdotis
1167 5682 1505 5735 Iudaeorum.

601 5683 798 5736 summi
838 5682 1141 5739 sacerdotis
1167 5682 1505 5739 Judaeorum.
