3930 6204
457 279 559 334 703

452 498 855 573 archiepiscOpi
879 503 1745 577 fungerenturoflicioethonore.
1772 521 1840 574 Ex
1863 523 2068 593 quibus

454 591 663 659 primus
730 594 833 649 fuit
874 600 1138 671 antiquus
1189 603 1280 658 ille
1314 606 1583 676 Urbicius,
1631 618 1686 665 et
1742 591 1915 672 multo
1945 626 2071 688 post

452 684 698 749 tempore
721 681 935 753 Pippini
965 689 1111 761 regis
1139 706 1205 744 ex
1236 707 1425 749 sorore
1457 712 1633 767 nepos
1654 698 2067 777 Crodegandus,

449 775 504 823 et
550 778 669 839 post
700 789 824 827 eum
882 777 1303 852 Angelramnus,
1364 792 1418 840 et
1446 788 1585 842 alter
1633 791 1702 844 ab
1751 775 1852 848 illo
1890 797 2066 868 Drogo

451 856 632 911 Karoli
686 860 862 937 Magni
917 865 1268 937 imperatoris
1325 872 1505 940 ﬁlius;
1562 878 1715 935 Walo
1770 884 1936 938 etiam
1985 887 2068 942 vir

452 962 665 1017 magna}
722 953 774 1005 in
830 954 1042 1013 Christo
1094 963 1418 1019 reverentiae
1475 968 1625 1035 pallii
1666 987 1823 1027 usum
1865 978 2067 1033 meruit

453 1037 673 1095 decreto
705 1043 973 1100 Johannis
1006 1066 1187 1120 papae;
1232 1060 1313 1107 set
1352 1062 1407 1108 et
1438 1056 1735 1115 Rotbertus
1772 1074 1897 1133 post
1938 1083 2062 1122 eum

447 1129 847 1203 archicpisgmpi
880 1139 1093 1209 accepit
1124 1141 1357 1215 insigne.
1382 1145 1679 1205 Setomnes
1708 1154 1760 1207 hi
1795 1156 2061 1229 singulari

447 1233 561 1272 sum
590 1221 863 1293 dignitati,
889 1244 999 1282 non
1026 1231 1076 1283 in
1111 1250 1405 1293 commune
1435 1244 1627 1299 matris
1651 1262 1763 1301 suae
1795 1250 2061 1306 azcclesiae

447 1310 800 1365 consulentes
835 1314 1050 1385 honori,
1094 1320 1147 1374 in
1181 1324 1379 1381 diebus
1413 1338 1620 1386 tantum
1652 1334 1778 1388 vita:
1809 1353 1921 1392 sum
1948 1339 2064 1393 sin-

442 1397 555 1468 guli
629 1401 732 1455 hoc.
789 1406 1078 1483 privilegio
1132 1422 1430 1482 potuerunt
1494 1423 1743 1479 decorari
1825 1427 1884 1481 Hi
1933 1447 2062 1487 vero

443 1493 631 1557 nostri,
667 1494 720 1548 id
757 1507 839 1551 est
873 1501 1205 1561 Deodericus
1237 1517 1289 1564 et
1327 1514 1625 1584 Adelbero,
1660 1519 1804 1574 hanc
1835 1522 2062 1579 honoris

442 1589 855 1657 pra-rogativam
912 1596 1425 1660 thesaurizaverunt
1477 1626 1588 1664 non
1640 1613 1744 1667 sibi
1778 1616 2061 1672 dumtaxat

441 1673 496 1727 in
528 1681 972 1751 przesentiarum,
1005 1697 1089 1743 set
1122 1697 1359 1759 posteris
1388 1706 1443 1753 et
1469 1700 1597 1755 ﬁliis
1636 1706 1825 1759 matris
1862 1723 1975 1761 suae
2001 1709 2055 1762 in

437 1775 792 1836 perpetuum;
849 1775 1059 1833 scilicet
1097 1797 1205 1837 non
1260 1791 1637 1858 temporaliter
1678 1797 1762 1849 vel
1796 1796 2053 1855 fastuosee

434 1857 750 1915 eminentia:
774 1862 923 1919 illius
950 1870 1216 1927 ambitum
1253 1878 1608 1949 accipientes,
1642 1894 1727 1941 set
1754 1904 1851 1957 per
1878 1889 2051 1945 hocse

431 1959 671 2017 suosque
710 1966 1058 2014 successores
1087 1969 1392 2023 ammoneri
1432 1972 1701 2041 volentes,
1738 1985 1798 2032 ut
1844 1988 2049 2050 quanto

428 2036 645 2090 czcteris
709 2055 1037 2111 apparerent
1094 2052 1509 2122 eminentiores,
1556 2069 1708 2118 tanto
1765 2068 2049 2126 ardentius

431 2120 698 2179 instantes
750 2129 1013 2188 doctrinae
1054 2146 1109 2192 et
1160 2142 1395 2207 veritati.
1436 2151 1784 2208 attenderent
1838 2156 1942 2209 sibi
1990 2166 2044 2213 et

428 2214 604 2286 gregi.
656 2218 845 2275 Nullus
876 2223 1270 2297 interpretetur
1327 2236 1570 2309 sinistre,
1630 2245 1779 2313 quod
1839 2248 2043 2303 confir-

432 2310 633 2357 matum
667 2318 749 2362 est
796 2312 1160 2381 Adelberone,
1220 2323 1323 2379 hoc
1363 2343 1464 2382 nos
1491 2341 1679 2387 nostro
1737 2337 2038 2395 Deoderico

432 2395 732 2455 ascribere:
788 2412 869 2457 set
894 2407 1153 2465 adtendat
1187 2413 1240 2467 in
1271 2415 1377 2471 isto
1417 2423 1703 2478 exordium
1758 2443 1959 2497 causae,
1992 2431 2047 2485 in

432 2488 546 2544 illio
576 2492 829 2551 effectum
872 2516 1068 2558 caussa.
1102 2506 1193 2561 His
1218 2525 1284 2562 ex
1328 2521 1478 2582 parte
1521 2533 1620 2586 per
1646 2521 1946 2592 prolepsim
1979 2526 2047 2561 9”

431 2581 610 2651 dictis,
644 2597 823 2657 empto
854 2594 1211 2668 accingamur
1240 2606 1416 2672 operi.

504 2675 587 2729 11.
635 2681 709 2733 De
736 2682 1076 2741 immunitate
1133 2694 1633 2755 wcclcsiasticarum
1679 2705 2039 2770 familiarum.

430 2767 616 2823 Pastor
649 2783 835 2829 noster
871 2785 1242 2853 nuncupative
1281 2787 1481 2859 bonus,
1525 2794 1768 2851 imitatus
1812 2801 2043 2874 vestigia

428 2858 574 2915 ﬁlius
632 2868 864 2933 pastoris
904 2873 996 2941 qui
1078 2880 1448 2937 essentialiter
1529 2895 1611 2941 cst
1673 2890 1870 2959 bonus,
1930 2909 2039 2948 non

427 2954 724 3014 incubabat
766 2963 897 3017 ovili
928 2974 988 3021 ut
1046 2977 1484 3043 mercennarius,
1524 2984 1618 3052 qui
1668 2984 1891 3056 fugiens
1949 2990 2040 3044 dat

427 3043 606 3099 locum
649 3048 943 3109 invadendi
975 3073 1105 3113 oves
1155 3062 1592 3138 insidiatoribus,
1642 3084 1723 3128 set
1751 3078 2041 3149 utrobique
2068 3119 2111 3149 ρ

426 3134 690 3190 assistens
755 3141 869 3195 suis
928 3160 1301 3221 prepugnator
1331 3155 1662 3229 indefessus,
1704 3162 1773 3217 ab
1804 3163 2038 3221 hostium
2066 3134 2114 3186 L‘

426 3223 724 3280 visibilium
749 3228 819 3297 fet
850 3231 1205 3292 invisibilium
1238 3257 1334 3296 eos
1381 3249 1660 3304 tutabatur
1698 3251 2039 3322 incursibus;

424 3315 643 3371 ut'cum
684 3320 942 3393 princeps
992 3338 1269 3396 pastorum
1320 3347 1632 3407 appareret,
1694 3342 2041 3401 inmarcessi-

423 3404 592 3460 bilem
619 3409 811 3482 gloriae
845 3430 1104 3474 coronam
1135 3424 1427 3495 acciperet.
1480 3430 1724 3489 Timebat
1751 3438 1898 3492 enim
1930 3455 2041 3494 non

418 3497 617 3553 surdus
671 3502 891 3559 auditor
919 3523 1106 3564 vocem
1155 3518 1353 3571 summi
1396 3523 1651 3589 pastoris,
1703 3527 1834 3582 iram
1894 3529 2037 3597 iudi-

418 3585 675 3660 ciumque
706 3610 806 3664 per
836 3597 1233 3659 Hiezechielem
1267 3608 1337 3677 (c.
1357 3585 1539 3681 xxxw,
1571 3585 1687 3685 4-6)
1721 3585 2036 3689 pastoribus

416 3676 739 3737 intentantis
779 3685 886 3753 his,
946 3691 1039 3759 qui
1097 3698 1448 3768 semetipsos,
1499 3719 1609 3758 non
1643 3706 1858 3763 Domini
1904 3728 2035 3786 gre-

411 3781 560 3837 gem,
590 3782 840 3839 pascunt,
873 3778 967 3847 qui
1009 3796 1134 3834 cum
1174 3788 1516 3857 austeritate,
1560 3801 1619 3847 et
1672 3778 1935 3865 potentia
1952 3800 2034 3855 eis

413 3856 784 3930 dominantur,
814 3866 907 3936 qui
941 3867 1156 3927 fortune
1187 3875 1475 3952 pinguium
1509 3856 1832 3954 abutuntur,
1857 3889 2034 3945 imbe-

413 3946 697 4004 cillitatem
728 3953 950 4010 exilium
983 3946 1366 4034 aspernantur,
1409 3971 1504 4039 qui
1543 3989 1768 4046 gregem
1829 3978 1882 4031 in
1944 3980 2033 4034 di-

410 4038 752 4106 spersionem
782 4045 869 4099 vel
899 4046 1311 4109 devorationem
1345 4058 1644 4117 bestiarum
1684 4066 1800 4137 agri
1837 4070 2033 4145 negle-

412 4132 597 4203 gentia
641 4150 739 4190 sua
778 4137 933 4193 abire
1002 4143 1302 4212 patiuntur.
1361 4152 1623 4216 Quocirca
1685 4156 2032 4219 incessabilis

410 4237 535 4276 eum
567 4240 699 4280 cura
730 4232 1097 4301 remordebat,
1137 4239 1300 4293 etiam
1344 4258 1443 4312 pro
1475 4245 1767 4304 laicalibus
1808 4250 2031 4312 familiis

412 4311 601 4365 matris
641 4329 756 4369 sua:
802 4328 1005 4374 sanctas
1044 4324 1310 4383 aacclesiae
1347 4311 1406 4385 et
1440 4343 1630 4388 contra
1661 4342 2025 4409 superborum

415 4403 763 4461 insolentiam
829 4411 914 4466 vel
994 4432 1282 4485 pravorum
1358 4423 1688 4495 injusticiam
1760 4435 1910 4504 juste
1975 4446 2031 4494 et

414 4500 669 4563 potenter
695 4500 977 4571 satagebat
1026 4520 1120 4560 eas
1153 4507 1361 4583 jugiter
1413 4488 1727 4589 defensare,
1760 4488 1846 4579 be
1861 4488 2032 4582 vnota-
2057 4488 2110 4555 Ο

416 4591 569 4640 retur
625 4591 948 4660 pr0phetica
1000 4611 1169 4653 voce:
1222 4601 1394 4660 Canes
1443 4612 1600 4677 muti,
1653 4629 1761 4668 non
1797 4618 2031 4675 valentes

418 4677 627 4734 latrare
652 4683 777 4749 (Isa.
811 4700 918 4753 LVI,
947 4686 1058 4758 10).
1094 4690 1202 4746 Nec
1234 4693 1543 4755 sufficiebat
1573 4702 1733 4760 home
1764 4708 2029 4765 voluntati

421 4771 543 4839 ejus
584 4772 875 4848 suﬂ‘ragari
924 4779 1007 4836 eis
1063 4791 1270 4842 tantum
1314 4789 1367 4844 in
1428 4799 1869 4873 praesentiarum,
1923 4804 2027 4861 nisi

418 4857 583 4911 etiam
607 4859 741 4930 ipsis
766 4871 821 4918 et
839 4871 1078 4936 posteris
1098 4889 1286 4929 eorum
1308 4882 1624 4939 consuleret
1640 4885 1695 4941 in
1727 4899 2026 4958 posterum.

415 4950 695 5022 Siquidem
729 4973 799 5012 ne
826 4960 1045 5020 deesset
1066 4968 1147 5023 eis
1174 4978 1364 5028 contra
1403 4950 1750 5049 iniquitatem
1777 4985 2027 5053 judicum

416 5042 693 5097 auctorale
741 5049 1142 5112 aacclesiasticze
1175 5059 1445 5119 libertatis
1482 5066 1824 5142 suffragium,
1881 5075 2032 5150 leges

416 5134 745 5193 constitutas
785 5139 893 5196 illis
927 5161 959 5198 a
997 5148 1272 5216 prioribus
1301 5157 1522 5231 regibus
1560 5134 2032 5233 velﬂpontiﬁciblus

414 5225 713 5302 diligenter
749 5237 1063 5309 exquisivit,
1097 5248 1397 5317 exquisitas
1428 5252 1483 5307 in
1518 5259 1813 5325 praesentia
1843 5260 2025 5333 impe-

413 5320 607 5376 ratoris
657 5323 925 5382 recitavit.
984 5332 1236 5391 recitatas
1280 5339 1461 5399 edicto
1512 5344 1789 5416 imperiali
1819 5350 2025 5406 confir-

1684 298 2022 358 SIGEBERTI
2064 305 2573 369 GEMBLACENSIS.

456 403 759 460 nobilitatis
772 407 1026 480 gloriam,
1040 415 1260 471 utsalva
1272 422 1683 491 metropolitani
1698 426 2061 496 subjectione,
2092 435 2142 503 Α
2170 435 2328 499 mari,

3686 341 3786 398 704

2369 438 2576 508 scripto
2604 440 2835 514 insuper
2864 451 2920 501 et
2959 446 3126 523 sigilli
3160 455 3361 528 regalis
3420 459 3794 533 impressione

2171 520 2301 578 fecit
2327 528 2692 585 corroborari.

2247 612 2330 666 t2.
2385 618 2459 669 De
2504 618 2702 687 Spinal
2730 622 2868 691 (939)
2925 629 3134 683 castelli
3176 633 3258 686 vel
3308 644 3630 697 monasterii
3665 660 3790 701 con-

2168 707 2481 761 structione.
2531 709 2626 765 Hic
2656 712 2970 772 dominicus
3016 721 3255 793 agricola
3310 743 3421 783 nou
3463 733 3645 789 otiose
3675 739 3790 793 sol-

2167 794 2348 850 licitus
2390 814 2487 866 pro
2517 800 2698 867 vinea,
2730 820 2894 875 quam
2927 811 3322 878 paterfamilias
3347 818 3452 872 sibi
3486 820 3784 894 locaverat,

2165 884 2360 939 sedulo
2388 901 2505 941 eam
2526 891 2771 960 putabat,
2792 895 2976 969 ligone
2997 901 3303 972 excolebat,
3337 906 3615 967 laztamine
3632 884 3785 972 verbi

2165 973 2565 1050 impinguebat,
2596 992 2878 1052 postremo
2937 991 3205 1062 quicquid
3257 1012 3389 1052 usus
3420 1003 3649 1058 culturae
3671 1008 3784 1061 exi-

2166 1065 2350 1138 gebat,
2406 1069 2462 1123 in
2520 1079 2770 1143 tempore
2803 1077 3088 1146 exibebat;
3134 1097 3428 1156 expectans
3467 1092 3784 1167 denarium,

2166 1173 2230 1211 ex
2262 1176 2370 1230 quo
2400 1178 2524 1217 cum
2560 1165 2790 1223 Domino
2834 1184 3188 1231 convenerat.
3228 1179 3285 1234 Et
3315 1182 3444 1252 quia
3473 1189 3781 1244 secundum

2163 1250 2481 1320 Apostolum
2524 1257 2593 1323 (Il
2629 1261 2766 1314 Tim.
2805 1278 2862 1327 ιι,
2909 1264 2986 1330 6),
3018 1250 3359 1327 laborantem
3391 1277 3690 1347 agricolam
3718 1283 3786 1337 de

2163 1337 2428 1394 fructibus
2459 1343 2691 1413 primum
2720 1351 3005 1421 percipere
3032 1359 3343 1427 Oportebat,
3378 1337 3457 1418 etv
3476 1367 3608 1437 quia
3640 1386 3781 1440 sup-

2163 1438 2358 1499 petunt
2387 1435 2556 1490 multa
2612 1439 2921 1497 sedulitatis
2959 1446 3081 1513 ejus
3126 1449 3353 1521 indicia,
3400 1435 3510 1512 non
3563 1435 3787 1519 videtur

2163 1521 2324 1576 nobis
2372 1531 2770 1585 numerandum
2828 1549 2950 1590 esse
2989 1537 3133 1593 inter
3185 1551 3481 1615 postrema,
3526 1555 3677 1622 quod
3727 1556 3783 1610 iu

2161 1629 2301 1685 pago
2343 1613 2815 1692 Calvomontense,
2850 1625 3059 1683 diocesi
3098 1632 3362 1704 Tullensi,
3396 1638 3452 1692 in
3480 1641 3611 1696 villa
3657 1661 3783 1716 qua).

2078 1721 2222 1823 Bex
2265 1708 2538 1765 accidenti
2597 1716 2924 1773 rusticorum
3002 1723 3189 1794 lingua
3266 1729 3455 1799 Spinal
3520 1748 3780 1806 vocatur,

2157 1800 2438 1823 ΛλΑιΑΙΙ--...
2479 1812 2649 1823 -__.,,,
2698 1807 2729 1823 ο.
2759 1808 2829 1823 nan
3003 1814 3014 1823 .
3108 1817 3178 1823 ..η
3224 1819 3255 1823 --

2155 1800 2440 1854 castellum
2473 1807 2735 1861 exstruxit
2759 1808 2848 1874 93°,
2872 1814 3017 1882 quod
3039 1817 3288 1874 aedificiis
3317 1828 3371 1875 et
3393 1823 3561 1881 rebus
3591 1845 3783 1885 neces-

2153 1889 2315 1945 sariis
2341 1892 2527 1962 opime
2550 1896 2882 1967 honestavit,
2915 1912 3346 1979 prepugnaculis
3363 1916 3497 1969 satis
3519 1921 3778 1988 munivit,

2151 1979 2318 2033 armis
2368 1989 2422 2036 et
2464 1985 2688 2040 armatis
2746 1988 3091 2048 sufficienter
3148 1999 3400 2067 replevit.
3447 2003 3585 2068 Quia
3624 2011 3774 2064 enim

2150 2070 2343 2124 eadem
2405 2075 2557 2149 regio
2612 2076 2972 2137 infestabatur
3025 2085 3323 2158 inprovisis
3382 2102 3437 2149 et
3489 2100 3775 2157 continuis

2145 2157 2555 2218 incursionibus
2592 2168 2914 2235 praedonum
2941 2180 2997 2227 et
3051 2157 3494 2239 intolerabilibus
3548 2186 3776 2245 insidiis

2143 2247 2411 2307 latronum
2452 2262 2508 2309 et
2535 2259 2812 2330 prmeipue
2867 2265 3185 2323 calamitosa
3228 2273 3358 2343 erat}
3386 2275 3469 2330 eis
3511 2280 3772 2338 vicinitas

2138 2342 2612 2415 Burgundionum,
2650 2351 2752 2409 hoc
2790 2356 2871 2410 eis
2901 2361 3159 2428 opposuit
3197 2367 3354 2435 quasi
3386 2366 3768 2430 ﬁrmissimum

2152 2436 2471 2502 repagulum
2507 2438 2587 2508 fet
2641 2444 2830 2510 patria:
2881 2446 3313 2522 inexpugnabile
3358 2456 3769 2519 firmamentum

2148 2524 2240 2579 Set
2271 2541 2455 2581 curam
2498 2532 2804 2589 animarum
2844 2553 2952 2592 non
2988 2540 3042 2594 in
3082 2546 3344 2602 secundis
3372 2549 3583 2607 habuit.
3634 2555 3767 2610 Nam

2147 2615 2341 2671 videns
2396 2618 2573 2675 locum
2637 2625 2829 2680 usibus
2894 2629 3066 2684 divini
3126 2636 3369 2692 satellitii
3421 2650 3634 2711 aptum,
3696 2648 3764 2701 ad

2144 2707 2410 2764 honorem
2439 2715 2637 2768 summi
2672 2717 2761 2772 Dei
2793 2724 3098 2778 construxit
3142 2726 3303 2782 etiam
3332 2730 3764 2802 [monasterium

2142 2795 2410 2869 delegatis
2432 2802 2499 2854 ad
2525 2804 2912 2863 sufﬁcientiam
2955 2813 3178 2881 praidiis
3204 2824 3258 2871 et
3301 2795 3425 2889 quas
3466 2828 3765 2894 expetebat

2140 2890 2599 2947 necessitasinibi
2642 2896 2752 2953 Deo
2795 2899 3196 2961 famulantium.
3243 2908 3553 2979 Inspirante
3600 2917 3760 2972 etiam

2140 2983 2322 3057 magni
2377 2988 2593 3042 consilii
2646 2994 2865 3065 angelo,
2908 3012 3108 3067 corpus
3147 3004 3478 3061 sanctissimi
3525 3009 3759 3080 Goerici,

2147 3072 2481 3129 confessoris
2540 3077 2733 3134 Christi
2785 3090 2839 3138 et
2888 3084 3172 3144 Mettensis
3205 3094 3475 3166 episcopi,
3522 3098 3758 3157 levatum

2148 3162 2215 3217 de
2254 3167 2503 3221 zecclesia
2563 3173 2737 3227 sancti
2786 3174 3193 3248 Symphoriani,
3251 3202 3374 3256 quae.
3417 3188 3526 3244 sita
3579 3201 3661 3246 est
3707 3194 3757 3248 in

2143 3253 2409 3312 suburbio
2490 3260 2770 3319 Mettensis
2824 3271 3099 3325 transtulit
3152 3274 3283 3331 illuc
3334 3294 3458 3333 cum
3519 3285 3760 3341 maximo

2144 3345 2455 3414 psallentio,
2500 3366 2621 3406 cum
2654 3355 2823 3430 digno
2875 3359 3008 3415 cleri
3051 3363 3342 3438 plebisque
3390 3372 3658 3443 tripudio,
3703 3386 3761 3432 ut

2144 3436 2369 3493 advenae
2409 3448 2464 3494 et
2494 3440 2770 3517 indigena;
2810 3446 3028 3505 ﬁdelem
3071 3436 3436 3523 protectorem
3462 3436 3758 3529 haberent,

2138 3528 2298 3597 cujus
2327 3531 2639 3590 interventu
2669 3544 2795 3594 vota
2827 3558 3130 3616 precesque
3162 3564 3291 3603 suas
3311 3552 3545 3609 auribus
3576 3557 3761 3611 Omni-

2138 3619 2377 3686 potentis
2406 3636 2802 3696 suggererent;
2830 3637 2885 3685 et
2922 3640 2981 3686 ut
3012 3634 3166 3691 locus
3196 3638 3472 3697 celebrior
3511 3645 3751 3702 habere-

2138 3713 2245 3771 tur,
2273 3714 2328 3762 ct
2356 3714 2414 3763 ut
2435 3712 2733 3782 Oppidanis
2761 3719 2845 3773 vel
2879 3720 3155 3797 indigenis
3181 3739 3528 3788 commeatus
3568 3737 3753 3791 unde-

2135 3812 2371 3870 cumque
2401 3805 2917 3879 suppeditarentur,
2974 3830 3360 3885 percussuram
3394 3834 3639 3881 moneta:
3684 3828 3756 3882 ibi

2135 3884 2253 3941 ﬁeri
2300 3897 2354 3944 et
2407 3903 2706 3950 mercatum
2766 3900 3051 3969 publicum
3099 3910 3385 3966 constituit
3438 3914 3751 3973 caelehrari.

2134 3977 2305 4035 Etiam
2339 3983 2442 4038 hoc
2497 3984 2716 4043 decreto
2748 3996 2804 4044 et
2853 3991 3034 4066 sigillo
3063 3996 3334 4068 imperiali
3385 4005 3610 4061 sancire
3638 4022 3748 4062 non

2134 4072 2503 4138 praetermisit.
2534 4073 2623 4129 Sic
2666 4076 2845 4132 locum
2876 4080 3052 4149 illum,
3091 4092 3150 4140 ut
3182 4087 3351 4143 hodie
3373 4099 3459 4146 est
3500 4109 3750 4161 cernere,

2132 4156 2419 4233 insignivit
2482 4162 2845 4222 sollemniter.
2930 4170 3085 4228 Unde
3143 4191 3320 4246 usque
3393 4180 3450 4234 in
3504 4194 3752 4254 praesens

2132 4248 2378 4318 patriota:
2422 4250 2522 4318 illi,
2556 4256 2853 4322 praesentia
2881 4261 3054 4315 sancti
3098 4262 3435 4323 confessoris
3480 4272 3746 4348 suﬂragia

2130 4340 2341 4408 experti
2373 4343 2425 4395 in
2449 4346 2934 4417 oportunitatibus,
2958 4368 3160 4408 nomen
3182 4356 3275 4410 Dei
3310 4374 3551 4427 pereum
3578 4340 3751 4422 bene-

2131 4429 2707 4504 dicuutvenerantius,
2738 4448 2793 4494 et
2824 4442 2967 4511 piam
2999 4447 3299 4515 provisoris
3325 4451 3411 4505 sui
3457 4455 3751 4513 Deoderici

2136 4521 2464 4581 industriam
2494 4528 2750 4586 laudibus
2775 4536 3030 4591 attollunt
3060 4538 3381 4598 instantius.

2203 4618 2289 4675 13.
2324 4623 2393 4676 De
2412 4623 2580 4691 jactis
2608 4627 2980 4693 fundamentis
3007 4633 3430 4694 basilicwsancti
3454 4643 3754 4704 Vincentii.

2132 4712 2569 4769 Succedentibus
2594 4732 2724 4793 ergo
2763 4720 2926 4776 bonis
2972 4730 3028 4778 et
3063 4726 3240 4799 gratia
3289 4730 3382 4785 Dei
3430 4736 3754 4791 cumulante

2129 4801 2329 4874 gaudia
2375 4804 2613 4877 gaudiis,
2662 4806 2782 4862 Otto
2835 4809 3139 4882 imperator
3200 4817 3439 4873 Italicam
3497 4824 3751 4880 secundo

2133 4900 2388 4963 repetens
2418 4896 2723 4971 regionem,
2756 4899 2927 4956 ﬁlium
2967 4919 3126 4961 suum
3185 4908 3293 4963 sibi
3330 4916 3748 4987 cognominem,

2131 4986 2274 5042 bona
2302 4988 2488 5045 indole
2518 4992 2905 5051 adolescentiae
2951 5001 3145 5069 patriis
3183 5004 3483 5061 virtutibus
3515 5026 3751 5081 respon-

2129 5075 2508 5148 dentem,jam
2528 5080 2733 5136 dudum
2783 5086 3106 5159 Aquisgrani
3158 5100 3385 5147 unctum
3420 5094 3474 5149 in
3535 5114 3746 5173 regem,

2130 5167 2261 5224 fecit
2297 5171 2403 5226 sibi
2451 5178 2734 5231 concreari
2773 5178 3186 5249 imperatorem,
3223 5195 3302 5253 ut,
3354 5188 3635 5265 delegatis
3693 5194 3742 5248 ei

2130 5264 2394 5318 secundis
2422 5264 2639 5336 imperii
2669 5270 2934 5339 partibus,
2985 5272 3106 5344 ipse
3139 5275 3438 5352 indulgens
3463 5285 3741 5348 sencctui,

2124 5352 2274 5424 quod
2303 5358 2697 5424 supererataavi
2729 5359 3301 5435 agerettranquillius.
3342 5366 3496 5431 Quod
3525 5379 3737 5445 gestum

1759 5481 1839 5536 VA
1848 5482 1978 5538 ΡιΙᾸεῖ
2007 5483 2380 5542 LECTIONES.

480 5521 548 5558 9”
584 5527 625 5581 i.
649 5543 695 5581 e.
729 5525 1034 5598 prolepsin,
1064 5534 1134 5570 ⁶³⁰
1163 5541 1393 5597 astruxit
1416 5559 1461 5600 ο.

1974 5654 2178 5710 ΝΟΤᾹΕ.

475 5695 620 5769 (939)
652 5695 874 5770 Epiual.
