  <div class='ocr_page' id='page_1' title='image "/cluster/home/n/w/nwhite01/storage/ocr_20150623/160/uva.x000829802/358.png"; bbox 0 0 3930 6204; ppageno 0'>
   <div class='ocr_carea' id='block_1_1' title="bbox 162 302 3512 398">
    <p class='ocr_par' dir='ltr' id='par_1_1' title="bbox 162 302 3512 398">
     <span class='ocr_line' id='line_1_1' title="bbox 162 302 3512 398; baseline 0.012 -40"><span class='ocrx_word' id='word_1_1' title='bbox 162 302 289 362; x_wconf 80' lang='lat'><strong>705</strong></span> <span class='ocrx_word' id='word_1_2' title='bbox 1192 315 1339 370; x_wconf 85' lang='lat' dir='ltr'><strong>VlTA</strong></span> <span class='ocrx_word' id='word_1_3' title='bbox 1379 316 1728 376; x_wconf 80' lang='lat' dir='ltr'><strong>DEODERICI</strong></span> <span class='ocrx_word' id='word_1_4' title='bbox 1773 319 2059 378; x_wconf 78' lang='lat' dir='ltr'><strong>EPISCOPI</strong></span> <span class='ocrx_word' id='word_1_5' title='bbox 2097 322 2488 381; x_wconf 81' lang='lat' dir='ltr'><strong>METTENSIS.</strong></span> <span class='ocrx_word' id='word_1_6' title='bbox 3406 341 3512 398; x_wconf 87' lang='lat'><strong>706</strong></span> 
     </span>
    </p>
   </div>
   <div class='ocr_carea' id='block_1_2' title="bbox 165 435 3512 524">
    <p class='ocr_par' dir='ltr' id='par_1_2' title="bbox 165 435 3512 524">
     <span class='ocr_line' id='line_1_2' title="bbox 165 435 3512 524; baseline 0.011 -35"><span class='ocrx_word' id='word_1_7' title='bbox 165 449 330 490; x_wconf 82' lang='lat' dir='ltr'><strong>anno</strong></span> <span class='ocrx_word' id='word_1_8' title='bbox 378 435 596 491; x_wconf 89' lang='lat' dir='ltr'><strong>Domini</strong></span> <span class='ocrx_word' id='word_1_9' title='bbox 649 438 755 494; x_wconf 87' lang='lat'><strong>968</strong></span> <span class='ocrx_word' id='word_1_10' title='bbox 791 440 1119 510; x_wconf 88' lang='lat' dir='ltr'><strong>conjicimus</strong></span> <span class='ocrx_word' id='word_1_11' title='bbox 1146 442 1294 516; x_wconf 86' lang='lat'><strong>(967,</strong></span> <span class='ocrx_word' id='word_1_12' title='bbox 1332 451 1452 509; x_wconf 88' lang='lat' dir='ltr'><strong>Dec,</strong></span> <span class='ocrx_word' id='word_1_13' title='bbox 1512 449 1624 520; x_wconf 75' lang='grc'><strong>25).</strong></span> <span class='ocrx_word' id='word_1_14' title='bbox 1691 452 2210 522; x_wconf 76' lang='lat' dir='ltr'><strong>qqunostrarum</strong></span> <span class='ocrx_word' id='word_1_15' title='bbox 2269 453 2691 521; x_wconf 76' lang='lat' dir='ltr'><strong>munimentum,</strong></span> <span class='ocrx_word' id='word_1_16' title='bbox 2754 457 2830 512; x_wconf 91' lang='lat' dir='ltr'><strong>ita</strong></span> <span class='ocrx_word' id='word_1_17' title='bbox 2879 460 2952 514; x_wconf 89' lang='lat' dir='ltr'><strong>sit</strong></span> <span class='ocrx_word' id='word_1_18' title='bbox 2995 463 3162 522; x_wconf 84' lang='lat' dir='ltr'><strong>etiam</strong></span> <span class='ocrx_word' id='word_1_19' title='bbox 3219 469 3512 524; x_wconf 70' lang='lat' dir='ltr'><strong>verborum</strong></span> 
     </span>
    </p>
   </div>
   <div class='ocr_carea' id='block_1_3' title="bbox 167 522 2694 614">
    <p class='ocr_par' dir='ltr' id='par_1_3' title="bbox 167 522 2694 614">
     <span class='ocr_line' id='line_1_3' title="bbox 167 522 2694 614; baseline 0.01 -37"><span class='ocrx_word' id='word_1_20' title='bbox 167 522 350 579; x_wconf 87' lang='lat' dir='ltr'><strong>etiam</strong></span> <span class='ocrx_word' id='word_1_21' title='bbox 390 540 540 581; x_wconf 88' lang='lat' dir='ltr'><strong>anno</strong></span> <span class='ocrx_word' id='word_1_22' title='bbox 572 527 721 598; x_wconf 89' lang='lat' dir='ltr'><strong>jacta</strong></span> <span class='ocrx_word' id='word_1_23' title='bbox 753 527 1111 587; x_wconf 80' lang='lat' dir='ltr'><strong>fundamenta</strong></span> <span class='ocrx_word' id='word_1_24' title='bbox 1161 534 1426 591; x_wconf 65' lang='lat' dir='ltr'><strong>iecclesiaa</strong></span> <span class='ocrx_word' id='word_1_25' title='bbox 1457 539 1632 594; x_wconf 90' lang='lat' dir='ltr'><strong>sancti</strong></span> <span class='ocrx_word' id='word_1_26' title='bbox 1672 541 1799 595; x_wconf 90' lang='lat' dir='ltr'><strong>Vin-</strong></span> <span class='ocrx_word' id='word_1_27' title='bbox 1903 548 2210 596; x_wconf 86' lang='lat' dir='ltr'><strong>nostrorum</strong></span> <span class='ocrx_word' id='word_1_28' title='bbox 2253 545 2694 614; x_wconf 87' lang='lat' dir='ltr'><strong>probamentum.</strong></span> 
     </span>
    </p>
   </div>
   <div class='ocr_carea' id='block_1_4' title="bbox 164 617 1801 713">
    <p class='ocr_par' dir='ltr' id='par_1_4' title="bbox 164 617 1801 706">
     <span class='ocr_line' id='line_1_4' title="bbox 164 617 1801 706; baseline 0.012 -35"><span class='ocrx_word' id='word_1_29' title='bbox 164 617 373 684; x_wconf 88' lang='lat' dir='ltr'><strong>centii,</strong></span> <span class='ocrx_word' id='word_1_30' title='bbox 407 634 472 674; x_wconf 87' lang='lat' dir='ltr'><strong>ex</strong></span> <span class='ocrx_word' id='word_1_31' title='bbox 523 621 793 690; x_wconf 84' lang='lat' dir='ltr'><strong>majorum</strong></span> <span class='ocrx_word' id='word_1_32' title='bbox 825 623 1032 696; x_wconf 90' lang='lat' dir='ltr'><strong>scripto</strong></span> <span class='ocrx_word' id='word_1_33' title='bbox 1061 630 1450 699; x_wconf 86' lang='lat' dir='ltr'><strong>comperimus.</strong></span> <span class='ocrx_word' id='word_1_34' title='bbox 1487 631 1548 687; x_wconf 85' lang='lat' dir='ltr'><strong>Et</strong></span> <span class='ocrx_word' id='word_1_35' title='bbox 1587 649 1654 689; x_wconf 91' lang='lat' dir='ltr'><strong>ne</strong></span> <span class='ocrx_word' id='word_1_36' title='bbox 1676 634 1801 706; x_wconf 88' lang='lat' dir='ltr'><strong>quis</strong></span> 
     </span>
    </p>
   </div>
   <div class='ocr_carea' id='block_1_5' title="bbox 1905 617 3518 713">
    <p class='ocr_par' dir='ltr' id='par_1_5' title="bbox 1969 632 3518 713">
     <span class='ocr_line' id='line_1_5' title="bbox 1969 632 3518 713; baseline 0.014 -29"><span class='ocrx_word' id='word_1_37' title='bbox 1969 632 2239 687; x_wconf 81' lang='lat' dir='ltr'><strong>Johannes</strong></span> <span class='ocrx_word' id='word_1_38' title='bbox 2275 637 2564 704; x_wconf 88' lang='lat' dir='ltr'><strong>episcopus,</strong></span> <span class='ocrx_word' id='word_1_39' title='bbox 2596 651 2779 690; x_wconf 85' lang='lat' dir='ltr'><strong>servus</strong></span> <span class='ocrx_word' id='word_1_40' title='bbox 2826 653 3100 696; x_wconf 87' lang='lat' dir='ltr'><strong>servorum</strong></span> <span class='ocrx_word' id='word_1_41' title='bbox 3143 649 3252 713; x_wconf 89' lang='lat' dir='ltr'><strong>Dei,</strong></span> <span class='ocrx_word' id='word_1_42' title='bbox 3278 648 3478 704; x_wconf 80' lang='lat' dir='ltr'><strong>dilectis</strong></span> <span class='ocrx_word' id='word_1_43' title='bbox 3497 681 3518 692; x_wconf 89' lang='lat'><strong>—</strong></span> 
     </span>
    </p>
   </div>
   <div class='ocr_carea' id='block_1_6' title="bbox 164 707 1801 796">
    <p class='ocr_par' dir='ltr' id='par_1_6' title="bbox 164 707 1799 796">
     <span class='ocr_line' id='line_1_6' title="bbox 164 707 1799 796; baseline 0.012 -35"><span class='ocrx_word' id='word_1_44' title='bbox 164 707 367 764; x_wconf 78' lang='lat' dir='ltr'><strong>verbis</strong></span> <span class='ocrx_word' id='word_1_45' title='bbox 417 711 557 766; x_wconf 85' lang='lat' dir='ltr'><strong>meis</strong></span> <span class='ocrx_word' id='word_1_46' title='bbox 613 713 862 787; x_wconf 74' lang='lat' dir='ltr'><strong>deroget,</strong></span> <span class='ocrx_word' id='word_1_47' title='bbox 909 715 1027 786; x_wconf 89' lang='lat' dir='ltr'><strong>ipsa</strong></span> <span class='ocrx_word' id='word_1_48' title='bbox 1063 717 1334 788; x_wconf 81' lang='lat' dir='ltr'><strong>majorum</strong></span> <span class='ocrx_word' id='word_1_49' title='bbox 1373 723 1622 794; x_wconf 88' lang='lat' dir='ltr'><strong>quamvis</strong></span> <span class='ocrx_word' id='word_1_50' title='bbox 1661 740 1799 796; x_wconf 89' lang='lat' dir='ltr'><strong>pau-</strong></span> 
     </span>
    </p>
   </div>
   <div class='ocr_carea' id='block_1_7' title="bbox 1905 707 3518 796">
    <p class='ocr_par' dir='ltr' id='par_1_7' title="bbox 1905 707 3518 793">
     <span class='ocr_line' id='line_1_7' title="bbox 1905 707 3518 793; baseline 0.012 -19"><span class='ocrx_word' id='word_1_51' title='bbox 1905 722 2033 775; x_wconf 85' lang='lat' dir='ltr'><strong>simo</strong></span> <span class='ocrx_word' id='word_1_52' title='bbox 2062 722 2338 778; x_wconf 87' lang='lat' dir='ltr'><strong>Deoderico</strong></span> <span class='ocrx_word' id='word_1_53' title='bbox 2363 725 2475 789; x_wconf 90' lang='lat' dir='ltr'><strong>ﬁlio</strong></span> <span class='ocrx_word' id='word_1_54' title='bbox 2503 731 2682 782; x_wconf 88' lang='lat' dir='ltr'><strong>nostro</strong></span> <span class='ocrx_word' id='word_1_55' title='bbox 2703 734 2909 783; x_wconf 73' lang='lat' dir='ltr'><strong>sancta:</strong></span> <span class='ocrx_word' id='word_1_56' title='bbox 2959 707 3248 788; x_wconf 41' lang='lat' dir='ltr'><strong>Mettensis&#39;</strong></span> <span class='ocrx_word' id='word_1_57' title='bbox 3272 739 3518 793; x_wconf 74' lang='lat' dir='ltr'><strong>tecclesz&#39;a:</strong></span> 
     </span>
    </p>
   </div>
   <div class='ocr_carea' id='block_1_8' title="bbox 166 802 1801 896">
    <p class='ocr_par' dir='ltr' id='par_1_8' title="bbox 166 802 1801 876">
     <span class='ocr_line' id='line_1_8' title="bbox 166 802 1801 876; baseline 0.012 -18"><span class='ocrx_word' id='word_1_58' title='bbox 166 802 406 860; x_wconf 90' lang='lat' dir='ltr'><strong>cissima</strong></span> <span class='ocrx_word' id='word_1_59' title='bbox 435 806 607 862; x_wconf 89' lang='lat' dir='ltr'><strong>verba</strong></span> <span class='ocrx_word' id='word_1_60' title='bbox 629 808 718 864; x_wconf 86' lang='lat' dir='ltr'><strong>hic</strong></span> <span class='ocrx_word' id='word_1_61' title='bbox 747 809 993 866; x_wconf 83' lang='lat' dir='ltr'><strong>inserere</strong></span> <span class='ocrx_word' id='word_1_62' title='bbox 1026 812 1190 869; x_wconf 88' lang='lat' dir='ltr'><strong>libet:</strong></span> <span class='ocrx_word' id='word_1_63' title='bbox 1222 820 1378 872; x_wconf 81' lang='lat' dir='ltr'><strong>Anno</strong></span> <span class='ocrx_word' id='word_1_64' title='bbox 1405 821 1801 876; x_wconf 73' lang='lat' dir='ltr'><strong>incarnationis</strong></span> 
     </span>
    </p>
   </div>
   <div class='ocr_carea' id='block_1_9' title="bbox 1905 802 3518 896">
    <p class='ocr_par' dir='ltr' id='par_1_9' title="bbox 1905 811 3518 896">
     <span class='ocr_line' id='line_1_9' title="bbox 1905 811 3518 896; baseline 0.012 -34"><span class='ocrx_word' id='word_1_65' title='bbox 1905 811 2149 877; x_wconf 70' lang='lat' dir='ltr'><strong>praesuli.</strong></span> <span class='ocrx_word' id='word_1_66' title='bbox 2208 815 2342 866; x_wconf 83' lang='lat' dir='ltr'><strong>Cum</strong></span> <span class='ocrx_word' id='word_1_67' title='bbox 2366 815 2426 867; x_wconf 90' lang='lat' dir='ltr'><strong>in</strong></span> <span class='ocrx_word' id='word_1_68' title='bbox 2450 817 2742 870; x_wconf 77' lang='lat' dir='ltr'><strong>exarandis</strong></span> <span class='ocrx_word' id='word_1_69' title='bbox 2776 820 2866 872; x_wconf 87' lang='lat' dir='ltr'><strong>Dei</strong></span> <span class='ocrx_word' id='word_1_70' title='bbox 2903 819 3152 875; x_wconf 86' lang='lat' dir='ltr'><strong>laudibus</strong></span> <span class='ocrx_word' id='word_1_71' title='bbox 3198 824 3373 879; x_wconf 88' lang='lat' dir='ltr'><strong>debita</strong></span> <span class='ocrx_word' id='word_1_72' title='bbox 3415 845 3518 896; x_wconf 85' lang='lat' dir='ltr'><strong>pa-</strong></span> 
     </span>
    </p>
   </div>
   <div class='ocr_carea' id='block_1_10' title="bbox 164 895 3514 981">
    <p class='ocr_par' dir='ltr' id='par_1_10' title="bbox 164 895 3514 981">
     <span class='ocr_line' id='line_1_10' title="bbox 164 895 3514 981; baseline 0.01 -40"><span class='ocrx_word' id='word_1_73' title='bbox 164 895 468 953; x_wconf 70' lang='grc' dir='ltr'><strong>άογηίηίοω</strong></span> <span class='ocrx_word' id='word_1_74' title='bbox 529 899 636 955; x_wconf 83' lang='grc'><strong>968</strong></span> <span class='ocrx_word' id='word_1_75' title='bbox 686 902 877 958; x_wconf 73' lang='lat' dir='ltr'><strong>domno</strong></span> <span class='ocrx_word' id='word_1_76' title='bbox 913 905 1187 962; x_wconf 66' lang='lat' dir='ltr'><strong>peodmco</strong></span> <span class='ocrx_word' id='word_1_77' title='bbox 1240 911 1492 978; x_wconf 62' lang='grc' dir='ltr'><strong>ροηιίηεε</strong></span> <span class='ocrx_word' id='word_1_78' title='bbox 1551 920 1799 968; x_wconf 55' lang='lat' dir='ltr'><strong>sanctam</strong></span> <span class='ocrx_word' id='word_1_79' title='bbox 1899 901 2112 956; x_wconf 87' lang='lat' dir='ltr'><strong>storalis</strong></span> <span class='ocrx_word' id='word_1_80' title='bbox 2136 905 2392 972; x_wconf 88' lang='lat' dir='ltr'><strong>compulit</strong></span> <span class='ocrx_word' id='word_1_81' title='bbox 2417 906 2792 962; x_wconf 75' lang='lat' dir='ltr'><strong>sollicitudinis</strong></span> <span class='ocrx_word' id='word_1_82' title='bbox 2815 926 2971 977; x_wconf 89' lang='lat' dir='ltr'><strong>cura,</strong></span> <span class='ocrx_word' id='word_1_83' title='bbox 3001 927 3223 981; x_wconf 69' lang='lat' dir='ltr'><strong>quaque</strong></span> <span class='ocrx_word' id='word_1_84' title='bbox 3259 918 3329 970; x_wconf 86' lang='lat' dir='ltr'><strong>ad</strong></span> <span class='ocrx_word' id='word_1_85' title='bbox 3348 895 3514 973; x_wconf 74' lang='lat' dir='ltr'><strong>stabi-</strong></span> 
     </span>
    </p>
   </div>
   <div class='ocr_carea' id='block_1_11' title="bbox 165 991 3520 1077">
    <p class='ocr_par' dir='ltr' id='par_1_11' title="bbox 165 991 3520 1077">
     <span class='ocr_line' id='line_1_11' title="bbox 165 991 3520 1077; baseline 0.01 -44"><span class='ocrx_word' id='word_1_86' title='bbox 165 991 329 1046; x_wconf 71' lang='lat' dir='ltr'><strong>hanc</strong></span> <span class='ocrx_word' id='word_1_87' title='bbox 368 993 566 1061; x_wconf 59' lang='lat' dir='ltr'><strong>sedem,</strong></span> <span class='ocrx_word' id='word_1_88' title='bbox 605 1010 712 1064; x_wconf 73' lang='lat' dir='ltr'><strong>qua</strong></span> <span class='ocrx_word' id='word_1_89' title='bbox 751 1001 1050 1066; x_wconf 55' lang='lat' dir='ltr'><strong>augustam</strong></span> <span class='ocrx_word' id='word_1_90' title='bbox 1094 1005 1449 1072; x_wconf 61' lang='lat' dir='ltr'><strong>amplitudine</strong></span> <span class='ocrx_word' id='word_1_91' title='bbox 1495 1011 1802 1077; x_wconf 49' lang='lat' dir='ltr'><strong>sanguinis,</strong></span> <span class='ocrx_word' id='word_1_92' title='bbox 1903 993 2056 1047; x_wconf 87' lang='lat' dir='ltr'><strong>litate</strong></span> <span class='ocrx_word' id='word_1_93' title='bbox 2087 999 2305 1062; x_wconf 86' lang='lat' dir='ltr'><strong>piorum</strong></span> <span class='ocrx_word' id='word_1_94' title='bbox 2331 996 2722 1064; x_wconf 77' lang='lat' dir='ltr'><strong>dignoscantur</strong></span> <span class='ocrx_word' id='word_1_95' title='bbox 2763 1005 3033 1068; x_wconf 89' lang='lat' dir='ltr'><strong>pertinere</strong></span> <span class='ocrx_word' id='word_1_96' title='bbox 3069 1005 3304 1060; x_wconf 87' lang='lat' dir='ltr'><strong>locorum</strong></span> <span class='ocrx_word' id='word_1_97' title='bbox 3361 1011 3520 1065; x_wconf 85' lang='lat' dir='ltr'><strong>uber-</strong></span> 
     </span>
    </p>
   </div>
   <div class='ocr_carea' id='block_1_12' title="bbox 165 1082 1801 1170">
    <p class='ocr_par' dir='ltr' id='par_1_12' title="bbox 165 1082 1801 1162">
     <span class='ocr_line' id='line_1_12' title="bbox 165 1082 1801 1162; baseline 0.015 -32"><span class='ocrx_word' id='word_1_98' title='bbox 165 1093 288 1146; x_wconf 84' lang='lat' dir='ltr'><strong>qua</strong></span> <span class='ocrx_word' id='word_1_99' title='bbox 315 1082 496 1134; x_wconf 86' lang='lat' dir='ltr'><strong>animi</strong></span> <span class='ocrx_word' id='word_1_100' title='bbox 521 1084 723 1138; x_wconf 88' lang='lat' dir='ltr'><strong>virtute</strong></span> <span class='ocrx_word' id='word_1_101' title='bbox 758 1091 920 1154; x_wconf 87' lang='lat' dir='ltr'><strong>atque</strong></span> <span class='ocrx_word' id='word_1_102' title='bbox 942 1089 1214 1144; x_wconf 85' lang='lat' dir='ltr'><strong>industria</strong></span> <span class='ocrx_word' id='word_1_103' title='bbox 1240 1094 1514 1162; x_wconf 83' lang='lat' dir='ltr'><strong>singulari</strong></span> <span class='ocrx_word' id='word_1_104' title='bbox 1553 1099 1611 1150; x_wconf 87' lang='lat' dir='ltr'><strong>in</strong></span> <span class='ocrx_word' id='word_1_105' title='bbox 1659 1102 1801 1154; x_wconf 83' lang='lat' dir='ltr'><strong>omni</strong></span> 
     </span>
    </p>
   </div>
   <div class='ocr_carea' id='block_1_13' title="bbox 1905 1082 3520 1170">
    <p class='ocr_par' dir='ltr' id='par_1_13' title="bbox 1911 1088 3520 1170">
     <span class='ocr_line' id='line_1_13' title="bbox 1911 1088 3520 1170; baseline 0.012 -32"><span class='ocrx_word' id='word_1_106' title='bbox 1911 1088 2010 1139; x_wconf 87' lang='lat' dir='ltr'><strong>tim</strong></span> <span class='ocrx_word' id='word_1_107' title='bbox 2048 1088 2413 1156; x_wconf 80' lang='lat' dir='ltr'><strong>promulgare,</strong></span> <span class='ocrx_word' id='word_1_108' title='bbox 2445 1096 2497 1144; x_wconf 91' lang='lat' dir='ltr'><strong>et</strong></span> <span class='ocrx_word' id='word_1_109' title='bbox 2532 1093 2828 1159; x_wconf 68' lang='lat' dir='ltr'><strong>apostolica:</strong></span> <span class='ocrx_word' id='word_1_110' title='bbox 2873 1097 3228 1153; x_wconf 80' lang='lat' dir='ltr'><strong>institutionis</strong></span> <span class='ocrx_word' id='word_1_111' title='bbox 3255 1101 3315 1153; x_wconf 90' lang='lat' dir='ltr'><strong>in</strong></span> <span class='ocrx_word' id='word_1_112' title='bbox 3349 1105 3520 1170; x_wconf 75' lang='lat' dir='ltr'><strong>privi—</strong></span> 
     </span>
    </p>
   </div>
   <div class='ocr_carea' id='block_1_14' title="bbox 173 1176 3520 1260">
    <p class='ocr_par' dir='ltr' id='par_1_14' title="bbox 173 1176 3520 1260">
     <span class='ocr_line' id='line_1_14' title="bbox 173 1176 3520 1260; baseline 0.009 -34"><span class='ocrx_word' id='word_1_113' title='bbox 173 1187 380 1239; x_wconf 84' lang='lat' dir='ltr'><strong>genere</strong></span> <span class='ocrx_word' id='word_1_114' title='bbox 409 1176 710 1232; x_wconf 85' lang='lat' dir='ltr'><strong>siudiorum</strong></span> <span class='ocrx_word' id='word_1_115' title='bbox 749 1183 1054 1250; x_wconf 86' lang='lat' dir='ltr'><strong>egregieque</strong></span> <span class='ocrx_word' id='word_1_116' title='bbox 1097 1186 1367 1250; x_wconf 88' lang='lat' dir='ltr'><strong>factorum</strong></span> <span class='ocrx_word' id='word_1_117' title='bbox 1419 1189 1598 1244; x_wconf 84' lang='lat' dir='ltr'><strong>divine</strong></span> <span class='ocrx_word' id='word_1_118' title='bbox 1650 1197 1810 1260; x_wconf 89' lang='lat' dir='ltr'><strong>atque</strong></span> <span class='ocrx_word' id='word_1_119' title='bbox 1907 1177 2054 1244; x_wconf 67' lang='grc' dir='ltr'><strong>ιεθίίε</strong></span> <span class='ocrx_word' id='word_1_120' title='bbox 2105 1183 2265 1246; x_wconf 58' lang='lat' dir='ltr'><strong>atque</strong></span> <span class='ocrx_word' id='word_1_121' title='bbox 2307 1181 2528 1236; x_wconf 71' lang='grc' dir='ltr'><strong>άϐενείέδ</strong></span> <span class='ocrx_word' id='word_1_122' title='bbox 2577 1197 2807 1238; x_wconf 66' lang='lat' dir='ltr'><strong>censura</strong></span> <span class='ocrx_word' id='word_1_123' title='bbox 2861 1188 3218 1250; x_wconf 67' lang='lat' dir='ltr'><strong>conﬁrmare!</strong></span> <span class='ocrx_word' id='word_1_124' title='bbox 3273 1197 3520 1248; x_wconf 75' lang='grc' dir='ltr'><strong>σοηυϐηἰι</strong></span> 
     </span>
    </p>
   </div>
   <div class='ocr_carea' id='block_1_15' title="bbox 169 1261 3519 1346">
    <p class='ocr_par' dir='ltr' id='par_1_15' title="bbox 169 1261 3519 1346">
     <span class='ocr_line' id='line_1_15' title="bbox 169 1261 3519 1346; baseline 0.009 -41"><span class='ocrx_word' id='word_1_125' title='bbox 169 1261 444 1329; x_wconf 65' lang='lat' dir='ltr'><strong>humane,</strong></span> <span class='ocrx_word' id='word_1_126' title='bbox 471 1263 685 1331; x_wconf 62' lang='lat' dir='ltr'><strong>publica</strong></span> <span class='ocrx_word' id='word_1_127' title='bbox 707 1281 774 1321; x_wconf 79' lang='grc' dir='ltr'><em>αο</em></span> <span class='ocrx_word' id='word_1_128' title='bbox 795 1270 1074 1337; x_wconf 54' lang='lat' dir='ltr'><strong>primum,</strong></span> <span class='ocrx_word' id='word_1_129' title='bbox 1098 1287 1314 1328; x_wconf 64' lang='lat' dir='ltr'><strong>summa</strong></span> <span class='ocrx_word' id='word_1_130' title='bbox 1341 1290 1436 1344; x_wconf 67' lang='grc' dir='ltr'><strong>ορε</strong></span> <span class='ocrx_word' id='word_1_131' title='bbox 1477 1291 1544 1330; x_wconf 69' lang='grc' dir='ltr'><strong>(ιο</strong></span> <span class='ocrx_word' id='word_1_132' title='bbox 1590 1281 1807 1346; x_wconf 55' lang='lat' dir='ltr'><strong>magni.</strong></span> <span class='ocrx_word' id='word_1_133' title='bbox 1905 1279 2094 1333; x_wconf 82' lang='lat' dir='ltr'><strong>nempe</strong></span> <span class='ocrx_word' id='word_1_134' title='bbox 2119 1280 2214 1320; x_wconf 87' lang='lat' dir='ltr'><strong>nos</strong></span> <span class='ocrx_word' id='word_1_135' title='bbox 2260 1269 2538 1336; x_wconf 85' lang='lat' dir='ltr'><strong>apostolico</strong></span> <span class='ocrx_word' id='word_1_136' title='bbox 2567 1272 2931 1328; x_wconf 83' lang='lat' dir='ltr'><strong>moderamine</strong></span> <span class='ocrx_word' id='word_1_137' title='bbox 2968 1282 3161 1330; x_wconf 85' lang='lat' dir='ltr'><strong>sancta</strong></span> <span class='ocrx_word' id='word_1_138' title='bbox 3188 1282 3519 1336; x_wconf 82' lang='lat' dir='ltr'><strong>venerabilia</strong></span> 
     </span>
    </p>
   </div>
   <div class='ocr_carea' id='block_1_16' title="bbox 166 1353 3517 1438">
    <p class='ocr_par' dir='ltr' id='par_1_16' title="bbox 166 1353 3517 1438">
     <span class='ocr_line' id='line_1_16' title="bbox 166 1353 3517 1438; baseline 0.005 -30"><span class='ocrx_word' id='word_1_139' title='bbox 166 1355 404 1420; x_wconf 74' lang='lat' dir='ltr'><strong>licentia</strong></span> <span class='ocrx_word' id='word_1_140' title='bbox 425 1359 655 1423; x_wconf 81' lang='lat' dir='ltr'><strong>feliciter</strong></span> <span class='ocrx_word' id='word_1_141' title='bbox 681 1369 997 1432; x_wconf 55' lang='lat' dir='ltr'><strong>aromate,</strong></span> <span class='ocrx_word' id='word_1_142' title='bbox 1029 1379 1084 1420; x_wconf 73' lang='grc' dir='ltr'><strong>θο</strong></span> <span class='ocrx_word' id='word_1_143' title='bbox 1122 1369 1341 1422; x_wconf 62' lang='lat' dir='ltr'><strong>interim</strong></span> <span class='ocrx_word' id='word_1_144' title='bbox 1369 1371 1552 1426; x_wconf 69' lang='grc' dir='ltr'><strong>ιιαίίσο</strong></span> <span class='ocrx_word' id='word_1_145' title='bbox 1580 1373 1808 1428; x_wconf 61' lang='lat' dir='ltr'><strong>delectu,-</strong></span> <span class='ocrx_word' id='word_1_146' title='bbox 1903 1353 2037 1420; x_wconf 91' lang='lat' dir='ltr'><strong>loca,</strong></span> <span class='ocrx_word' id='word_1_147' title='bbox 2065 1369 2184 1421; x_wconf 71' lang='lat' dir='ltr'><strong>quae</strong></span> <span class='ocrx_word' id='word_1_148' title='bbox 2206 1355 2413 1410; x_wconf 86' lang='lat' dir='ltr'><strong>dudum</strong></span> <span class='ocrx_word' id='word_1_149' title='bbox 2439 1358 2664 1423; x_wconf 81' lang='lat' dir='ltr'><strong>fuerant</strong></span> <span class='ocrx_word' id='word_1_150' title='bbox 2694 1363 2754 1412; x_wconf 89' lang='lat' dir='ltr'><strong>in</strong></span> <span class='ocrx_word' id='word_1_151' title='bbox 2775 1364 2956 1416; x_wconf 83' lang='lat' dir='ltr'><strong>ruinis</strong></span> <span class='ocrx_word' id='word_1_152' title='bbox 3006 1379 3312 1434; x_wconf 90' lang='lat' dir='ltr'><strong>magnaque</strong></span> <span class='ocrx_word' id='word_1_153' title='bbox 3335 1370 3517 1438; x_wconf 85' lang='lat' dir='ltr'><strong>inopia</strong></span> 
     </span>
    </p>
   </div>
   <div class='ocr_carea' id='block_1_17' title="bbox 163 1447 3518 1530">
    <p class='ocr_par' dir='ltr' id='par_1_17' title="bbox 163 1447 3518 1530">
     <span class='ocr_line' id='line_1_17' title="bbox 163 1447 3518 1530; baseline 0.012 -55"><span class='ocrx_word' id='word_1_154' title='bbox 163 1450 649 1504; x_wconf 57' lang='lat' dir='ltr'><strong>sanctissimam&quot;,</strong></span> <span class='ocrx_word' id='word_1_155' title='bbox 699 1453 974 1508; x_wconf 54' lang='lat' dir='ltr'><strong>individuo</strong></span> <span class='ocrx_word' id='word_1_156' title='bbox 1003 1460 1264 1513; x_wconf 59' lang='lat' dir='ltr'><strong>com-tam</strong></span> <span class='ocrx_word' id='word_1_157' title='bbox 1302 1468 1680 1530; x_wconf 41' lang='lat' dir='ltr'><strong>angulorum.</strong></span> <span class='ocrx_word' id='word_1_158' title='bbox 1712 1467 1803 1518; x_wconf 68' lang='grc' dir='ltr'><strong>οε,</strong></span> <span class='ocrx_word' id='word_1_159' title='bbox 1903 1459 1969 1498; x_wconf 89' lang='lat' dir='ltr'><strong>ac</strong></span> <span class='ocrx_word' id='word_1_160' title='bbox 1991 1451 2309 1512; x_wconf 81' lang='lat' dir='ltr'><strong>paupertate</strong></span> <span class='ocrx_word' id='word_1_161' title='bbox 2343 1447 2610 1515; x_wconf 85' lang='lat' dir='ltr'><strong>degentia,</strong></span> <span class='ocrx_word' id='word_1_162' title='bbox 2652 1459 2946 1520; x_wconf 80' lang='lat' dir='ltr'><strong>opportune</strong></span> <span class='ocrx_word' id='word_1_163' title='bbox 3001 1456 3272 1523; x_wconf 89' lang='lat' dir='ltr'><strong>ordinare,</strong></span> <span class='ocrx_word' id='word_1_164' title='bbox 3303 1473 3399 1513; x_wconf 88' lang='lat' dir='ltr'><strong>seu</strong></span> <span class='ocrx_word' id='word_1_165' title='bbox 3448 1463 3518 1515; x_wconf 87' lang='lat' dir='ltr'><strong>ad</strong></span> 
     </span>
    </p>
   </div>
   <div class='ocr_carea' id='block_1_18' title="bbox 169 1537 3518 1624">
    <p class='ocr_par' dir='ltr' id='par_1_18' title="bbox 169 1537 3518 1624">
     <span class='ocr_line' id='line_1_18' title="bbox 169 1537 3518 1624; baseline 0.009 -48"><span class='ocrx_word' id='word_1_166' title='bbox 169 1541 323 1592; x_wconf 58' lang='lat' dir='ltr'><strong>tom-3</strong></span> <span class='ocrx_word' id='word_1_167' title='bbox 376 1543 598 1610; x_wconf 58' lang='lat' dir='ltr'><strong><em>ejusque</em></strong></span> <span class='ocrx_word' id='word_1_168' title='bbox 641 1543 1006 1611; x_wconf 56' lang='lat' dir='ltr'><strong>gloﬁosigsz’mi</strong></span> <span class='ocrx_word' id='word_1_169' title='bbox 1052 1551 1308 1617; x_wconf 60' lang='grc' dir='ltr'><strong>ωσυέυοσί</strong></span> <span class='ocrx_word' id='word_1_170' title='bbox 1337 1595 1352 1616; x_wconf 46' lang='grc'><em>³</em></span> <span class='ocrx_word' id='word_1_171' title='bbox 1395 1556 1592 1621; x_wconf 57' lang='lat' dir='ltr'><strong>patriis</strong></span> <span class='ocrx_word' id='word_1_172' title='bbox 1644 1555 1803 1624; x_wconf 59' lang='lat' dir='ltr'><strong>digne</strong></span> <span class='ocrx_word' id='word_1_173' title='bbox 1899 1537 2172 1590; x_wconf 83' lang='lat' dir='ltr'><strong>meliorem</strong></span> <span class='ocrx_word' id='word_1_174' title='bbox 2194 1552 2312 1591; x_wconf 81' lang='lat' dir='ltr'><strong>sine</strong></span> <span class='ocrx_word' id='word_1_175' title='bbox 2337 1538 2498 1594; x_wconf 89' lang='lat' dir='ltr'><strong>dubio</strong></span> <span class='ocrx_word' id='word_1_176' title='bbox 2521 1547 2729 1595; x_wconf 86' lang='lat' dir='ltr'><strong>statum</strong></span> <span class='ocrx_word' id='word_1_177' title='bbox 2761 1545 3065 1612; x_wconf 82' lang='lat' dir='ltr'><strong>perducere,</strong></span> <span class='ocrx_word' id='word_1_178' title='bbox 3091 1558 3391 1616; x_wconf 79' lang='lat' dir='ltr'><strong>prcesertzm</strong></span> <span class='ocrx_word' id='word_1_179' title='bbox 3425 1553 3518 1606; x_wconf 88' lang='lat' dir='ltr'><strong>ubi</strong></span> 
     </span>
    </p>
   </div>
   <div class='ocr_carea' id='block_1_19' title="bbox 166 1627 3516 1711">
    <p class='ocr_par' dir='ltr' id='par_1_19' title="bbox 166 1627 3516 1711">
     <span class='ocr_line' id='line_1_19' title="bbox 166 1627 3516 1711; baseline 0.01 -45"><span class='ocrx_word' id='word_1_180' title='bbox 166 1627 477 1682; x_wconf 61' lang='lat' dir='ltr'><strong>virtutibus</strong></span> <span class='ocrx_word' id='word_1_181' title='bbox 537 1632 924 1701; x_wconf 56' lang='lat' dir='ltr'><strong>respondentis,</strong></span> <span class='ocrx_word' id='word_1_182' title='bbox 963 1636 1034 1690; x_wconf 71' lang='lat' dir='ltr'><strong>ad</strong></span> <span class='ocrx_word' id='word_1_183' title='bbox 1079 1637 1174 1693; x_wconf 69' lang='lat' dir='ltr'><strong>hoc</strong></span> <span class='ocrx_word' id='word_1_184' title='bbox 1225 1639 1584 1708; x_wconf 61' lang='lat' dir='ltr'><strong>pulcherrimo</strong></span> <span class='ocrx_word' id='word_1_185' title='bbox 1620 1643 1804 1700; x_wconf 61' lang='lat' dir='ltr'><strong>decore</strong></span> <span class='ocrx_word' id='word_1_186' title='bbox 1901 1627 1994 1680; x_wconf 86' lang='lat' dir='ltr'><strong>illa</strong></span> <span class='ocrx_word' id='word_1_187' title='bbox 2018 1635 2302 1696; x_wconf 87' lang='lat' dir='ltr'><strong>petantur,</strong></span> <span class='ocrx_word' id='word_1_188' title='bbox 2333 1646 2451 1698; x_wconf 70' lang='lat' dir='ltr'><strong>quae</strong></span> <span class='ocrx_word' id='word_1_189' title='bbox 2477 1647 2587 1686; x_wconf 85' lang='lat' dir='ltr'><strong>non</strong></span> <span class='ocrx_word' id='word_1_190' title='bbox 2617 1635 2687 1687; x_wconf 88' lang='lat' dir='ltr'><strong>ad</strong></span> <span class='ocrx_word' id='word_1_191' title='bbox 2723 1639 3058 1692; x_wconf 85' lang='lat' dir='ltr'><strong>commodum</strong></span> <span class='ocrx_word' id='word_1_192' title='bbox 3089 1645 3394 1711; x_wconf 83' lang='lat' dir='ltr'><strong>temporale,</strong></span> <span class='ocrx_word' id='word_1_193' title='bbox 3424 1647 3516 1700; x_wconf 81' lang='lat' dir='ltr'><strong>sed</strong></span> 
     </span>
    </p>
   </div>
   <div class='ocr_carea' id='block_1_20' title="bbox 169 1717 3514 1798">
    <p class='ocr_par' dir='ltr' id='par_1_20' title="bbox 169 1717 3514 1798">
     <span class='ocr_line' id='line_1_20' title="bbox 169 1717 3514 1798; baseline 0.009 -41"><span class='ocrx_word' id='word_1_194' title='bbox 169 1718 400 1785; x_wconf 55' lang='lat' dir='ltr'><strong>imperii</strong></span> <span class='ocrx_word' id='word_1_195' title='bbox 411 1719 622 1773; x_wconf 68' lang='grc' dir='ltr'><strong>αωηηιε</strong></span> <span class='ocrx_word' id='word_1_196' title='bbox 646 1721 908 1776; x_wconf 48' lang='lat' dir='ltr'><strong>Adaei“;</strong></span> <span class='ocrx_word' id='word_1_197' title='bbox 935 1731 1195 1792; x_wconf 51' lang='lat' dir='ltr'><strong>augusta,</strong></span> <span class='ocrx_word' id='word_1_198' title='bbox 1227 1728 1343 1793; x_wconf 67' lang='lat' dir='ltr'><strong>fere</strong></span> <span class='ocrx_word' id='word_1_199' title='bbox 1376 1743 1476 1798; x_wconf 67' lang='lat' dir='ltr'><strong>per</strong></span> <span class='ocrx_word' id='word_1_200' title='bbox 1501 1733 1799 1786; x_wconf 71' lang='grc' dir='ltr'><strong>ινίεηηίωη</strong></span> <span class='ocrx_word' id='word_1_201' title='bbox 1829 1777 1870 1798; x_wconf 59' lang='grc' dir='ltr'>η</span> <span class='ocrx_word' id='word_1_202' title='bbox 1900 1717 1970 1770; x_wconf 86' lang='lat' dir='ltr'><strong>ad</strong></span> <span class='ocrx_word' id='word_1_203' title='bbox 1988 1725 2306 1786; x_wconf 85' lang='lat' dir='ltr'><strong>perpetuam</strong></span> <span class='ocrx_word' id='word_1_204' title='bbox 2337 1723 2732 1788; x_wconf 86' lang='lat' dir='ltr'><strong>providentiam</strong></span> <span class='ocrx_word' id='word_1_205' title='bbox 2759 1727 3031 1792; x_wconf 84' lang='lat' dir='ltr'><strong>pertinent</strong></span> <span class='ocrx_word' id='word_1_206' title='bbox 3079 1733 3245 1784; x_wconf 83' lang='lat' dir='ltr'><strong>Deum</strong></span> <span class='ocrx_word' id='word_1_207' title='bbox 3272 1737 3514 1789; x_wconf 84' lang='lat' dir='ltr'><strong>servien-</strong></span> 
     </span>
    </p>
   </div>
   <div class='ocr_carea' id='block_1_21' title="bbox 167 1777 3518 1894">
    <p class='ocr_par' dir='ltr' id='par_1_21' title="bbox 167 1777 3518 1894">
     <span class='ocr_line' id='line_1_21' title="bbox 167 1777 3518 1894; baseline 0.011 -51"><span class='ocrx_word' id='word_1_208' title='bbox 167 1777 476 1876; x_wconf 56' lang='lat' dir='ltr'><strong>mijitanw’</strong></span> <span class='ocrx_word' id='word_1_209' title='bbox 519 1813 824 1881; x_wconf 56' lang='lat' dir='ltr'><strong>sumptibus</strong></span> <span class='ocrx_word' id='word_1_210' title='bbox 849 1829 906 1870; x_wconf 63' lang='lat' dir='ltr'><strong>se</strong></span> <span class='ocrx_word' id='word_1_211' title='bbox 947 1777 1408 1888; x_wconf 39' lang='grc' dir='ltr'><strong>είεορίίς.</strong></span> <span class='ocrx_word' id='word_1_212' title='bbox 1444 1825 1611 1878; x_wconf 57' lang='lat' dir='ltr'><strong>tocius</strong></span> <span class='ocrx_word' id='word_1_213' title='bbox 1635 1825 1798 1894; x_wconf 65' lang='lat' dir='ltr'><strong><em>hujus</em></strong></span> <span class='ocrx_word' id='word_1_214' title='bbox 1828 1777 1872 1842; x_wconf 73' lang='grc' dir='ltr'>Β</span> <span class='ocrx_word' id='word_1_215' title='bbox 1901 1809 2040 1861; x_wconf 84' lang='lat' dir='ltr'><strong>tium</strong></span> <span class='ocrx_word' id='word_1_216' title='bbox 2083 1811 2420 1878; x_wconf 84' lang='lat' dir='ltr'><strong>animarum,</strong></span> <span class='ocrx_word' id='word_1_217' title='bbox 2477 1813 2676 1866; x_wconf 84' lang='lat' dir='ltr'><strong>scilicet</strong></span> <span class='ocrx_word' id='word_1_218' title='bbox 2709 1819 2768 1867; x_wconf 89' lang='lat' dir='ltr'><strong>ut</strong></span> <span class='ocrx_word' id='word_1_219' title='bbox 2804 1817 3122 1872; x_wconf 76' lang='lat' dir='ltr'><strong>venerabilis</strong></span> <span class='ocrx_word' id='word_1_220' title='bbox 3169 1819 3334 1890; x_wconf 88' lang='lat' dir='ltr'><strong>locus,</strong></span> <span class='ocrx_word' id='word_1_221' title='bbox 3365 1827 3518 1892; x_wconf 88' lang='lat' dir='ltr'><strong>quia</strong></span> 
     </span>
    </p>
   </div>
   <div class='ocr_carea' id='block_1_22' title="bbox 165 1901 1654 1978">
    <p class='ocr_par' dir='ltr' id='par_1_22' title="bbox 165 1901 1654 1978">
     <span class='ocr_line' id='line_1_22' title="bbox 165 1901 1654 1978; baseline 0.011 -25"><span class='ocrx_word' id='word_1_222' title='bbox 165 1905 388 1954; x_wconf 72' lang='lat' dir='ltr'><strong>sancite</strong></span> <span class='ocrx_word' id='word_1_223' title='bbox 414 1901 640 1968; x_wconf 73' lang='lat' dir='ltr'><strong>fabricae</strong></span> <span class='ocrx_word' id='word_1_224' title='bbox 675 1918 744 1957; x_wconf 81' lang='lat' dir='ltr'><strong>ea:</strong></span> <span class='ocrx_word' id='word_1_225' title='bbox 769 1919 902 1960; x_wconf 88' lang='lat' dir='ltr'><strong>novo</strong></span> <span class='ocrx_word' id='word_1_226' title='bbox 931 1910 1085 1976; x_wconf 86' lang='lat' dir='ltr'><strong>jacta</strong></span> <span class='ocrx_word' id='word_1_227' title='bbox 1115 1917 1246 1964; x_wconf 90' lang='lat' dir='ltr'><strong>sunt</strong></span> <span class='ocrx_word' id='word_1_228' title='bbox 1273 1913 1654 1978; x_wconf 81' lang='lat' dir='ltr'><strong>fundamenta.</strong></span> 
     </span>
    </p>
   </div>
   <div class='ocr_carea' id='block_1_23' title="bbox 251 1993 1796 2076">
    <p class='ocr_par' dir='ltr' id='par_1_23' title="bbox 251 1993 1796 2076">
     <span class='ocr_line' id='line_1_23' title="bbox 251 1993 1796 2076; baseline 0.011 -30"><span class='ocrx_word' id='word_1_229' title='bbox 251 1993 342 2046; x_wconf 75' lang='grc'><strong>14.</strong></span> <span class='ocrx_word' id='word_1_230' title='bbox 384 1997 456 2048; x_wconf 89' lang='lat' dir='ltr'><strong>De</strong></span> <span class='ocrx_word' id='word_1_231' title='bbox 503 1997 854 2051; x_wconf 89' lang='lat' dir='ltr'><strong>immunitate</strong></span> <span class='ocrx_word' id='word_1_232' title='bbox 888 1999 990 2054; x_wconf 89' lang='lat' dir='ltr'><strong>loci</strong></span> <span class='ocrx_word' id='word_1_233' title='bbox 1037 2001 1104 2054; x_wconf 88' lang='lat' dir='ltr'><strong>ab</strong></span> <span class='ocrx_word' id='word_1_234' title='bbox 1143 2005 1422 2071; x_wconf 88' lang='lat' dir='ltr'><strong>apostolico</strong></span> <span class='ocrx_word' id='word_1_235' title='bbox 1486 2009 1796 2076; x_wconf 88' lang='lat' dir='ltr'><strong>impetrata.</strong></span> 
     </span>
    </p>
   </div>
   <div class='ocr_carea' id='block_1_24' title="bbox 171 2083 1798 2172">
    <p class='ocr_par' dir='ltr' id='par_1_24' title="bbox 171 2083 1798 2172">
     <span class='ocr_line' id='line_1_24' title="bbox 171 2083 1798 2172; baseline 0.012 -36"><span class='ocrx_word' id='word_1_236' title='bbox 171 2083 488 2139; x_wconf 88' lang='lat' dir='ltr'><strong>Providens</strong></span> <span class='ocrx_word' id='word_1_237' title='bbox 518 2085 685 2141; x_wconf 88' lang='lat' dir='ltr'><strong>etiam</strong></span> <span class='ocrx_word' id='word_1_238' title='bbox 709 2096 974 2161; x_wconf 62' lang='lat' dir='ltr'><strong>angustus</strong></span> <span class='ocrx_word' id='word_1_239' title='bbox 1002 2095 1374 2168; x_wconf 82' lang='lat' dir='ltr'><strong>prepagandae</strong></span> <span class='ocrx_word' id='word_1_240' title='bbox 1402 2097 1689 2172; x_wconf 83' lang='lat' dir='ltr'><strong>sanguinis</strong></span> <span class='ocrx_word' id='word_1_241' title='bbox 1714 2100 1798 2155; x_wconf 84' lang='lat' dir='ltr'><strong>sui</strong></span> 
     </span>
    </p>
   </div>
   <div class='ocr_carea' id='block_1_25' title="bbox 169 2176 1799 2260">
    <p class='ocr_par' dir='ltr' id='par_1_25' title="bbox 169 2176 1799 2260">
     <span class='ocr_line' id='line_1_25' title="bbox 169 2176 1799 2260; baseline 0.011 -30"><span class='ocrx_word' id='word_1_242' title='bbox 169 2176 551 2239; x_wconf 85' lang='lat' dir='ltr'><strong>successioni,</strong></span> <span class='ocrx_word' id='word_1_243' title='bbox 597 2177 955 2250; x_wconf 88' lang='lat' dir='ltr'><strong>desponsavit</strong></span> <span class='ocrx_word' id='word_1_244' title='bbox 984 2181 1096 2238; x_wconf 86' lang='lat' dir='ltr'><strong>ﬁlio</strong></span> <span class='ocrx_word' id='word_1_245' title='bbox 1129 2201 1231 2240; x_wconf 90' lang='lat' dir='ltr'><strong>suo</strong></span> <span class='ocrx_word' id='word_1_246' title='bbox 1261 2187 1598 2260; x_wconf 86' lang='lat' dir='ltr'><strong>Theophanu</strong></span> <span class='ocrx_word' id='word_1_247' title='bbox 1628 2188 1799 2248; x_wconf 86' lang='lat' dir='ltr'><strong>ﬁliam</strong></span> 
     </span>
    </p>
   </div>
   <div class='ocr_carea' id='block_1_26' title="bbox 171 2265 1800 2348">
    <p class='ocr_par' dir='ltr' id='par_1_26' title="bbox 171 2265 1800 2348">
     <span class='ocr_line' id='line_1_26' title="bbox 171 2265 1800 2348; baseline 0.01 -29"><span class='ocrx_word' id='word_1_248' title='bbox 171 2265 536 2336; x_wconf 85' lang='lat' dir='ltr'><strong>imperatoris</strong></span> <span class='ocrx_word' id='word_1_249' title='bbox 576 2266 1188 2341; x_wconf 86' lang='lat' dir='ltr'><strong>Constantin0politani,</strong></span> <span class='ocrx_word' id='word_1_250' title='bbox 1245 2273 1410 2348; x_wconf 89' lang='lat' dir='ltr'><strong>eique</strong></span> <span class='ocrx_word' id='word_1_251' title='bbox 1467 2277 1654 2334; x_wconf 69' lang='lat' dir='ltr'><strong>Romae</strong></span> <span class='ocrx_word' id='word_1_252' title='bbox 1701 2296 1800 2336; x_wconf 87' lang='lat' dir='ltr'><strong>nu-</strong></span> 
     </span>
    </p>
   </div>
   <div class='ocr_carea' id='block_1_27' title="bbox 173 2354 1797 2439">
    <p class='ocr_par' dir='ltr' id='par_1_27' title="bbox 173 2354 1797 2439">
     <span class='ocr_line' id='line_1_27' title="bbox 173 2354 1797 2439; baseline 0.009 -30"><span class='ocrx_word' id='word_1_253' title='bbox 173 2354 330 2426; x_wconf 89' lang='lat' dir='ltr'><strong>ptias</strong></span> <span class='ocrx_word' id='word_1_254' title='bbox 371 2355 672 2411; x_wconf 83' lang='lat' dir='ltr'><strong>celebravit</strong></span> <span class='ocrx_word' id='word_1_255' title='bbox 710 2358 1118 2432; x_wconf 83' lang='lat' dir='ltr'><strong>magniﬁcentia</strong></span> <span class='ocrx_word' id='word_1_256' title='bbox 1183 2363 1458 2436; x_wconf 88' lang='lat' dir='ltr'><strong>imperiali</strong></span> <span class='ocrx_word' id='word_1_257' title='bbox 1509 2368 1622 2439; x_wconf 87' lang='lat' dir='ltr'><strong>(an.</strong></span> <span class='ocrx_word' id='word_1_258' title='bbox 1675 2371 1797 2438; x_wconf 81' lang='grc'>972,</span> 
     </span>
    </p>
   </div>
   <div class='ocr_carea' id='block_1_28' title="bbox 170 2445 1800 2524">
    <p class='ocr_par' dir='ltr' id='par_1_28' title="bbox 170 2445 1800 2524">
     <span class='ocr_line' id='line_1_28' title="bbox 170 2445 1800 2524; baseline 0.01 -25"><span class='ocrx_word' id='word_1_259' title='bbox 170 2445 353 2514; x_wconf 77' lang='lat' dir='ltr'><strong>April.</strong></span> <span class='ocrx_word' id='word_1_260' title='bbox 392 2445 498 2512; x_wconf 80' lang='grc'><strong>14).</strong></span> <span class='ocrx_word' id='word_1_261' title='bbox 538 2445 672 2500; x_wconf 82' lang='lat' dir='ltr'><strong>Huic</strong></span> <span class='ocrx_word' id='word_1_262' title='bbox 703 2446 944 2502; x_wconf 89' lang='lat' dir='ltr'><strong>delectui</strong></span> <span class='ocrx_word' id='word_1_263' title='bbox 994 2456 1049 2504; x_wconf 92' lang='lat' dir='ltr'><strong>et</strong></span> <span class='ocrx_word' id='word_1_264' title='bbox 1079 2450 1163 2506; x_wconf 88' lang='lat' dir='ltr'><strong>his</strong></span> <span class='ocrx_word' id='word_1_265' title='bbox 1211 2452 1575 2524; x_wconf 90' lang='lat' dir='ltr'><strong>disponendis</strong></span> <span class='ocrx_word' id='word_1_266' title='bbox 1617 2474 1800 2517; x_wconf 83' lang='lat' dir='ltr'><strong>rerum</strong></span> 
     </span>
    </p>
   </div>
   <div class='ocr_carea' id='block_1_29' title="bbox 173 2533 1800 2617">
    <p class='ocr_par' dir='ltr' id='par_1_29' title="bbox 173 2533 1800 2617">
     <span class='ocr_line' id='line_1_29' title="bbox 173 2533 1800 2617; baseline 0.011 -31"><span class='ocrx_word' id='word_1_267' title='bbox 173 2533 552 2606; x_wconf 78' lang='lat' dir='ltr'><strong>gerendarum</strong></span> <span class='ocrx_word' id='word_1_268' title='bbox 583 2535 822 2608; x_wconf 81' lang='lat' dir='ltr'><strong>negotiis</strong></span> <span class='ocrx_word' id='word_1_269' title='bbox 851 2539 1186 2596; x_wconf 85' lang='lat' dir='ltr'><strong>venerabilis</strong></span> <span class='ocrx_word' id='word_1_270' title='bbox 1215 2545 1414 2612; x_wconf 66' lang='lat' dir='ltr'><strong>prmsul</strong></span> <span class='ocrx_word' id='word_1_271' title='bbox 1449 2545 1800 2617; x_wconf 89' lang='lat' dir='ltr'><strong>Deodericus,</strong></span> 
     </span>
    </p>
   </div>
   <div class='ocr_carea' id='block_1_30' title="bbox 173 2628 1801 2711">
    <p class='ocr_par' dir='ltr' id='par_1_30' title="bbox 173 2628 1801 2711">
     <span class='ocr_line' id='line_1_30' title="bbox 173 2628 1801 2711; baseline 0.01 -29"><span class='ocrx_word' id='word_1_272' title='bbox 173 2635 244 2683; x_wconf 87' lang='lat' dir='ltr'><strong>ut</strong></span> <span class='ocrx_word' id='word_1_273' title='bbox 284 2628 744 2700; x_wconf 69' lang='lat' dir='ltr'><strong>praeseripsimus,</strong></span> <span class='ocrx_word' id='word_1_274' title='bbox 777 2630 922 2686; x_wconf 89' lang='lat' dir='ltr'><strong>inter</strong></span> <span class='ocrx_word' id='word_1_275' title='bbox 942 2633 1150 2704; x_wconf 89' lang='lat' dir='ltr'><strong>primos</strong></span> <span class='ocrx_word' id='word_1_276' title='bbox 1175 2637 1488 2708; x_wconf 62' lang='lat' dir='ltr'><strong>praecipuus</strong></span> <span class='ocrx_word' id='word_1_277' title='bbox 1516 2639 1801 2711; x_wconf 89' lang='lat' dir='ltr'><strong>intererat,</strong></span> 
     </span>
    </p>
   </div>
   <div class='ocr_carea' id='block_1_31' title="bbox 173 2720 1800 2801">
    <p class='ocr_par' dir='ltr' id='par_1_31' title="bbox 173 2720 1800 2801">
     <span class='ocr_line' id='line_1_31' title="bbox 173 2720 1800 2801; baseline 0.009 -27"><span class='ocrx_word' id='word_1_278' title='bbox 173 2720 278 2792; x_wconf 87' lang='lat' dir='ltr'><strong>qui</strong></span> <span class='ocrx_word' id='word_1_279' title='bbox 315 2721 460 2776; x_wconf 91' lang='lat' dir='ltr'><strong>sicut</strong></span> <span class='ocrx_word' id='word_1_280' title='bbox 486 2737 715 2794; x_wconf 82' lang='lat' dir='ltr'><strong>genere,</strong></span> <span class='ocrx_word' id='word_1_281' title='bbox 748 2723 1013 2796; x_wconf 77' lang='lat' dir='ltr'><strong>dignitate</strong></span> <span class='ocrx_word' id='word_1_282' title='bbox 1046 2734 1102 2782; x_wconf 85' lang='lat' dir='ltr'><strong>et</strong></span> <span class='ocrx_word' id='word_1_283' title='bbox 1142 2729 1316 2800; x_wconf 83' lang='lat' dir='ltr'><strong>gratia</strong></span> <span class='ocrx_word' id='word_1_284' title='bbox 1347 2729 1485 2784; x_wconf 91' lang='lat' dir='ltr'><strong>nulli</strong></span> <span class='ocrx_word' id='word_1_285' title='bbox 1545 2732 1800 2801; x_wconf 87' lang='lat' dir='ltr'><strong>cedebat,</strong></span> 
     </span>
    </p>
   </div>
   <div class='ocr_carea' id='block_1_32' title="bbox 171 2809 1803 2890">
    <p class='ocr_par' dir='ltr' id='par_1_32' title="bbox 171 2809 1803 2890">
     <span class='ocr_line' id='line_1_32' title="bbox 171 2809 1803 2890; baseline 0.01 -27"><span class='ocrx_word' id='word_1_286' title='bbox 171 2809 420 2880; x_wconf 85' lang='lat' dir='ltr'><strong>perinde</strong></span> <span class='ocrx_word' id='word_1_287' title='bbox 459 2810 587 2882; x_wconf 88' lang='lat' dir='ltr'><strong>quia</strong></span> <span class='ocrx_word' id='word_1_288' title='bbox 627 2812 872 2867; x_wconf 76' lang='lat' dir='ltr'><strong>consiliis</strong></span> <span class='ocrx_word' id='word_1_289' title='bbox 925 2830 1035 2870; x_wconf 88' lang='lat' dir='ltr'><strong>non</strong></span> <span class='ocrx_word' id='word_1_290' title='bbox 1079 2816 1248 2872; x_wconf 86' lang='lat' dir='ltr'><strong>futilis</strong></span> <span class='ocrx_word' id='word_1_291' title='bbox 1285 2827 1478 2874; x_wconf 87' lang='lat' dir='ltr'><strong>auctor</strong></span> <span class='ocrx_word' id='word_1_292' title='bbox 1531 2829 1670 2890; x_wconf 85' lang='lat' dir='ltr'><strong>erat,</strong></span> <span class='ocrx_word' id='word_1_293' title='bbox 1728 2825 1803 2880; x_wconf 89' lang='lat' dir='ltr'><strong>ita</strong></span> 
     </span>
    </p>
   </div>
   <div class='ocr_carea' id='block_1_33' title="bbox 173 2901 1802 2981">
    <p class='ocr_par' dir='ltr' id='par_1_33' title="bbox 173 2901 1802 2981">
     <span class='ocr_line' id='line_1_33' title="bbox 173 2901 1802 2981; baseline 0.009 -25"><span class='ocrx_word' id='word_1_294' title='bbox 173 2901 333 2973; x_wconf 86' lang='lat' dir='ltr'><strong>apud</strong></span> <span class='ocrx_word' id='word_1_295' title='bbox 387 2901 750 2974; x_wconf 89' lang='lat' dir='ltr'><strong>imperatores</strong></span> <span class='ocrx_word' id='word_1_296' title='bbox 804 2911 860 2960; x_wconf 88' lang='lat' dir='ltr'><strong>et</strong></span> <span class='ocrx_word' id='word_1_297' title='bbox 912 2905 1173 2963; x_wconf 85' lang='lat' dir='ltr'><strong>domuum</strong></span> <span class='ocrx_word' id='word_1_298' title='bbox 1246 2912 1610 2981; x_wconf 86' lang='lat' dir='ltr'><strong>apostolicum</strong></span> <span class='ocrx_word' id='word_1_299' title='bbox 1665 2915 1802 2970; x_wconf 88' lang='lat' dir='ltr'><strong>nulli</strong></span> 
     </span>
    </p>
   </div>
   <div class='ocr_carea' id='block_1_34' title="bbox 175 2993 1806 3080">
    <p class='ocr_par' dir='ltr' id='par_1_34' title="bbox 175 2993 1806 3080">
     <span class='ocr_line' id='line_1_34' title="bbox 175 2993 1806 3080; baseline 0.01 -32"><span class='ocrx_word' id='word_1_300' title='bbox 175 2993 506 3050; x_wconf 84' lang='lat' dir='ltr'><strong>inferiorem</strong></span> <span class='ocrx_word' id='word_1_301' title='bbox 561 2995 790 3070; x_wconf 84' lang='lat' dir='ltr'><strong>gradum</strong></span> <span class='ocrx_word' id='word_1_302' title='bbox 838 2998 1082 3055; x_wconf 89' lang='lat' dir='ltr'><strong>tenebat.</strong></span> <span class='ocrx_word' id='word_1_303' title='bbox 1117 3000 1238 3068; x_wconf 83' lang='lat' dir='ltr'><strong>Qui,</strong></span> <span class='ocrx_word' id='word_1_304' title='bbox 1281 3004 1532 3074; x_wconf 87' lang='lat' dir='ltr'><strong>quamvis</strong></span> <span class='ocrx_word' id='word_1_305' title='bbox 1570 3007 1806 3080; x_wconf 84' lang='lat' dir='ltr'><strong>negotiis</strong></span> 
     </span>
    </p>
   </div>
   <div class='ocr_carea' id='block_1_35' title="bbox 175 3087 1805 3171">
    <p class='ocr_par' dir='ltr' id='par_1_35' title="bbox 175 3087 1805 3171">
     <span class='ocr_line' id='line_1_35' title="bbox 175 3087 1805 3171; baseline 0.009 -29"><span class='ocrx_word' id='word_1_306' title='bbox 175 3087 566 3159; x_wconf 89' lang='lat' dir='ltr'><strong>imperialibus</strong></span> <span class='ocrx_word' id='word_1_307' title='bbox 585 3095 641 3143; x_wconf 92' lang='lat' dir='ltr'><strong>et</strong></span> <span class='ocrx_word' id='word_1_308' title='bbox 667 3089 1070 3148; x_wconf 70' lang='lat' dir='ltr'><strong>aecclesiasticis</strong></span> <span class='ocrx_word' id='word_1_309' title='bbox 1095 3109 1196 3164; x_wconf 93' lang='lat' dir='ltr'><strong>pro</strong></span> <span class='ocrx_word' id='word_1_310' title='bbox 1225 3095 1485 3152; x_wconf 89' lang='lat' dir='ltr'><strong>omnibus</strong></span> <span class='ocrx_word' id='word_1_311' title='bbox 1504 3108 1805 3171; x_wconf 88' lang='lat' dir='ltr'><strong>occupatus</strong></span> 
     </span>
    </p>
   </div>
   <div class='ocr_carea' id='block_1_36' title="bbox 176 3179 1800 3253">
    <p class='ocr_par' dir='ltr' id='par_1_36' title="bbox 176 3179 1800 3253">
     <span class='ocr_line' id='line_1_36' title="bbox 176 3179 1800 3253; baseline 0.007 -19"><span class='ocrx_word' id='word_1_312' title='bbox 176 3185 324 3243; x_wconf 87' lang='lat' dir='ltr'><strong>erat,</strong></span> <span class='ocrx_word' id='word_1_313' title='bbox 367 3183 550 3233; x_wconf 90' lang='lat' dir='ltr'><strong>tamen</strong></span> <span class='ocrx_word' id='word_1_314' title='bbox 591 3185 752 3234; x_wconf 88' lang='lat' dir='ltr'><strong>nocte</strong></span> <span class='ocrx_word' id='word_1_315' title='bbox 796 3179 1001 3252; x_wconf 91' lang='lat' dir='ltr'><strong>dieque</strong></span> <span class='ocrx_word' id='word_1_316' title='bbox 1031 3182 1098 3236; x_wconf 89' lang='lat' dir='ltr'><strong>ad</strong></span> <span class='ocrx_word' id='word_1_317' title='bbox 1139 3183 1416 3253; x_wconf 83' lang='lat' dir='ltr'><strong>singulare</strong></span> <span class='ocrx_word' id='word_1_318' title='bbox 1455 3203 1614 3242; x_wconf 92' lang='lat' dir='ltr'><strong>suum</strong></span> <span class='ocrx_word' id='word_1_319' title='bbox 1651 3189 1800 3244; x_wconf 86' lang='lat' dir='ltr'><strong>desi-</strong></span> 
     </span>
    </p>
   </div>
   <div class='ocr_carea' id='block_1_37' title="bbox 179 3266 1802 3335">
    <p class='ocr_par' dir='ltr' id='par_1_37' title="bbox 179 3266 1802 3335">
     <span class='ocr_line' id='line_1_37' title="bbox 179 3266 1802 3335; baseline 0.009 -14"><span class='ocrx_word' id='word_1_320' title='bbox 179 3266 426 3334; x_wconf 89' lang='lat' dir='ltr'><strong>derium,</strong></span> <span class='ocrx_word' id='word_1_321' title='bbox 458 3267 513 3322; x_wconf 89' lang='lat' dir='ltr'><strong>id</strong></span> <span class='ocrx_word' id='word_1_322' title='bbox 544 3268 724 3324; x_wconf 88' lang='lat' dir='ltr'><strong>estad</strong></span> <span class='ocrx_word' id='word_1_323' title='bbox 775 3271 1244 3328; x_wconf 85' lang='lat' dir='ltr'><strong>constructionem</strong></span> <span class='ocrx_word' id='word_1_324' title='bbox 1309 3276 1574 3332; x_wconf 74' lang='lat' dir='ltr'><strong>aecclesiae</strong></span> <span class='ocrx_word' id='word_1_325' title='bbox 1625 3279 1802 3335; x_wconf 89' lang='lat' dir='ltr'><strong>sancti</strong></span> 
     </span>
    </p>
   </div>
   <div class='ocr_carea' id='block_1_38' title="bbox 184 3355 1802 3430">
    <p class='ocr_par' dir='ltr' id='par_1_38' title="bbox 184 3355 1802 3430">
     <span class='ocr_line' id='line_1_38' title="bbox 184 3355 1802 3430; baseline 0.008 -21"><span class='ocrx_word' id='word_1_326' title='bbox 184 3355 486 3424; x_wconf 87' lang='lat' dir='ltr'><strong>Vincentii,</strong></span> <span class='ocrx_word' id='word_1_327' title='bbox 537 3356 722 3413; x_wconf 90' lang='lat' dir='ltr'><strong>animo</strong></span> <span class='ocrx_word' id='word_1_328' title='bbox 794 3359 1134 3415; x_wconf 87' lang='lat' dir='ltr'><strong>recurrebat.</strong></span> <span class='ocrx_word' id='word_1_329' title='bbox 1209 3360 1372 3430; x_wconf 86' lang='lat' dir='ltr'><strong>Cujus</strong></span> <span class='ocrx_word' id='word_1_330' title='bbox 1415 3367 1802 3422; x_wconf 67' lang='lat' dir='ltr'><strong>construendae</strong></span> 
     </span>
    </p>
   </div>
   <div class='ocr_carea' id='block_1_39' title="bbox 180 3446 1802 3527">
    <p class='ocr_par' dir='ltr' id='par_1_39' title="bbox 180 3446 1802 3527">
     <span class='ocr_line' id='line_1_39' title="bbox 180 3446 1802 3527; baseline 0.008 -28"><span class='ocrx_word' id='word_1_331' title='bbox 180 3460 376 3500; x_wconf 88' lang='lat' dir='ltr'><strong>curam</strong></span> <span class='ocrx_word' id='word_1_332' title='bbox 408 3446 760 3502; x_wconf 86' lang='lat' dir='ltr'><strong>commiserat</strong></span> <span class='ocrx_word' id='word_1_333' title='bbox 789 3447 972 3504; x_wconf 86' lang='lat' dir='ltr'><strong>abbati</strong></span> <span class='ocrx_word' id='word_1_334' title='bbox 1005 3449 1286 3506; x_wconf 85' lang='lat' dir='ltr'><strong>Gorziensi</strong></span> <span class='ocrx_word' id='word_1_335' title='bbox 1316 3451 1596 3510; x_wconf 91' lang='lat' dir='ltr'><strong>0dilberto</strong></span> <span class='ocrx_word' id='word_1_336' title='bbox 1627 3455 1802 3527; x_wconf 74' lang='grc'>(940),</span> 
     </span>
    </p>
   </div>
   <div class='ocr_carea' id='block_1_40' title="bbox 182 3537 1806 3614">
    <p class='ocr_par' dir='ltr' id='par_1_40' title="bbox 182 3537 1806 3614">
     <span class='ocr_line' id='line_1_40' title="bbox 182 3537 1806 3614; baseline 0.007 -22"><span class='ocrx_word' id='word_1_337' title='bbox 182 3537 308 3592; x_wconf 81' lang='lat' dir='ltr'><strong>viro</strong></span> <span class='ocrx_word' id='word_1_338' title='bbox 338 3537 447 3592; x_wconf 89' lang='lat' dir='ltr'><strong>sibi</strong></span> <span class='ocrx_word' id='word_1_339' title='bbox 463 3538 798 3596; x_wconf 90' lang='lat' dir='ltr'><strong>amicissimo</strong></span> <span class='ocrx_word' id='word_1_340' title='bbox 828 3550 883 3597; x_wconf 89' lang='lat' dir='ltr'><strong>et</strong></span> <span class='ocrx_word' id='word_1_341' title='bbox 907 3541 1094 3597; x_wconf 88' lang='lat' dir='ltr'><strong>divina</strong></span> <span class='ocrx_word' id='word_1_342' title='bbox 1122 3551 1287 3614; x_wconf 90' lang='lat' dir='ltr'><strong>atque</strong></span> <span class='ocrx_word' id='word_1_343' title='bbox 1305 3544 1544 3601; x_wconf 86' lang='lat' dir='ltr'><strong>humana</strong></span> <span class='ocrx_word' id='word_1_344' title='bbox 1569 3548 1806 3604; x_wconf 86' lang='lat' dir='ltr'><strong>scientia</strong></span> 
     </span>
    </p>
   </div>
   <div class='ocr_carea' id='block_1_41' title="bbox 186 3628 1802 3709">
    <p class='ocr_par' dir='ltr' id='par_1_41' title="bbox 186 3628 1802 3709">
     <span class='ocr_line' id='line_1_41' title="bbox 186 3628 1802 3709; baseline 0.006 -25"><span class='ocrx_word' id='word_1_345' title='bbox 186 3628 246 3684; x_wconf 91' lang='lat' dir='ltr'><strong>in</strong></span> <span class='ocrx_word' id='word_1_346' title='bbox 281 3628 545 3685; x_wconf 88' lang='lat' dir='ltr'><strong>omnibus</strong></span> <span class='ocrx_word' id='word_1_347' title='bbox 574 3631 1036 3689; x_wconf 68' lang='lat' dir='ltr'><strong>nominatissimo.</strong></span> <span class='ocrx_word' id='word_1_348' title='bbox 1089 3635 1212 3705; x_wconf 89' lang='lat' dir='ltr'><strong>Ipse</strong></span> <span class='ocrx_word' id='word_1_349' title='bbox 1242 3635 1461 3690; x_wconf 88' lang='lat' dir='ltr'><strong>interim</strong></span> <span class='ocrx_word' id='word_1_350' title='bbox 1503 3645 1565 3692; x_wconf 89' lang='lat' dir='ltr'><strong>ut</strong></span> <span class='ocrx_word' id='word_1_351' title='bbox 1594 3638 1713 3709; x_wconf 90' lang='lat' dir='ltr'><strong>apis</strong></span> <span class='ocrx_word' id='word_1_352' title='bbox 1736 3640 1802 3676; x_wconf 79' lang='grc'><strong>⁰⁸¹</strong></span> 
     </span>
    </p>
   </div>
   <div class='ocr_carea' id='block_1_42' title="bbox 187 3717 1804 3792">
    <p class='ocr_par' dir='ltr' id='par_1_42' title="bbox 187 3717 1804 3792">
     <span class='ocr_line' id='line_1_42' title="bbox 187 3717 1804 3792; baseline 0.006 -20"><span class='ocrx_word' id='word_1_353' title='bbox 187 3717 647 3790; x_wconf 87' lang='lat' dir='ltr'><strong>prudentissima,</strong></span> <span class='ocrx_word' id='word_1_354' title='bbox 681 3720 772 3792; x_wconf 90' lang='lat' dir='ltr'><strong>pio</strong></span> <span class='ocrx_word' id='word_1_355' title='bbox 813 3722 1082 3778; x_wconf 86' lang='lat' dir='ltr'><strong>exercitus</strong></span> <span class='ocrx_word' id='word_1_356' title='bbox 1113 3723 1302 3780; x_wconf 88' lang='lat' dir='ltr'><strong>labore</strong></span> <span class='ocrx_word' id='word_1_357' title='bbox 1332 3725 1635 3782; x_wconf 88' lang='lat' dir='ltr'><strong>undeunde</strong></span> <span class='ocrx_word' id='word_1_358' title='bbox 1666 3743 1804 3784; x_wconf 88' lang='lat' dir='ltr'><strong>con-</strong></span> 
     </span>
    </p>
   </div>
   <div class='ocr_carea' id='block_1_43' title="bbox 183 3809 1805 3890">
    <p class='ocr_par' dir='ltr' id='par_1_43' title="bbox 183 3809 1805 3890">
     <span class='ocr_line' id='line_1_43' title="bbox 183 3809 1805 3890; baseline 0.005 -24"><span class='ocrx_word' id='word_1_359' title='bbox 183 3809 441 3884; x_wconf 83' lang='lat' dir='ltr'><strong>gerebat,</strong></span> <span class='ocrx_word' id='word_1_360' title='bbox 464 3811 614 3867; x_wconf 89' lang='lat' dir='ltr'><strong>unde</strong></span> <span class='ocrx_word' id='word_1_361' title='bbox 664 3812 900 3869; x_wconf 89' lang='lat' dir='ltr'><strong>alvearia</strong></span> <span class='ocrx_word' id='word_1_362' title='bbox 929 3830 1026 3870; x_wconf 90' lang='lat' dir='ltr'><strong>sua</strong></span> <span class='ocrx_word' id='word_1_363' title='bbox 1058 3815 1316 3886; x_wconf 87' lang='lat' dir='ltr'><strong>repleret,</strong></span> <span class='ocrx_word' id='word_1_364' title='bbox 1355 3816 1506 3872; x_wconf 90' lang='lat' dir='ltr'><strong>unde</strong></span> <span class='ocrx_word' id='word_1_365' title='bbox 1536 3817 1805 3890; x_wconf 88' lang='lat' dir='ltr'><strong>liquentia</strong></span> 
     </span>
    </p>
   </div>
   <div class='ocr_carea' id='block_1_44' title="bbox 186 3898 1805 3976">
    <p class='ocr_par' dir='ltr' id='par_1_44' title="bbox 186 3898 1805 3976">
     <span class='ocr_line' id='line_1_44' title="bbox 186 3898 1805 3976; baseline 0.006 -22"><span class='ocrx_word' id='word_1_366' title='bbox 186 3898 355 3954; x_wconf 80' lang='lat' dir='ltr'><strong>mella</strong></span> <span class='ocrx_word' id='word_1_367' title='bbox 385 3899 628 3971; x_wconf 88' lang='lat' dir='ltr'><strong>stiparet,</strong></span> <span class='ocrx_word' id='word_1_368' title='bbox 661 3901 809 3957; x_wconf 89' lang='lat' dir='ltr'><strong>unde</strong></span> <span class='ocrx_word' id='word_1_369' title='bbox 840 3902 1007 3958; x_wconf 89' lang='lat' dir='ltr'><strong>cellas</strong></span> <span class='ocrx_word' id='word_1_370' title='bbox 1064 3904 1276 3976; x_wconf 91' lang='lat' dir='ltr'><strong>liquido</strong></span> <span class='ocrx_word' id='word_1_371' title='bbox 1330 3913 1549 3962; x_wconf 85' lang='lat' dir='ltr'><strong>nectare</strong></span> <span class='ocrx_word' id='word_1_372' title='bbox 1592 3907 1805 3964; x_wconf 86' lang='lat' dir='ltr'><strong>disten-</strong></span> 
     </span>
    </p>
   </div>
   <div class='ocr_carea' id='block_1_45' title="bbox 184 3987 1808 4066">
    <p class='ocr_par' dir='ltr' id='par_1_45' title="bbox 184 3987 1808 4066">
     <span class='ocr_line' id='line_1_45' title="bbox 184 3987 1808 4066; baseline 0.006 -24"><span class='ocrx_word' id='word_1_373' title='bbox 184 3989 371 4056; x_wconf 86' lang='lat' dir='ltr'><strong>deret,</strong></span> <span class='ocrx_word' id='word_1_374' title='bbox 410 3987 466 4042; x_wconf 91' lang='lat' dir='ltr'><strong>in</strong></span> <span class='ocrx_word' id='word_1_375' title='bbox 497 3988 700 4060; x_wconf 88' lang='lat' dir='ltr'><strong>quibus</strong></span> <span class='ocrx_word' id='word_1_376' title='bbox 728 4007 884 4062; x_wconf 89' lang='lat' dir='ltr'><strong>spem</strong></span> <span class='ocrx_word' id='word_1_377' title='bbox 913 4000 1116 4048; x_wconf 79' lang='lat' dir='ltr'><strong>sanctae</strong></span> <span class='ocrx_word' id='word_1_378' title='bbox 1154 3995 1334 4066; x_wconf 82' lang='lat' dir='ltr'><strong>gentis</strong></span> <span class='ocrx_word' id='word_1_379' title='bbox 1387 3995 1604 4052; x_wconf 87' lang='lat' dir='ltr'><strong>adultos</strong></span> <span class='ocrx_word' id='word_1_380' title='bbox 1640 3995 1808 4053; x_wconf 65' lang='lat' dir='ltr'><strong>fletus</strong></span> 
     </span>
    </p>
   </div>
   <div class='ocr_carea' id='block_1_46' title="bbox 187 4077 1803 4154">
    <p class='ocr_par' dir='ltr' id='par_1_46' title="bbox 187 4077 1803 4154">
     <span class='ocr_line' id='line_1_46' title="bbox 187 4077 1803 4154; baseline 0.006 -23"><span class='ocrx_word' id='word_1_381' title='bbox 187 4077 484 4144; x_wconf 86' lang='lat' dir='ltr'><strong>educaret;</strong></span> <span class='ocrx_word' id='word_1_382' title='bbox 517 4087 573 4134; x_wconf 88' lang='lat' dir='ltr'><strong>et</strong></span> <span class='ocrx_word' id='word_1_383' title='bbox 593 4087 652 4134; x_wconf 89' lang='lat' dir='ltr'><strong>ut</strong></span> <span class='ocrx_word' id='word_1_384' title='bbox 681 4078 938 4152; x_wconf 78' lang='lat' dir='ltr'><strong>ignavum</strong></span> <span class='ocrx_word' id='word_1_385' title='bbox 961 4097 1130 4153; x_wconf 87' lang='lat' dir='ltr'><strong>pecus</strong></span> <span class='ocrx_word' id='word_1_386' title='bbox 1151 4099 1182 4136; x_wconf 92' lang='lat' dir='ltr'><strong>a</strong></span> <span class='ocrx_word' id='word_1_387' title='bbox 1208 4084 1552 4154; x_wconf 65' lang='lat' dir='ltr'><strong>praesepibus</strong></span> <span class='ocrx_word' id='word_1_388' title='bbox 1572 4093 1803 4154; x_wconf 89' lang='lat' dir='ltr'><strong>arceret,</strong></span> 
     </span>
    </p>
   </div>
   <div class='ocr_carea' id='block_1_47' title="bbox 191 4168 1806 4248">
    <p class='ocr_par' dir='ltr' id='par_1_47' title="bbox 191 4168 1806 4248">
     <span class='ocr_line' id='line_1_47' title="bbox 191 4168 1806 4248; baseline 0.006 -24"><span class='ocrx_word' id='word_1_389' title='bbox 191 4168 376 4241; x_wconf 88' lang='lat' dir='ltr'><strong>primo</strong></span> <span class='ocrx_word' id='word_1_390' title='bbox 423 4168 822 4226; x_wconf 89' lang='lat' dir='ltr'><strong>immunitatem</strong></span> <span class='ocrx_word' id='word_1_391' title='bbox 849 4171 1035 4242; x_wconf 88' lang='lat' dir='ltr'><strong>ipsius&#39;</strong></span> <span class='ocrx_word' id='word_1_392' title='bbox 1064 4172 1168 4230; x_wconf 91' lang='lat' dir='ltr'><strong>loci</strong></span> <span class='ocrx_word' id='word_1_393' title='bbox 1214 4189 1244 4228; x_wconf 87' lang='lat' dir='ltr'><strong>a</strong></span> <span class='ocrx_word' id='word_1_394' title='bbox 1301 4175 1451 4230; x_wconf 87' lang='lat' dir='ltr'><strong>sedis</strong></span> <span class='ocrx_word' id='word_1_395' title='bbox 1490 4177 1806 4248; x_wconf 64' lang='lat' dir='ltr'><strong>apostolicae</strong></span> 
     </span>
    </p>
   </div>
   <div class='ocr_carea' id='block_1_48' title="bbox 192 4260 1807 4335">
    <p class='ocr_par' dir='ltr' id='par_1_48' title="bbox 192 4260 1807 4335">
     <span class='ocr_line' id='line_1_48' title="bbox 192 4260 1807 4335; baseline 0.006 -21"><span class='ocrx_word' id='word_1_396' title='bbox 192 4260 433 4332; x_wconf 75' lang='lat' dir='ltr'><strong>praesule</strong></span> <span class='ocrx_word' id='word_1_397' title='bbox 463 4261 1159 4334; x_wconf 85' lang='lat' dir='ltr'><strong>Johanneimpetravit(an.</strong></span> <span class='ocrx_word' id='word_1_398' title='bbox 1189 4265 1336 4335; x_wconf 86' lang='lat'><strong>970),</strong></span> <span class='ocrx_word' id='word_1_399' title='bbox 1369 4273 1425 4322; x_wconf 88' lang='lat' dir='ltr'><strong>et</strong></span> <span class='ocrx_word' id='word_1_400' title='bbox 1449 4267 1631 4323; x_wconf 88' lang='lat' dir='ltr'><strong>locum</strong></span> <span class='ocrx_word' id='word_1_401' title='bbox 1652 4269 1807 4324; x_wconf 89' lang='lat' dir='ltr'><strong>illum</strong></span> 
     </span>
    </p>
   </div>
   <div class='ocr_carea' id='block_1_49' title="bbox 190 4349 1811 4426">
    <p class='ocr_par' dir='ltr' id='par_1_49' title="bbox 190 4349 1811 4426">
     <span class='ocr_line' id='line_1_49' title="bbox 190 4349 1811 4426; baseline 0.004 -21"><span class='ocrx_word' id='word_1_402' title='bbox 190 4356 249 4405; x_wconf 90' lang='lat' dir='ltr'><strong>et</strong></span> <span class='ocrx_word' id='word_1_403' title='bbox 283 4349 472 4405; x_wconf 89' lang='lat' dir='ltr'><strong>omnia</strong></span> <span class='ocrx_word' id='word_1_404' title='bbox 495 4367 617 4422; x_wconf 84' lang='lat' dir='ltr'><strong>quae</strong></span> <span class='ocrx_word' id='word_1_405' title='bbox 649 4351 698 4406; x_wconf 90' lang='lat' dir='ltr'><strong>ei</strong></span> <span class='ocrx_word' id='word_1_406' title='bbox 730 4352 1037 4408; x_wconf 89' lang='lat' dir='ltr'><strong>contulerat</strong></span> <span class='ocrx_word' id='word_1_407' title='bbox 1073 4353 1176 4409; x_wconf 88' lang='lat' dir='ltr'><strong>sub</strong></span> <span class='ocrx_word' id='word_1_408' title='bbox 1197 4355 1514 4426; x_wconf 67' lang='lat' dir='ltr'><strong>apostolicae</strong></span> <span class='ocrx_word' id='word_1_409' title='bbox 1553 4357 1811 4413; x_wconf 89' lang='lat' dir='ltr'><strong>tuicionis</strong></span> 
     </span>
    </p>
   </div>
   <div class='ocr_carea' id='block_1_50' title="bbox 190 4443 1812 4510">
    <p class='ocr_par' dir='ltr' id='par_1_50' title="bbox 190 4443 1812 4510">
     <span class='ocr_line' id='line_1_50' title="bbox 190 4443 1812 4510; baseline 0.006 -14"><span class='ocrx_word' id='word_1_410' title='bbox 190 4458 316 4497; x_wconf 85' lang='lat' dir='ltr'><strong>sera</strong></span> <span class='ocrx_word' id='word_1_411' title='bbox 335 4443 769 4510; x_wconf 64' lang='lat' dir='ltr'><strong>’commeudavit,</strong></span> <span class='ocrx_word' id='word_1_412' title='bbox 811 4451 866 4500; x_wconf 86' lang='lat' dir='ltr'><strong>et</strong></span> <span class='ocrx_word' id='word_1_413' title='bbox 906 4445 1044 4500; x_wconf 89' lang='lat' dir='ltr'><strong>clavi</strong></span> <span class='ocrx_word' id='word_1_414' title='bbox 1099 4445 1414 4504; x_wconf 87' lang='lat' dir='ltr'><strong>insolubilis</strong></span> <span class='ocrx_word' id='word_1_415' title='bbox 1443 4449 1812 4506; x_wconf 87' lang='lat' dir='ltr'><strong>anathematis</strong></span> 
     </span>
    </p>
   </div>
   <div class='ocr_carea' id='block_1_51' title="bbox 191 4533 1812 4610">
    <p class='ocr_par' dir='ltr' id='par_1_51' title="bbox 191 4533 1812 4610">
     <span class='ocr_line' id='line_1_51' title="bbox 191 4533 1812 4610; baseline 0.006 -21"><span class='ocrx_word' id='word_1_416' title='bbox 191 4533 270 4590; x_wconf 89' lang='lat' dir='ltr'><strong>ita</strong></span> <span class='ocrx_word' id='word_1_417' title='bbox 321 4535 576 4609; x_wconf 82' lang='lat' dir='ltr'><strong>signavit,</strong></span> <span class='ocrx_word' id='word_1_418' title='bbox 626 4543 682 4590; x_wconf 91' lang='lat' dir='ltr'><strong>ut</strong></span> <span class='ocrx_word' id='word_1_419' title='bbox 721 4535 766 4590; x_wconf 91' lang='lat' dir='ltr'><strong>si</strong></span> <span class='ocrx_word' id='word_1_420' title='bbox 800 4537 960 4606; x_wconf 89' lang='lat' dir='ltr'><strong>cujus</strong></span> <span class='ocrx_word' id='word_1_421' title='bbox 988 4538 1250 4594; x_wconf 90' lang='lat' dir='ltr'><strong>callosum</strong></span> <span class='ocrx_word' id='word_1_422' title='bbox 1295 4549 1488 4610; x_wconf 89' lang='lat' dir='ltr'><strong>pectus</strong></span> <span class='ocrx_word' id='word_1_423' title='bbox 1536 4541 1812 4598; x_wconf 89' lang='lat' dir='ltr'><strong>obtutaret</strong></span> 
     </span>
    </p>
   </div>
   <div class='ocr_carea' id='block_1_52' title="bbox 189 4626 1810 4698">
    <p class='ocr_par' dir='ltr' id='par_1_52' title="bbox 189 4626 1810 4698">
     <span class='ocr_line' id='line_1_52' title="bbox 189 4626 1810 4698; baseline 0.004 -17"><span class='ocrx_word' id='word_1_424' title='bbox 189 4626 262 4662; x_wconf 72' lang='grc'><strong>⁸³³</strong></span> <span class='ocrx_word' id='word_1_425' title='bbox 299 4626 688 4684; x_wconf 83' lang='lat' dir='ltr'><strong>obstinationis</strong></span> <span class='ocrx_word' id='word_1_426' title='bbox 727 4628 1062 4698; x_wconf 89' lang='lat' dir='ltr'><strong>immanitas,</strong></span> <span class='ocrx_word' id='word_1_427' title='bbox 1094 4638 1154 4686; x_wconf 88' lang='lat' dir='ltr'><strong>ut</strong></span> <span class='ocrx_word' id='word_1_428' title='bbox 1184 4645 1310 4686; x_wconf 86' lang='lat' dir='ltr'><strong>eum</strong></span> <span class='ocrx_word' id='word_1_429' title='bbox 1351 4647 1383 4686; x_wconf 90' lang='lat' dir='ltr'><strong>a</strong></span> <span class='ocrx_word' id='word_1_430' title='bbox 1413 4631 1672 4688; x_wconf 88' lang='lat' dir='ltr'><strong>violentia</strong></span> <span class='ocrx_word' id='word_1_431' title='bbox 1722 4633 1810 4690; x_wconf 91' lang='lat' dir='ltr'><strong>vel</strong></span> 
     </span>
    </p>
   </div>
   <div class='ocr_carea' id='block_1_53' title="bbox 190 4715 1810 4790">
    <p class='ocr_par' dir='ltr' id='par_1_53' title="bbox 190 4715 1810 4790">
     <span class='ocr_line' id='line_1_53' title="bbox 190 4715 1810 4790; baseline 0.004 -21"><span class='ocrx_word' id='word_1_432' title='bbox 190 4715 478 4784; x_wconf 87' lang='lat' dir='ltr'><strong>injusticia</strong></span> <span class='ocrx_word' id='word_1_433' title='bbox 507 4726 711 4772; x_wconf 84' lang='lat' dir='ltr'><strong>sanctae</strong></span> <span class='ocrx_word' id='word_1_434' title='bbox 741 4718 1002 4773; x_wconf 73' lang='lat' dir='ltr'><strong>aecclesiae</strong></span> <span class='ocrx_word' id='word_1_435' title='bbox 1033 4735 1138 4775; x_wconf 91' lang='lat' dir='ltr'><strong>nec</strong></span> <span class='ocrx_word' id='word_1_436' title='bbox 1170 4719 1270 4774; x_wconf 90' lang='lat' dir='ltr'><strong>ista</strong></span> <span class='ocrx_word' id='word_1_437' title='bbox 1303 4720 1605 4790; x_wconf 88' lang='lat' dir='ltr'><strong>apostolica</strong></span> <span class='ocrx_word' id='word_1_438' title='bbox 1640 4721 1810 4778; x_wconf 86' lang='lat' dir='ltr'><strong>refre-</strong></span> 
     </span>
    </p>
   </div>
   <div class='ocr_carea' id='block_1_54' title="bbox 191 4807 1812 4889">
    <p class='ocr_par' dir='ltr' id='par_1_54' title="bbox 191 4807 1812 4889">
     <span class='ocr_line' id='line_1_54' title="bbox 191 4807 1812 4889; baseline 0.006 -28"><span class='ocrx_word' id='word_1_439' title='bbox 191 4813 354 4862; x_wconf 87' lang='lat' dir='ltr'><strong>naret</strong></span> <span class='ocrx_word' id='word_1_440' title='bbox 393 4807 737 4875; x_wconf 89' lang='lat' dir='ltr'><strong>immunitas,</strong></span> <span class='ocrx_word' id='word_1_441' title='bbox 789 4810 971 4865; x_wconf 89' lang='lat' dir='ltr'><strong>omnis</strong></span> <span class='ocrx_word' id='word_1_442' title='bbox 1014 4811 1066 4866; x_wconf 87' lang='lat' dir='ltr'><strong>ei</strong></span> <span class='ocrx_word' id='word_1_443' title='bbox 1108 4811 1164 4866; x_wconf 93' lang='lat' dir='ltr'><strong>in</strong></span> <span class='ocrx_word' id='word_1_444' title='bbox 1206 4811 1479 4884; x_wconf 88' lang='lat' dir='ltr'><strong>reliquum</strong></span> <span class='ocrx_word' id='word_1_445' title='bbox 1512 4821 1812 4889; x_wconf 77' lang='lat' dir='ltr'><strong>negaretur</strong></span> 
     </span>
    </p>
   </div>
   <div class='ocr_carea' id='block_1_55' title="bbox 193 4901 1815 4972">
    <p class='ocr_par' dir='ltr' id='par_1_55' title="bbox 193 4901 1815 4972">
     <span class='ocr_line' id='line_1_55' title="bbox 193 4901 1815 4972; baseline 0.006 -16"><span class='ocrx_word' id='word_1_446' title='bbox 193 4901 522 4972; x_wconf 89' lang='lat' dir='ltr'><strong>impunitas.</strong></span> <span class='ocrx_word' id='word_1_447' title='bbox 563 4903 639 4959; x_wconf 90' lang='lat' dir='ltr'><strong>[ta</strong></span> <span class='ocrx_word' id='word_1_448' title='bbox 693 4903 780 4959; x_wconf 90' lang='lat' dir='ltr'><strong>vir</strong></span> <span class='ocrx_word' id='word_1_449' title='bbox 818 4905 931 4960; x_wconf 92' lang='lat' dir='ltr'><strong>Deo</strong></span> <span class='ocrx_word' id='word_1_450' title='bbox 958 4905 1214 4962; x_wconf 86' lang='lat' dir='ltr'><strong>amabilis</strong></span> <span class='ocrx_word' id='word_1_451' title='bbox 1243 4907 1374 4962; x_wconf 91' lang='lat' dir='ltr'><strong>dum</strong></span> <span class='ocrx_word' id='word_1_452' title='bbox 1423 4908 1542 4964; x_wconf 81' lang='lat' dir='ltr'><strong>vult</strong></span> <span class='ocrx_word' id='word_1_453' title='bbox 1569 4924 1691 4964; x_wconf 89' lang='lat' dir='ltr'><strong>esse</strong></span> <span class='ocrx_word' id='word_1_454' title='bbox 1745 4909 1815 4964; x_wconf 89' lang='lat' dir='ltr'><strong>de</strong></span> 
     </span>
    </p>
   </div>
   <div class='ocr_carea' id='block_1_56' title="bbox 189 4990 1810 5066">
    <p class='ocr_par' dir='ltr' id='par_1_56' title="bbox 189 4990 1810 5066">
     <span class='ocr_line' id='line_1_56' title="bbox 189 4990 1810 5066; baseline 0.006 -21"><span class='ocrx_word' id='word_1_455' title='bbox 189 4990 308 5046; x_wconf 88' lang='lat' dir='ltr'><strong>suis</strong></span> <span class='ocrx_word' id='word_1_456' title='bbox 333 4991 606 5059; x_wconf 89' lang='lat' dir='ltr'><strong>securior,</strong></span> <span class='ocrx_word' id='word_1_457' title='bbox 651 4993 780 5048; x_wconf 91' lang='lat' dir='ltr'><strong>dum</strong></span> <span class='ocrx_word' id='word_1_458' title='bbox 825 4993 942 5049; x_wconf 88' lang='lat' dir='ltr'><strong>vult</strong></span> <span class='ocrx_word' id='word_1_459' title='bbox 970 4994 1141 5050; x_wconf 87' lang='lat' dir='ltr'><strong>videri</strong></span> <span class='ocrx_word' id='word_1_460' title='bbox 1175 4995 1444 5066; x_wconf 87' lang='lat' dir='ltr'><strong>propositi</strong></span> <span class='ocrx_word' id='word_1_461' title='bbox 1485 4997 1569 5052; x_wconf 92' lang='lat' dir='ltr'><strong>sui</strong></span> <span class='ocrx_word' id='word_1_462' title='bbox 1618 4997 1810 5065; x_wconf 89' lang='lat' dir='ltr'><strong>victor,</strong></span> 
     </span>
    </p>
   </div>
   <div class='ocr_carea' id='block_1_57' title="bbox 191 5078 1816 5153">
    <p class='ocr_par' dir='ltr' id='par_1_57' title="bbox 191 5078 1816 5153">
     <span class='ocr_line' id='line_1_57' title="bbox 191 5078 1816 5153; baseline 0.005 -20"><span class='ocrx_word' id='word_1_463' title='bbox 191 5078 621 5152; x_wconf 86' lang='lat' dir='ltr'><strong>aliquantulum,</strong></span> <span class='ocrx_word' id='word_1_464' title='bbox 683 5081 830 5152; x_wconf 90' lang='lat' dir='ltr'><strong>quod</strong></span> <span class='ocrx_word' id='word_1_465' title='bbox 891 5097 1024 5153; x_wconf 89' lang='lat' dir='ltr'><strong>pace</strong></span> <span class='ocrx_word' id='word_1_466' title='bbox 1089 5083 1212 5152; x_wconf 89' lang='lat' dir='ltr'><strong>ejus</strong></span> <span class='ocrx_word' id='word_1_467' title='bbox 1250 5083 1507 5151; x_wconf 83' lang='lat' dir='ltr'><strong>dixerim,</strong></span> <span class='ocrx_word' id='word_1_468' title='bbox 1547 5085 1698 5140; x_wconf 88' lang='lat' dir='ltr'><strong>visus</strong></span> <span class='ocrx_word' id='word_1_469' title='bbox 1734 5094 1816 5142; x_wconf 88' lang='lat' dir='ltr'><strong>est</strong></span> 
     </span>
    </p>
   </div>
   <div class='ocr_carea' id='block_1_58' title="bbox 189 5170 1816 5250">
    <p class='ocr_par' dir='ltr' id='par_1_58' title="bbox 189 5170 1816 5250">
     <span class='ocr_line' id='line_1_58' title="bbox 189 5170 1816 5250; baseline 0.005 -24"><span class='ocrx_word' id='word_1_470' title='bbox 189 5187 314 5226; x_wconf 88' lang='lat' dir='ltr'><strong>esse</strong></span> <span class='ocrx_word' id='word_1_471' title='bbox 343 5170 614 5227; x_wconf 88' lang='lat' dir='ltr'><strong>severior.</strong></span> <span class='ocrx_word' id='word_1_472' title='bbox 658 5172 930 5228; x_wconf 88' lang='lat' dir='ltr'><strong>Ponamus</strong></span> <span class='ocrx_word' id='word_1_473' title='bbox 972 5189 1104 5250; x_wconf 79' lang='lat' dir='ltr'><strong>ergo</strong></span> <span class='ocrx_word' id='word_1_474' title='bbox 1141 5191 1250 5245; x_wconf 67' lang='lat' dir='ltr'><strong>prae</strong></span> <span class='ocrx_word' id='word_1_475' title='bbox 1297 5175 1472 5232; x_wconf 91' lang='lat' dir='ltr'><strong>oculis</strong></span> <span class='ocrx_word' id='word_1_476' title='bbox 1513 5176 1649 5232; x_wconf 91' lang='lat' dir='ltr'><strong>illud</strong></span> <span class='ocrx_word' id='word_1_477' title='bbox 1680 5193 1816 5249; x_wconf 88' lang='lat' dir='ltr'><strong>apo-</strong></span> 
     </span>
    </p>
   </div>
   <div class='ocr_carea' id='block_1_59' title="bbox 190 5261 1816 5342">
    <p class='ocr_par' dir='ltr' id='par_1_59' title="bbox 190 5261 1816 5342">
     <span class='ocr_line' id='line_1_59' title="bbox 190 5261 1816 5342; baseline 0.004 -26"><span class='ocrx_word' id='word_1_478' title='bbox 190 5262 402 5320; x_wconf 60' lang='lat' dir='ltr'><strong>stolica</strong></span> <span class='ocrx_word' id='word_1_479' title='bbox 415 5261 762 5320; x_wconf 87' lang='lat' dir='ltr'><strong>auctoritatis</strong></span> <span class='ocrx_word' id='word_1_480' title='bbox 778 5264 1151 5342; x_wconf 78' lang='lat' dir='ltr'><strong>privilegium,</strong></span> <span class='ocrx_word' id='word_1_481' title='bbox 1169 5266 1341 5338; x_wconf 88' lang='lat' dir='ltr'><strong>quod,</strong></span> <span class='ocrx_word' id='word_1_482' title='bbox 1369 5266 1510 5322; x_wconf 87' lang='lat' dir='ltr'><strong>sicut</strong></span> <span class='ocrx_word' id='word_1_483' title='bbox 1527 5273 1610 5324; x_wconf 90' lang='lat' dir='ltr'><strong>est</strong></span> <span class='ocrx_word' id='word_1_484' title='bbox 1635 5283 1816 5323; x_wconf 87' lang='lat' dir='ltr'><strong>rerum</strong></span> 
     </span>
    </p>
   </div>
   <div class='ocr_carea' id='block_1_60' title="bbox 1899 1899 3519 1980">
    <p class='ocr_par' dir='ltr' id='par_1_60' title="bbox 1899 1899 3519 1980">
     <span class='ocr_line' id='line_1_60' title="bbox 1899 1899 3519 1980; baseline 0.01 -29"><span class='ocrx_word' id='word_1_485' title='bbox 1899 1899 2171 1954; x_wconf 87' lang='lat' dir='ltr'><strong>Deoderico</strong></span> <span class='ocrx_word' id='word_1_486' title='bbox 2207 1901 2546 1956; x_wconf 87' lang='lat' dir='ltr'><strong>dilectissimo</strong></span> <span class='ocrx_word' id='word_1_487' title='bbox 2595 1904 2706 1968; x_wconf 90' lang='lat' dir='ltr'><strong>ﬁlio</strong></span> <span class='ocrx_word' id='word_1_488' title='bbox 2745 1913 2922 1960; x_wconf 89' lang='lat' dir='ltr'><strong>nostro</strong></span> <span class='ocrx_word' id='word_1_489' title='bbox 2977 1909 3037 1960; x_wconf 90' lang='lat' dir='ltr'><strong>in</strong></span> <span class='ocrx_word' id='word_1_490' title='bbox 3086 1924 3196 1964; x_wconf 90' lang='lat' dir='ltr'><strong>uno</strong></span> <span class='ocrx_word' id='word_1_491' title='bbox 3241 1914 3519 1980; x_wconf 82' lang='lat' dir='ltr'><strong>congloba-</strong></span> 
     </span>
    </p>
   </div>
   <div class='ocr_carea' id='block_1_61' title="bbox 1903 1994 3517 2069">
    <p class='ocr_par' dir='ltr' id='par_1_61' title="bbox 1903 1994 3517 2069">
     <span class='ocr_line' id='line_1_61' title="bbox 1903 1994 3517 2069; baseline 0.009 -27"><span class='ocrx_word' id='word_1_492' title='bbox 1903 1995 1989 2043; x_wconf 86' lang='lat' dir='ltr'><strong>tus</strong></span> <span class='ocrx_word' id='word_1_493' title='bbox 2019 1994 2182 2057; x_wconf 88' lang='lat' dir='ltr'><strong>atque</strong></span> <span class='ocrx_word' id='word_1_494' title='bbox 2199 2005 2449 2046; x_wconf 77' lang='lat' dir='ltr'><strong>annexus</strong></span> <span class='ocrx_word' id='word_1_495' title='bbox 2473 1998 2572 2060; x_wconf 90' lang='lat' dir='ltr'><strong>est,</strong></span> <span class='ocrx_word' id='word_1_496' title='bbox 2599 2009 2726 2047; x_wconf 88' lang='lat' dir='ltr'><strong>cum</strong></span> <span class='ocrx_word' id='word_1_497' title='bbox 2743 1998 2974 2064; x_wconf 82' lang='lat' dir='ltr'><strong>propriis</strong></span> <span class='ocrx_word' id='word_1_498' title='bbox 3000 2003 3517 2069; x_wconf 78' lang='lat' dir='ltr'><strong>congregationibus,</strong></span> 
     </span>
    </p>
   </div>
   <div class='ocr_carea' id='block_1_62' title="bbox 1899 2081 3522 2153">
    <p class='ocr_par' dir='ltr' id='par_1_62' title="bbox 1899 2081 3522 2153">
     <span class='ocr_line' id='line_1_62' title="bbox 1899 2081 3522 2153; baseline 0.009 -21"><span class='ocrx_word' id='word_1_499' title='bbox 1899 2093 2021 2146; x_wconf 72' lang='lat' dir='ltr'><strong>quae</strong></span> <span class='ocrx_word' id='word_1_500' title='bbox 2046 2081 2373 2148; x_wconf 86' lang='lat' dir='ltr'><strong>regulariter</strong></span> <span class='ocrx_word' id='word_1_501' title='bbox 2409 2084 2470 2136; x_wconf 90' lang='lat' dir='ltr'><strong>in</strong></span> <span class='ocrx_word' id='word_1_502' title='bbox 2488 2084 2712 2150; x_wconf 83' lang='lat' dir='ltr'><strong>psalmis</strong></span> <span class='ocrx_word' id='word_1_503' title='bbox 2743 2085 2956 2153; x_wconf 84' lang='lat' dir='ltr'><strong>hymnis</strong></span> <span class='ocrx_word' id='word_1_504' title='bbox 2975 2091 3025 2140; x_wconf 89' lang='lat' dir='ltr'><strong>et</strong></span> <span class='ocrx_word' id='word_1_505' title='bbox 3054 2089 3384 2144; x_wconf 85' lang='lat' dir='ltr'><strong>orationibus</strong></span> <span class='ocrx_word' id='word_1_506' title='bbox 3421 2095 3522 2146; x_wconf 88' lang='lat' dir='ltr'><strong>Deo</strong></span> 
     </span>
    </p>
   </div>
   <div class='ocr_carea' id='block_1_63' title="bbox 1897 2171 3520 2246">
    <p class='ocr_par' dir='ltr' id='par_1_63' title="bbox 1897 2171 3520 2246">
     <span class='ocr_line' id='line_1_63' title="bbox 1897 2171 3520 2246; baseline 0.009 -23"><span class='ocrx_word' id='word_1_507' title='bbox 1897 2171 2165 2226; x_wconf 82' lang='lat' dir='ltr'><strong>Saluatori</strong></span> <span class='ocrx_word' id='word_1_508' title='bbox 2227 2179 2408 2228; x_wconf 88' lang='lat' dir='ltr'><strong>nostro</strong></span> <span class='ocrx_word' id='word_1_509' title='bbox 2456 2178 2583 2230; x_wconf 78' lang='lat' dir='ltr'><strong>Iesu</strong></span> <span class='ocrx_word' id='word_1_510' title='bbox 2633 2178 2838 2230; x_wconf 83' lang='lat' dir='ltr'><strong>Christo</strong></span> <span class='ocrx_word' id='word_1_511' title='bbox 2905 2180 3185 2246; x_wconf 84' lang='lat' dir='ltr'><strong>pervigiles</strong></span> <span class='ocrx_word' id='word_1_512' title='bbox 3266 2182 3520 2237; x_wconf 75' lang='lat' dir='ltr'><strong>excubias</strong></span> 
     </span>
    </p>
   </div>
   <div class='ocr_carea' id='block_1_64' title="bbox 1899 2262 3520 2330">
    <p class='ocr_par' dir='ltr' id='par_1_64' title="bbox 1899 2262 3520 2330">
     <span class='ocr_line' id='line_1_64' title="bbox 1899 2262 3520 2330; baseline 0.008 -15"><span class='ocrx_word' id='word_1_513' title='bbox 1899 2262 2134 2330; x_wconf 77' lang='lat' dir='ltr'><strong>exibent,</strong></span> <span class='ocrx_word' id='word_1_514' title='bbox 2201 2264 2270 2318; x_wconf 89' lang='lat' dir='ltr'><strong>ab</strong></span> <span class='ocrx_word' id='word_1_515' title='bbox 2325 2267 2622 2321; x_wconf 89' lang='lat' dir='ltr'><strong>insolentiis</strong></span> <span class='ocrx_word' id='word_1_516' title='bbox 2683 2269 3034 2324; x_wconf 73' lang='lat' dir='ltr'><strong>exterioribus</strong></span> <span class='ocrx_word' id='word_1_517' title='bbox 3083 2273 3520 2328; x_wconf 65' lang='lat' dir='ltr'><strong>circummunitae</strong></span> 
     </span>
    </p>
   </div>
   <div class='ocr_carea' id='block_1_65' title="bbox 1893 2355 3517 2426">
    <p class='ocr_par' dir='ltr' id='par_1_65' title="bbox 1893 2355 3517 2426">
     <span class='ocr_line' id='line_1_65' title="bbox 1893 2355 3517 2426; baseline 0.009 -20"><span class='ocrx_word' id='word_1_518' title='bbox 1893 2355 2102 2422; x_wconf 87' lang='lat' dir='ltr'><strong>jugiter</strong></span> <span class='ocrx_word' id='word_1_519' title='bbox 2123 2356 2344 2410; x_wconf 87' lang='lat' dir='ltr'><strong>valeant</strong></span> <span class='ocrx_word' id='word_1_520' title='bbox 2385 2360 2466 2426; x_wconf 87' lang='lat' dir='ltr'><strong>pii</strong></span> <span class='ocrx_word' id='word_1_521' title='bbox 2511 2359 2817 2424; x_wconf 89' lang='lat' dir='ltr'><strong>famulatus</strong></span> <span class='ocrx_word' id='word_1_522' title='bbox 2851 2362 3036 2426; x_wconf 87' lang='lat' dir='ltr'><strong>ofﬁcia</strong></span> <span class='ocrx_word' id='word_1_523' title='bbox 3087 2365 3147 2416; x_wconf 90' lang='lat' dir='ltr'><strong>in</strong></span> <span class='ocrx_word' id='word_1_524' title='bbox 3194 2369 3517 2420; x_wconf 87' lang='lat' dir='ltr'><strong>monasterio</strong></span> 
     </span>
    </p>
   </div>
   <div class='ocr_carea' id='block_1_66' title="bbox 1900 2445 3518 2516">
    <p class='ocr_par' dir='ltr' id='par_1_66' title="bbox 1900 2445 3518 2516">
     <span class='ocr_line' id='line_1_66' title="bbox 1900 2445 3518 2516; baseline 0.007 -21"><span class='ocrx_word' id='word_1_525' title='bbox 1900 2445 2079 2497; x_wconf 88' lang='lat' dir='ltr'><strong>sancti</strong></span> <span class='ocrx_word' id='word_1_526' title='bbox 2110 2445 2374 2499; x_wconf 85' lang='lat' dir='ltr'><strong>Vincentii</strong></span> <span class='ocrx_word' id='word_1_527' title='bbox 2403 2446 2686 2502; x_wconf 73' lang='lat' dir='ltr'><strong>exhibere:</strong></span> <span class='ocrx_word' id='word_1_528' title='bbox 2719 2453 2771 2502; x_wconf 91' lang='lat' dir='ltr'><strong>et</strong></span> <span class='ocrx_word' id='word_1_529' title='bbox 2804 2451 3063 2516; x_wconf 86' lang='lat' dir='ltr'><strong>quoniam</strong></span> <span class='ocrx_word' id='word_1_530' title='bbox 3109 2457 3317 2505; x_wconf 84' lang='lat' dir='ltr'><strong>constat</strong></span> <span class='ocrx_word' id='word_1_531' title='bbox 3365 2459 3518 2508; x_wconf 85' lang='lat' dir='ltr'><strong>tuam</strong></span> 
     </span>
    </p>
   </div>
   <div class='ocr_carea' id='block_1_67' title="bbox 1902 2530 3520 2605">
    <p class='ocr_par' dir='ltr' id='par_1_67' title="bbox 1902 2530 3520 2605">
     <span class='ocr_line' id='line_1_67' title="bbox 1902 2530 3520 2605; baseline 0.007 -22"><span class='ocrx_word' id='word_1_532' title='bbox 1902 2530 2302 2598; x_wconf 87' lang='lat' dir='ltr'><strong>religiositatem</strong></span> <span class='ocrx_word' id='word_1_533' title='bbox 2330 2535 2491 2603; x_wconf 84' lang='lat' dir='ltr'><strong>hujus</strong></span> <span class='ocrx_word' id='word_1_534' title='bbox 2525 2537 2793 2604; x_wconf 76' lang='lat' dir='ltr'><strong>privilegii</strong></span> <span class='ocrx_word' id='word_1_535' title='bbox 2835 2538 3181 2605; x_wconf 85' lang='lat' dir='ltr'><strong>apostolicam</strong></span> <span class='ocrx_word' id='word_1_536' title='bbox 3227 2541 3520 2605; x_wconf 88' lang='lat' dir='ltr'><strong>conﬁrma-</strong></span> 
     </span>
    </p>
   </div>
   <div class='ocr_carea' id='block_1_68' title="bbox 1903 2620 3516 2692">
    <p class='ocr_par' dir='ltr' id='par_1_68' title="bbox 1903 2620 3516 2692">
     <span class='ocr_line' id='line_1_68' title="bbox 1903 2620 3516 2692; baseline 0.008 -21"><span class='ocrx_word' id='word_1_537' title='bbox 1903 2620 2105 2672; x_wconf 85' lang='lat' dir='ltr'><strong>tionem</strong></span> <span class='ocrx_word' id='word_1_538' title='bbox 2126 2621 2402 2688; x_wconf 88' lang='lat' dir='ltr'><strong>postulare</strong></span> <span class='ocrx_word' id='word_1_539' title='bbox 2427 2637 2459 2675; x_wconf 88' lang='lat' dir='ltr'><strong>a</strong></span> <span class='ocrx_word' id='word_1_540' title='bbox 2489 2622 2659 2689; x_wconf 87' lang='lat' dir='ltr'><strong>nobis,</strong></span> <span class='ocrx_word' id='word_1_541' title='bbox 2695 2629 2911 2692; x_wconf 89' lang='lat' dir='ltr'><strong>propter</strong></span> <span class='ocrx_word' id='word_1_542' title='bbox 2948 2626 3350 2682; x_wconf 84' lang='lat' dir='ltr'><strong>immutationes</strong></span> <span class='ocrx_word' id='word_1_543' title='bbox 3375 2634 3516 2682; x_wconf 85' lang='lat' dir='ltr'><strong>tem-</strong></span> 
     </span>
    </p>
   </div>
   <div class='ocr_carea' id='block_1_69' title="bbox 1896 2709 3516 2786">
    <p class='ocr_par' dir='ltr' id='par_1_69' title="bbox 1896 2709 3516 2786">
     <span class='ocr_line' id='line_1_69' title="bbox 1896 2709 3516 2786; baseline 0.007 -23"><span class='ocrx_word' id='word_1_544' title='bbox 1896 2709 2169 2776; x_wconf 87' lang='lat' dir='ltr'><strong>poralium</strong></span> <span class='ocrx_word' id='word_1_545' title='bbox 2223 2726 2409 2765; x_wconf 88' lang='lat' dir='ltr'><strong>rerum</strong></span> <span class='ocrx_word' id='word_1_546' title='bbox 2456 2714 2736 2782; x_wconf 87' lang='lat' dir='ltr'><strong>variosque</strong></span> <span class='ocrx_word' id='word_1_547' title='bbox 2783 2716 3066 2772; x_wconf 86' lang='lat' dir='ltr'><strong>hominum</strong></span> <span class='ocrx_word' id='word_1_548' title='bbox 3120 2733 3298 2786; x_wconf 89' lang='lat' dir='ltr'><strong>casus,</strong></span> <span class='ocrx_word' id='word_1_549' title='bbox 3331 2734 3516 2774; x_wconf 81' lang='lat' dir='ltr'><strong>munt-</strong></span> 
     </span>
    </p>
   </div>
   <div class='ocr_carea' id='block_1_70' title="bbox 1903 2799 3520 2874">
    <p class='ocr_par' dir='ltr' id='par_1_70' title="bbox 1903 2799 3520 2874">
     <span class='ocr_line' id='line_1_70' title="bbox 1903 2799 3520 2874; baseline 0.007 -24"><span class='ocrx_word' id='word_1_550' title='bbox 1903 2799 2102 2852; x_wconf 88' lang='lat' dir='ltr'><strong>tionem</strong></span> <span class='ocrx_word' id='word_1_551' title='bbox 2119 2801 2299 2852; x_wconf 90' lang='lat' dir='ltr'><strong>sancti</strong></span> <span class='ocrx_word' id='word_1_552' title='bbox 2333 2802 2594 2855; x_wconf 84' lang='lat' dir='ltr'><strong>Vincentii</strong></span> <span class='ocrx_word' id='word_1_553' title='bbox 2619 2803 2815 2857; x_wconf 86' lang='lat' dir='ltr'><strong>Christi</strong></span> <span class='ocrx_word' id='word_1_554' title='bbox 2836 2808 3096 2874; x_wconf 86' lang='lat' dir='ltr'><strong>martyris</strong></span> <span class='ocrx_word' id='word_1_555' title='bbox 3119 2822 3246 2860; x_wconf 91' lang='lat' dir='ltr'><strong>cum</strong></span> <span class='ocrx_word' id='word_1_556' title='bbox 3271 2808 3520 2863; x_wconf 88' lang='lat' dir='ltr'><strong>omnibus</strong></span> 
     </span>
    </p>
   </div>
   <div class='ocr_carea' id='block_1_71' title="bbox 1905 2885 3520 2964">
    <p class='ocr_par' dir='ltr' id='par_1_71' title="bbox 1905 2885 3520 2964">
     <span class='ocr_line' id='line_1_71' title="bbox 1905 2885 3520 2964; baseline 0.007 -25"><span class='ocrx_word' id='word_1_557' title='bbox 1905 2885 1976 2940; x_wconf 85' lang='lat' dir='ltr'><strong>ad</strong></span> <span class='ocrx_word' id='word_1_558' title='bbox 1999 2887 2138 2941; x_wconf 88' lang='lat' dir='ltr'><strong>idem</strong></span> <span class='ocrx_word' id='word_1_559' title='bbox 2166 2891 2552 2944; x_wconf 80' lang='lat' dir='ltr'><strong>monasterium</strong></span> <span class='ocrx_word' id='word_1_560' title='bbox 2575 2893 2990 2962; x_wconf 85' lang='lat' dir='ltr'><strong>pertinentibus,</strong></span> <span class='ocrx_word' id='word_1_561' title='bbox 3017 2901 3178 2964; x_wconf 90' lang='lat' dir='ltr'><strong>atque</strong></span> <span class='ocrx_word' id='word_1_562' title='bbox 3213 2896 3520 2951; x_wconf 89' lang='lat' dir='ltr'><strong>corrobora-</strong></span> 
     </span>
    </p>
   </div>
   <div class='ocr_carea' id='block_1_72' title="bbox 1907 2977 3523 3050">
    <p class='ocr_par' dir='ltr' id='par_1_72' title="bbox 1907 2977 3523 3050">
     <span class='ocr_line' id='line_1_72' title="bbox 1907 2977 3523 3050; baseline 0.006 -21"><span class='ocrx_word' id='word_1_563' title='bbox 1907 2977 2104 3031; x_wconf 87' lang='lat' dir='ltr'><strong>tionem</strong></span> <span class='ocrx_word' id='word_1_564' title='bbox 2161 2980 2244 3032; x_wconf 90' lang='lat' dir='ltr'><strong>tui</strong></span> <span class='ocrx_word' id='word_1_565' title='bbox 2307 2984 2515 3048; x_wconf 72' lang='lat' dir='ltr'><strong>lateque</strong></span> <span class='ocrx_word' id='word_1_566' title='bbox 2567 2983 2992 3050; x_wconf 84' lang='lat' dir='ltr'><strong>congregationis</strong></span> <span class='ocrx_word' id='word_1_567' title='bbox 3055 2990 3106 3038; x_wconf 91' lang='lat' dir='ltr'><strong>et</strong></span> <span class='ocrx_word' id='word_1_568' title='bbox 3158 3000 3523 3041; x_wconf 87' lang='lat' dir='ltr'><strong>successorum</strong></span> 
     </span>
    </p>
   </div>
   <div class='ocr_carea' id='block_1_73' title="bbox 1905 3073 3518 3148">
    <p class='ocr_par' dir='ltr' id='par_1_73' title="bbox 1905 3073 3518 3148">
     <span class='ocr_line' id='line_1_73' title="bbox 1905 3073 3518 3148; baseline 0.008 -26"><span class='ocrx_word' id='word_1_569' title='bbox 1905 3074 2124 3125; x_wconf 86' lang='lat' dir='ltr'><strong>tuorum</strong></span> <span class='ocrx_word' id='word_1_570' title='bbox 2149 3073 2209 3124; x_wconf 91' lang='lat' dir='ltr'><strong>in</strong></span> <span class='ocrx_word' id='word_1_571' title='bbox 2238 3079 2560 3142; x_wconf 87' lang='lat' dir='ltr'><strong>perpetuum</strong></span> <span class='ocrx_word' id='word_1_572' title='bbox 2588 3073 2658 3107; x_wconf 66' lang='grc'><strong>9³³</strong></span> <span class='ocrx_word' id='word_1_573' title='bbox 2693 3077 2815 3140; x_wconf 86' lang='lat' dir='ltr'><strong>ﬁeri</strong></span> <span class='ocrx_word' id='word_1_574' title='bbox 2843 3079 3186 3146; x_wconf 87' lang='lat' dir='ltr'><strong>censuimus;</strong></span> <span class='ocrx_word' id='word_1_575' title='bbox 3229 3086 3518 3148; x_wconf 84' lang='lat' dir='ltr'><strong>quatenus,</strong></span> 
     </span>
    </p>
   </div>
   <div class='ocr_carea' id='block_1_74' title="bbox 1828 3129 3524 3241">
    <p class='ocr_par' dir='ltr' id='par_1_74' title="bbox 1828 3129 3524 3241">
     <span class='ocr_line' id='line_1_74' title="bbox 1828 3129 3524 3241; baseline 0.006 -26"><span class='ocrx_word' id='word_1_576' title='bbox 1828 3129 1876 3196; x_wconf 64' lang='grc' dir='ltr'><strong>Ο</strong></span> <span class='ocrx_word' id='word_1_577' title='bbox 1901 3177 2053 3217; x_wconf 89' lang='lat' dir='ltr'><strong>nunc</strong></span> <span class='ocrx_word' id='word_1_578' title='bbox 2077 3165 2218 3218; x_wconf 84' lang='lat' dir='ltr'><strong>sicut</strong></span> <span class='ocrx_word' id='word_1_579' title='bbox 2247 3180 2281 3218; x_wconf 89' lang='lat' dir='ltr'><strong>a</strong></span> <span class='ocrx_word' id='word_1_580' title='bbox 2307 3171 2357 3219; x_wconf 91' lang='lat' dir='ltr'><strong>te</strong></span> <span class='ocrx_word' id='word_1_581' title='bbox 2405 3166 2787 3234; x_wconf 87' lang='lat' dir='ltr'><strong>disponuntur,</strong></span> <span class='ocrx_word' id='word_1_582' title='bbox 2841 3170 2919 3222; x_wconf 90' lang='lat' dir='ltr'><strong>ita</strong></span> <span class='ocrx_word' id='word_1_583' title='bbox 2970 3171 3030 3223; x_wconf 87' lang='lat' dir='ltr'><strong>in</strong></span> <span class='ocrx_word' id='word_1_584' title='bbox 3054 3177 3328 3238; x_wconf 86' lang='lat' dir='ltr'><strong>posterum</strong></span> <span class='ocrx_word' id='word_1_585' title='bbox 3360 3187 3524 3241; x_wconf 87' lang='lat' dir='ltr'><strong>usque</strong></span> 
     </span>
    </p>
   </div>
   <div class='ocr_carea' id='block_1_75' title="bbox 1901 3255 3520 3332">
    <p class='ocr_par' dir='ltr' id='par_1_75' title="bbox 1901 3255 3520 3332">
     <span class='ocr_line' id='line_1_75' title="bbox 1901 3255 3520 3332; baseline 0.006 -24"><span class='ocrx_word' id='word_1_586' title='bbox 1901 3255 1962 3308; x_wconf 90' lang='lat' dir='ltr'><strong>in</strong></span> <span class='ocrx_word' id='word_1_587' title='bbox 1987 3256 2156 3320; x_wconf 87' lang='lat' dir='ltr'><strong>ﬁnem</strong></span> <span class='ocrx_word' id='word_1_588' title='bbox 2190 3263 2590 3326; x_wconf 85' lang='lat' dir='ltr'><strong>conserventur,</strong></span> <span class='ocrx_word' id='word_1_589' title='bbox 2621 3264 2674 3313; x_wconf 88' lang='lat' dir='ltr'><strong>et</strong></span> <span class='ocrx_word' id='word_1_590' title='bbox 2701 3265 2760 3314; x_wconf 89' lang='lat' dir='ltr'><strong>at</strong></span> <span class='ocrx_word' id='word_1_591' title='bbox 2789 3261 2885 3314; x_wconf 87' lang='lat' dir='ltr'><strong>illa</strong></span> <span class='ocrx_word' id='word_1_592' title='bbox 2941 3265 3278 3332; x_wconf 84' lang='lat' dir='ltr'><strong>congregatio</strong></span> <span class='ocrx_word' id='word_1_593' title='bbox 3333 3266 3520 3318; x_wconf 87' lang='lat' dir='ltr'><strong>incon-</strong></span> 
     </span>
    </p>
   </div>
   <div class='ocr_carea' id='block_1_76' title="bbox 1901 3346 3522 3416">
    <p class='ocr_par' dir='ltr' id='par_1_76' title="bbox 1901 3346 3522 3416">
     <span class='ocr_line' id='line_1_76' title="bbox 1901 3346 3522 3416; baseline 0.008 -21"><span class='ocrx_word' id='word_1_594' title='bbox 1901 3357 2057 3396; x_wconf 88' lang='lat' dir='ltr'><strong>cussa</strong></span> <span class='ocrx_word' id='word_1_595' title='bbox 2106 3346 2168 3398; x_wconf 88' lang='lat' dir='ltr'><strong>in</strong></span> <span class='ocrx_word' id='word_1_596' title='bbox 2219 3359 2395 3400; x_wconf 88' lang='lat' dir='ltr'><strong>unum</strong></span> <span class='ocrx_word' id='word_1_597' title='bbox 2458 3361 2824 3416; x_wconf 88' lang='lat' dir='ltr'><strong>perseverans,</strong></span> <span class='ocrx_word' id='word_1_598' title='bbox 2907 3349 3118 3405; x_wconf 82' lang='lat' dir='ltr'><strong>sedulus</strong></span> <span class='ocrx_word' id='word_1_599' title='bbox 3186 3352 3369 3407; x_wconf 83' lang='lat' dir='ltr'><strong>laudes</strong></span> <span class='ocrx_word' id='word_1_600' title='bbox 3424 3359 3522 3408; x_wconf 89' lang='lat' dir='ltr'><strong>Deo</strong></span> 
     </span>
    </p>
   </div>
   <div class='ocr_carea' id='block_1_77' title="bbox 1899 3435 3521 3505">
    <p class='ocr_par' dir='ltr' id='par_1_77' title="bbox 1899 3435 3521 3505">
     <span class='ocr_line' id='line_1_77' title="bbox 1899 3435 3521 3505; baseline 0.007 -16"><span class='ocrx_word' id='word_1_601' title='bbox 1899 3435 2191 3504; x_wconf 86' lang='lat' dir='ltr'><strong>persolvere</strong></span> <span class='ocrx_word' id='word_1_602' title='bbox 2240 3439 2438 3505; x_wconf 84' lang='lat' dir='ltr'><strong>valeat,</strong></span> <span class='ocrx_word' id='word_1_603' title='bbox 2511 3444 2561 3493; x_wconf 91' lang='lat' dir='ltr'><strong>et</strong></span> <span class='ocrx_word' id='word_1_604' title='bbox 2623 3443 2787 3494; x_wconf 86' lang='lat' dir='ltr'><strong>sicuti</strong></span> <span class='ocrx_word' id='word_1_605' title='bbox 2841 3457 2876 3495; x_wconf 93' lang='lat' dir='ltr'><strong>a</strong></span> <span class='ocrx_word' id='word_1_606' title='bbox 2948 3445 3050 3498; x_wconf 90' lang='lat' dir='ltr'><strong>Deo</strong></span> <span class='ocrx_word' id='word_1_607' title='bbox 3104 3458 3290 3498; x_wconf 87' lang='lat' dir='ltr'><strong>eorum</strong></span> <span class='ocrx_word' id='word_1_608' title='bbox 3341 3447 3521 3500; x_wconf 87' lang='lat' dir='ltr'><strong>stadia</strong></span> 
     </span>
    </p>
   </div>
   <div class='ocr_carea' id='block_1_78' title="bbox 1904 3523 3522 3603">
    <p class='ocr_par' dir='ltr' id='par_1_78' title="bbox 1904 3523 3522 3603">
     <span class='ocr_line' id='line_1_78' title="bbox 1904 3523 3522 3603; baseline 0.007 -27"><span class='ocrx_word' id='word_1_609' title='bbox 1904 3523 2116 3579; x_wconf 87' lang='lat' dir='ltr'><strong>imbuta</strong></span> <span class='ocrx_word' id='word_1_610' title='bbox 2157 3532 2307 3594; x_wconf 86' lang='lat' dir='ltr'><strong>sunt,</strong></span> <span class='ocrx_word' id='word_1_611' title='bbox 2341 3530 2550 3596; x_wconf 86' lang='lat' dir='ltr'><strong>jugiter</strong></span> <span class='ocrx_word' id='word_1_612' title='bbox 2581 3543 2920 3598; x_wconf 88' lang='lat' dir='ltr'><strong>perseverare</strong></span> <span class='ocrx_word' id='word_1_613' title='bbox 2971 3533 3150 3600; x_wconf 90' lang='lat' dir='ltr'><strong>liceat,</strong></span> <span class='ocrx_word' id='word_1_614' title='bbox 3217 3540 3378 3603; x_wconf 88' lang='lat' dir='ltr'><strong>atque</strong></span> <span class='ocrx_word' id='word_1_615' title='bbox 3421 3535 3522 3590; x_wconf 87' lang='lat' dir='ltr'><strong>sub</strong></span> 
     </span>
    </p>
   </div>
   <div class='ocr_carea' id='block_1_79' title="bbox 1906 3617 3523 3694">
    <p class='ocr_par' dir='ltr' id='par_1_79' title="bbox 1906 3617 3523 3694">
     <span class='ocr_line' id='line_1_79' title="bbox 1906 3617 3523 3694; baseline 0.007 -24"><span class='ocrx_word' id='word_1_616' title='bbox 1906 3630 2015 3670; x_wconf 85' lang='lat' dir='ltr'><strong>uno</strong></span> <span class='ocrx_word' id='word_1_617' title='bbox 2066 3617 2260 3672; x_wconf 88' lang='lat' dir='ltr'><strong>abbate</strong></span> <span class='ocrx_word' id='word_1_618' title='bbox 2303 3621 2429 3686; x_wconf 87' lang='lat' dir='ltr'><strong>jam</strong></span> <span class='ocrx_word' id='word_1_619' title='bbox 2496 3621 2786 3688; x_wconf 76' lang='lat' dir='ltr'><strong>prtedictus</strong></span> <span class='ocrx_word' id='word_1_620' title='bbox 2842 3624 2987 3678; x_wconf 88' lang='lat' dir='ltr'><strong>locus</strong></span> <span class='ocrx_word' id='word_1_621' title='bbox 3045 3628 3370 3682; x_wconf 88' lang='lat' dir='ltr'><strong>constitutus</strong></span> <span class='ocrx_word' id='word_1_622' title='bbox 3394 3670 3412 3694; x_wconf 89' lang='lat'><strong>,</strong></span> <span class='ocrx_word' id='word_1_623' title='bbox 3461 3631 3523 3681; x_wconf 87' lang='lat' dir='ltr'><strong>in</strong></span> 
     </span>
    </p>
   </div>
   <div class='ocr_carea' id='block_1_80' title="bbox 1903 3707 3522 3772">
    <p class='ocr_par' dir='ltr' id='par_1_80' title="bbox 1903 3707 3522 3772">
     <span class='ocr_line' id='line_1_80' title="bbox 1903 3707 3522 3772; baseline 0.009 -14"><span class='ocrx_word' id='word_1_624' title='bbox 1903 3707 2098 3760; x_wconf 86' lang='lat' dir='ltr'><strong>honore</strong></span> <span class='ocrx_word' id='word_1_625' title='bbox 2123 3710 2301 3760; x_wconf 88' lang='lat' dir='ltr'><strong>sancti</strong></span> <span class='ocrx_word' id='word_1_626' title='bbox 2335 3710 2595 3762; x_wconf 86' lang='lat' dir='ltr'><strong>Vincentii</strong></span> <span class='ocrx_word' id='word_1_627' title='bbox 2631 3711 2892 3766; x_wconf 82' lang='lat' dir='ltr'><strong>indiuisus</strong></span> <span class='ocrx_word' id='word_1_628' title='bbox 2923 3715 2994 3766; x_wconf 88' lang='lat' dir='ltr'><strong>sit</strong></span> <span class='ocrx_word' id='word_1_629' title='bbox 3032 3720 3084 3767; x_wconf 94' lang='lat' dir='ltr'><strong>et</strong></span> <span class='ocrx_word' id='word_1_630' title='bbox 3123 3716 3354 3770; x_wconf 86' lang='lat' dir='ltr'><strong>indivisa</strong></span> <span class='ocrx_word' id='word_1_631' title='bbox 3391 3732 3522 3772; x_wconf 87' lang='lat' dir='ltr'><strong>con-</strong></span> 
     </span>
    </p>
   </div>
   <div class='ocr_carea' id='block_1_81' title="bbox 1901 3800 3521 3873">
    <p class='ocr_par' dir='ltr' id='par_1_81' title="bbox 1901 3800 3521 3873">
     <span class='ocr_line' id='line_1_81' title="bbox 1901 3800 3521 3873; baseline 0.007 -23"><span class='ocrx_word' id='word_1_632' title='bbox 1901 3800 2154 3865; x_wconf 87' lang='lat' dir='ltr'><strong>gregatio.</strong></span> <span class='ocrx_word' id='word_1_633' title='bbox 2197 3803 2297 3852; x_wconf 86' lang='lat' dir='ltr'><strong>Nec</strong></span> <span class='ocrx_word' id='word_1_634' title='bbox 2344 3801 2602 3868; x_wconf 85' lang='lat' dir='ltr'><strong>cuiquam</strong></span> <span class='ocrx_word' id='word_1_635' title='bbox 2629 3802 2848 3856; x_wconf 88' lang='lat' dir='ltr'><strong>licentia</strong></span> <span class='ocrx_word' id='word_1_636' title='bbox 2866 3804 3195 3872; x_wconf 64' lang='lat' dir='ltr'><strong>praebeatur,</strong></span> <span class='ocrx_word' id='word_1_637' title='bbox 3255 3812 3316 3860; x_wconf 90' lang='lat' dir='ltr'><strong>ut</strong></span> <span class='ocrx_word' id='word_1_638' title='bbox 3370 3809 3521 3873; x_wconf 85' lang='lat' dir='ltr'><strong>refu-</strong></span> 
     </span>
    </p>
   </div>
   <div class='ocr_carea' id='block_1_82' title="bbox 1904 3894 3524 3970">
    <p class='ocr_par' dir='ltr' id='par_1_82' title="bbox 1904 3894 3524 3970">
     <span class='ocr_line' id='line_1_82' title="bbox 1904 3894 3524 3970; baseline 0.006 -25"><span class='ocrx_word' id='word_1_639' title='bbox 1904 3894 2054 3961; x_wconf 88' lang='lat' dir='ltr'><strong>giens</strong></span> <span class='ocrx_word' id='word_1_640' title='bbox 2103 3895 2334 3962; x_wconf 86' lang='lat' dir='ltr'><strong>rigorem</strong></span> <span class='ocrx_word' id='word_1_641' title='bbox 2386 3895 2634 3950; x_wconf 80' lang='lat' dir='ltr'><strong>studioste</strong></span> <span class='ocrx_word' id='word_1_642' title='bbox 2697 3897 2804 3952; x_wconf 89' lang='lat' dir='ltr'><strong>cibi</strong></span> <span class='ocrx_word' id='word_1_643' title='bbox 2855 3899 3074 3966; x_wconf 69' lang='lat' dir='ltr'><strong>regulae,</strong></span> <span class='ocrx_word' id='word_1_644' title='bbox 3141 3901 3247 3954; x_wconf 90' lang='lat' dir='ltr'><strong>huc</strong></span> <span class='ocrx_word' id='word_1_645' title='bbox 3294 3901 3524 3970; x_wconf 86' lang='lat' dir='ltr'><strong>illucque</strong></span> 
     </span>
    </p>
   </div>
   <div class='ocr_carea' id='block_1_83' title="bbox 1903 3988 3520 4062">
    <p class='ocr_par' dir='ltr' id='par_1_83' title="bbox 1903 3988 3520 4062">
     <span class='ocr_line' id='line_1_83' title="bbox 1903 3988 3520 4062; baseline 0.006 -23"><span class='ocrx_word' id='word_1_646' title='bbox 1903 3992 2150 4054; x_wconf 90' lang='lat' dir='ltr'><strong>vagetur,</strong></span> <span class='ocrx_word' id='word_1_647' title='bbox 2179 3988 2259 4041; x_wconf 90' lang='lat' dir='ltr'><strong>vel</strong></span> <span class='ocrx_word' id='word_1_648' title='bbox 2288 3988 2410 4042; x_wconf 88' lang='lat' dir='ltr'><strong>aliis</strong></span> <span class='ocrx_word' id='word_1_649' title='bbox 2438 4002 2494 4042; x_wconf 90' lang='lat' dir='ltr'><strong>se</strong></span> <span class='ocrx_word' id='word_1_650' title='bbox 2529 3990 2774 4056; x_wconf 88' lang='lat' dir='ltr'><strong>conferre</strong></span> <span class='ocrx_word' id='word_1_651' title='bbox 2797 3989 2866 4024; x_wconf 70' lang='grc'><strong>9³⁵</strong></span> <span class='ocrx_word' id='word_1_652' title='bbox 2895 3997 3120 4046; x_wconf 91' lang='lat' dir='ltr'><strong>conetur</strong></span> <span class='ocrx_word' id='word_1_653' title='bbox 3141 3995 3520 4062; x_wconf 83' lang='lat' dir='ltr'><strong>monasteriis;</strong></span> 
     </span>
    </p>
   </div>
   <div class='ocr_carea' id='block_1_84' title="bbox 1905 4080 3526 4151">
    <p class='ocr_par' dir='ltr' id='par_1_84' title="bbox 1905 4080 3526 4151">
     <span class='ocr_line' id='line_1_84' title="bbox 1905 4080 3526 4151; baseline 0.004 -18"><span class='ocrx_word' id='word_1_654' title='bbox 1905 4080 2042 4148; x_wconf 86' lang='lat' dir='ltr'><strong>quod</strong></span> <span class='ocrx_word' id='word_1_655' title='bbox 2066 4095 2101 4133; x_wconf 88' lang='lat' dir='ltr'><strong>a</strong></span> <span class='ocrx_word' id='word_1_656' title='bbox 2127 4080 2277 4136; x_wconf 88' lang='lat' dir='ltr'><strong>nobis</strong></span> <span class='ocrx_word' id='word_1_657' title='bbox 2305 4086 2495 4136; x_wconf 90' lang='lat' dir='ltr'><strong>contra</strong></span> <span class='ocrx_word' id='word_1_658' title='bbox 2520 4083 2766 4151; x_wconf 87' lang='lat' dir='ltr'><strong>regulam</strong></span> <span class='ocrx_word' id='word_1_659' title='bbox 2792 4083 2892 4138; x_wconf 90' lang='lat' dir='ltr'><strong>sub</strong></span> <span class='ocrx_word' id='word_1_660' title='bbox 2919 4085 3284 4140; x_wconf 85' lang='lat' dir='ltr'><strong>anathematis</strong></span> <span class='ocrx_word' id='word_1_661' title='bbox 3310 4086 3526 4140; x_wconf 87' lang='lat' dir='ltr'><strong>vinculo</strong></span> 
     </span>
    </p>
   </div>
   <div class='ocr_carea' id='block_1_85' title="bbox 1873 4153 3524 4249">
    <p class='ocr_par' dir='ltr' id='par_1_85' title="bbox 1873 4153 3524 4249">
     <span class='ocr_line' id='line_1_85' title="bbox 1873 4153 3524 4249; baseline 0.004 -21"><span class='ocrx_word' id='word_1_662' title='bbox 1873 4153 1880 4160; x_wconf 51' lang='grc'><em>’</em></span> <span class='ocrx_word' id='word_1_663' title='bbox 1903 4175 2232 4243; x_wconf 87' lang='lat' dir='ltr'><strong>prohibetur.</strong></span> <span class='ocrx_word' id='word_1_664' title='bbox 2247 4177 2596 4246; x_wconf 82' lang='lat' dir='ltr'><strong>Quapropter,</strong></span> <span class='ocrx_word' id='word_1_665' title='bbox 2617 4181 2917 4233; x_wconf 87' lang='lat' dir='ltr'><strong>statuentes</strong></span> <span class='ocrx_word' id='word_1_666' title='bbox 2937 4184 3098 4246; x_wconf 90' lang='lat' dir='ltr'><strong>atque</strong></span> <span class='ocrx_word' id='word_1_667' title='bbox 3119 4180 3524 4249; x_wconf 88' lang='lat' dir='ltr'><strong>promulgantes</strong></span> 
     </span>
    </p>
   </div>
   <div class='ocr_carea' id='block_1_86' title="bbox 1909 4269 3525 4341">
    <p class='ocr_par' dir='ltr' id='par_1_86' title="bbox 1909 4269 3525 4341">
     <span class='ocr_line' id='line_1_86' title="bbox 1909 4269 3525 4341; baseline 0.002 -19"><span class='ocrx_word' id='word_1_668' title='bbox 1909 4282 2092 4322; x_wconf 89' lang='lat' dir='ltr'><strong>coram</strong></span> <span class='ocrx_word' id='word_1_669' title='bbox 2125 4272 2228 4322; x_wconf 90' lang='lat' dir='ltr'><strong>Deo</strong></span> <span class='ocrx_word' id='word_1_670' title='bbox 2263 4275 2314 4324; x_wconf 91' lang='lat' dir='ltr'><strong>et</strong></span> <span class='ocrx_word' id='word_1_671' title='bbox 2345 4269 2574 4324; x_wconf 86' lang='lat' dir='ltr'><strong>terribili</strong></span> <span class='ocrx_word' id='word_1_672' title='bbox 2599 4273 2716 4340; x_wconf 88' lang='lat' dir='ltr'><strong>ejus</strong></span> <span class='ocrx_word' id='word_1_673' title='bbox 2744 4272 2934 4339; x_wconf 87' lang='lat' dir='ltr'><strong>futuro</strong></span> <span class='ocrx_word' id='word_1_674' title='bbox 2956 4273 3208 4326; x_wconf 70' lang='lat' dir='ltr'><strong>examine</strong></span> <span class='ocrx_word' id='word_1_675' title='bbox 3239 4286 3337 4340; x_wconf 87' lang='lat' dir='ltr'><strong>per</strong></span> <span class='ocrx_word' id='word_1_676' title='bbox 3361 4273 3525 4341; x_wconf 87' lang='lat' dir='ltr'><strong>hujus</strong></span> 
     </span>
    </p>
   </div>
   <div class='ocr_carea' id='block_1_87' title="bbox 1910 4358 3523 4430">
    <p class='ocr_par' dir='ltr' id='par_1_87' title="bbox 1910 4358 3523 4430">
     <span class='ocr_line' id='line_1_87' title="bbox 1910 4358 3523 4430; baseline 0.001 -18"><span class='ocrx_word' id='word_1_677' title='bbox 1910 4360 2082 4412; x_wconf 86' lang='lat' dir='ltr'><strong>nostri</strong></span> <span class='ocrx_word' id='word_1_678' title='bbox 2107 4358 2377 4426; x_wconf 88' lang='lat' dir='ltr'><strong>privilegii</strong></span> <span class='ocrx_word' id='word_1_679' title='bbox 2403 4359 2676 4426; x_wconf 87' lang='lat' dir='ltr'><strong>apostolici</strong></span> <span class='ocrx_word' id='word_1_680' title='bbox 2711 4365 2872 4428; x_wconf 89' lang='lat' dir='ltr'><strong>atque</strong></span> <span class='ocrx_word' id='word_1_681' title='bbox 2910 4363 3190 4416; x_wconf 88' lang='lat' dir='ltr'><strong>constituti</strong></span> <span class='ocrx_word' id='word_1_682' title='bbox 3238 4363 3523 4430; x_wconf 86' lang='lat' dir='ltr'><strong>paginam,</strong></span> 
     </span>
    </p>
   </div>
   <div class='ocr_carea' id='block_1_88' title="bbox 1909 4448 3527 4523">
    <p class='ocr_par' dir='ltr' id='par_1_88' title="bbox 1909 4448 3527 4523">
     <span class='ocr_line' id='line_1_88' title="bbox 1909 4448 3527 4523; baseline 0.003 -22"><span class='ocrx_word' id='word_1_683' title='bbox 1909 4449 2208 4515; x_wconf 86' lang='lat' dir='ltr'><strong>sancimus,</strong></span> <span class='ocrx_word' id='word_1_684' title='bbox 2238 4454 2288 4502; x_wconf 89' lang='lat' dir='ltr'><strong>et</strong></span> <span class='ocrx_word' id='word_1_685' title='bbox 2317 4448 2461 4504; x_wconf 87' lang='lat' dir='ltr'><strong>beati</strong></span> <span class='ocrx_word' id='word_1_686' title='bbox 2499 4453 2642 4505; x_wconf 88' lang='lat' dir='ltr'><strong>Petri</strong></span> <span class='ocrx_word' id='word_1_687' title='bbox 2668 4452 3026 4520; x_wconf 89' lang='lat' dir='ltr'><strong>apostolorum</strong></span> <span class='ocrx_word' id='word_1_688' title='bbox 3047 4455 3310 4523; x_wconf 86' lang='lat' dir='ltr'><strong>principis</strong></span> <span class='ocrx_word' id='word_1_689' title='bbox 3339 4459 3527 4507; x_wconf 77' lang='lat' dir='ltr'><strong>aucto-</strong></span> 
     </span>
    </p>
   </div>
   <div class='ocr_carea' id='block_1_89' title="bbox 1911 4541 3528 4614">
    <p class='ocr_par' dir='ltr' id='par_1_89' title="bbox 1911 4541 3528 4614">
     <span class='ocr_line' id='line_1_89' title="bbox 1911 4541 3528 4614; baseline 0.002 -21"><span class='ocrx_word' id='word_1_690' title='bbox 1911 4541 2076 4594; x_wconf 88' lang='lat' dir='ltr'><strong>ritate</strong></span> <span class='ocrx_word' id='word_1_691' title='bbox 2113 4541 2469 4608; x_wconf 86' lang='lat' dir='ltr'><strong>decernimus,</strong></span> <span class='ocrx_word' id='word_1_692' title='bbox 2501 4548 2662 4612; x_wconf 89' lang='lat' dir='ltr'><strong>atque</strong></span> <span class='ocrx_word' id='word_1_693' title='bbox 2697 4543 3027 4598; x_wconf 84' lang='lat' dir='ltr'><strong>obtestamur</strong></span> <span class='ocrx_word' id='word_1_694' title='bbox 3073 4549 3192 4600; x_wconf 89' lang='lat' dir='ltr'><strong>tu-m</strong></span> <span class='ocrx_word' id='word_1_695' title='bbox 3229 4545 3528 4614; x_wconf 73' lang='lat' dir='ltr'><strong>apostolicae</strong></span> 
     </span>
    </p>
   </div>
   <div class='ocr_carea' id='block_1_90' title="bbox 1909 4633 3530 4706">
    <p class='ocr_par' dir='ltr' id='par_1_90' title="bbox 1909 4633 3530 4706">
     <span class='ocr_line' id='line_1_90' title="bbox 1909 4633 3530 4706; baseline 0.002 -20"><span class='ocrx_word' id='word_1_696' title='bbox 1909 4633 2045 4687; x_wconf 85' lang='lat' dir='ltr'><strong>sedis</strong></span> <span class='ocrx_word' id='word_1_697' title='bbox 2099 4635 2314 4700; x_wconf 89' lang='lat' dir='ltr'><strong>futuros</strong></span> <span class='ocrx_word' id='word_1_698' title='bbox 2364 4635 2641 4703; x_wconf 82' lang='lat' dir='ltr'><strong>pontiﬁces</strong></span> <span class='ocrx_word' id='word_1_699' title='bbox 2695 4651 2964 4706; x_wconf 86' lang='lat' dir='ltr'><strong>quamque</strong></span> <span class='ocrx_word' id='word_1_700' title='bbox 3034 4640 3130 4706; x_wconf 88' lang='lat' dir='ltr'><strong>qui</strong></span> <span class='ocrx_word' id='word_1_701' title='bbox 3181 4637 3530 4706; x_wconf 86' lang='lat' dir='ltr'><strong>episcopalem</strong></span> 
     </span>
    </p>
   </div>
   <div class='ocr_carea' id='block_1_91' title="bbox 1909 4725 3526 4800">
    <p class='ocr_par' dir='ltr' id='par_1_91' title="bbox 1909 4725 3526 4800">
     <span class='ocr_line' id='line_1_91' title="bbox 1909 4725 3526 4800; baseline 0.002 -20"><span class='ocrx_word' id='word_1_702' title='bbox 1909 4725 2413 4780; x_wconf 79' lang='lat' dir='ltr'><strong>administraverint</strong></span> <span class='ocrx_word' id='word_1_703' title='bbox 2461 4729 2748 4794; x_wconf 86' lang='lat' dir='ltr'><strong>actionem,</strong></span> <span class='ocrx_word' id='word_1_704' title='bbox 2794 4728 2877 4782; x_wconf 89' lang='lat' dir='ltr'><strong>vel</strong></span> <span class='ocrx_word' id='word_1_705' title='bbox 2929 4731 3096 4782; x_wconf 84' lang='lat' dir='ltr'><strong>etiam</strong></span> <span class='ocrx_word' id='word_1_706' title='bbox 3138 4743 3343 4798; x_wconf 87' lang='lat' dir='ltr'><strong>magna</strong></span> <span class='ocrx_word' id='word_1_707' title='bbox 3385 4745 3526 4800; x_wconf 82' lang='lat' dir='ltr'><strong>par-</strong></span> 
     </span>
    </p>
   </div>
   <div class='ocr_carea' id='block_1_92' title="bbox 1908 4821 3530 4892">
    <p class='ocr_par' dir='ltr' id='par_1_92' title="bbox 1908 4821 3530 4892">
     <span class='ocr_line' id='line_1_92' title="bbox 1908 4821 3530 4892; baseline 0.004 -21"><span class='ocrx_word' id='word_1_708' title='bbox 1908 4831 2080 4886; x_wconf 84' lang='lat' dir='ltr'><strong>vaque</strong></span> <span class='ocrx_word' id='word_1_709' title='bbox 2101 4832 2328 4888; x_wconf 85' lang='lat' dir='ltr'><strong>persona</strong></span> <span class='ocrx_word' id='word_1_710' title='bbox 2385 4823 2482 4872; x_wconf 88' lang='lat' dir='ltr'><strong>aut</strong></span> <span class='ocrx_word' id='word_1_711' title='bbox 2519 4821 2790 4888; x_wconf 84' lang='lat' dir='ltr'><strong>quispiam</strong></span> <span class='ocrx_word' id='word_1_712' title='bbox 2826 4823 3198 4890; x_wconf 90' lang='lat' dir='ltr'><strong>cujuscunque</strong></span> <span class='ocrx_word' id='word_1_713' title='bbox 3229 4824 3302 4876; x_wconf 87' lang='lat' dir='ltr'><strong>sit</strong></span> <span class='ocrx_word' id='word_1_714' title='bbox 3356 4822 3530 4892; x_wconf 87' lang='lat' dir='ltr'><strong>digni-</strong></span> 
     </span>
    </p>
   </div>
   <div class='ocr_carea' id='block_1_93' title="bbox 1921 4899 3526 4978">
    <p class='ocr_par' dir='ltr' id='par_1_93' title="bbox 1921 4899 3526 4978">
     <span class='ocr_line' id='line_1_93' title="bbox 1921 4899 3526 4978; baseline 0.004 -17"><span class='ocrx_word' id='word_1_715' title='bbox 1921 4909 2046 4962; x_wconf 88' lang='lat' dir='ltr'><strong>tatis</strong></span> <span class='ocrx_word' id='word_1_716' title='bbox 2090 4907 2349 4976; x_wconf 71' lang='lat' dir='ltr'><strong>prazditus</strong></span> <span class='ocrx_word' id='word_1_717' title='bbox 2383 4913 2659 4976; x_wconf 88' lang='lat' dir='ltr'><strong>potestate,</strong></span> <span class='ocrx_word' id='word_1_718' title='bbox 2711 4899 2784 4962; x_wconf 57' lang='lat' dir='ltr'><strong>ea‘</strong></span> <span class='ocrx_word' id='word_1_719' title='bbox 2814 4923 2934 4976; x_wconf 64' lang='lat' dir='ltr'><strong>quae</strong></span> <span class='ocrx_word' id='word_1_720' title='bbox 2970 4923 3005 4962; x_wconf 89' lang='lat' dir='ltr'><strong>a</strong></span> <span class='ocrx_word' id='word_1_721' title='bbox 3043 4910 3296 4978; x_wconf 66' lang='lat' dir='ltr'><strong>pradicto</strong></span> <span class='ocrx_word' id='word_1_722' title='bbox 3336 4913 3526 4968; x_wconf 86' lang='lat' dir='ltr'><strong>Deode-</strong></span> 
     </span>
    </p>
   </div>
   <div class='ocr_carea' id='block_1_94' title="bbox 1913 5002 3532 5072">
    <p class='ocr_par' dir='ltr' id='par_1_94' title="bbox 1913 5002 3532 5072">
     <span class='ocr_line' id='line_1_94' title="bbox 1913 5002 3532 5072; baseline 0.002 -16"><span class='ocrx_word' id='word_1_723' title='bbox 1913 5003 2024 5056; x_wconf 88' lang='lat' dir='ltr'><strong>rico</strong></span> <span class='ocrx_word' id='word_1_724' title='bbox 2064 5002 2252 5057; x_wconf 85' lang='lat' dir='ltr'><strong>dilecto</strong></span> <span class='ocrx_word' id='word_1_725' title='bbox 2302 5003 2412 5068; x_wconf 85' lang='lat' dir='ltr'><strong>ﬁlio</strong></span> <span class='ocrx_word' id='word_1_726' title='bbox 2458 5009 2638 5058; x_wconf 88' lang='lat' dir='ltr'><strong>nostro</strong></span> <span class='ocrx_word' id='word_1_727' title='bbox 2671 5005 2760 5072; x_wconf 89' lang='lat' dir='ltr'><strong>pie</strong></span> <span class='ocrx_word' id='word_1_728' title='bbox 2809 5004 3104 5060; x_wconf 87' lang='lat' dir='ltr'><strong>venerabili</strong></span> <span class='ocrx_word' id='word_1_729' title='bbox 3153 5005 3262 5062; x_wconf 90' lang='lat' dir='ltr'><strong>loco</strong></span> <span class='ocrx_word' id='word_1_730' title='bbox 3327 5009 3532 5064; x_wconf 89' lang='lat' dir='ltr'><strong>tradita</strong></span> 
     </span>
    </p>
   </div>
   <div class='ocr_carea' id='block_1_95' title="bbox 1915 5093 3535 5167">
    <p class='ocr_par' dir='ltr' id='par_1_95' title="bbox 1915 5093 3535 5167">
     <span class='ocr_line' id='line_1_95' title="bbox 1915 5093 3535 5167; baseline 0.004 -23"><span class='ocrx_word' id='word_1_731' title='bbox 1915 5097 2076 5160; x_wconf 88' lang='lat' dir='ltr'><strong>atque</strong></span> <span class='ocrx_word' id='word_1_732' title='bbox 2126 5106 2370 5147; x_wconf 90' lang='lat' dir='ltr'><strong>concessa</strong></span> <span class='ocrx_word' id='word_1_733' title='bbox 2437 5093 2667 5160; x_wconf 89' lang='lat' dir='ltr'><strong>fuerint,</strong></span> <span class='ocrx_word' id='word_1_734' title='bbox 2712 5107 2918 5162; x_wconf 88' lang='lat' dir='ltr'><strong>quoquo</strong></span> <span class='ocrx_word' id='word_1_735' title='bbox 2970 5095 3123 5150; x_wconf 85' lang='lat' dir='ltr'><strong>modo</strong></span> <span class='ocrx_word' id='word_1_736' title='bbox 3177 5112 3211 5151; x_wconf 92' lang='lat' dir='ltr'><strong>a</strong></span> <span class='ocrx_word' id='word_1_737' title='bbox 3263 5111 3535 5167; x_wconf 86' lang='lat' dir='ltr'><strong>quoquam</strong></span> 
     </span>
    </p>
   </div>
   <div class='ocr_carea' id='block_1_96' title="bbox 1916 5179 3536 5250">
    <p class='ocr_par' dir='ltr' id='par_1_96' title="bbox 1916 5179 3536 5250">
     <span class='ocr_line' id='line_1_96' title="bbox 1916 5179 3536 5250; baseline 0.004 -18"><span class='ocrx_word' id='word_1_738' title='bbox 1916 5179 2199 5234; x_wconf 87' lang='lat' dir='ltr'><strong>licentiam</strong></span> <span class='ocrx_word' id='word_1_739' title='bbox 2237 5179 2491 5248; x_wconf 88' lang='lat' dir='ltr'><strong>habeant,</strong></span> <span class='ocrx_word' id='word_1_740' title='bbox 2535 5183 2729 5250; x_wconf 69' lang='lat' dir='ltr'><strong>saepius</strong></span> <span class='ocrx_word' id='word_1_741' title='bbox 2758 5183 3107 5237; x_wconf 87' lang='lat' dir='ltr'><strong>nominatam</strong></span> <span class='ocrx_word' id='word_1_742' title='bbox 3157 5185 3333 5240; x_wconf 87' lang='lat' dir='ltr'><strong>locum</strong></span> <span class='ocrx_word' id='word_1_743' title='bbox 3355 5186 3536 5242; x_wconf 84' lang='lat' dir='ltr'><strong>sancti</strong></span> 
     </span>
    </p>
   </div>
   <div class='ocr_carea' id='block_1_97' title="bbox 1921 5271 3536 5348">
    <p class='ocr_par' dir='ltr' id='par_1_97' title="bbox 1921 5271 3536 5348">
     <span class='ocr_line' id='line_1_97' title="bbox 1921 5271 3536 5348; baseline 0.006 -25"><span class='ocrx_word' id='word_1_744' title='bbox 1921 5271 2184 5324; x_wconf 86' lang='lat' dir='ltr'><strong>Vincentii</strong></span> <span class='ocrx_word' id='word_1_745' title='bbox 2211 5273 2271 5324; x_wconf 89' lang='lat' dir='ltr'><strong>in</strong></span> <span class='ocrx_word' id='word_1_746' title='bbox 2300 5286 2477 5327; x_wconf 90' lang='lat' dir='ltr'><strong>unum</strong></span> <span class='ocrx_word' id='word_1_747' title='bbox 2517 5273 2826 5328; x_wconf 87' lang='lat' dir='ltr'><strong>adanatum</strong></span> <span class='ocrx_word' id='word_1_748' title='bbox 2864 5277 3024 5342; x_wconf 88' lang='lat' dir='ltr'><strong>atque</strong></span> <span class='ocrx_word' id='word_1_749' title='bbox 3068 5276 3388 5344; x_wconf 86' lang='lat' dir='ltr'><strong>spiritaliter</strong></span> <span class='ocrx_word' id='word_1_750' title='bbox 3406 5291 3536 5348; x_wconf 85' lang='lat' dir='ltr'><strong>apo-</strong></span> 
     </span>
    </p>
   </div>
   <div class='ocr_carea' id='block_1_98' title="bbox 1557 5395 2180 5452">
    <p class='ocr_par' dir='ltr' id='par_1_98' title="bbox 1557 5395 2180 5452">
     <span class='ocr_line' id='line_1_98' title="bbox 1557 5395 2180 5452; baseline 0.002 -2"><span class='ocrx_word' id='word_1_751' title='bbox 1557 5395 1774 5450; x_wconf 61' lang='lat' dir='ltr'><strong>VARI/ﬁ</strong></span> <span class='ocrx_word' id='word_1_752' title='bbox 1803 5395 2180 5452; x_wconf 81' lang='lat' dir='ltr'><strong>LECTIONES.</strong></span> 
     </span>
    </p>
   </div>
   <div class='ocr_carea' id='block_1_99' title="bbox 259 5494 3513 5570">
    <p class='ocr_par' dir='ltr' id='par_1_99' title="bbox 259 5494 3513 5570">
     <span class='ocr_line' id='line_1_99' title="bbox 259 5494 3513 5570; baseline 0.002 -20"><span class='ocrx_word' id='word_1_753' title='bbox 259 5495 328 5532; x_wconf 81' lang='grc'><strong>⁹³¹</strong></span> <span class='ocrx_word' id='word_1_754' title='bbox 361 5508 502 5566; x_wconf 88' lang='lat' dir='ltr'><strong>apes</strong></span> <span class='ocrx_word' id='word_1_755' title='bbox 527 5507 663 5546; x_wconf 88' lang='lat' dir='ltr'><strong>corr.</strong></span> <span class='ocrx_word' id='word_1_756' title='bbox 695 5494 816 5564; x_wconf 73' lang='lat' dir='ltr'><strong>apis</strong></span> <span class='ocrx_word' id='word_1_757' title='bbox 844 5509 890 5549; x_wconf 82' lang='grc' dir='ltr'><strong>ο.</strong></span> <span class='ocrx_word' id='word_1_758' title='bbox 975 5495 1044 5530; x_wconf 72' lang='grc'><strong>⁸³³</strong></span> <span class='ocrx_word' id='word_1_759' title='bbox 1066 5498 1148 5551; x_wconf 87' lang='lat' dir='ltr'><strong>ita</strong></span> <span class='ocrx_word' id='word_1_760' title='bbox 1172 5511 1218 5550; x_wconf 92' lang='lat' dir='ltr'><strong>c.</strong></span> <span class='ocrx_word' id='word_1_761' title='bbox 1248 5494 1528 5552; x_wconf 89' lang='lat' dir='ltr'><strong>obturaret</strong></span> <span class='ocrx_word' id='word_1_762' title='bbox 1565 5499 1628 5552; x_wconf 90' lang='lat' dir='ltr'><strong>L.</strong></span> <span class='ocrx_word' id='word_1_763' title='bbox 1704 5497 1775 5534; x_wconf 72' lang='lat'><strong>9”</strong></span> <span class='ocrx_word' id='word_1_764' title='bbox 1803 5514 1857 5568; x_wconf 92' lang='lat' dir='ltr'><strong>p.</strong></span> <span class='ocrx_word' id='word_1_765' title='bbox 1893 5496 1928 5552; x_wconf 85' lang='lat' dir='ltr'><strong>l&#39;.</strong></span> <span class='ocrx_word' id='word_1_766' title='bbox 1947 5513 2118 5552; x_wconf 84' lang='lat' dir='ltr'><strong>manu</strong></span> <span class='ocrx_word' id='word_1_767' title='bbox 2143 5497 2196 5552; x_wconf 60' lang='grc' dir='ltr'><strong>Ἰ.</strong></span> <span class='ocrx_word' id='word_1_768' title='bbox 2220 5498 2435 5566; x_wconf 85' lang='lat' dir='ltr'><strong>adjecta</strong></span> <span class='ocrx_word' id='word_1_769' title='bbox 2486 5499 2556 5536; x_wconf 71' lang='grc'><strong>⁹³⁴</strong></span> <span class='ocrx_word' id='word_1_770' title='bbox 2584 5503 2665 5555; x_wconf 83' lang='lat' dir='ltr'><strong>ita</strong></span> <span class='ocrx_word' id='word_1_771' title='bbox 2693 5503 2906 5570; x_wconf 87' lang='lat' dir='ltr'><strong>corrigo</strong></span> <span class='ocrx_word' id='word_1_772' title='bbox 2917 5519 2937 5570; x_wconf 67' lang='grc' dir='ltr'><strong><em>ς</em></strong></span> <span class='ocrx_word' id='word_1_773' title='bbox 2969 5499 3094 5557; x_wconf 83' lang='lat' dir='ltr'><strong>aliis</strong></span> <span class='ocrx_word' id='word_1_774' title='bbox 3124 5501 3436 5559; x_wconf 88' lang='lat' dir='ltr'><strong>reconferre</strong></span> <span class='ocrx_word' id='word_1_775' title='bbox 3466 5519 3513 5557; x_wconf 90' lang='lat' dir='ltr'><strong>c.</strong></span> 
     </span>
    </p>
   </div>
   <div class='ocr_carea' id='block_1_100' title="bbox 1748 5619 1962 5676">
    <p class='ocr_par' dir='ltr' id='par_1_100' title="bbox 1748 5619 1962 5676">
     <span class='ocr_line' id='line_1_100' title="bbox 1748 5619 1962 5676; baseline -0.009 -2"><span class='ocrx_word' id='word_1_776' title='bbox 1748 5619 1962 5676; x_wconf 74' lang='grc' dir='ltr'><strong>ΝΟΤᾹΞ.</strong></span> 
     </span>
    </p>
   </div>
   <div class='ocr_carea' id='block_1_101' title="bbox 257 5709 2000 5786">
    <p class='ocr_par' dir='ltr' id='par_1_101' title="bbox 257 5709 2000 5786">
     <span class='ocr_line' id='line_1_101' title="bbox 257 5709 2000 5786; baseline 0.002 -15"><span class='ocrx_word' id='word_1_777' title='bbox 257 5713 410 5786; x_wconf 73' lang='grc'>(940)</span> <span class='ocrx_word' id='word_1_778' title='bbox 443 5709 761 5770; x_wconf 88' lang='lat' dir='ltr'><strong>Odilbertus</strong></span> <span class='ocrx_word' id='word_1_779' title='bbox 779 5715 999 5772; x_wconf 89' lang='lat' dir='ltr'><strong>nonnisi</strong></span> <span class='ocrx_word' id='word_1_780' title='bbox 1029 5733 1080 5774; x_wconf 89' lang='lat' dir='ltr'><strong>a.</strong></span> <span class='ocrx_word' id='word_1_781' title='bbox 1106 5717 1213 5775; x_wconf 70' lang='grc' dir='ltr'>9η</span> <span class='ocrx_word' id='word_1_782' title='bbox 1231 5717 1468 5776; x_wconf 82' lang='lat' dir='ltr'><strong>Johanni</strong></span> <span class='ocrx_word' id='word_1_783' title='bbox 1501 5718 1672 5778; x_wconf 86' lang='lat' dir='ltr'><strong>abbas</strong></span> <span class='ocrx_word' id='word_1_784' title='bbox 1699 5720 2000 5778; x_wconf 64' lang='lat' dir='ltr'><strong>successit.</strong></span> 
     </span>
    </p>
   </div>
  </div>
