3930 6204
402 317 505 372 707

1625 307 1973 367 SIGEBERTI
2011 307 2526 368 GEMBLACENSIS.

3645 317 3762 374 708

401 448 602 502 stolicee
655 447 1000 500 exarationis
1054 444 1193 512 stle
1232 447 1522 512 conjuncta
1581 441 1889 512 disjungere
1941 441 2024 494 vel
2048 444 2094 512 Α
2117 447 2372 514 piamque
2398 445 2650 499 bonorum
2699 445 3072 514 temporalium
3102 447 3416 518 adepturos.
3459 451 3511 504 si
3571 453 3765 504 tamen

402 536 620 605 aliquid
648 535 843 590 eccinde
872 535 1129 588 alienare.
1161 535 1232 587 Et
1261 532 1405 585 illud
1424 532 1807 586 monasterium
1837 531 2024 586 Sancti

408 626 680 678 Vincentii
705 625 994 693 respiciens
1025 623 1096 674 sit
1119 621 1192 674 ad
1221 621 1395 674 sedem
1423 619 1774 687 episcopalem
1797 618 2020 687 protho-

401 719 661 785 martyris
703 716 904 770 Christi
933 713 1196 783 Stephani
1235 711 1508 781 jubsmus,
1540 715 1705 780 atque
1755 710 1921 764 abbas
1965 710 2023 762 in

400 813 664 879 potestate
687 809 924 876 episcopi
948 807 1016 840 9³⁵
1045 807 1220 874 ipsius
1247 804 1348 857 loci
1385 801 1654 870 eligindus
1681 804 1772 856 sit.
1815 802 1874 855 Si
1901 815 2024 854 vero

405 901 682 968 episcopus
713 899 967 966 defuerit,
997 897 1155 950 liceat
1184 895 1370 948 abbati
1407 895 1468 947 in
1495 894 1704 959 festivis
1743 893 1930 946 diebus
1951 891 2026 944 ad

407 991 582 1044 sedem
596 990 946 1058 episcopalem
973 987 1232 1048 accedere,
1277 987 1454 1054 ibique
1481 1001 1599 1039 cum
1639 984 1936 1037 dalmatica
1975 986 2024 1036 et

407 1085 696 1147 sandaliis,
739 1096 872 1152 quas
924 1083 1007 1135 illi
1058 1082 1343 1146 mittimus,
1392 1082 1589 1133 missas
1642 1079 1924 1132 celebrare.
1963 1077 2024 1132 Si

410 1178 537 1244 quis
572 1176 796 1237 interea,
841 1173 984 1243 quod
1038 1188 1143 1226 non
1202 1173 1490 1237 credimus,
1543 1174 1822 1226 temerario
1887 1183 2026 1224 ausu

409 1273 599 1323 contra
623 1285 704 1333 ea,
736 1283 856 1337 quia
884 1269 952 1321 ab
973 1269 1072 1321 hac
1093 1270 1284 1320 nostra
1322 1268 1648 1320 auctoritate
1671 1267 1763 1334 pie
1787 1269 1836 1318 et
1850 1263 2026 1332 ﬁrmi-

411 1366 490 1414 ter
549 1376 648 1430 per
684 1360 778 1413 hoc
845 1363 1087 1414 nostrum
1133 1359 1484 1429 privilegium
1560 1358 1825 1426 disposita
1879 1358 2024 1418 sunt,

409 1453 681 1504 contraire
709 1451 1016 1511 tentaverit,
1057 1449 1140 1502 vel
1169 1449 1298 1510 hare,
1341 1464 1459 1518 qua
1507 1465 1541 1501 a
1565 1448 1822 1517 praedicto
1856 1445 2021 1499 Theo-

411 1543 589 1596 derico
633 1541 824 1595 dilecto
873 1542 986 1609 ﬁlio
1013 1545 1214 1604 nostro,
1276 1541 1612 1594 Mettensium
1661 1539 1907 1608 praesule,
1952 1537 2026 1592 ad

413 1639 626 1692 laudem
657 1639 753 1692 Dei
773 1653 874 1707 pro
895 1637 1192 1691 stabilitate
1214 1635 1334 1702 jam
1383 1636 1519 1689 dicti
1541 1637 1854 1690 monasterii
1881 1634 2027 1688 vide-

2121 537 2180 590 in
2209 537 2307 590 hac
2341 537 2574 602 benigna
2600 539 2937 604 perstiterint
2983 538 3278 604 voluntate,
3320 542 3586 610 pacisque
3620 541 3762 594 bono

2125 625 2495 694 replebuntur,
2527 640 2694 694 quam
2725 625 2924 692 angeli,
2985 632 3173 682 natum
3203 630 3490 682 Dominum
3525 644 3758 696 gregum

2126 714 2434 781 pastoribus
2460 717 2789 779 nuntiantes,
2823 715 2950 769 solis
2991 717 3136 770 bona;
3174 717 3471 772 voluntatis
3502 719 3756 772 homini-

2130 804 2222 856 bus
2239 804 2612 870 assignarunt.
2637 803 2730 857 Illi
2757 804 2952 866 aulem,
2987 807 3081 873 qui
3119 805 3352 860 decimas
3403 806 3616 860 debitas
3648 809 3758 860 Deo

2123 894 2388 947 exsolvere
2416 893 2778 959 relardantes,
2829 894 3076 962 maligna
3103 895 3486 949 obstinationis
3505 897 3757 964 perri-lia

2122 985 2450 1050 defraudare
2503 985 2822 1049 moliuntur,
2877 988 3258 1054 pertimescant
3305 987 3577 1056 judicium
3622 989 3762 1042 hor-

2123 1089 2305 1128 renaa:
2341 1073 2763 1143 dampnationis.
2798 1077 2945 1145 quod
2971 1079 3114 1132 idem
3139 1079 3409 1148 apostolus
3434 1081 3762 1134 terribiliter

2126 1163 2208 1217 his
2262 1179 2547 1233 eorumque
2599 1167 2920 1234 sequacibus
2959 1169 3340 1235 comminatur,
3400 1184 3571 1238 neque
3602 1171 3762 1236 fures

2124 1270 2295 1323 neque
2313 1271 2534 1325 rapaces
2562 1272 2786 1323 regnum
2819 1259 2914 1312 Dei
2941 1274 3272 1328 possessuros
3293 1260 3605 1328 afﬁrmans.

2205 1351 2288 1404 15.
2331 1353 2405 1404 De
2431 1353 2583 1406 nonis
2635 1356 2684 1406 et
2711 1353 2930 1406 decimis
2962 1354 3208 1408 eecclesia’
3248 1357 3430 1408 sancti
3480 1355 3764 1410 Vincentii

2124 1445 2295 1500 levitas
2316 1449 2364 1499 et
2387 1447 2670 1514 martyris.
2707 1447 2958 1517 lnspecta
2995 1447 3096 1502 hac
3126 1463 3310 1502 rerum
3341 1455 3758 1519 consequentia

2125 1545 2180 1593 et
2216 1538 2539 1606 scriptorum
2571 1539 2980 1603 convenientia,
3030 1539 3306 1594 intueatur
3345 1540 3581 1612 quilibet
3611 1541 3753 1594 dili-

2125 1629 2344 1702 gentius
2364 1637 2418 1684 et
2447 1630 2712 1696 attendat,
2746 1631 2984 1702 qualiter
3012 1631 3094 1685 vir
3119 1632 3222 1687 iste
3247 1632 3302 1686 in
3323 1647 3383 1688 se
3415 1639 3564 1688 totus
3597 1638 3750 1687 teres

413 1731 534 1783 licet
555 1729 743 1784 Sancti
779 1728 1046 1782 Vincentii
1079 1730 1286 1779 statuta
1313 1729 1459 1790 sunt,
1492 1727 1790 1791 refragare,
1816 1726 2028 1790 auferre
2055 1768 2098 1792 η
2129 1727 2296 1789 atque
2325 1719 2590 1774 rotundus
2615 1720 3007 1786 (Ho'MISerm,
3038 1737 3132 1786 vn,
3163 1721 3275 1791 86).
3301 1737 3754 1792 quaquaversum

413 1817 495 1870 vel
533 1817 772 1869 alienare
792 1817 1224 1883 prwsumpserit,
1265 1817 1402 1866 sciat
1431 1827 1484 1866 se
1539 1815 1858 1866 auctoritate
1889 1813 2030 1866 beati

417 1909 564 1962 Petri
591 1905 946 1974 apostolorum
975 1906 1240 1974 principis
1278 1904 1640 1958 anathemalis
1677 1904 1887 1957 vinculo
1941 1906 2030 1957 in-

419 1997 682 2052 nodalum
717 2000 880 2064 atque
937 2011 1058 2048 cum
1085 1995 1248 2059 Juda,
1297 1997 1558 2048 ira-litore
1605 1995 1818 2048 Domini
1858 1995 2034 2047 nostri

417 2087 542 2140 Jesu
599 2087 821 2150 Christi,
875 2088 1064 2140 aeterni
1110 2085 1348 2138 incendii
1397 2085 1659 2153 supplicio
1693 2100 2034 2138 concreman-

419 2175 568 2228 dum.
602 2175 688 2228 Sic
717 2175 1022 2242 deputatus,
1079 2188 1171 2226 nec
1219 2188 1459 2240 unquam
1489 2188 1522 2225 a
1565 2175 1794 2241 prwfati
1820 2173 2038 2226 anathe-

417 2267 584 2320 matis
608 2265 838 2318 nescibas
868 2267 940 2319 sit
966 2265 1262 2318 absolutus.
1306 2266 1380 2317 At
1424 2266 1652 2332 veroqui
1707 2267 1796 2332 pio
1834 2266 2040 2318 intuitu

421 2356 728 2410 observator
756 2358 812 2408 in
851 2355 1102 2410 omnibus
1127 2355 1422 2418 exstiterit,
1449 2357 1688 2420 gratiam
1716 2355 2038 2409 benedictio-

417 2449 506 2498 nis
545 2460 580 2497 a
605 2444 1108 2498 misericordissima
1151 2443 1364 2496 domino
1410 2445 1512 2496 Deo
1559 2447 1738 2497 nostro
1774 2444 2035 2513 multipli-

420 2541 550 2592 citer
567 2543 948 2606 consequatur,
982 2542 1030 2590 et
1059 2539 1184 2590 vitae
1205 2541 1414 2590 aeterna
1433 2539 1708 2606 particeps
1734 2538 2033 2606 efﬁciatur,

419 2635 468 2685 et
489 2631 598 2686 haec
625 2635 812 2684 catena
843 2630 986 2684 beati
1017 2631 1161 2684 Petri
1190 2631 1405 2698 aperiat
1431 2631 1478 2682 ei
1495 2630 1727 2697 januam
1752 2631 2032 2700 paradisi.

421 2722 482 2777 Si
506 2737 628 2776 vero
645 2722 848 2791 aliquis
885 2723 1159 2790 episcopus
1184 2721 1314 2774 inde
1342 2721 1559 2790 aliquid
1580 2723 1814 2776 minuere
1849 2723 2034 2777 volue-

420 2816 516 2876 rit,
569 2813 698 2877 hsec,
751 2818 814 2866 ut
863 2813 1128 2876 diximus,
1178 2817 1367 2866 catena
1420 2813 1641 2866 claudat
1689 2815 1740 2866 ei
1789 2816 2040 2884 polorum

421 2920 607 2972 regna.
671 2906 942 2972 Scriptum
994 2919 1094 2972 per
1145 2920 1361 2958 manum
1419 2906 1682 2974 Stephani
1733 2910 1942 2961 notarii
1993 2915 2042 2964 et

421 2997 720 3059 regionarii
747 2999 948 3048 sancta
985 2997 1236 3050 Romanis
1284 2995 1534 3049 Ecclesite
1572 2998 1628 3049 in
1675 3012 1852 3050 mense
1905 2999 2043 3066 Sep-

425 3083 636 3146 tembri,
667 3087 715 3138 et
743 3083 1038 3137 indictione
1059 3091 1262 3152 quarta
1283 3085 1509 3146 decima,
1547 3086 1681 3138 Bene
1699 3087 1886 3140 valete.

2053 1768 2102 1834 B

2129 1807 2436 1863 sedulitatis
2468 1823 2580 1862 suae
2644 1809 2926 1879 reliquerit
2977 1809 3318 1865 monimenta
3353 1811 3633 1866 laudenda
3693 1813 3751 1867 in

2131 1899 2410 1966 omnibus,
2441 1908 2496 1954 et
2521 1915 2586 1954 ex
2612 1900 2784 1956 veteri
2812 1908 2868 1954 et
2891 1916 2956 1956 ex
2981 1902 3196 1956 novella
3229 1902 3350 1975 lege
3378 1902 3491 1957 Deo
3530 1903 3750 1976 Deique

2133 1990 2400 2045 ministris
2440 1989 2631 2044 deberi
2687 1989 2932 2045 decimas
2985 2006 3192 2058 rerum,
3253 2008 3458 2064 easque
3503 1994 3762 2064 synodali

2132 2079 2415 2134 sanctione
2468 2078 2774 2148 nuncupari
2815 2079 2910 2134 Dei
2965 2095 3213 2150 censum,
3265 2097 3371 2137 nec
3407 2083 3766 2154 simplicibus

2141 2169 2223 2224 vel
2275 2169 2462 2224 idiotis
2487 2169 3025 2244 extatincOgnitum.
3065 2171 3161 2226 Hic
3185 2187 3340 2246 ergo,
3401 2173 3494 2229 cui
3536 2181 3657 2229 erat
3706 2175 3764 2228 in

2137 2259 2298 2324 votis,
2339 2268 2399 2314 ut
2441 2259 2601 2313 funes
2641 2259 3070 2316 interminabilis
3121 2262 3445 2318 hereditatis
3497 2265 3767 2320 caderent

2139 2347 2244 2402 sibi
2269 2347 2326 2400 in
2366 2347 2670 2418 praeclaris,
2709 2347 2765 2401 in
2796 2349 2950 2404 nullo
2989 2349 3212 2404 volebat
3241 2350 3558 2406 defraudari
3588 2361 3774 2423 partes

2138 2438 2434 2494 dominicae
2466 2439 2806 2494 hereditatis.
2839 2440 3101 2504 Quocirca
3121 2441 3364 2496 decimas
3379 2443 3762 2498 ecclesiarum

2140 2547 2253 2586 suae
2283 2531 2590 2597 dioceseos,
2619 2547 2651 2584 a
2685 2533 3193 2602 prmdecessoribus
3223 2535 3340 2590 suis
3372 2536 3641 2606 stipendii
3676 2537 3762 2591 vel

2139 2625 2399 2682 beneﬁcii
2424 2625 2547 2681 loco
2567 2626 2858 2697 deputatas
2885 2629 3139 2697 personis
3173 2619 3480 2696 laicalibus,
3513 2632 3767 2702 synodali

2141 2718 2468 2773 auctoritate
2541 2724 2595 2771 et
2642 2718 2942 2788 episcopali
3013 2735 3249 2776 censura
3305 2723 3578 2778 subtraxit
3634 2723 3770 2790 illis,

2141 2807 2391 2878 quamvis
2423 2805 2609 2862 invitis
2633 2815 2688 2860 et
2716 2807 3164 2876 reclamantibus,
3199 2816 3254 2864 et
3281 2811 3590 2866 secundum
3621 2812 3768 2882 quod

2143 2900 2406 2970 scriptum
2439 2907 2540 2964 est,
2572 2903 2591 2952 :'
2616 2901 2724 2966 Qui
2745 2903 2950 2956 altario
2974 2904 3238 2971 serviunt,
3267 2905 3333 2958 de
3355 2906 3560 2960 altario
3587 2909 3776 2962 vivant

2147 2991 2519 3046 iecclesiarum
2552 3007 2639 3045 res
2671 2992 3042 3048 tecclesiarum
3098 2995 3374 3070 delegavit
3405 2995 3764 3064 ofﬁcialibus,

2071 3124 2120 3192 Ο
2148 3100 2269 3155 quae
2308 3084 2402 3138 Dei
2445 3084 2574 3150 Deo,
2608 3093 2816 3155 etquae
2847 3086 3066 3141 cmsaris
3113 3095 3273 3142 erant
3301 3090 3489 3144 cessari
3527 3091 3764 3145 reddere

498 3172 647 3241 (941)
703 3172 841 3225 Data
913 3187 966 3224 ιιι
1018 3172 1106 3225 die
1159 3172 1381 3225 Kalend.
1435 3172 1675 3227 Octobris
1700 3189 1800 3242 per
1828 3190 2046 3228 manum
2072 3172 2120 3192 ν
2147 3179 2318 3228 catus.
2353 3173 2488 3228 Hinc
2513 3173 2680 3229 hodie
2723 3183 2923 3230 sanctae
2957 3175 3051 3231 Dei
3083 3178 3327 3252 gaudent
3352 3179 3622 3235 :ecclesia'.
3655 3181 3760 3235 illae

435 3261 682 3317 Widonis
723 3262 954 3329 episcopi
991 3265 1040 3314 et
1091 3261 1486 3314 bibliothecarii
1533 3261 1603 3296 ⁹³⁰
1656 3267 1854 3316 sanctae
1902 3264 2045 3318 sedis

427 3353 755 3422 apostolicae,
803 3367 943 3405 anno
967 3354 1313 3420 pontiﬁcatus
1361 3353 1543 3406 damni
1589 3353 1818 3408 Joannis
1848 3357 2046 3409 summi

425 3446 698 3514 pontificis
737 3447 786 3496 et
814 3444 1139 3497 universalis
1172 3445 1318 3497 tertii
1364 3444 1578 3512 decimi,
1606 3447 1949 3514 prwsidentis
1975 3449 2042 3482 ⁹³⁷

429 3539 491 3589 in
537 3536 908 3589 sacratissima
960 3535 1082 3588 sede
1133 3535 1275 3589 beati
1313 3538 1462 3590 Petri
1526 3539 1773 3606 apostoli,
1833 3543 2043 3608 quinto,

431 3625 651 3694 imperii
688 3624 868 3678 domni
911 3624 1118 3678 Ottonis
1165 3625 1390 3694 majoris
1444 3642 1602 3693 nono,
1647 3630 1874 3684 minoris
1924 3645 2046 3686 vero

432 3721 608 3785 tertio,
661 3735 800 3772 anno
833 3719 1063 3787 denique
1112 3720 1180 3772 ab
1206 3721 1579 3776 incarnatione
1607 3725 1824 3778 Domini
1874 3727 2048 3779 nostri

429 3811 556 3862 Iesu
579 3807 783 3862 Christi
809 3807 935 3861 970.

500 3898 742 3970 Epistola
780 3899 1027 3967 ejusdem
1099 3898 1362 3954 antistitis
1401 3901 1688 3957 Deoderici
1729 3903 1796 3956 de
1851 3904 2046 3960 dandis

431 3991 666 4050 decimis
705 3993 769 4045 ad
803 3991 1106 4046 aacclesiam
1132 3991 1382 4060 ejusdem
1413 3995 1588 4048 sancti
1617 3995 1889 4072 martyris.
1919 3998 2048 4052 Ser-

431 4099 624 4138 vorum
669 4082 872 4136 Christi
907 4083 1144 4149 famulus
1184 4084 1502 4139 Deodericus
1553 4089 1830 4157 episcopus
1869 4091 2048 4158 ofﬁcio

435 4189 496 4226 ac
527 4174 760 4238 nomine,
791 4173 1039 4242 quamvis
1068 4171 1345 4238 indignus,
1394 4189 1512 4227 cum
1541 4177 1799 4230 universa
1828 4179 2048 4244 familia

437 4263 615 4316 sancti
659 4259 946 4323 Vincentii,
977 4257 1303 4313 christicolis
1339 4261 1699 4317 ecclesiarum
1738 4271 2049 4321 nostrarum

437 4353 640 4422 gaudia
674 4339 1086 4421 vitteprazsentis
1109 4357 1159 4407 et
1183 4367 1444 4407 mansura
1467 4358 1692 4423 prazmia
1708 4361 2047 4427 teternitatis,

2145 3265 2380 3320 maxime
2437 3266 2638 3336 quibus
2708 3267 3078 3324 instaurandis
3139 3271 3385 3326 animum
3441 3272 3760 3338 induxerat,

2143 3355 2356 3410 scilicet
2402 3355 2578 3433 sancti
2618 3355 2890 3412 Vincentii
2929 3359 3182 3430 martyris
3227 3361 3516 3433 sanctique
3549 3363 3763 3418 Goerici

2145 3431 2498 3499 confessoris.
2528 3445 2589 3498 Et
2610 3444 2742 3516 quia
2768 3447 2872 3501 hoc
2901 3447 2979 3501 illi
2997 3449 3291 3504 videbatur
3321 3431 3620 3508 commune
3641 3469 3764 3508 eum

2135 3535 2379 3603 caeteris,
2405 3534 2666 3604 cupiebat
2695 3537 2860 3590 etiam
2889 3537 3097 3610 aliquid
3121 3555 3544 3615 supererogare,
3569 3550 3630 3598 ut
3644 3561 3766 3600 cum

2144 3642 2306 3681 verus
2349 3627 2443 3682 ille
2473 3628 2850 3684 Samaritanus
2878 3631 3111 3696 veniret,
3146 3648 3316 3704 super
3366 3635 3508 3690 duos
3533 3637 3768 3710 geminae

2147 3718 2458 3774 dilectionis
2473 3721 2731 3776 denarios
2755 3721 3263 3780 immarcessibilem
3289 3727 3482 3799 gloriae
3504 3743 3766 3784 coronam

2147 3807 2474 3877 perciperet.
2504 3809 2684 3864 Nonas
2712 3811 2956 3865 omnium
3003 3813 3274 3868 redituum
3317 3815 3613 3888 episcopii,
3648 3834 3765 3889 quae

2147 3897 2217 3952 ad
2268 3898 2656 3969 proprietatem
2700 3900 2961 3956 dominici
2987 3903 3132 3971 μιῆς
3181 3905 3562 3976 pertinebant,
3620 3919 3674 3964 et
3708 3909 3757 3962 in

2147 3988 2380 4062 singulis
2418 3989 2662 4045 cortibus
2715 4008 2965 4048 mansum
3022 4011 3191 4050 unum
3227 3997 3424 4052 usibus
3454 3999 3578 4054 suis
3629 3999 3764 4054 sub-

2146 4083 2329 4147 traxit;
2359 4089 2523 4154 atque
2553 4084 2816 4140 aacclesiae
2863 4086 2937 4156 pii
2977 4090 3211 4157 patronii
3249 4091 3333 4144 sui
3362 4091 3641 4148 Vincentii
3675 4110 3764 4148 su-

2147 4175 2494 4246 peraddidit;
2539 4184 2593 4230 et
2629 4176 2837 4232 callens
2889 4194 2920 4232 a
2964 4182 3381 4237 successoribus
3435 4185 3762 4257 plerumque

2148 4268 2395 4322 alienum
2449 4267 2864 4324 fundamentum
2917 4278 3010 4326 aut
3058 4273 3248 4328 subrui
3292 4281 3385 4330 aut
3416 4276 3661 4351 neglegi,
3701 4293 3764 4330 ne

2149 4364 2274 4436 quis
2295 4379 2672 4419 successorum
2691 4381 2914 4420 suorum
2936 4368 3042 4422 hoc
3068 4368 3418 4425 liberalitatis
3440 4387 3558 4426 suae
3577 4373 3762 4428 decre-

434 4441 772 4512 Pauperibus
799 4456 860 4494 ac
897 4441 1187 4496 ditioribus
1205 4441 1286 4495 vel
1311 4443 1686 4509 mediocribus,
1718 4449 1828 4516 qui—
1851 4452 2052 4504 consti-
2076 4463 2268 4532 Dtum
2322 4455 2532 4510 irritum
2591 4454 2814 4522 faceret,
2871 4457 3154 4512 interdixit
3194 4459 3481 4516 insolubili
3540 4465 3766 4518 anathe—

437 4535 700 4588 tutasDeo
726 4548 910 4586 rerum
939 4548 1165 4587 suarum
1191 4533 1427 4587 decimas
1437 4537 1552 4589 sine
1573 4537 1763 4606 aliqua
1790 4544 2054 4595 retracta-

435 4627 580 4680 tione
599 4624 822 4678 reddere
843 4625 1132 4680 secundum
1157 4639 1316 4678 suum
1333 4626 1592 4696 cujusque
1609 4644 1759 4696 posse
1775 4636 2053 4698 satagunt.

437 4713 643 4767 scilicet
671 4711 738 4766 de
767 4713 1034 4782 primitiis
1061 4715 1260 4779 ovium,
1309 4714 1373 4767 de
1409 4714 1520 4768 lino
1549 4720 1599 4771 et
1654 4717 1803 4785 lana,
1831 4721 1896 4773 de
1932 4728 2055 4776 vino

435 4807 596 4874 atque
625 4819 864 4872 annona,
900 4805 1012 4859 sive
1053 4804 1120 4858 de
1144 4805 1572 4875 quibuscumque
1614 4809 1774 4864 rebus
1817 4812 1906 4867 hic
1941 4829 2049 4870 non

427 4897 734 4964 praetextis,
794 4896 875 4951 his
913 4897 1294 4950 innotescimus
1323 4911 1432 4952 esse
1467 4899 1832 4969 gaudendum,
1883 4909 2048 4975 atque

430 4987 570 5040 illud
610 5001 666 5042 se
715 4987 912 5042 divinae
961 4990 1156 5056 gratiae
1216 4992 1455 5045 muneris
1534 4991 1842 5062 adepturos,
1901 5000 2047 5066 quod

429 5073 634 5128 Paulus
695 5077 964 5142 apostolus
1015 5082 1336 5146 spontaneos
1389 5079 1642 5134 bonorum
1695 5099 1914 5139 suorum
1955 5086 2044 5141 di-

433 5169 770 5233 spensatores
827 5167 1130 5235 diligendos
1175 5170 1460 5238 praedicat,
1527 5172 1733 5229 dicens:
1807 5177 2041 5232 Hilarem

429 5256 571 5310 enim
585 5255 825 5312 datorem
843 5257 1030 5324 diligit
1044 5261 1180 5314 Deus
1201 5263 1275 5330 (II
1287 5262 1401 5318 Cor.
1423 5279 1497 5329 ιχ,
1519 5263 1594 5334 7.)
1628 5289 1652 5312 ιο
1687 5267 2048 5339 Noverintque

431 5361 486 5404 se
532 5353 595 5408 in
637 5355 896 5422 prcesenti
923 5356 1040 5408 vita
1073 5370 1174 5424 pro
1203 5356 1299 5412 hoc
1337 5360 1455 5428 ipso
1503 5361 1912 5418 benedictionem
1957 5380 2042 5420 co-

2156 4556 2321 4616 mate,
2343 4547 2528 4602 addita
2556 4545 2828 4617 imperiali
2858 4549 3146 4604 sanctione
3204 4557 3259 4606 et
3313 4552 3638 4622 apostolicae
3679 4557 3764 4608 in-

2155 4654 2322 4708 super
2347 4635 2936 4692 excommunicationis
2965 4637 3374 4694 maledictione.

2225 4732 2312 4785 16.
2368 4733 2438 4786 De
2488 4730 2754 4784 aviditate
2809 4731 2925 4801 ejus
2991 4735 3050 4786 in
3084 4735 3470 4804 perquirendis
3521 4738 3764 4808 reliquiis

2153 4821 2490 4876 Sanctorum.
2524 4819 2629 4873 lste
2658 4817 2840 4872 scriba
2871 4819 3068 4874 doctus
3095 4821 3152 4874 in
3193 4837 3366 4895 regno
3392 4824 3686 4892 caelorum,
3716 4825 3768 4878 in

2146 4919 2337 4969 sancta
2379 4911 2637 4968 videlicet
2680 4912 2952 4981 aecclesia,
3015 4915 3214 4969 similis
3269 4917 3480 4972 homini
3549 4919 3767 4990 patrifa-

2147 5005 2324 5060 milias
2356 5003 2658 5076 proferenti
2712 5004 2780 5058 de
2807 5004 3066 5061 thesauro
3120 5023 3221 5063 suo
3273 5024 3416 5064 nova
3456 5018 3513 5066 et
3559 5019 3764 5078 vetera,

2147 5093 2498 5166 perpendens
2519 5094 2683 5148 Deum
2717 5109 2828 5149 non
2855 5095 3086 5150 multum
3117 5096 3381 5152 delectari
3417 5115 3589 5154 manu
3617 5100 3766 5155 factis

2145 5185 2500 5252 habitaculis,
2529 5191 2612 5240 set
2635 5185 2816 5256 potius
2849 5185 2936 5240 hic
2962 5203 3083 5258 quae
3112 5187 3482 5258 spiritualiter
3503 5202 3763 5266 geruntur

2142 5277 2201 5332 in
2258 5277 2410 5342 illis;
2470 5277 2612 5332 sicut
2661 5277 2738 5333 ait
2785 5278 3045 5352 egregius
3087 5280 3419 5350 praedicator
3471 5282 3758 5338 veritatis:

2143 5365 2324 5432 Scitis,
2353 5367 2580 5434 fratres,
2629 5368 2762 5436 quia
2791 5369 3044 5436 templum
3100 5371 3200 5424 Dei
3227 5373 3378 5438 estis,
3407 5376 3459 5427 et
3507 5372 3758 5442 Spiritus,

1780 5482 1998 5539 VARUE
2034 5483 2409 5542 LECTIONES.

505 5567 574 5606 ⁸⁸⁵
595 5583 766 5625 manu
793 5567 846 5623 2.
919 5567 990 5604 93°
1013 5568 1417 5629 bibliothecarii
1457 5593 1503 5632 c.
1585 5577 1654 5614 ³³⁷
1679 5579 1780 5634 PR.
1807 5596 1852 5636 c.

1998 5681 2208 5740 NOTiE.

496 5739 644 5812 (941)
671 5739 822 5798 Note
861 5741 1128 5810 temporis
1167 5752 1361 5798 omnes
1389 5757 1720 5820 congruunt.
