3930 6204
168 322 298 380 709

1214 321 1355 375 VITA
1399 320 1741 376 DEODERICI
1782 318 2078 375 EPISCOPI
2120 320 2503 377 METTENSIS

3423 332 3531 387 710

170 458 419 509 sanctus
462 452 673 507 habitat
715 456 777 507 in
825 452 1002 516 vobis;
1042 455 1089 507 si
1139 454 1258 520 quis
1308 458 1491 506 autem
1544 451 1823 505 violaverit
1849 449 1899 516 Α
1924 451 2083 520 digno
2119 467 2173 506 se
2200 453 2352 507 cultu
2390 458 2550 521 atque
2578 456 2772 508 honore
2809 457 2939 510 alibi
2981 462 3331 525 praastantius
3374 475 3529 514 vene-

179 544 459 612 templum
516 544 630 609 hoc,
683 543 944 612 disperdet
986 543 1140 596 illum
1202 544 1494 603 Dominus;
1560 542 1818 610 templum

180 634 349 686 enim
397 634 489 685 Dei
516 637 771 686 sanctum
797 638 891 699 est,
919 632 1055 699 quod
1083 633 1205 685 estis
1242 646 1328 685 vos
1356 633 1400 697 (Ι
1449 634 1560 684 Cor.
1599 646 1683 694 llI,-
1716 628 1816 682 -16-

188 724 312 793 18).
366 724 507 789 Quid
546 725 693 779 enim
725 723 894 779 decor
932 723 1218 793 parietum,
1243 721 1422 791 fulgor
1446 722 1814 787 metallorum,

186 816 470 888 Splendor
524 832 887 891 gemmarum,
938 816 1084 871 nitor
1140 815 1506 887 pretiosarum
1545 811 1820 887 significat

185 910 436 965 vestium
490 909 594 963 nisi
628 910 968 964 diversarum
1017 908 1314 982 allegorica
1354 914 1673 964 ornamenta
1703 905 1817 959 vir-

188 1005 403 1054 tutum.
439 998 789 1070 lntellegens,
842 998 1088 1070 inquam,
1138 997 1221 1053 vir
1258 998 1379 1065 Dei,
1428 996 1603 1071 magis
1650 1012 1818 1066 expe-

196 1089 429 1143 tendam
484 1088 766 1142 interioris
809 1088 1049 1143 hominis
1101 1088 1413 1158 puritatem,
1476 1104 1639 1159 quam
1685 1102 1815 1156 per-

196 1175 536 1232 functoriam
593 1177 882 1232 exterioris
945 1175 1376 1247 pulchritudinis
1440 1180 1816 1234 venustatem.

198 1267 370 1320 etiam
402 1266 471 1324 in
522 1266 627 1321 hoc
651 1266 846 1338 sategit
881 1281 1021 1337 opus
1056 1282 1215 1319 suum
1267 1265 1566 1334 perducere
1609 1264 1675 1316 ad
1725 1279 1822 1317 un-

198 1370 393 1426 guem.
443 1354 595 1419 Quod
624 1354 783 1409 facile
813 1354 1012 1426 quivis,
1040 1355 1125 1408 vel
1158 1353 1213 1407 in
1265 1355 1371 1407 hoe
1400 1353 1521 1407 solo
1568 1352 1821 1407 animad-

203 1451 425 1498 vertere
460 1444 682 1514 poterit,
710 1444 754 1498 si
787 1443 1099 1499 consideret
1130 1449 1393 1513 quantum
1422 1443 1473 1497 ci
1513 1442 1579 1496 de
1612 1443 1814 1497 coaduo

204 1533 410 1587 nandis
438 1538 749 1588 sanctorum
801 1534 1126 1607 pignoribus
1180 1532 1235 1586 in
1267 1532 1370 1587 isto
1410 1532 1530 1587 loco
1581 1532 1823 1586 studium

206 1618 398 1690 fuerit,
424 1638 657 1695 quorum
690 1623 825 1677 inibi
860 1624 1171 1678 habitantes
1196 1630 1250 1677 et
1279 1623 1346 1676 ad
1380 1624 1522 1676 bene
1548 1622 1822 1695 agendum

206 1714 652 1768 accendenretur
674 1713 962 1784 exemplis,
1006 1720 1060 1767 et
1104 1714 1172 1747 9³⁸
1203 1713 1247 1766 si
1291 1712 1493 1783 quibus
1523 1719 1828 1766 attereren-

208 1812 301 1862 tur
332 1807 491 1860 malis
518 1806 603 1860 vel
638 1805 918 1876 periculis,
950 1821 1139 1861 eorum
1175 1805 1547 1876 praesentibus
1576 1804 1835 1859 defensa-

212 1905 407 1952 rentur
438 1897 773 1968 patrociniis.
824 1897 883 1951 In
924 1898 1025 1952 hac
1068 1897 1230 1952 etiam
1288 1914 1346 1951 re
1402 1896 1489 1950 vix
1543 1896 1834 1967 quisquam

212 1992 384 2066 digne
417 1991 589 2062 possit
613 1989 871 2045 demirari
892 1990 1011 2058 ejus
1042 1988 1455 2059 praedicabilem
1488 1988 1683 2053 vitam;
1711 1989 1839 2059 quia

206 2100 332 2139 cum
359 2090 565 2138 tantam
604 2083 820 2138 caelitus
851 2082 1116 2136 meruerit
1144 2081 1333 2154 gratiae
1392 2080 1834 2153 praerogativam,

210 2187 269 2235 ut
301 2180 345 2234 si
378 2180 473 2251 qui
498 2179 683 2250 aliquo
714 2179 878 2234 modo
901 2176 1247 2234 oﬁenderant
1282 2177 1624 2245 majestatem
1658 2176 1831 2246 impe-

211 2270 494 2334 ratoriam,
554 2284 678 2321 cum
756 2268 933 2321 solum
995 2272 1319 2335 expeterent
1376 2264 1829 2328 interventorem,

207 2380 334 2417 eum
382 2361 557 2416 solum
600 2365 929 2432 ‘qumrerent
971 2358 1327 2412 mediatorem
1383 2358 1451 2412 ad
1507 2356 1828 2428 placandam

210 2451 376 2523 regize
409 2466 654 2505 censura:
686 2448 1134 2523 indignacioncm
1161 2447 1230 2481 93°
1263 2447 1381 2517 ipse
1410 2454 1592 2501 tamen
1626 2446 1829 2499 nullam

211 2544 283 2598 ab
318 2543 402 2597 eis
442 2557 538 2613 pro
589 2542 693 2597 hoc
719 2540 1051 2612 temporalis
1099 2538 1461 2594 emolumenti
1518 2543 1833 2608 expectaret

209 2634 657 2691 vicissitudinem
692 2634 849 2702 (942).
874 2632 974 2686 Eas
1004 2632 1151 2686 solas
1179 2630 1479 2685 undeunde
1509 2627 1831 2684 avidissime

211 2726 511 2796 expetebat
546 2726 785 2793 divitias,
832 2724 1219 2794 undecumque
1289 2729 1474 2793 posset
1518 2729 1829 2776 sanctorum

211 2817 566 2874 contraheret
595 2829 827 2886 corpora
855 2817 939 2871 vel
973 2814 1235 2885 reliquias
1259 2832 1272 2880 ;
1306 2829 1371 2867 ea
1399 2813 1514 2868 sola
1537 2828 1647 2868 non
1686 2810 1833 2866 vitu—

213 2908 479 2982 perabilis
499 2908 743 2962 animum
776 2907 898 2976 ejus
924 2906 1226 2961 excedebat
1267 2904 1554 2975 cupiditas.
1600 2902 1831 2972 Jamjam

214 3015 349 3074 ergo
382 2998 585 3072 pagina
618 2998 712 3051 illa
750 2995 1056 3067 proferatur
1109 2995 1164 3049 in
1220 2994 1487 3061 medium,
1520 2994 1588 3047 ab
1618 2992 1703 3046 his
1734 2991 1829 3062 qui

1915 543 2113 606 randa,
2158 541 2327 595 eidem
2364 556 2477 595 sure
2525 542 2636 595 sedi
2660 549 2863 596 sanctre
2903 544 2967 576 9"
3001 550 3260 601 Mettiensi
3290 551 3534 603 invehere

1915 634 2145 688 studuit.

1994 721 2064 775 De
2101 721 2170 754 9‘3
2207 712 2397 774 sancto
2439 719 2673 791 Elpidio.
2716 727 2919 777 Iterum
2967 726 3226 792 primum,
3282 733 3535 781 sanctum

1918 820 1969 867 et
1989 814 2347 867 venerabilem
2384 816 2580 868 Christi
2617 817 2969 881 confessorem
2997 818 3269 885 Elpidiu-m
3300 832 3365 871 e1:
3395 823 3531 872 Mar-

1916 918 2099 957 sorum
2138 905 2414 971 provintia
2461 906 2709 971 sumpsit,
2753 905 3067 958 concedente
3123 905 3327 959 Albrieo
3370 908 3535 974 ipsius

1920 993 2125 1043 Marsica
2153 992 2404 1059 episeOpo,
2439 1006 2507 1044 e1:
2533 992 2769 1059 quadam
2822 994 3058 1047 (ecclesia
3098 995 3210 1047 sedi
3255 995 3538 1062 episcopali

1914 1086 2200 1152 proxima;
2254 1100 2373 1152 qum
2417 1086 2557 1138 sedes
2600 1100 2760 1154 super
2813 1088 2994 1140 lacum
3023 1090 3289 1141 Fucinum
3331 1087 3400 1120 9‘9
3429 1090 3535 1141 sita

1917 1177 2045 1244 quid
2073 1176 2198 1229 olim
2231 1177 2420 1241 fuerit,
2464 1179 2644 1231 ruina:
2693 1178 2837 1232 urbis
2892 1185 2945 1231 et
2982 1180 3351 1247 plurimarum
3389 1182 3535 1233 circa

1919 1266 2285 1318 (ecclesiarum
2313 1281 2378 1319 ac
2398 1270 2850 1321 monasteriorum
2880 1269 3186 1336 frequentia
3218 1274 3531 1322 attestatur.

1921 1359 2076 1409 Hunc
2103 1357 2252 1411 nobis
2282 1359 2388 1426 ipse
2416 1361 2685 1428 episcopus
2716 1363 2997 1427 eteterique
3022 1362 3207 1414 incola:
3230 1362 3538 1414 retulerunt

1924 1445 2090 1509 fuisse
2117 1461 2185 1499 ea:
2208 1454 2342 1501 coetu
2382 1447 2451 1481 “5°
2484 1449 2822 1516 quorundam
2847 1464 3119 1503 servorum
3144 1452 3251 1515 Dei,
3284 1452 3377 1518 qui
3407 1455 3541 1503 tem-

1922 1548 2047 1601 pore
2075 1537 2377 1602 antiquiore
2414 1552 2481 1589 ea:
2504 1538 2750 1605 partibus
2787 1538 3017 1601 ereim,
3073 1554 3298 1593 numero
3331 1545 3545 1608 septuao

1930 1628 2104 1694 ginta,
2138 1630 2197 1680 in
2242 1630 2466 1682 eandem
2498 1633 2791 1683 Marsorum
2834 1633 3163 1698 provintiam
3201 1632 3549 1687 adventantes

1934 1734 2000 1773 ac
2043 1719 2259 1773 dirersis
2289 1723 2704 1791 circumquaque
2749 1724 2872 1775 locis
2906 1724 2987 1776 vel
3017 1723 3323 1777 civitatibus
3360 1722 3426 1756 ⁹⁵¹
3458 1738 3549 1776 ve-

1937 1809 2264 1862 nerabitium
2308 1814 2587 1879 signorum
2615 1814 2822 1866 lumine
2846 1813 3167 1879 refulgentes
3205 1812 3273 1845 93’
3302 1812 3549 1866 ubicum-

1937 1922 2041 1974 qur
2064 1906 2122 1957 in
2146 1909 2338 1958 sancta
2368 1904 2765 1956 conversatione
2790 1903 2916 1966 ﬁnis
2960 1904 3081 1955 vitae
3118 1902 3427 1967 advenerat,
3458 1917 3552 1955 ve-

1940 1995 2170 2049 nerabili
2198 1995 2478 2063 sepultura
2528 1993 2804 2058 reconditi,
2847 1993 3019 2046 multa
3058 1995 3360 2047 vicinorum
3401 1994 3554 2060 longe

1940 2087 2150 2154 lateque
2176 2086 2473 2137 reuerentia
2498 2097 2596 2151 pro
2616 2083 2832 2137 assidua
2870 2084 3261 2137 miraculorum
3301 2083 3555 2151 jocundi-

1939 2180 2048 2229 tate
2074 2176 2346 2229 coluntur.
2392 2178 2593 2227 Horum
2632 2179 2755 2240 tres,
2806 2188 3037 2240 quorum
3065 2174 3152 2227 hic
3190 2175 3385 2226 tercius
3423 2173 3555 2238 fuit,

1936 2272 1994 2323 in
2022 2270 2199 2322 eodem
2237 2269 2497 2321 eimiterio
2525 2267 2883 2334 quiescebant,
2926 2266 3265 2329 Calistratus,
3312 2267 3555 2318 Euticius

1933 2371 1983 2419 et
2036 2366 2122 2417 hic
2171 2362 2428 2430 Elpidius.
2491 2366 2650 2415 Porro
2702 2362 2977 2414 Euticium
3027 2362 3317 2427 imperator
3346 2362 3461 2412 Otto
3488 2357 3558 2391 953

1933 2456 2244 2511 sustulerat.
2290 2458 2355 2505 Et
2384 2467 2451 2505 ne
2479 2468 2585 2521 qua
2626 2451 2930 2518 accipiendo
2951 2456 3123 2519 posset
3172 2450 3414 2504 adhiberi
3438 2451 3555 2516 fal-

1932 2546 2089 2609 talia,
2117 2542 2391 2610 sepulchro
2442 2543 2645 2594 intacto
2695 2542 2929 2607 satisque
2974 2541 3204 2603 munito,
3252 2553 3351 2591 nec
3398 2555 3432 2590 a
3475 2538 3560 2591 die

1931 2632 2264 2700 repositionis
2312 2630 2424 2683 ulla
2451 2629 2752 2683 violationis
2802 2630 2957 2693 signa
3012 2632 3350 2681 monstrante
3374 2629 3559 2695 prius-

1932 2737 2098 2791 quam
2156 2721 2223 2774 ab
2277 2721 2455 2788 aliquo
2507 2719 2859 2773 incolentium
2909 2720 3271 2787 prtesciretur,
3326 2720 3560 2786 episcopo

1936 2820 2156 2868 tantum
2206 2812 2415 2866 Albrico
2457 2816 2507 2865 et
2543 2812 2733 2879 paucis
2778 2813 2893 2879 ejus
2947 2811 3151 2863 clericis
3191 2808 3562 2863 assistentibus

1931 2906 2204 2974 presbyter
2227 2909 2406 2958 noster
2428 2903 2595 2956 Teudo
2622 2901 2705 2969 ,9⁵⁵
2730 2917 2857 2955 cum
2878 2901 3175 2969 presbytero
3224 2902 3560 2968 imperatoris

1930 2996 2233 3051 Heriwardo
2286 2997 2509 3049 archam
2563 2994 2760 3059 sancti,
2814 2994 2951 3061 quod
2979 2995 3087 3046 nisi
3129 2993 3293 3045 altari
3338 2992 3562 3058 desuper

218 3087 590 3142 interfuerunt
640 3084 963 3156 plenissime
1036 3085 1251 3157 digesta
1325 3083 1395 3137 de
1472 3081 1833 3137 translatione
1861 3120 1911 3190 Ο
1936 3088 2154 3155 effracto
2200 3087 2576 3153 nequiverant,
2617 3085 2890 3151 aperiunt,
2920 3084 3121 3150 ipsique
3148 3097 3241 3150 per
3274 3096 3329 3135 se
3372 3081 3440 3113 955
3469 3095 3562 3134 sa-

217 3186 534 3234 sanctorum
565 3178 663 3231 9‘0:
1553 3220 1557 3224 .

286 3276 445 3326 Anno
483 3271 763 3324 dominica:
817 3269 1215 3322 incarnationis
1269 3266 1394 3334 970,
1422 3281 1621 3335 magno
1657 3271 1708 3319 et
1733 3265 1837 3334 glo-

213 3367 507 3421 riosissimo
536 3377 731 3417 etesare
784 3366 1011 3429 augusto
1068 3363 1253 3414 Ottone
1299 3375 1425 3414 cum
1452 3362 1715 3428 tequivoeo
1741 3373 1838 3413 suo

217 3460 554 3516 admirabilis
593 3460 783 3513 indolis
835 3458 1160 3512 adolescente
1218 3456 1329 3522 ﬁlio
1384 3470 1532 3524 teque
1585 3460 1833 3523 augusto,

215 3554 486 3622 simulque
520 3566 865 3620 magnarum
908 3552 1180 3603 virtutum
1232 3552 1458 3617 conjuge
1503 3547 1744 3601 Adeleide
1767 3546 1834 3579 9“

220 3660 330 3714 qua
358 3644 497 3697 nihil
536 3656 794 3711 umquam
823 3641 1050 3710 justius,
1095 3639 1453 3700 mansuetius,
1494 3636 1833 3705 prudentius,

220 3748 321 3788 nec
354 3735 530 3800 magis
581 3733 667 3800 pie
704 3733 994 3798 quicquam
1044 3730 1221 3797 potuit
1250 3741 1376 3793 esse,
1409 3726 1581 3779 Italia:
1629 3730 1836 3792 sceptra

217 3827 307 3895 pio
327 3826 583 3893 justeque
628 3820 992 3874 moderamine
1025 3819 1249 3886 paezﬁce
1282 3832 1348 3870 ae
1385 3816 1545 3871 solide
1586 3829 1751 3884 usque
1778 3817 1839 3868 in

219 3914 354 3978 ﬁnes
408 3910 669 3963 Calabria:
705 3907 1155 3976 gubernantibus,
1195 3906 1422 3960 domnus
1450 3909 1503 3958 et
1530 3903 1847 3958 venerabilis

221 4010 427 4060 sancta:
477 4003 743 4056 Mettensis
799 4000 868 4033 9"
906 4002 1175 4069 episcOpus
1231 3998 1541 4053 Deodericus
1580 3998 1683 4065 ipsi
1728 4011 1849 4048 ma-

223 4096 422 4166 gniﬁco
466 4094 779 4162 imperatori
801 4093 1072 4159 sanguine
1096 4106 1161 4145 ac
1188 4091 1332 4143 mira
1361 4089 1641 4142 dilectione
1687 4093 1847 4154 atque

226 4190 705 4257 consanguinitate
732 4186 803 4219 9⁸³
832 4188 1173 4254 conjunctus,
1201 4187 1461 4253 cujusque
1486 4183 1734 4238 consultu
1751 4196 1848 4251 pro

226 4285 372 4336 mira
400 4282 680 4348 sapientia:
700 4279 1057 4348 praerogativa
1101 4281 1299 4330 cuncta
1324 4275 1576 4344 palatina
1614 4274 1850 4343 ageban-

227 4380 321 4427 tur
348 4374 582 4441 negotia,
626 4374 686 4424 in
708 4371 893 4424 eadem
928 4370 1121 4423 Italica
1149 4367 1481 4435 expeditione
1505 4369 1849 4432 constitutus,

224 4466 285 4517 in
301 4478 409 4531 qua
442 4464 741 4516 triennium
767 4463 880 4527 fere
904 4460 1182 4526 militavit,
1214 4458 1345 4511 dum
1379 4457 1558 4510 divino
1582 4458 1852 4525 praecipue

225 4555 404 4610 cultui
447 4553 515 4586 9“
544 4553 750 4607 deditus
806 4566 1026 4620 qumque
1063 4551 1133 4604 ad
1181 4551 1454 4615 honorem,
1499 4548 1735 4603 decorem
1780 4547 1849 4581 9"“

225 4664 321 4704 seu
348 4648 759 4701 munimentum
784 4660 898 4699 suae
927 4649 1130 4699 sanctae
1154 4643 1288 4697 sedis
1315 4646 1562 4696 certatim
1596 4645 1851 4710 exquire-

226 4742 329 4804 ret,
353 4742 516 4804 atque
534 4735 605 4768 9"“
642 4735 937 4800 efﬁcaciter
959 4736 1091 4789 votis
1121 4736 1237 4801 ejus
1267 4736 1467 4785 cuncta
1490 4736 1850 4800 suppeterent,

228 4846 516 4901 corporum
567 4835 883 4884 sanctorum
928 4830 1232 4883 maximam
1263 4828 1471 4894 copiam
1515 4840 1584 4880 ea:
1632 4826 1851 4880 diversis

229 4929 404 4982 Italia:
451 4927 596 4991 locis,
646 4925 831 4978 divina
866 4938 923 4978 se
961 4926 1141 4993 gratia
1188 4922 1506 4991 adjuvante,
1553 4922 1845 4976 collectam.

1937 3195 2030 3234 cra
2055 3194 2172 3234 ossa
2206 3180 2336 3232 miri
2363 3177 2609 3231 candoris
2639 3190 2737 3229 nec
2784 3177 2967 3228 minus
3008 3175 3312 3242 fragrantis
3343 3172 3413 3205 9“
3439 3172 3563 3226 odo-

1936 3275 2033 3337 ris,
2089 3274 2274 3325 omnia
2309 3283 2533 3323 numero
2573 3283 2638 3322 ac
2665 3270 2973 3337 quantitate
3000 3270 3231 3335 integra,
3284 3267 3562 3333 excipiunt

1935 3363 2237 3428 scrinioque
2279 3359 2596 3413 recondunt.
2652 3360 2823 3425 Hujus
2874 3357 3015 3410 diem
3063 3354 3131 3408 16
3171 3355 3285 3408 Kal.
3332 3354 3562 3408 Octobris

1937 3453 2194 3508 celebrem
2228 3451 2502 3505 habemus.

2011 3541 2084 3594 De
2114 3538 2319 3594 sanctis
2353 3538 2558 3602 Euticc,
2605 3536 2881 3592 Victorino
2926 3542 2980 3589 et
3010 3535 3254 3590 Marone.
3294 3537 3564 3589 Venientes

1936 3634 2176 3702 proxime
2202 3631 2399 3684 abhinc
2419 3633 2478 3682 in
2504 3631 2838 3683 territorium
2865 3630 3218 3681 Amiternino:
3240 3626 3382 3690 (943;
3418 3626 3565 3702 urbis

1937 3696 2056 3794 qua:
2085 3729 2137 3776 et
2160 3725 2273 3791 ipsa
2294 3724 2488 3775 ruinas
2520 3724 2739 3772 tantum
2764 3718 3013 3783 ostendit,
3056 3718 3124 3770 ab
3154 3718 3333 3771 eodem
3361 3696 3569 3771 Διί)νὶἓο

1937 3823 2171 3889 episcopo
2221 3817 2285 3870 de
2333 3815 2658 3869 monasterio
2708 3828 2823 3867 suae
2865 3813 3080 3865 ditionis
3129 3815 3287 3864 Reate
3337 3812 3570 3878 subjecto

1943 3912 2240 3980 pretiosum
2284 3906 2351 3940 ⁸⁵⁷
2376 3911 2687 3973 _.martyrem
2718 3906 2942 3957 Euticen
2980 3904 3198 3970 accepit.
3232 3904 3395 3969 Cujus
3433 3901 3575 3955 beati

1947 4004 2076 4058 socii
2099 4001 2354 4055 Victorini
2374 4002 2496 4066 jam
2534 4012 2681 4051 anno
2729 3997 2999 4063 superiore
3036 3993 3289 4061 reliquias
3340 4005 3576 4046 emerue-

1949 4097 2056 4158 rat,
2087 4089 2251 4145 simul
2278 4087 2347 4121 9⁵⁸
2374 4092 2422 4140 et
2447 4091 2660 4155 partem
2685 4085 2865 4138 sancti
2900 4084 3129 4136 Maronis
3156 4082 3360 4149 pariter
3403 4081 3569 4148 passi.

1948 4188 2183 4249 Quorum
2203 4188 2255 4236 et
2284 4183 2395 4235 loca
2413 4181 2678 4249 passionis
2708 4179 3035 4245 aspeximus,
3066 4180 3118 4228 et
3154 4173 3222 4207 95°
3267 4188 3436 4240 aquas
3474 4176 3570 4226 Co-

1953 4278 2074 4331 tilas
2103 4275 2238 4343 ftedo
2268 4275 2420 4329 odore
2443 4275 2730 4341 spirantes,
2763 4272 2821 4323 in
2877 4269 3070 4337 quibus
3094 4280 3239 4320 verso
3264 4266 3439 4332 capite
3465 4279 3567 4317 su-

1950 4380 2171 4435 spensus
2222 4364 2406 4430 fuerat
2459 4367 2689 4429 martyr.
2760 4360 3068 4413 Passionem
3117 4357 3344 4423 denique
3385 4368 3572 4408 eorum

1952 4456 2154 4521 scripta
2192 4453 2426 4504 retinent
2462 4454 2779 4503 sanctorum
2834 4449 2984 4502 Nerei
3033 4452 3084 4500 et
3134 4443 3382 4500 Achillei.
3418 4447 3574 4496 Hunc

1952 4555 2061 4621 ipse
2086 4552 2312 4605 domnus
2360 4547 2680 4602 venerabilis
2725 4545 2795 4579 95°
2850 4546 3159 4600 Deodericus
3208 4543 3403 4596 ibidem
3431 4543 3571 4595 ussi-

1951 4651 2115 4712 stens,
2147 4657 2215 4697 ex
2242 4644 2357 4710 ipsa
2384 4640 2549 4694 archa
2574 4653 2843 4693 marmore
2889 4639 3102 4705 fortiter
3136 4637 3374 4699 munita,
3429 4648 3573 4687 mira

1953 4749 2076 4790 cum
2121 4732 2455 4787 exultatione
2478 4743 2544 4783 ac
2578 4730 2919 4787 veneratione
2972 4727 3195 4794 excepit,
3243 4728 3426 4778 octavo
3458 4721 3569 4776 Kal.

1952 4826 2154 4883 Octobr.
2203 4828 2302 4879 Hos
2364 4823 2492 4877 duos
2559 4821 2809 4876 delardus
2867 4818 2933 4853 ⁹⁶¹
2992 4818 3139 4884 ﬁlius
3201 4816 3425 4871 Gerardi
3512 4815 3575 4867 in

1947 4920 2190 4989 patriam
2209 4916 2520 4985 asportavit.

1581 5048 1802 5103 VARI/E
1840 5045 2221 5106 LECTIONES.

300 5182 373 5219 933
390 5197 569 5236 vocem
607 5179 871 5249 supplevi.
924 5177 993 5213 9”
1014 5177 1089 5249 ad
1120 5194 1173 5246 p.
1219 5192 1263 5231 r.
1323 5190 1372 5232 c.
1426 5176 1461 5229 i.
1519 5190 1687 5249 manu
1726 5174 1785 5249 2,
1835 5174 1905 5249 "‘f
1929 5176 1993 5249 In
2033 5172 2086 5230 3.
2126 5172 2220 5225 ubi
2245 5241 2256 5249 _
2270 5185 2384 5249 nate
2406 5170 2632 5249 historia
2662 5168 2707 5233 f,
2757 5166 2921 5249 36:”
2968 5167 3175 5249 exstat,
3210 5163 3346 5244 hanc
3371 5165 3575 5249 inscri-

231 5257 471 5361 ptionem
497 5245 760 5321 prafert':
813 5248 1063 5304 lnventio
1103 5245 1416 5302 sanctorum
1449 5262 1479 5299 a
1528 5246 1732 5300 domno
1758 5245 2062 5300 Deoderico

260 5327 302 5360 tt
348 5322 643 5361 adolhoidn
673 5322 705 5361 2
807 5321 877 5356 9t!
909 5319 1093 5361 mania
1122 5320 1173 5361 3.
1260 5316 1331 5352 9‘3
1363 5316 1733 5361 familiaritate.
1763 5317 1796 5361 3
1907 5316 1977 5350 9“
2007 5330 2062 5361 m:

1907 5316 1977 5350 9“
2007 5306 2155 5369 cultu
2201 5313 2254 5368 3.
2326 5312 2395 5346 9‘5
2426 5306 2797 5379 decoremque
2828 5308 2861 5364 3
2941 5307 3018 5379 ii“
3037 5313 3091 5379 et
3131 5306 3184 5379 3_.

260 5327 302 5360 ⁴¹
346 5322 644 5379 adelheide
673 5322 726 5375 3.

232 5396 356 5452 sedi
388 5393 623 5449 metensi
648 5392 701 5446 3.

237 5466 519 5523 universis
551 5462 884 5517 mirabilium
918 5478 964 5517 s.
990 5462 1043 5517 3.
1132 5460 1201 5494 ⁰⁵²
1226 5459 1501 5529 fulgentes
1521 5460 1573 5513 3.

236 5540 292 5594 3.
365 5538 435 5573 9‘7
465 5532 885 5607 preciossimum
916 5534 970 5588 3.
1039 5531 1108 5566 9”
1129 5531 1403 5603 simulque
1421 5538 1476 5587 et
1504 5530 1556 5586 3.

807 5321 877 5356 9“
909 5319 1093 5374 mettis
1122 5320 1174 5373 3.
1260 5316 1331 5352 9‘3
1362 5316 1733 5372 familiaritate
1763 5317 1816 5372 3.

821 5391 890 5427 ⁹⁴⁸
910 5396 1001 5445 Hae
1029 5391 1409 5459 inscriptiones
1448 5404 1656 5458 semper
1688 5389 1881 5459 desunt
1909 5386 1964 5459 3.

1648 5458 1718 5493 ’53
1753 5460 1899 5514 deest
1916 5458 1968 5515 3.

1646 5530 1715 5564 9"
1744 5537 1803 5585 et
1831 5529 1979 5600 ipsas
2009 5542 2059 5581 a.
2091 5526 2141 5580 3.

2105 5240 2367 5313 pontiﬁce
2400 5247 2762 5309 repertorum.
2803 5238 3033 5307 Incipit:
3083 5236 3237 5289 Anno
3274 5233 3385 5287 inc.
3421 5234 3573 5291 dom'.

2105 5324 2153 5338 ...
2202 5313 2233 5338 ι)
2326 5312 2395 5338 om
2429 5312 2795 5338 ,ιηηηηηηηηηη
2828 5308 2860 5338 0
2948 5307 3018 5338 936
3037 5313 3087 5338 ηρ
3132 5306 3163 5338 ⁸)
3291 5305 3358 5338 9H
3387 5312 3573 5338 αοηηιη

3387 5312 3578 5360 sancte

2088 5385 2157 5418 9‘9
2180 5387 2263 5437 ita
2297 5384 2383 5444 3.;
2438 5375 2771 5437 sticinum'c.
2888 5377 2957 5412 95°
2987 5377 3221 5444 collegio
3272 5375 3321 5430 3.
3423 5377 3489 5413 πί
3523 5391 3575 5430 c.

2042 5455 2111 5490 9“
2146 5454 2311 5509 leudo
2337 5469 2453 5507 e.v.
2483 5454 2660 5520 infra.
2724 5451 2794 5485 9⁵⁵
2825 5450 2967 5520 deest
2999 5448 3069 5520 3._
3111 5447 3182 5483 95°
3220 5447 3501 5518 ﬂagratins
3524 5460 3574 5499 e.

2216 5523 2286 5559 96°
2314 5541 2367 5578 v.
2394 5523 2447 5578 d.
2465 5523 2520 5578 3.
2547 5518 2554 5520 ⁷
2605 5519 3021 5576 omadhelardus
3044 5518 3096 5575 3.

1806 5645 2014 5702 NOTIE.

317 5749 464 5821 (942)
496 5746 635 5801 Vide
663 5753 853 5802 contra
882 5746 1255 5801 Thietmarum
1279 5746 1372 5813 Ill,
1400 5746 1454 5800 9.

2066 5738 2214 5809 (943)
2245 5737 2546 5794 Amiterno.
