3930 6204
403 329 500 384 711

1615 312 1958 371 SlGEBERTl
1999 308 2514 366 GEMBLACENSIS.

3637 303 3754 358 ’719

472 459 548 514 De
575 461 764 511 sancto
787 454 1064 510 Feliciauo
1109 450 1371 521 episcopo
1403 454 1458 503 et
1492 452 1748 516 martyre.
1770 445 2017 499 Fulinias
2041 446 2091 512 Α
2115 445 2444 512 repperimus
2473 455 2595 495 eam
2632 441 2807 508 ipsum
2836 437 3055 492 beatum
3083 442 3381 504 martyrem
3420 435 3750 502 tumulas“,

403 556 647 606 castrum
669 545 814 617 (944)
867 561 974 600 non
995 543 1184 612 procul
1220 557 1254 595 a
1291 537 1490 609 Spole'to
1537 539 1858 602 Felicianus,
1897 551 2018 589 ma-

402 641 885 711 gno-undecumque
899 650 1164 694 concursu
1194 635 1473 687 hominum
1500 631 1783 696 afﬂuente,
1807 642 2018 696 corpore

359 710 552 783 ‘sacro
583 726 872 790 tuebatur;
905 738 1028 776 eum
1075 721 1146 754 “"-
1198 722 1509 775 Benedictus
1535 723 1650 787 ejus
1679 719 2014 785 Fuliginien-

399 822 472 873 sis
497 818 568 853 ⁹⁶³
597 819 865 885 episcopus
889 815 1059 868 multo
1095 829 1220 868 cum
1249 815 1378 878 ﬂetu
1405 813 1630 880 largitas
1655 809 1724 842 9“
1772 823 1866 877 per
1888 812 2017 862 Ber-

403 913 588 961 traum
611 904 906 958 diaconum
958 908 1008 954 et
1037 901 1412 956 Heriwardum
1456 897 1824 967 presbyterum
1846 897 1881 949 4
1922 902 2017 951 Νο-

399 1012 604 1051 narum
656 993 886 1048 Octobris
939 1008 1008 1047 ex
1060 995 1170 1061 ipso
1238 994 1430 1046 inti-mo
1483 995 1644 1044 antro
1697 988 2015 1043 sustollitur.

401 1087 580 1140 Passio
605 1087 722 1152 ejus
749 1083 1012 1150 descripta
1031 1087 1126 1135 est.

475 1178 547 1232 De
603 1183 798 1230 sancto
852 1172 1219 1243 Asclepiotate
1258 1177 1513 1240 martyre.
1549 1173 1613 1223 In
1649 1169 1794 1223 saltu
1823 1167 1892 1201 ⁰⁶⁵
1928 1168 2022 1234 qui

401 1269 552 1324 Collis
589 1267 808 1332 dicitur,
841 1267 935 1332 qui
959 1266 1173 1317 Perusia
1213 1263 1424 1331 adjacet
1475 1261 1703 1325 civitati,
1763 1257 1856 1311 ubi
1891 1263 2022 1311 tunc

403 1363 692 1429 imperator
721 1357 1055 1420 autumnali,
1087 1353 1438 1408 exercebatur
1489 1356 1710 1416 venatu,
1755 1353 2024 1404 monasteo

401 1455 550 1506 rium
571 1455 688 1504 erat
717 1450 1158 1516 antiquissimum
1193 1459 1353 1513 super
1377 1445 1608 1509 ﬂuvium
1637 1441 1892 1510 Tyberim,
1931 1441 2026 1507 qui

401 1542 477 1597 ibi
502 1541 756 1595 mediocri
778 1539 912 1593 vado
955 1539 1346 1606 prater/luens,
1397 1537 1486 1588 sui
1529 1533 1722 1588 exinde
1762 1547 1923 1600 usque
1946 1530 2016 1582 ad

405 1633 594 1688 urbem
615 1637 835 1686 Romam
859 1631 1033 1699 pelagi
1051 1631 1182 1697 prof
1181 1629 1364 1681 undita
1375 1633 1423 1681 te
1441 1633 1691 1692 augetur.
1718 1628 1817 1677 Hoc
1832 1623 2016 1691 pulcro

399 1726 670 1794 quondam
697 1738 846 1792 opere
864 1735 1265 1788 marmoreoque
1316 1723 1535 1782 ornatu,
1566 1723 1627 1770 ut
1657 1717 1824 1770 videri
1849 1714 2015 1768 daba-

402 1825 512 1883 tur,
540 1822 872 1879 extructum,
902 1819 978 1868 set
1010 1820 1141 1867 tunc
1171 1817 1434 1865 vetustate
1463 1811 1776 1877 collapsum,
1805 1813 2016 1874 marty-

400 1910 477 1961 ris
505 1907 702 1974 egregii
739 1905 1077 1972 Asclepiotati
1113 1901 1354 1954 membra
1391 1897 1764 1953 venerabiliter
1791 1897 2017 1948 humata

403 1999 632 2054 tenebat.
661 2001 826 2066 Cujus
858 1997 1122 2061 tumbam,
1141 1998 1272 2064 forti
1293 1996 1458 2048 nimis
1485 2007 1744 2047 saxorum
1769 2006 1834 2045 ac
1865 1996 2019 2043 terra:

401 2089 645 2155 congerie
672 2086 965 2151 obclusam,
997 2085 1127 2136 dum
1156 2099 1282 2138 cum
1311 2097 1512 2150 magna
1537 2081 1752 2134 tandem
1779 2078 2017 2145 difﬁcul-

406 2181 518 2228 tate
558 2174 726 2228 Teudo
761 2173 852 2238 “5,
897 2177 1153 2226 Bertraus
1173 2177 1223 2224 et
1247 2170 1314 2204 9⁵⁷
1369 2169 1629 2223 Rotardus
1665 2174 1717 2222 et
1747 2169 2016 2221 lleriwar-

399 2267 499 2320 dus
527 2265 596 2298 9⁵⁸
621 2269 984 2334 penetratum,
1010 2275 1282 2315 marmore
1307 2265 1495 2314 sancto
1523 2260 1729 2326 corpori
1774 2257 1842 2290 ⁹⁶⁰
1893 2272 2018 2326 pro-

401 2360 632 2412 ximiore
651 2357 969 2420 nudassent,
994 2357 1278 2408 inveniunt
1293 2358 1706 2407 monumentum
1723 2353 1829 2404 imo
1857 2363 2022 2418 usque

403 2449 742 2518 profundum
790 2446 860 2480 97°
912 2448 1214 2510 dimissum,
1267 2451 1317 2498 et
1365 2458 1460 2512 per
1494 2443 1733 2496 medium
1775 2458 1809 2495 α
1846 2443 2020 2510 capite

401 2553 568 2606 usque
597 2537 667 2590 ad
685 2536 838 2604 pedes
866 2535 1095 2604 quodam
1118 2535 1288 2588 limite
1307 2547 1374 2587 ex
1397 2535 1508 2600 ipso
1535 2531 1867 2584 naturaliter
1887 2544 2020 2584 saxo

399 2633 556 2700 quasi
599 2631 849 2684 divisum.
903 2629 1046 2690 Quod
1099 2633 1280 2680 tamen
1333 2626 1641 2690 diligentius
1696 2625 2016 2692 inspectum,

401 2731 580 2770 unum
615 2717 1039 2783 continuumque
1086 2713 1383 2769 constabat.
1436 2715 1588 2766 Beati
1635 2726 1756 2766 vero
1790 2713 2020 2780 corporis

400 2805 636 2858 medium
691 2805 837 2868 hinc,
885 2804 1121 2857 medium
1177 2803 1346 2868 illinc,
1401 2801 1652 2855 membris
1699 2801 2018 2854 altrinsecus

398 2909 576 2949 unum
621 2901 810 2948 contra
847 2895 1081 2948 alterum
1109 2895 1376 2962 oppositis,
1417 2897 1630 2961 excepto
1675 2893 1848 2960 capite
1889 2892 2014 2957 solo,

399 2987 536 3056 quod
563 2989 624 3040 in
659 3002 830 3042 unam
858 2990 1131 3055 integrum
1158 2985 1224 3020 οτι
1253 2992 1462 3054 partem
1476 2985 1692 3053 jacebat
1720 2982 2016 3050 diligentis-

2117 533 2255 586 nihil
2278 533 2401 600 plus
2428 536 2696 598 gestorum
2730 528 3038 596 perquirere
3060 527 3356 593 potuimus.
3387 526 3512 586 Quae
3551 531 3747 577 tamen

2119 629 2231 678 tam
2269 623 2496 678 assiduis
2543 636 2599 675 se
2623 623 2890 674 virtutum
2940 616 3278 672 commendat
3307 615 3632 682 insignibus,
3687 621 3750 667 ut

2117 715 2238 766 viva
2267 714 2464 766 harum
2515 712 2736 766 lectione
2757 708 2921 763 oculis
2951 706 3174 775 objecta,
3223 709 3490 773 gestorum
3520 709 3750 756 attesta-

2121 809 2280 872 tione,
2339 805 2466 874 quid
2508 805 2676 870 fuerit
2715 803 2774 855 in
2825 802 2956 864 vita,
2988 798 3112 852 non'
3137 802 3307 866 egeat.
3359 798 3472 849 Dies
3522 799 3646 864 ejus
3674 792 3748 848 10

2119 897 2230 950 Kal.
2265 893 2580 958 Decembris,
2618 891 2793 944 eodem
2823 903 2924 957 quo
2961 894 3012 942 et
3040 888 3220 942 sancti
3241 887 3430 938 Savini
3455 885 3743 951 martyris,

2119 988 2436 1045 celebratur.
2949 1021 2960 1025 τ

2192 1081 2266 1134 De
2294 1087 2490 1132 catena
2521 1072 2697 1129 sancti
2725 1072 2867 1127 Petri
2899 1069 3154 1142 apostoli.
3189 1074 3336 1124 Inter
3365 1070 3476 1123 haec
3510 1071 3742 1122 Romam

2123 1173 2278 1226 misso
2297 1168 2548 1237 pra-dicto
2587 1165 2808 1218 diacono
2838 1161 3120 1228 Rothardo,
3174 1160 3308 1213 dono
3345 1159 3530 1212 damni
3577 1173 3743 1226 papa

2119 1261 2401 1323 Johannis,
2431 1259 2526 1327 qui
2555 1258 2749 1310 tercius
2768 1255 3002 1308 decimus
3031 1254 3092 1305 in
3110 1266 3168 1305 eo
3187 1251 3406 1306 nomine
3430 1255 3569 1327 era_t,
3607 1264 3738 1318 par-

2125 1360 2230 1407 tem
2257 1367 2368 1406 non
2391 1349 2654 1404 modicam
2681 1353 2885 1400 catenae
2906 1331 3048 1399 beati
3075 1345 3238 1409 Petri,
3267 1345 3328 1396 in
3367 1319 3589 1396 basilica
3617 1357 3740 1409 qua:

2123 1446 2324 1500 dicitur
2350 1443 2420 1496 ad
2472 1440 2692 1496 Vincula
2720 1437 2879 1507 (946‘,
2925 1435 3150 1490 eandem
3197 1434 3269 1468 97°
3293 1436 3594 1502 portionem
3619 1447 3742 1486 exe-

2115 1540 2291 1600 cante,
2323 1531 2635 1601 promeruit.
2671 1532 2800 1580 Cum
2829 1539 2893 1580 ea
2920 1539 3123 1594 quoque
3145 1524 3488 1592 privilegium
3531 1537 3739 1575 mona-

2114 1630 2264 1684 sterii
2285 1626 2462 1680 sancti
2487 1622 2746 1676 Vincentii
2787 1633 2913 1674 cum
2958 1618 3253 1671 dalmatica
3273 1621 3324 1669 et
3373 1615 3640 1669 sandaliis
3670 1613 3739 1647 ππ

2117 1723 2302 1778 abbati
2353 1719 2589 1789 ejusdem
2617 1718 2717 1770 loci
2754 1714 3039 1784 apostolica
3083 1712 3440 1781 praerogativa
3479 1711 3740 1763 concessis

2117 1814 2256 1868 idem
2297 1810 2522 1864 domnus
2569 1821 2714 1875 papa
2768 1805 2984 1857 direxit.
3027 1805 3148 1854 Haec
3195 1801 3378 1854 omnia
3424 1797 3740 1852 Adelbertus

2117 1903 2341 1956 clericus
2358 1913 2484 1952 cum
2520 1900 2727 1949 Conone
2754 1895 2945 1948 comite
2963 1890 3266 1952 transtulit.

2190 1989 2432 2056 Qualiter
2457 1993 2639 2042 autem
2667 1983 2886 2039 occasio
2917 1989 3026 2036 tam
3056 1978 3432 2036 memorabilis
3471 1977 3738 2034 donatio-

2120 2082 2207 2137 nis
2233 2078 2486 2153 contigit,
2527 2077 2770 2131 inserere
2821 2071 3049 2128 lectioni
3081 2085 3190 2125 non
3244 2069 3440 2144 piguit.
3485 2068 3736 2134 Quadam

2121 2189 2356 2246 namque
2394 2171 2486 2226 die
2513 2169 2640 2224 dum
2682 2167 2802 2222 Otto
2833 2166 3133 2236 imperator
3162 2163 3352 2218 Romae
3383 2169 3552 2226 esset,
3587 2159 3738 2216 acci-

2121 2263 2219 2330 dit,
2253 2269 2314 2316 ut
2343 2258 2619 2332 quendam
2649 2255 2903 2312 comitem
2915 2253 3042 2322 ejus
3061 2249 3220 2306 valde
3251 2249 3580 2304 familiarem
3603 2248 3734 2303 dia-

2120 2355 2282 2410 bolus
2307 2352 2614 2418 invaderet,
2643 2356 2700 2404 et
2726 2355 2854 2403 ante
2885 2351 3208 2402 cunctorum
3249 2341 3440 2398 oculos
3469 2356 3530 2396 se
3557 2340 3741 2411 ipsum

2120 2445 2528 2509 miserabiliter,
2565 2443 2659 2514 qui
2708 2439 3020 2508 tenebatur,
3059 2437 3405 2507 decerperet.
3456 2433 3612 2498 Quod
3645 2447 3741 2488 rex

2118 2546 2179 2592 ut
2206 2535 2436 2602 audivit,
2465 2533 2762 2588 admodum
2784 2536 3013 2586 mcestus
3040 2527 3172 2583 huic
3208 2526 3327 2582 solo
3358 2525 3610 2581 remedio
3649 2525 3741 2578 in-

2119 2625 2330 2692 cubuit,
2363 2623 2624 2695 quatinus
2671 2621 2877 2674 domno
2913 2617 3149 2674 Johanni
3195 2632 3352 2688 papae
3392 2631 3460 2671 eo
3493 2623 3741 2686 tempore

2119 2715 2427 2788 apostolatu
2483 2713 2748 2787 insignito
2779 2711 3094 2777 duceretur,
3123 2725 3248 2764 nam
3279 2715 3412 2763 tunc
3437 2706 3582 2762 forte
3631 2705 3739 2759 im-

2121 2813 2338 2876 perator
2386 2803 2537 2860 civili
2593 2817 2722 2856 cura
2780 2799 3062 2872 paulisper
3112 2799 3380 2854 remotior
3418 2797 3736 2852 tenebatur.

2120 2895 2338 2952 Factum
2377 2901 2460 2949 est
2487 2899 2692 2957 autem,
2739 2899 2799 2946 ut
2842 2905 3089 2962 praesens
3121 2888 3298 2944 adfuit
3351 2887 3740 2949 demoniacus,

2119 2985 2349 3040 Romani
2380 2983 2586 3049 clerici,
2619 2982 2762 3037 sicut
2785 2996 3006 3052 semper
3034 2995 3136 3036 nos
3163 2978 3276 3033 illis
3328 2983 3411 3033 est
3454 2975 3740 3046 simplices

394 3079 529 3130 sime
586 3077 919 3132 collocatum.
980 3079 1082 3129 Ηοε
1136 3074 1368 3128 aedituus
1417 3079 1468 3126 et
1515 3073 1709 3140 reliqui
1737 3072 2012 3136 dixerunt,
2041 3108 2086 3149 ρ
2117 3093 2369 3149 quosque
2399 3076 2665 3130 deludere
2690 3075 2758 3128 de
2789 3071 3157 3145 requisitione
3194 3078 3428 3136 catena),
3454 3067 3733 3140 quandam

398 3168 591 3222 inditio
617 3168 844 3222 voluisse
867 3168 1251 3234 antiquitatem
1279 3164 1348 3197 9⁷³
1388 3167 1624 3231 signare,
1655 3163 1792 3230 quod
1829 3167 1878 3216 et
1915 3165 2017 3230 ipsi
2043 3160 2088 3176 ν
2117 3167 2245 3224 ferri
2273 3175 2479 3223 catenae
2537 3173 2747 3237 partem
2803 3162 3042 3220 offerunt
3089 3163 3294 3218 furenti
3343 3160 3740 3231 circumligan-

393 3273 514 3314 vere
540 3259 936 3324 asseverabant,
967 3257 1197 3310 eundem
1239 3262 1538 3322 martyrem
1591 3254 1796 3308 crudeli
1827 3269 2014 3321 genere

2120 3261 2259 3316 dam.
2293 3260 2409 3316 Non
2426 3259 2606 3313 minus
2633 3257 2961 3329 prohibente
2993 3254 3321 3326 apostolico,
3354 3269 3427 3308 ne
3455 3253 3740 3306 luderetur

393 3354 656 3421 passionis
689 3351 859 3404 medio
886 3364 1100 3417 corpore
1148 3351 1330 3402 vivum
1357 3353 1647 3414 exsectum,
1701 3349 1851 3415 eique
1873 3353 2013 3402 atte-
2114 3353 2351 3408 domnus
2404 3351 2726 3423 imperator,
2767 3349 3016 3420 praebent
3069 3347 3267 3413 aliam;
3327 3346 3509 3402 donec
3567 3343 3736 3399 tercia

396 3439 608 3494 standte
628 3438 697 3471 973
736 3441 815 3492 ita
858 3440 919 3490 in
954 3442 1301 3490 monumento
1327 3436 1540 3490 dividuo
1578 3437 1830 3504 positum.
1860 3439 2016 3490 [tunc

391 3529 601 3596 pariter
636 3527 816 3595 digno,
860 3533 917 3581 ut
963 3541 1059 3596 per
1107 3528 1310 3594 fuerat,
1361 3528 1556 3581 honore
1593 3527 1890 3592 sublatum,
1949 3527 2002 3594 7,

399 3621 596 3675 Iduum
659 3620 730 3654 97‘
793 3621 1024 3676 Octobris
1065 3622 1382 3676 venerabilis
1444 3622 1688 3690 ponti/“ea:
1753 3623 2002 3690 suscepit.

397 3715 546 3766 Diem
569 3713 772 3767 natalis
801 3716 916 3783 ejus
943 3713 1012 3747 θτδ
1041 3712 1110 3766 ab
1136 3715 1321 3769 incolis
1360 3713 1392 3767 9
1434 3714 1544 3766 Kal.
1575 3713 1884 3768 Novembris
1923 3713 2006 3767 di-

395 3807 644 3862 dicimus.
708 3813 843 3862 Nam
900 3814 1048 3877 gesta
1099 3811 1214 3877 ejus
1265 3811 1490 3862 minime
1547 3808 1614 3862 ab
1667 3812 1900 3877 episcopo
1945 3807 2008 3862 de

391 3906 510 3958 Sisa
533 3902 702 3972 (945),
733 3904 804 3956 ad
823 3918 982 3972 quem
1007 3905 1152 3960 locus
1175 3904 1498 3973 pertinebat,
1523 3907 1788 3973 quivimus
1820 3909 2002 3958 extor-

393 4010 571 4066 quere.

467 4087 543 4140 Dc
573 4092 761 4140 sancta
799 4085 1004 4142 Serena
1045 4094 1101 4142 et
1139 4087 1400 4160 Gregorio
1433 4087 1738 4158 Spoletina.
1767 4089 2008 4142 Sanctis-

389 4179 532 4230 sima
559 4178 706 4244 virgo
726 4176 927 4231 Serene
954 4177 1099 4245 apud
1120 4177 1388 4246 Spoletan
1429 4179 1490 4230 in
1520 4179 1840 4230 monasterio
1865 4191 2004 4230 san-

390 4267 670 4319 ctiSavini
692 4267 950 4333 martyris
987 4266 1119 4331 foris
1145 4279 1328 4320 muros
1354 4265 1523 4329 urbis,
1559 4264 1652 4318 ubi
1678 4271 1726 4318 et
1761 4265 2008 4334 pluribus

389 4357 670 4412 miraculis
697 4356 1072 4424 choruscabat,
1097 4359 1407 4425 quieverat;
1444 4357 1514 4410 ad
1541 4371 1707 4424 quam
1739 4371 1877 4425 pene
1903 4363 2007 4411 cot-

2115 3445 2373 3500 illusione
2414 3443 2652 3498 domnus
2683 3457 2825 3514 papa
2873 3447 3053 3496 motus
3088 3437 3296 3505 animo,
3336 3454 3526 3494 veram
3555 3435 3732 3491 sancti

2109 3537 2253 3594 Petri
2269 3536 2434 3606 jussit
2473 3533 2676 3590 deferri
2705 3534 3017 3588 catllenam.
3053 3533 3132 3586 Ad
3161 3533 3263 3587 hoc
3293 3537 3478 3586 autem
3512 3536 3734 3600 specta-

2105 3631 2289 3686 culum
2328 3645 2360 3683 a
2389 3643 2515 3698 rege
2543 3625 2716 3692 missi,
2757 3625 2899 3680 inter
2935 3631 3166 3680 caeteros
3193 3621 3548 3678 venerabiles
3577 3619 3724 3676 viros

2106 3721 2388 3778 Mettensis
2407 3717 2964 3792 priesulDeodericus
3001 3725 3056 3772 et
3085 3715 3380 3786 prmdictus
3411 3712 3728 3769 Rothardus

2105 3819 2263 3870 erant
2301 3819 2618 3883 praesentes,
2650 3811 2857 3865 exitum
2897 3807 2976 3864 rei
3008 3809 3413 3880 praestolantes.
3459 3807 3592 3870 Quae
3633 3804 3726 3858 ubi

2109 3901 2342 3975 contigit
2375 3901 2576 3956 collum
2600 3897 2935 3963 demoniaci,
2961 3912 3085 3952 mox
3125 3897 3346 3952 invasor
3365 3910 3635 3966 spumans
3678 3898 3734 3948 et

2110 3990 2338 4047 multum
2369 3989 2612 4044 clamans
2641 3987 2896 4044 abcessit.
2955 3984 3110 4051 Quod
3171 3990 3230 4039 ut
3277 3983 3425 4038 vidis
3491 3983 3731 4038 domnus

2108 4080 2448 4137 Deodericus
2476 4079 2782 4143 Mettensis,
2819 4076 3052 4148 arripuit
3079 4077 3393 4142 catbenam,
3447 4088 3728 4145 manuque

2111 4170 2362 4238 involvit,
2395 4170 2610 4237 dicens,
2643 4170 2797 4225 nullo
2845 4168 3009 4224 modo
3043 4167 3150 4222 nisi
3190 4181 3357 4220 manu
3401 4163 3624 4220 abscisa
3653 4162 3730 4216 di-

2109 4262 2458 4319 mittendam.
2494 4261 2629 4318 Huic
2668 4261 2844 4337 litigio
2873 4259 3110 4316 accurrit
3131 4259 3370 4314 domnus
3401 4257 3720 4328 imperator,

2105 4361 2160 4410 et
2202 4354 2326 4428 quis
2355 4363 2538 4412 tantus
2594 4353 2836 4409 tumulus
2896 4359 3041 4408 esset
3072 4351 3354 4404 inhianter
3390 4348 3723 4422 investigare

390 4449 518 4504 tidie
540 4464 774 4517 magnus
820 4449 1141 4518 populorum
1190 4449 1436 4502 veniebat
1483 4463 1793 4516 concursus,
1835 4451 1914 4503 ita
1942 4455 2004 4504 ut
2103 4445 2288 4516 caepit.
2323 4445 2419 4500 Cui
2452 4461 2576 4501 cum
2611 4444 2912 4499 indicatum
2949 4449 3118 4510 esset,
3149 4447 3205 4495 et
3231 4439 3514 4510 prioribus
3543 4436 3724 4494 verbis

385 4547 562 4597 noctes
589 4555 794 4610 quoque
806 4540 1082 4610 pervigiles
1101 4539 1272 4594 turba:
1295 4540 1671 4594 cumlucernis
1698 4542 2003 4609 ueterisque
2028 4524 2084 4592 D
2103 4535 2398 4609 episcopus
2455 4537 2831 4608 responderet,
2887 4549 3190 4590 conversus
3233 4548 3324 4587 rex
3373 4532 3543 4586 etiam
3605 4531 3722 4602 ipse

385 4632 626 4686 donariis
664 4629 740 4684 ibi
779 4633 1124 4698 peragerent.
1173 4633 1326 4683 Hanc
1350 4643 1554 4698 quoque
1602 4645 1728 4684 cum
1780 4631 2000 4698 integris
2101 4631 2270 4702 coepit
2311 4629 2512 4702 petitor
2549 4629 2803 4696 existere,
2859 4635 2913 4683 et
2951 4634 3012 4682 ut
3045 4626 3101 4680 id
3149 4624 3306 4680 ﬁeret
3359 4624 3724 4679 vehementer

387 4729 490 4778 toto
537 4736 751 4792 corpore
799 4721 1020 4786 ossibus,
1085 4723 1247 4776 misso
1297 4722 1426 4776 illuc
1476 4721 1736 4776 Rothardo
1780 4722 2003 4777 diacono
2102 4735 2418 4790 exposcere.
2452 4719 2608 4784 Quod
2649 4726 2707 4773 et
2743 4733 2885 4790 papa
2925 4715 3291 4772 libentissime
3321 4713 3544 4782 annuit,
3597 4714 3726 4768 licet

383 4823 510 4863 cum
533 4811 656 4864 aliis
683 4810 786 4864 Sibi
811 4809 1056 4874 ﬁdelibus
1083 4812 1234 4877 υἱνίδι
1272 4809 1589 4864 υϐηεναὺὶιέδ
1635 4811 1878 4878 νωτιαῖα-τ
1925 4817 2003 4866 οδε
2103 4815 2371 4886 plurimus
2395 4814 2532 4870 ordo
2554 4814 2818 4869 {ecclesiae
2850 4813 3109 4868 Romana:
3141 4811 3384 4886 graviter
3417 4811 3726 4866 reluctave-

383 4897 624 4964 adeptus.
683 4899 950 4966 Reliquias
992 4913 1196 4967 quoque
1242 4899 1384 4952 beati
1435 4901 1693 4968 martyris
1765 4902 2003 4968 Gregorii
2103 4907 2194 4974 rit,
2215 4912 2269 4961 et
2303 4922 2457 4961 serra
2485 4905 2773 4977 deportata
2802 4912 2986 4960 custos
3012 4903 3264 4959 abscidit.
3297 4904 3469 4968 Quam
3485 4910 3722 4974 partem,

379 4987 635 5054 δροιειίηί
689 4987 882 5040 ibidem
933 4987 1183 5044 obtinuit.
1245 4992 1408 5058 Cujus
1445 4991 1618 5058 passio
1664 4992 1863 5059 scripta
1897 4996 1992 5044 est.
2098 4993 2503 5050 interveniente
2519 5010 2681 5048 causa
2709 4993 2848 5048 alius
2877 4993 2946 5028 ⁸⁷⁸
2978 4991 3412 5066 negotii,papie,
3455 4990 3718 5063 quoniam

385 5080 559 5131 Beata?
583 5079 810 5145 Serenw,
839 5086 1035 5146 praeter
1059 5081 1198 5148 quod
1233 5083 1294 5135 in
1318 5083 1566 5149 passione
1611 5083 1791 5136 sancti
1810 5084 1998 5136 Savini
2096 5082 2414 5138 carissimus
2442 5088 2716 5138 amorerat
2757 5083 2900 5138 inter
2936 5089 3198 5152 utrosque
3221 5079 3716 5136 recommendavit.

1734 5211 1954 5266 VARIIE
1979 5211 2358 5269 LECTIONES.

939 5310 1250 5370 fuliniensis
1277 5314 1472 5390 3.___°°‘
1496 5317 1718 5390 scilicet.
1759 5319 1804 5373 l.
1836 5324 1919 5373 est
1947 5325 2002 5374 et
2026 5335 2146 5390 per.
2231 5319 2301 5355 955
2355 5325 2547 5376 sancto
2581 5319 2630 5372 1.
2707 5318 2778 5354 9⁸⁸
2802 5317 3006 5374 theudo
3032 5317 3088 5390 3.
3155 5316 3236 5390 9°'_
3258 5317 3408 5390 deest
3429 5317 3484 5370 3.
3571 5316 3718 5390 me}

379 5378 665 5460 ﬂqdesunt
701 5383 754 5437 3.
796 5383 1170 5460 __°_”__corpo_re
1205 5401 1252 5441 c.
1297 5387 1398 5460 17°
1424 5387 1766 5460 profundum
1813 5405 1952 5444 corr.
2025 5378 2306 5460 profundo
2354 5391 2406 5447 3.
2483 5391 2550 5425 9"
2585 5391 2855 5460 integram
2887 5390 2941 5444 3.
3012 5389 3098 5460 ,9"
3127 5387 3464 5459 antiquitate
3519 5405 3566 5444 ο.
3647 5385 3715 5421 ⁸⁷³

377 5457 672 5509 attestante
705 5469 756 5508 c.
795 5453 866 5488 '7‘
896 5451 1110 5508 Kalend
1141 5455 1194 5512 3.
1294 5457 1364 5492 "5
1389 5451 1558 5515 manu
1578 5461 1632 5514 2.
1723 5456 1794 5496 ⁹τ⁶
1825 5451 2075 5516 eademc.
2161 5461 2229 5496 977
2261 5461 2560 5518 scandaliis
2584 5462 2636 5518 3.
2665 5451 2736 5497 9""
2780 5463 2862 5517 ita
2887 5463 2952 5518 L.
2977 5459 3101 5516 aliis
3125 5474 3170 5514 c.

1947 5569 2154 5626 ΝΟΤᾹΞ.

451 5307 521 5344 ⁹⁶²
551 5324 675 5364 cum
702 5326 750 5366 c.

443 5633 590 5760 se:
607 5633 846 5760 ξῑοιῖεελο

663 5720 785 5760 sua!
799 5705 828 5758 ‘l

468 5633 846 5717 9M)Foli_spo
1953 5623 1956 5624 ί
2005 5623 2137 5626 ’““
2241 5639 2384 5711 (sic)
2418 5642 2474 5698 s.
2507 5623 2688 5698 Pie'tro
2725 5641 2782 5696 in
2813 5640 3032 5698 vincoli.

464 5705 588 5778 945)
618 5705 828 5762 Assisi?
895 5727 908 5734 -
