3930 6204
183 279 303 337 713

1205 265 1354 321 VITA
1394 263 1744 323 DEODERICI
1789 260 2075 318 EPISCOPI
2115 260 2506 322 METTENSIS.

3427 274 3535 332 716

186 411 287 466 Set
329 412 523 481 postea
540 404 709 461 misso
740 400 1019 459 Rothardo
1046 398 1304 465 diacono,
1346 413 1466 453 eam
1519 396 1587 452 ab
1621 395 1819 452 mccle-
1845 397 1894 467 Α
1992 393 2067 447 De
2081 394 2284 448 sanctis
2314 394 2473 450 Prolo
2506 402 2559 450 et
2584 396 2815 453 Jacinto.
2848 403 2912 453 In
2940 399 3155 456 Sabinis
3183 405 3397 472 regione
3422 420 3533 462 non

184 501 273 556 sia
305 514 430 570 quae
461 496 666 552 dicitur
712 492 782 549 ad
813 489 1062 554 Vincula,
1098 486 1192 541 ubi
1225 485 1330 542 hoc
1368 484 1568 541 factum
1617 483 1814 550 fuerat,

186 590 401 645 domno
429 600 573 657 papa
606 580 971 646 concedente,
1004 573 1322 647 asportavit.
1359 574 1625 629 Praeterea
1663 570 1818 625 inﬁr-

187 672 479 729 mantibus
526 670 768 727 salubris
798 665 1071 739 provenit,
1112 663 1159 718 si
1219 662 1345 735 quis
1375 678 1497 718 cum
1531 662 1638 716 fide
1669 659 1815 731 apud

188 770 457 825 Sanctum
486 764 859 829 Vincentium,
908 761 1004 817 ubi
1037 758 1283 831 reposita
1321 766 1616 814 veneratur
1653 772 1683 811 a
1715 771 1817 828 po-

187 862 362 935 pulis,
396 875 518 916 eam
550 864 776 930 tangere
802 852 1089 910 meruerit.

266 955 345 1009 De
396 959 588 1006 sancto
629 946 917 1003 Vincentio
946 943 1129 999 levita.
1164 947 1390 998 Beatum
1426 945 1720 1010 martyrem
1747 939 1817 974 “79

190 1053 245 1102 et
256 1047 480 1101 levitam
496 1043 836 1099 Vincentium
855 1041 914 1093 in
933 1039 1149 1093 civitate
1164 1035 1401 1105 quadam
1419 1034 1819 1102 antiquissima,

189 1154 317 1209 qua:
332 1138 404 1191 ad
429 1137 604 1193 solum
632 1147 799 1203 usque
815 1134 937 1201 jam
959 1130 1111 1198 longo
1150 1134 1380 1196 tempore
1407 1127 1593 1180 diruta
1613 1127 1817 1191 fuerat,

192 1234 444 1288 Cordum
480 1232 702 1286 nomine
743 1224 909 1297 e947),
941 1240 1059 1294 qua:
1106 1224 1173 1277 ab
1198 1224 1410 1276 Arethio
1438 1220 1509 1254 98°
1546 1220 1822 1273 duodecim

191 1320 419 1375 milibus
470 1319 657 1383 distat,
706 1330 774 1370 ea:
796 1314 1121 1368 monasterio
1144 1311 1389 1379 proximo
1438 1310 1571 1361 satis
1599 1307 1820 1375 pulchro

191 1418 419 1478 ornatu,
473 1410 609 1480 quod
636 1408 813 1462 multa
845 1404 1027 1459 itidem
1083 1402 1391 1471 frequentia
1439 1399 1820 1465 venerabatur,

196 1505 455 1555 Bertraus
506 1498 787 1560 diaconus,
817 1495 1107 1548 comitante
1152 1505 1334 1545 secum
1371 1489 1596 1558 quodam
1637 1488 1825 1541 clerico

192 1593 428 1662 episcopi
454 1589 705 1652 Arietini,
735 1589 827 1641 cui
846 1584 911 1619 ⁹⁸¹
953 1598 1150 1639 nomen
1174 1582 1459 1648 Crisulfus,
1493 1580 1668 1634 indice
1703 1580 1822 1645 loci,

193 1698 327 1738 cum
354 1697 558 1750 magna
584 1680 707 1734 licet
726 1677 1069 1744 difﬁcultate,
1092 1677 1217 1728 vita:
1239 1686 1443 1742 quoque
1464 1686 1575 1726 non
1597 1673 1824 1724 minimo

191 1774 454 1844 periculo,
514 1770 797 1826 transtulit
843 1768 933 1820 π’.
989 1771 1238 1821 Huncea:
1290 1767 1558 1833 Hispania
1613 1766 1671 1817 in
1710 1767 1824 1816 Ita-

193 1864 333 1917 liam
357 1860 429 1896 ⁹⁸³
456 1861 794 1929 deportatum
840 1857 1073 1921 ﬁrmiter
1093 1857 1462 1908 asseruerunt.
1520 1855 1684 1920 Cujus
1708 1866 1819 1906 mo-

196 1956 334 2009 dum
364 1953 739 2008 translationis
773 1953 974 2018 postea,
1005 1947 1197 2001 domno
1206 1944 1435 2014 praesule
1462 1947 1823 1997 Beneventum

189 2053 462 2115 veniente,
492 2048 623 2101 dum
659 2048 833 2100 nurui
861 2043 1221 2112 imperatoria:
1267 2055 1301 2093 a
1355 2038 1558 2093 Graecia
1586 2041 1826 2093 venienti

193 2141 410 2196 obviam
431 2140 627 2193 missus
658 2141 811 2201 esset,
849 2134 1061 2203 plenius
1100 2131 1459 2199 cognovimus.
1511 2132 1685 2181 Juxta
1713 2131 1820 2181 Ca-

191 2243 369 2300 puam
394 2225 657 2295 siquidem
696 2223 1089 2277 monasterium
1109 2222 1230 2289 jam
1252 2230 1387 2286 pene
1422 2216 1669 2270 dirutum
1720 2230 1821 2271 no-

196 2320 350 2372 mine
384 2316 563 2370 sancti
618 2313 882 2367 Vincentii
908 2308 1054 2377 (948)
1084 2307 1402 2377 reperimus,
1437 2304 1576 2373 quod
1628 2303 1825 2371 grandi

195 2415 249 2465 et
276 2411 417 2463 miro
441 2420 593 2475 opere
636 2402 912 2474 quondam
965 2416 1000 2455 a
1027 2398 1294 2467 fratribus
1336 2396 1506 2450 tribus
1558 2395 1823 2449 nobilibus

197 2506 594 2566 constructum,
623 2497 868 2552 veterani
895 2492 964 2528 ’3‘
993 2494 1087 2561 qui
1116 2489 1190 2545 ibi
1226 2495 1358 2543 tunc
1381 2490 1549 2557 pauci
1574 2486 1821 2540 viseban-

201 2600 297 2650 tur
349 2592 604 2647 monachi
648 2591 926 2651 dixerunt,
966 2589 1017 2639 et
1071 2596 1261 2651 corpus
1327 2581 1504 2634 sancti
1564 2579 1825 2632 Vincentii

192 2692 435 2758 posteaa
463 2682 665 2738 duobus
714 2678 991 2734 monachis
1037 2689 1106 2729 ea:
1148 2674 1407 2741 Hispania
1450 2670 1525 2724 ibi
1561 2671 1703 2724 clam
1731 2669 1821 2723 de-

191 2780 499 2847 portatum,
540 2777 699 2840 atque
725 2769 966 2834 deinceps
989 2762 1177 2818 multis
1219 2758 1541 2828 temporibus
1575 2760 1820 2812 maxima

194 2846 545 2918 veneratione
590 2857 856 2922 habitum,
889 2855 1053 2908 donec
1094 2866 1126 2904 a
1170 2851 1402 2918 paganis
1426 2846 1604 2901 eodem
1631 2862 1824 2901 mona-

195 2953 362 3008 sterio
410 2952 641 3013 vastato,
677 2959 865 3015 corpus
911 2945 1166 2997 sanctum
1196 2937 1320 2992 inde
1372 2935 1651 2991 sublatum
1676 2940 1728 2989 et
1755 2935 1825 2988 ad

194 3039 515 3111 pradictam
567 3035 960 3091 Cordunensem
997 3032 1273 3085 civitatem
1305 3040 1413 3081 esse
1470 3026 1822 3080 translatum.

200 3138 354 3188 Tunc
400 3132 567 3185 etiam
629 3129 899 3196 episcopus
976 3122 1289 3176 Ariethinus
1336 3118 1405 3152 935
1478 3133 1588 3172 non
1651 3116 1822 3172 modi-

201 3241 330 3282 cam
377 3224 677 3293 portionem
718 3218 1004 3288 sanguinis
1043 3214 1336 3269 beatissimi
1382 3210 1827 3280 prothomartyris

200 3316 463 3384 Stephani
510 3315 571 3366 in
616 3324 747 3365 vase.
795 3307 1093 3364 crzlstallino
1121 3306 1317 3373 optime
1340 3316 1474 3356 auro
1504 3303 1829 3370 gemmisque

203 3406 511 3473 composito,
542 3407 594 3455 et
630 3400 694 3455 de
720 3400 990 3468 sanguine
1016 3398 1375 3451 Innocentum
1398 3395 1459 3447 in
1486 3393 1598 3446 alia
1621 3392 1824 3461 piacide,

201 3500 256 3550 et
305 3494 371 3548 de
392 3492 598 3561 capillis
623 3491 803 3544 sancti
839 3488 1002 3552 Petri,
1031 3483 1313 3539 breviculis
1350 3496 1444 3550 per
1484 3481 1702 3549 singula
1727 3496 1827 3548 ap-

200 3586 413 3656 positis,
444 3583 687 3651 quamvis
712 3581 916 3633 invitus
944 3582 997 3632 et
1024 3590 1234 3632 summo
1262 3576 1324 3628 in
1350 3573 1662 3627 discrimine
1689 3572 1833 3640 apud

206 3676 588 3743 imperatorem
614 3672 703 3724 sui
725 3681 1057 3736 suarumque
1084 3678 1270 3719 rerum
1294 3664 1519 3732 positus,
1559 3660 1736 3725 dedit;
1781 3665 1833 3714 et

206 3764 342 3833 quia
369 3760 743 3829 redemptionis
769 3772 882 3811 sua:
917 3755 1155 3823 facultas
1185 3767 1310 3807 eum
1334 3749 1683 3819 angustabat,
1709 3763 1830 3817 pre-

208 3858 449 3909 catorem
472 3865 637 3905 suum
665 3848 735 3882 93°
761 3853 1011 3901 nostrum
1046 3841 1406 3899 venerabilem
1431 3839 1711 3908 prasulem
1734 3853 1832 3908 per

208 3943 309 3997 hoc
335 3946 388 3995 et
410 3955 505 4009 per
532 3951 721 4007 corpus
767 3936 946 3990 sancti
978 3934 1241 3989 Vincentii
1275 3932 1514 3999 paravit,
1554 3934 1716 3997 atque
1753 3930 1830 3981 sic

206 4033 273 4084 in
309 4030 549 4098 gratiam
575 4028 931 4096 imperatoris,
981 4038 1040 4078 eo
1076 4022 1485 4085 interveniente,
1517 4020 1611 4071 vix
1646 4017 1823 4071 rediit.

211 4124 284 4174 De
320 4120 417 4173 hoc
440 4120 548 4186 ipso
596 4116 749 4170 beato
795 4120 1037 4182 martyre
1067 4115 1251 4182 plures
1291 4110 1557 4164 Italorum
1607 4108 1832 4176 episcopi

199 4216 329 4283 jam
356 4217 486 4265 ante
508 4223 643 4278 saepe
669 4211 1061 4278 temptaverant
1099 4210 1160 4260 ut
1199 4204 1253 4257 id
1283 4203 1565 4271 adquirere
1596 4204 1828 4269 possent,

210 4307 276 4358 in
303 4302 497 4374 quibus
521 4300 826 4355 Ambrosius
854 4297 1241 4366 Bergamensis,
1267 4308 1365 4363 pro
1405 4308 1464 4348 eo
1508 4292 1645 4361 quod
1689 4290 1832 4345 sedes

1913 484 2100 551 procul
2125 484 2193 537 ab
2232 484 2363 539 urbe
2394 489 2558 539 Roma
2580 488 2818 542 miliario
2866 491 2978 555 fere
3008 493 3416 563 quadragesimo
3462 496 3531 530 98"

1913 577 2093 629 sancti
2127 578 2384 644 martyris
2426 581 2615 632 Protus
2653 584 2704 632 et
2762 582 3010 635 Jacintus
3069 591 3226 639 erant
3276 589 3536 643 reconditi

1915 667 2196 736 aliquanto
2245 669 2624 737 neglegentiori
2659 672 2917 726 custodia.
2952 677 3052 728 Hos
3100 675 3263 731 abbas
3312 680 3536 747 quidam

1917 759 1982 812 de
2028 763 2354 816 monasterio
2404 769 2608 817 sancta:
2679 766 2861 818 Marica
2922 767 3060 834 quod
3137 769 3338 823 dicitur
3400 775 3536 824 Far-

1916 844 2042 910 fara
2068 845 2228 913 {950),
2261 849 2557 904 venerabili
2589 852 2837 919 pontiﬁci
2863 859 3061 921 nostro,
3110 856 3242 909 dum
3269 856 3332 910 de
3371 872 3538 913 causa

1914 950 2017 989 sua
2065 952 2193 991 eum
2221 940 2369 1008 apud
2411 943 2785 1010 imperatorem
2831 945 2936 998 sibi
2983 947 3106 1011 ﬁeri
3147 949 3542 1004 intercessorem

1917 1035 2151 1097 rogaret,
2193 1033 2327 1100 quia
2355 1034 2505 1087 nullo
2554 1040 2771 1088 tantum
2797 1051 3025 1091 munere
3066 1053 3192 1094 eum
3228 1048 3543 1109 cognoverat

1918 1115 2191 1184 delectari,
2240 1126 2452 1188 partem
2476 1124 2651 1190 primo
2678 1123 2908 1178 obtulit:
2958 1132 3037 1179 set
3063 1134 3243 1196 postea
3280 1133 3423 1185 mira
3462 1134 3548 1185 in-

1916 1212 2124 1263 stantia
2144 1211 2329 1266 demni
2346 1215 2609 1281 praesulis,
2642 1217 2895 1284 quicquid
2932 1219 3056 1273 inde
3082 1223 3316 1289 reperire
3342 1228 3542 1291 potuit,

1917 1298 2151 1367 abjecit;
2174 1302 2285 1369 ipse
2328 1317 2453 1356 cum
2481 1305 2594 1357 suis
2630 1306 2908 1359 monachis
2953 1307 3090 1361 dans
3136 1324 3300 1378 super
3352 1319 3547 1366 sancta

1924 1392 2201 1459 evangelia
2229 1400 2637 1449 sacramentum
2664 1410 2785 1450 vere
2810 1410 2874 1450 ea
2912 1412 3028 1453 ossa
3055 1405 3371 1457 sanctorum
3398 1407 3548 1459 Proti

1922 1488 1975 1537 et
2017 1486 2224 1537 Jacinti
2275 1489 2517 1540 existere.
2586 1492 2692 1542 Hoc
2726 1494 2843 1557 post
2879 1491 3065 1545 natale
3117 1496 3348 1562 Domini,
3414 1496 3546 1550 dum

1926 1577 2088 1627 Roma
2130 1581 2535 1641 reverteremur,
2568 1580 2628 1632 in
2680 1581 2878 1635 vicinio
2910 1585 3086 1636 Horta:
3114 1587 3349 1640 civitatis
3396 1586 3542 1658 (951)

1924 1668 1999 1716 est
2028 1668 2233 1718 actum.

1993 1756 2065 1812 De
2096 1759 2299 1814 sanctis
2328 1760 2502 1833 Digna
2545 1768 2600 1816 et
2631 1761 2866 1817 Emerita
2905 1762 2994 1818 9⁸⁸.
3035 1766 3121 1820 sei
3160 1771 3334 1821 Romae
3381 1768 3532 1824 nobis

1923 1851 2054 1901 tunc
2104 1851 2429 1917 constitutis,
2510 1866 2739 1906 munere
2800 1852 2986 1906 damni
3055 1870 3214 1924 papa:
3281 1858 3543 1912 Johannis

1915 1944 2143 2010 pignera
2171 1952 2491 2000 sanctarum
2528 1949 2711 2015 Digna:
2750 1952 2802 2001 et
2850 1950 3118 2016 Emeritos,
3160 1966 3395 2018 quarum
3423 1966 3543 2007 cor-

1915 2046 2049 2100 pora
2079 2035 2138 2086 in
2155 2036 2365 2102 porticu
2391 2036 2637 2089 (ecclesiae
2664 2035 2809 2089 beati
2836 2037 3072 2091 Marcelli
3122 2044 3381 2110 martyris
3409 2049 3543 2097 sunt

1918 2122 2213 2188 recondita,
2260 2138 2378 2191 qua
2420 2129 2499 2177 est
2536 2129 2665 2178 ante
2708 2130 2920 2180 sanctos
2958 2128 3232 2196 apostolos,
3284 2131 3451 2185 simul
3491 2138 3543 2185 et

1920 2210 2058 2265 alias
2082 2213 2363 2280 sigillatim
2416 2213 2484 2246 989
2514 2216 2790 2282 repositas,
2819 2230 2944 2268 cum
2968 2220 3199 2285 propriis
3234 2223 3544 2276 annotatio-

1920 2303 2100 2370 nibus,
2154 2305 2485 2359 diversorum
2525 2312 2841 2361 sanctorum
2891 2308 3147 2377 reliquias
3185 2314 3423 2380 accepit;
3482 2316 3544 2367 in

1920 2395 2113 2463 quibus
2157 2398 2543 2451 elsandalium
2572 2396 2642 2430 99°
2689 2399 2868 2452 sancti
2912 2398 3189 2467 Stephani.
3220 2405 3541 2459 chomnia

1918 2498 2015 2552 per
2070 2482 2392 2541 Willardum
2441 2487 2770 2541 monachum
2808 2491 2986 2543 Mauri
3024 2495 3339 2546 monasterii
3394 2492 3536 2563 (952)

1922 2581 2087 2633 missa
2124 2582 2273 2633 sunt.

1995 2667 2070 2721 De
2109 2674 2299 2721 sancto
2340 2665 2632 2723 Vincentio
2672 2669 2957 2739 episcopo.
3013 2673 3256 2728 Alterum
3289 2683 3545 2730 sanctum

1924 2761 2260 2815 Vincentium
2306 2760 2606 2828 episcopum
2629 2775 2698 2815 ea:
2718 2766 3045 2820 monasterio
3087 2766 3318 2834 quodam
3354 2770 3413 2822 in
3460 2783 3549 2824 co-

1919 2851 2122 2903 mitatu
2154 2848 2339 2903 Urbini
2359 2864 2391 2902 a
2422 2852 2677 2904 Ravenna
2701 2853 2936 2908 miliario
2965 2855 3079 2920 fere
3104 2857 3548 2924 quinquagesimo

1914 2946 2083 3012 juxta
2142 2946 2359 2996 Petram
2393 2947 2671 3010 pertusam
2697 2943 2867 3015 (953),
2918 2946 2986 3000 ab
3025 2946 3217 3001 abbate
3244 2948 3401 3003 rebus
3438 2964 3543 3003 ne-

1925 3037 2166 3090 cessariis
2221 3037 2384 3088 nimis
2432 3038 2639 3103 attrito,
2696 3039 2824 3105 quia
2876 3039 3029 3093 aliud
3072 3041 3210 3108 quod
3245 3041 3398 3096 daret
3454 3057 3549 3110 pro

1924 3126 2245 3179 relevatione
2269 3123 2335 3157 99‘
2368 3124 2467 3179 loci
2489 3139 2600 3179 non
2653 3125 2937 3193 habuerat,
2960 3132 3175 3196 partem
3217 3131 3393 3197 primo
3415 3132 3547 3201 offe-

1924 3223 2096 3283 rente,
2150 3221 2228 3271 set
2279 3220 2499 3271 Bertrao
2562 3217 2694 3271 illuc
2743 3220 2923 3285 misso,
2971 3220 3253 3289 multaque
3302 3228 3420 3276 arte
3470 3222 3541 3256 99’

1924 3316 2144 3365 strenue
2191 3314 2381 3376 agente
2403 3311 2655 3377 percepit.
2698 3313 2871 3380 Hujus
2925 3313 3226 3380 passionem
3262 3313 3545 3384 descripsi-

1926 3414 2068 3454 mus.
2098 3401 2194 3452 Hic
2210 3412 2305 3466 per
2331 3402 2626 3453 [inmanem
2651 3402 2898 3453 comitem
2934 3401 3129 3455 missus
3146 3406 3268 3456 est..

2003 3489 2079 3542 De
2112 3486 2318 3541 sanctis
2351 3485 2579 3540 Leontio
2620 3492 2674 3539 et
2705 3485 3022 3557 Carpoforo.
3070 3492 3268 3546 Civitas
3326 3495 3551 3548 Vincen-

1934 3584 2013 3635 tia
2049 3585 2127 3634 est
2154 3592 2265 3631 non
2290 3575 2360 3609 993
2402 3577 2556 3644 longe
2591 3592 2623 3630 a
2659 3580 2892 3643 Venetia,
2942 3579 3013 3630 ad
3046 3595 3213 3648 quam
3244 3583 3370 3637 olim
3407 3588 3547 3639 Lan-

1931 3670 2170 3739 gobardi,
2225 3670 2356 3722 dum
2408 3669 2629 3721 Italiam
2660 3670 2994 3736 invaderent,
3036 3674 3277 3738 primam
3332 3676 3553 3731 urbium

1928 3761 2131 3814 venisse
2164 3757 2444 3811 dicuntur.
2476 3759 2541 3809 In
2580 3770 2641 3810 ea
2680 3762 2891 3824 martyr
2935 3762 3179 3815 Leontius
3226 3768 3548 3820 monasterio

1929 3850 2120 3906 celebri
2154 3847 2534 3903 venerabatur.
2593 3850 2767 3915 Hujus
2818 3851 3088 3917 episcopus
3140 3853 3241 3906 loci
3293 3855 3551 3923 reliquias

1929 3948 2107 3998 nostro
2144 3941 2567 3995 reverentissimo
2612 3941 2854 4007 prtesuli,
2907 3943 2956 3994 si
2982 3954 3082 4008 pro
3110 3956 3277 3997 causa
3302 3960 3407 3999 sua
3434 3948 3547 3999 im-

1926 4035 2257 4104 peratoriam
2312 4030 2700 4098 interpellasset
2789 4033 3125 4100 majestatem
3154 4077 3170 4100 ,
3225 4040 3547 4104 repromisit.

1933 4131 2049 4179 Mox
2095 4127 2256 4178 misso
2314 4124 2445 4176 illuc
2501 4123 2762 4177 Rothardo
2814 4123 3056 4191 diacono,
3110 4140 3235 4179 cum
3279 4130 3551 4198 episcopus

1932 4215 2171 4268 nimium
2197 4226 2252 4266 se
2286 4211 2494 4277 fecisset
2538 4211 2816 4277 difﬁcilem
2854 4214 2911 4265 in
2965 4212 3161 4279 dando,
3190 4221 3387 4283 praeter
3413 4217 3552 4285 quod

1934 4303 2225 4356 dumtaxat
2253 4301 2593 4368 promiserat,
2627 4300 2845 4353 tandem
2891 4303 3152 4355 continua
3193 4302 3259 4336 99‘
3288 4307 3551 4373 exigentis

210 4399 546 4467 episcopatus
596 4395 684 4448 sui
721 4395 783 4446 in
825 4393 1020 4446 honore
1055 4390 1234 4443 sancti
1265 4388 1526 4441 Vincentii
1573 4388 1725 4451 esset,
1784 4396 1823 4435 ei

1935 4394 2106 4446 victus
2130 4390 2416 4455 instantia,
2436 4393 2632 4456 praeter
2641 4404 2819 4456 pauca
2828 4388 2933 4443 sibi
2935 4392 3163 4459 pignera
3178 4399 3408 4461 retenta,
3430 4396 3553 4449 reli-

211 4455 346 4545 dnte
377 4455 529 4543 breve
563 4491 789 4554 tempus,
818 4498 945 4538 cum
968 4481 1161 4552 quibus
1201 4484 1471 4548 potuerat,
1508 4478 1647 4531 diem
1700 4490 1823 4543 quoa

1936 4500 2105 4555 quum
2142 4485 2372 4552 corporis
2402 4455 2574 4537 totum
2601 4455 2831 4550 largitus
2859 4455 2952 4537 est:
2984 4455 3138 4540 {tunc
3157 4492 3209 4540 et
3236 4488 3305 4521 ⁹⁹⁵
3333 4455 3552 4543 beatum

210 4600 342 4641 eum
380 4588 699 4652 excepturus
746 4585 879 4635 esset
926 4581 1219 4633 statuerat.
1275 4575 1366 4630 Sel
1424 4575 1639 4628 Domino
1690 4571 1835 4625 οναί-
1934 4577 2287 4645 Carpoforum
2312 4579 2698 4643 Romwpassos,
2726 4575 2794 4628 ab
2814 4576 2998 4629 eadem
3022 4578 3238 4632 civitate
3255 4594 3365 4633 non
3393 4579 3552 4650 longa

210 4680 406 4742 nauta,
434 4678 496 4728 ut
516 4676 576 4727 in
622 4674 927 4730 crastinum
954 4670 1044 4724 ille
1084 4667 1419 4732 maduerat,
1453 4669 1606 4719 nocte
1627 4675 1832 4732 praece-
1936 4673 2066 4721 ante
2116 4672 2353 4733 tempora
2403 4664 2713 4730 translatos,
2771 4666 2957 4719 incon
3001 4668 3416 4737 asseverabant;
3458 4670 3555 4724 ubi

211 4770 366 4824 denti
413 4783 449 4820 a
499 4771 695 4820 nostris
755 4765 1189 4833 {rmoccupatum
1240 4763 1336 4812 est.
1396 4760 1503 4811 Hoc
1547 4757 1726 4812 clerici
1774 4757 1839 4810 de
1936 4766 1987 4814 et
2013 4758 2187 4813 nobile
2210 4756 2480 4826 quondam
2515 4758 2907 4810 monasterium
2933 4761 3111 4812 sancti
3137 4760 3318 4816 Felicis
3346 4762 3553 4817 viseba-

213 4868 400 4920 monte
436 4860 708 4917 Romarici
731 4856 874 4928 (949)
907 4857 1170 4911 tulerunt.
1940 4857 2050 4917 tur,
2084 4847 2176 4902 ubi
2216 4852 2266 4900 et
2317 4847 2493 4915 primo
2536 4846 2794 4900 reconditi
2851 4846 3187 4912 ferebantur.
3238 4853 3325 4905 Set
3374 4866 3431 4908 eo
3483 4853 3552 4908 ab

1570 4960 1789 5015 VARl/E
1828 4956 2204 5015 LECTIONES.

289 5070 361 5106 ⁸⁷⁸
404 5085 477 5123 m.
506 5082 769 5140 magnum
824 5065 940 5140 eti.
988 5063 1074 5140 3.Δ
1125 5061 1392 5140 "iacetio
1423 5060 1475 5113 3.
1526 5058 1807 5140 Δοθιωςξίβ.
1890 5058 1960 5092 ⁹⁸²
1985 5055 2321 5140 ξυὶῑυιὶξαβ..
2370 5050 2697 5140 "fuitalia‘c.
2863 5053 3154 5109 veteratini
3187 5055 3242 5114 3.
3329 5059 3399 5094 9⁸⁵
3420 5076 3551 5116 are-

214 5144 369 5197 tinus
389 5122 441 5195 3.
476 5144 528 5193 et
557 5122 744 5208 supra.
834 5137 905 5172 9“
930 5135 1015 5208 sui
1044 5133 1112 5208 3.4
1149 5131 1419 5208 ίοετΑΧιιιηο
1442 5148 1492 5186 c.
1525 5129 1578 5187 3.
1613 5130 1720 5208 ":33
1742 5128 2091 5208 Emerentia?
2119 5198 2148 5208 __
2184 5126 2253 5161 9“
2279 5124 2600 5208 singillatim
2731 5194 2746 5208 ‘
2767 5122 3210 5208 9°°_scandalium
3225 5128 3277 5183 3.
3381 5131 3445 5166 99‘
3469 5134 3552 5187 ita

216 5193 438 5269 iii-Eia}
468 5193 811 5265 revelatione
836 5224 883 5264 c.
916 5207 969 5264 3.
1046 5205 1116 5240 ⁹⁹²
1136 5207 1217 5258 ita
1240 5202 1293 5259 3.
1328 5217 1454 5257 arce
1479 5217 1525 5254 e.
1612 5199 1681 5233 “93
1710 5215 1780 5254 ne
1800 5216 1846 5254 c.
1908 5200 1977 5233 θοι
2005 5198 2265 5271 contigua
2289 5212 2336 5251 c.
2372 5193 2485 5230 ""5
2512 5199 2596 5249 ita
2623 5193 2675 5251 3.
2708 5194 2851 5250 deest
2879 5209 2929 5250 c.

1792 5307 2000 5363 ΝΟΤᾹΞ.

2018 5405 2164 5475 (9ὕ1)
2187 5404 2332 5458 Orta.

2024 5472 2173 5545 (952)
2207 5475 2605 5545 Maurmunster
2633 5475 2689 5529 in
2721 5472 2941 5529 Alsatia.

2011 5544 2256 5614 (933)Αὰ
2286 5544 2586 5599 Metaurum
2624 5545 2895 5612 ﬂumen,a
2929 5545 3161 5604 meridie
3180 5549 3397 5605 Urbini.

294 5420 350 5491 (9
362 5419 442 5481 47)
469 5417 724 5491 Cortona.

293 5488 442 5559 (948)
472 5488 552 5542 Ad
573 5488 916 5543 Vulturnum.

313 5558 440 5628 949)
472 5558 871 5615 Remiremont.

316 5632 449 5699 950)
483 5628 658 5683 Farfa.

631 5770 927 5832 PATROL.
977 5764 1177 5829 CLX.
3163 5756 3246 5817 23
