3960 6198
422 313 526 370 715

1620 299 1969 355 SIGEBERTI
2012 295 2526 351 GEMBLACENSIS.

3644 306 3746 360 ’716

425 446 635 513 Ungris,
662 444 757 511 qui
778 454 915 510 pene
931 439 1167 494 locorum
1196 440 1432 506 ipsorum
1456 437 1624 490 vicini
1659 439 1809 500 sunt,
1833 437 2039 498 exusto,
2069 435 2117 500 Α
2143 434 2198 481 et
2224 426 2465 481 Terentii
2500 426 2766 499 reliquias
2793 444 2916 483 cum
2942 429 3230 486 Vincentio
3252 438 3491 504 martyre
3508 442 3565 490 et
3586 435 3768 495 levita.

423 543 584 605 atque
609 534 827 589 assidua
858 532 1168 586 incursione
1205 543 1387 582 eorum
1428 527 1825 595 reparationem
1860 524 2041 591 prohi-

423 625 597 690 bente,
620 626 691 677 ad
717 622 891 676 sedem
937 618 1283 688 episcopalem
1334 616 1488 681 infra
1528 615 1715 668 urbem
1742 612 1840 666 sub
1873 614 2047 665 altare

424 722 645 791 depositi
668 725 798 775 sunt
814 718 903 772 “96.
940 717 1081 771 Unde
1108 722 1158 769 et
1180 716 1447 784 pra/"atus
1476 712 1771 766 Rothardus
1788 711 2045 763 diaconus

422 817 682 866 sanctum
711 808 925 877 quidem
955 807 1231 860 Leontium
1269 807 1459 867 totum,
1499 803 1677 855 sancti
1704 813 1824 852 vero
1850 802 2046 865 Carpo-

428 905 538 971 fori
565 902 820 969 reliquias
857 914 966 954 non
1003 898 1237 951 modicas
1276 893 1343 947 ab
1392 894 1500 961 ipso
1524 907 1626 959 quo
1654 889 2049 943 claudebantur

421 993 674 1060 sumpsit,
705 991 872 1043 altari
908 988 1145 1055 effracto,
1184 984 1478 1053 sepulchro.
1530 983 1835 1035 Passionem
1862 994 2047 1033 eorum

426 1084 675 1139 incendio
709 1083 968 1150 deperisse
1017 1080 1293 1133 dixerunt.
1341 1076 1547 1131 Natalis
1583 1090 1769 1129 eorum
1821 1073 1888 1127 13
1930 1073 2043 1126 Kal.

426 1175 656 1242 Augusti
683 1172 1003 1227 celebratur.
1041 1170 1205 1223 Teudo
1229 1168 1420 1221 detulit
1440 1181 1540 1222 eos.

498 1262 572 1316 De
632 1267 820 1314 sancta
877 1257 1042 1311 Lucia
1088 1256 1297 1327 virgine
1337 1264 1391 1309 ct
1444 1262 1699 1325 martyre.
1750 1257 1943 1320 Magna
1997 1257 2048 1305 et

428 1355 750 1410 universalis
805 1352 1054 1405 (ecclesiae
1098 1350 1402 1404 celebritate
1440 1347 1800 1402 memorabilis
1823 1349 1969 1413 virgo
1998 1349 2049 1397 et

425 1449 638 1512 martyr
667 1442 829 1495 Lucia
850 1442 1210 1507 Syracusana,
1230 1453 1331 1506 quo
1360 1438 1545 1492 ordine
1563 1437 1631 1489 ad
1652 1437 1821 1489 nostri
1845 1436 2049 1501 religio-

423 1535 624 1590 sissimi
647 1532 714 1567 99"
732 1533 976 1601 pm’sulis
994 1531 1365 1584 avidissimum
1381 1529 1708 1582 devotionem
1724 1527 2045 1595 pervenerit,

428 1631 713 1698 Wigericus
731 1626 1001 1696 presbyter
1026 1632 1224 1692 noster,
1259 1631 1390 1678 tunc
1413 1626 1647 1679 cantoris
1677 1638 1827 1676 nunc
1863 1627 2039 1676 custo—

419 1722 500 1776 dis
538 1720 681 1775 beati
708 1721 964 1787 Stephani
990 1719 1233 1784 ofﬁcium
1254 1733 1460 1786 gerens,
1502 1719 1596 1785 qui
1635 1731 1699 1769 ea
1735 1731 1894 1770 sacra
1923 1730 2039 1769 ossa

420 1813 675 1867 manibus
711 1811 780 1866 ab
816 1813 952 1880 ipsa,
991 1826 1098 1879 qua
1126 1825 1237 1864 non
1265 1811 1365 1864 levi
1400 1811 1706 1863 munimine
1734 1807 2041 1873 artabatur,

424 1902 620 1955 extulit
651 1916 816 1965 urna,
870 1914 1027 1967 quem
1067 1902 1199 1953 satis
1232 1904 1363 1952 tutae
1409 1898 1534 1961 ﬁdei
1587 1902 1814 1962 constat,
1873 1895 2043 1963 quibit

423 2004 702 2058 exponere.
764 1993 839 2041 Ea
866 1991 925 2042 in
962 1989 1189 2053 Corﬁnio
1240 1987 1330 2053 "8,
1367 2003 1486 2056 quae
1521 1993 1672 2041 vetus
1698 1987 1820 2041 olim
1851 1988 2039 2038 civitas

423 2078 627 2143 fuerat,
668 2091 820 2131 nunc
849 2081 957 2130 tota
982 2077 1189 2143 diruta,
1221 2076 1539 2144 quiescebat.
1572 2076 1651 2128 Ad
1676 2090 1833 2143 quem
1863 2076 2039 2128 locum

423 2180 545 2220 eam
580 2166 643 2220 de
694 2166 877 2220 Sicilia
921 2167 1089 2232 fuisse
1137 2166 1463 2219 translatam
1523 2180 1558 2218 a
1604 2164 1860 2218 Faroaldo
1905 2178 2036 2231 quo-

421 2261 547 2314 dam
577 2260 710 2314 duce
759 2259 1043 2328 Spoletina,
1074 2274 1194 2314 vere
1244 2260 1394 2313 nobis
1423 2264 1689 2312 assertum
1742 2263 1836 2311 est.
1889 2261 2038 2311 Hanc

423 2353 597 2421 ipsam
632 2354 1032 2421 Syracusanam
1058 2366 1183 2418 esse,
1214 2352 1279 2404 de
1302 2366 1408 2419 qua
1438 2351 1772 2419 responsoria
1800 2354 1849 2403 et
1888 2351 2038 2401 anti-

416 2445 608 2513 phonte
660 2444 981 2513 generaliter
1049 2459 1173 2498 cum
1226 2445 1391 2498 missa
1448 2443 1643 2511 ubique
1718 2447 2035 2507 canuntur,

419 2535 529 2602 ipse
555 2533 623 2567 99°
652 2535 923 2602 episcopus
966 2534 1066 2588 loci
1088 2549 1263 2588 manu
1289 2548 1391 2587 sua
1424 2538 1609 2587 sancto
1638 2532 1910 2600 evangelio
1933 2547 2038 2600 ap-

413 2624 589 2690 posita
623 2623 983 2688 conﬁrmavit.

488 2716 564 2771 De
605 2716 865 2771 craticula
916 2712 1087 2771 sancti
1148 2716 1444 2771 Laurentii.
1513 2722 1645 2771 Cum
1675 2720 1795 2786 jam
1850 2721 2035 2781 Roma,

2145 518 2446 581 Feliciano,
2484 519 2697 586 Eutice,
2731 521 2969 591 Elpidio,
3022 522 3392 594 Asclepiotate
3446 536 3501 582 et
3542 529 3773 585 catbena

2145 608 2321 661 sancti
2354 607 2518 672 Petri,
2576 609 2643 662 18
2676 609 2789 663 Kal.
2821 608 2947 663 Maii
2986 611 3152 665 nobis
3182 612 3252 666 ab
3288 628 3355 668 eo
3386 614 3605 681 missas,
3658 617 3771 688 ipsa

2148 700 2223 754 rei
2257 700 2465 755 indicat
2502 702 2724 757 veritas.
2761 704 2959 758 Horum
2986 711 3040 759 et
3068 706 3364 776 passiones
3395 707 3701 779 descripsit
3720 718 3771 766 et

2148 803 2292 859 diem
2324 806 2599 876 passionis
2641 807 2728 861 vel
2785 808 3160 880 depositionis
3211 813 3533 880 annotavit;
3588 814 3774 871 Fortu-

2149 895 2261 949 nati
2320 895 2533 950 scilicet
2572 897 2604 951 3
2642 897 2755 951 Kal.
2787 898 2939 967 Julii,
2987 900 3243 968 Miniatis,
3304 903 3336 958 8
3396 903 3512 958 Kal.
3550 905 3778 962 Noveru-

2148 990 2283 1057 bris,
2343 992 2561 1046 illorum
2621 1010 2751 1049 vero
2808 994 2843 1050 5
2896 996 3167 1053 Kalendas
3218 998 3488 1057 Octobris.
3546 1003 3776 1079 Pignera

2149 1097 2371 1153 quoque
2417 1083 2696 1147 Quintiani
2743 1087 3050 1159 presbyteri
3104 1097 3161 1145 et
3220 1094 3479 1163 martyris
3554 1094 3626 1150 de
3685 1096 3774 1152 Al-

2150 1179 2231 1225 tro
2288 1171 2431 1242 (954)
2485 1170 2796 1243 Campania:
2837 1175 3087 1244 civitate,
3129 1186 3184 1233 et
3222 1179 3487 1235 Florentii
3525 1184 3779 1255 martyris

2150 1267 2220 1319 de
2290 1266 2404 1321 Tile
2454 1276 2632 1323 castro
2697 1269 2840 1340 (955)
2900 1271 3129 1327 sedulus
3194 1283 3509 1332 sanctorum
3569 1288 3781 1335 amator

2151 1358 2446 1424 transtulit,
2471 1367 2625 1432 gesta
2656 1369 2838 1416 tamen
2882 1363 3161 1431 passionis
3202 1381 3311 1421 non
3373 1369 3574 1435 attulit,
3628 1370 3773 1426 diem

2152 1454 2359 1504 tantum
2402 1451 2677 1520 passionis
2718 1453 2941 1521 retulit;
2985 1454 3264 1520 Quintiani
3307 1458 3341 1513 3
3399 1460 3586 1516 Nonas
3625 1461 3775 1531 Julii,

2150 1541 2381 1597 alterius
2418 1543 2451 1597 6
2482 1543 2596 1598 Kal.
2630 1545 2972 1602 Novembris.

2214 1634 2303 1686 17.
2362 1640 2434 1689 De
2480 1637 2639 1691 laude
2686 1639 2833 1693 urbis
2894 1639 2986 1673 ¹⁰⁰³
3048 1645 3333 1699 Mettensis.
3387 1643 3602 1701 Gratias
3672 1648 3771 1703 tibi

2070 1743 2118 1811 Β
2147 1731 2335 1779 sancta
2366 1733 2420 1781 et
2459 1727 2744 1783 individua
2773 1730 3028 1795 Trinitas,
3060 1750 3183 1804 qua:
3206 1734 3622 1793 inaestimabiles
3653 1741 3773 1810 pie-

2145 1817 2273 1871 tatis
2297 1826 2403 1873 tuae
2431 1820 2638 1891 ubique
2658 1828 2925 1878 terrarum
2952 1823 3270 1882 diffundens
3294 1828 3533 1897 divitias,
3567 1832 3775 1889 incom-

2145 1907 2422 1976 parabiles
2457 1909 2583 1964 huic
2607 1911 2729 1965 urbi
2757 1913 3142 1983 copiosissime
3175 1920 3497 1988 praeparasti
3531 1921 3771 1979 delitias.

2140 1994 2383 2070 Singulae
2413 1998 2661 2054 civitates
2688 2001 2934 2073 gaudent
2962 2004 3317 2076 singulariter
3341 2009 3410 2063 de
3432 2009 3650 2065 collatis
3663 2013 3768 2067 sibi

2138 2084 2399 2141 divinitus
2429 2089 2620 2142 salutis
2658 2106 2772 2145 sua:
2813 2094 3215 2162 provisoribus,
3254 2105 3310 2151 et
3369 2114 3609 2169 quorum
3651 2102 3770 2176 glo-

2138 2175 2299 2231 riosis
2356 2195 2416 2232 se
2475 2181 2845 2237 meminerunt
2902 2184 3204 2243 illustratos
3269 2175 3764 2265 confessionibus,

2143 2284 2330 2323 eorum
2364 2271 2471 2341 piis
2496 2289 2555 2326 se
2587 2274 2819 2330 credunt
2856 2275 3200 2345 adjuvandos
3239 2281 3758 2342 intercessionibus.

2138 2362 2363 2435 Aliquas
2419 2366 2582 2420 etiam
2616 2376 2913 2440 martyrum
2953 2371 3195 2443 gloriosa
3249 2376 3475 2431 victoria
3509 2390 3763 2446 exornat,

2136 2462 2220 2509 set
2246 2470 2347 2510 vox
2377 2460 2664 2531 sanguinis
2693 2476 2883 2516 eorum
2916 2462 2990 2517 ibi
3034 2480 3135 2534 pro
3157 2466 3478 2525 testimonio
3510 2471 3763 2527 veritatis

2136 2543 2295 2600 effusi
2335 2546 2517 2603 adhuc
2573 2549 2643 2604 de
2674 2556 2819 2605 terra
2848 2552 2916 2606 ad
2970 2552 3142 2608 Deum
3187 2556 3407 2625 clamat,
3460 2559 3759 2616 vindictam

2135 2636 2467 2704 expostulat,
2501 2645 2555 2692 et
2585 2638 2758 2692 divini
2792 2641 3041 2711 responsi
3074 2644 3444 2713 promissione
3483 2650 3760 2721 suspensi,

2140 2721 2367 2778 fratrum
2399 2742 2624 2781 suorum
2659 2727 2876 2798 impleri
2909 2746 3200 2787 numerum
3231 2742 3503 2805 expectat.
3540 2738 3765 2810 Excepit

414 2811 574 2877 regiis
603 2808 814 2863 nubciis
843 2807 934 2841 ¹⁰⁰⁰
964 2809 1039 2863 ibi
1082 2812 1292 2876 ingenti
1328 2810 1499 2877 gloria
1524 2812 1756 2878 peractis
1801 2810 2039 2863 reditum
2138 2826 2193 2872 et
2226 2818 2344 2873 haec
2381 2819 2572 2874 civitas
2599 2821 2799 2877 missos
2838 2823 2905 2876 ad
2940 2839 2999 2877 se
3040 2826 3358 2896 prophetas,
3398 2807 3764 2901 sapientes—ct

413 2903 475 2954 in
492 2902 734 2968 patriam
772 2901 1190 2968 disponeremus,
1222 2902 1415 2955 ultimo
1443 2901 1694 2965 beneﬁcio
1723 2915 1884 2969 eoque
1910 2900 2035 2969 plu-
2136 2910 2363 2977 scribas,
2391 2920 2445 2966 et
2475 2912 2581 2968 cito
2623 2928 2966 2987 cognoscens
2996 2924 3219 2988 tempus
3256 2936 3369 2974 suae
3395 2922 3757 2994 visitationis,

411 2991 563 3047 ribus
595 2994 875 3060 copiosiore
901 2991 1267 3047 'venerabilem
1304 2994 1592 3062 prcesulem
1635 2994 1863 3047 domnus
1890 3010 2033 3062 papa
2136 3008 2191 3054 et
2216 3000 2374 3055 avide
2405 3002 2657 3072 amplexa
2686 3003 2869 3058 lumen
2933 3006 3059 3060 novi
3110 3007 3447 3077 splendoris,
3495 2991 3764 3084 depulita

409 3086 474 3139 de
499 3090 735 3154 quatuor
758 3084 1092 3153 portionibus
1136 3086 1415 3139 craticulce
1441 3088 1623 3141 sancti
1662 3089 1944 3141 Laurentii
1963 3087 2035 3141 lo-
2059 3119 2106 3186 Ο
2135 3107 2194 3145 se
2225 3093 2484 3149 tenebras
2515 3094 2804 3152 inveterati
2837 3099 3079 3165 erroris;
3125 3109 3320 3157 etcum
3354 3104 3543 3160 nullus
3577 3108 3761 3175 justus

409 3172 768 3243 cupletissime
791 3173 1110 3226 cumulavit.
1144 3178 1247 3228 Eas
1281 3174 1578 3243 Wigericus
1630 3191 1756 3230 cum
1791 3179 2038 3231 Johanne
2062 3172 2105 3186 ν
2135 3183 2361 3253 sanguis
2384 3200 2554 3255 super
2580 3202 2701 3239 eam
2729 3193 2994 3243 venturus
3022 3189 3114 3255 sit,
3157 3191 3366 3263 quippe
3398 3211 3522 3266 quae
3555 3172 3760 3253 nullius

407 3263 671 3317 monacho
699 3260 767 3315 ab
805 3263 921 3329 ipsa
958 3277 1115 3315 sacra
1152 3268 1302 3317 crate
1352 3264 1701 3318 extuderunt.
1758 3270 1878 3319 Haec
1914 3280 2034 3320 vero
2135 3271 2393 3345 sanguini
2420 3272 2720 3344 aliquando
2748 3292 2807 3330 se
2832 3277 2919 3331 vel
2949 3276 3091 3333 filios
3117 3260 3597 3339 suos—devoverit:
3638 3287 3757 3358 glo-

406 3356 638 3423 fuerunt
658 3357 838 3423 capita
856 3356 1157 3422 virgarum,
1180 3371 1298 3424 qum
1323 3355 1815 3424 per'transversum
1831 3362 2030 3428 jacue-
2134 3358 2310 3414 riosos
2366 3370 2548 3416 tamen
2582 3371 2851 3435 martyres
2880 3374 3183 3437 praesentes
3209 3368 3396 3437 habet,
3455 3355 3668 3443 quibus
3698 3391 3756 3430 se

402 3450 537 3499 rant
574 3445 727 3498 costis
782 3444 1133 3498 exterioribus
1189 3446 1383 3509 inﬁxa.
1420 3451 1554 3500 Nam
1609 3448 1774 3515 virgae
1826 3462 2028 3515 omnes,
2130 3449 2217 3502 vel
2249 3448 2393 3504 filios
2447 3466 2577 3506 suos
2610 3454 2984 3509 commendet.
3029 3454 3157 3510 Cum
3213 3457 3443 3525 nullius,
3503 3459 3751 3533 inquam,

403 3549 526 3604 quae
560 3546 657 3588 sea:
680 3534 740 3585 in
765 3546 829 3586 ea
852 3533 1097 3599 fuerant,
1119 3536 1243 3602 jam
1272 3534 1396 3588 inde
1434 3551 1468 3588 α
1492 3535 1712 3591 diversis
1733 3538 2030 3606 apostolicis
2129 3543 2354 3616 sanguis
2409 3561 2441 3599 a
2499 3548 2857 3618 generatione
2899 3549 3001 3604 ista
3038 3550 3377 3622 requiratur,
3435 3562 3749 3612 sanctorum

403 3639 439 3677 a
487 3628 694 3676 vetusto
721 3628 951 3690 tempore
991 3623 1285 3691 quibusque
1328 3625 1539 3694 regibus
1563 3633 1723 3680 erant
1749 3628 1885 3682 dono
1921 3628 2028 3682 col-
2128 3640 2423 3704 martyrum
2456 3650 2690 3706 corpora
2719 3637 2805 3691 vel
2842 3638 3104 3709 reliquias
3146 3656 3207 3695 se
3246 3650 3571 3698 reverenter
3627 3661 3750 3700 ser-

399 3710 549 3779 latce,
574 3725 604 3765 e
636 3709 723 3744 ¹⁰⁰¹
749 3711 942 3780 quibus
972 3726 1105 3779 una,
1128 3729 1247 3782 quae
1275 3715 1451 3770 adhuc
1477 3723 1607 3771 ante
1624 3733 1824 3785 paucos
1850 3733 2021 3772 annos
2121 3744 2252 3782 vare
2294 3729 2580 3803 gloriatur.
2624 3730 2835 3787 Idcirco
2893 3741 3136 3788 sanctam
3190 3734 3513 3792 Mettensem
3556 3739 3751 3795 thclc-

396 3812 694 3878 supererat,
756 3822 957 3876 magno
1010 3810 1321 3878 imperatori
1356 3813 1534 3866 Ottoni
1598 3812 1665 3865 ab
1730 3816 2020 3869 Octaviano
2120 3820 2256 3876 siam
2304 3822 2535 3877 dixerim
2580 3840 2708 3879 vere
2740 3824 2975 3892 felicem,
3011 3842 3134 3897 qua;
3173 3828 3368 3884 sortita
3408 3846 3440 3884 a
3471 3832 3587 3886 Deo
3619 3832 3746 3887 ﬁdei

396 3907 641 3950 concessa
686 3902 780 3951 est.
840 3902 933 3951 Ha:
990 3898 1124 3952 dum
1186 3902 1617 3957 extunderentur
1673 3902 1786 3971 ¹⁰⁰²,
1845 3910 2014 3960 costas

390 3986 662 4053 praprius,
693 3988 1024 4043 intrinsecus
1051 3991 1252 4057 capita,
1284 4005 1402 4058 qua:
1428 3993 1579 4058 infra
1608 3993 1822 4058 fortiter
1859 4000 2012 4048 tene-

395 4075 618 4146 bantur,
674 4088 1073 4138 remanserant.
1142 4086 1268 4147 Quae
1320 4090 1524 4152 tamen,
1579 4088 1722 4153 ferro
1779 4092 2012 4157 apposito

390 4181 567 4222 manu
600 4182 868 4238 percusso,
910 4172 1033 4226 licet
1081 4171 1339 4228 laborioso
1375 4177 1680 4243 conamine,
1746 4182 1879 4231 sunt
1934 4179 2015 4233 di-

391 4273 575 4314 εοιιδεα
585 4301 596 4313 .

464 4349 615 4405 Hanc
663 4352 889 4423 quidem
923 4352 993 4409 de
1020 4355 1376 4412 translatione
1411 4364 1722 4414 sanctorum
1756 4376 1786 4413 a
1837 4361 2013 4430 majo-

2116 3912 2467 3981 arrabonem,
2517 3915 2724 3990 gaudet
2777 3915 2885 3971 sibi
2938 3932 3037 3986 per
3074 3915 3268 3973 fideles
3325 3919 3745 3991 dispensatores

2114 4007 2475 4078 centuplicari
2555 4009 2857 4080 spiritualis
2934 4010 3079 4066 dotis
3168 4027 3285 4067 suae
3345 4015 3738 4084 quantitatem.

2117 4099 2354 4155 Proinde
2420 4102 2610 4157 laetare
2662 4101 2839 4159 fausta
2911 4102 3449 4162 Mediomatricorum
3508 4108 3740 4166 civitas!

2119 4187 2292 4243 Etiam
2319 4198 2487 4260 atque
2516 4190 2678 4244 etiam
2712 4191 2999 4256 meditare,
3033 4192 3164 4263 quid
3195 4193 3285 4248 tali
3326 4195 3468 4260 viro,
3514 4197 3740 4255 Deode-

2115 4280 2289 4335 ricum
2320 4279 2468 4348 dico,
2500 4281 2728 4350 debeas,
2770 4283 2928 4352 cujus
2959 4283 3052 4355 pio
3078 4285 3260 4341 studio
3289 4292 3369 4342 tot
3391 4297 3739 4358 sanctorum,

2114 4378 2315 4442 preter
2356 4371 2741 4448 indigenarum
2766 4376 3091 4446 patrocinia,
3124 4378 3417 4449 suscepisti
3449 4380 3737 4453 reliquias,

390 4438 543 4494 ribus
572 4440 887 4511 accepimus
926 4443 1271 4499 relationem.
1328 4445 1431 4500 Cur
1466 4462 1596 4503 vero
1635 4450 1811 4504 sancti
1869 4449 2005 4505 FOP-
2034 4438 2167 4515 Det
2197 4470 2398 4531 praeter
2434 4438 2631 4517 nativae
2677 4463 2967 4532 ubertatis,
3001 4481 3109 4537 qua
3138 4464 3496 4539 singulariter
3531 4438 3736 4539 afﬂuis,

388 4533 563 4588 tunati
611 4533 922 4589 Tudertinae
962 4535 1113 4591 urbis
1145 4538 1414 4610 episc0pi,
1459 4540 1527 4594 de
1575 4556 1684 4612 quo
1717 4540 2012 4616 Gregorius

387 4620 445 4677 in
485 4624 707 4698 dialogo
738 4641 840 4683 suo
896 4628 1307 4683 memorabilem
1360 4629 1562 4686 indidit
1613 4633 2007 4703 narrationem,

387 4731 607 4773 necnon
647 4724 701 4773 et
725 4718 963 4774 Miniatis
990 4720 1267 4791 martyris,
1308 4723 1512 4777 nullam
1565 4722 1815 4780 fecerunt
1851 4743 2009 4781 men-

386 4805 618 4873 tionem,
672 4823 784 4863 non
833 4825 1059 4881 parvam
1103 4811 1304 4867 animis
1330 4813 1533 4868 nostris
1562 4814 1820 4889 ingerunt
1842 4833 2002 4873 com-

386 4898 713 4953 motionem.
737 4900 800 4956 Et
829 4901 1023 4957 horum
1048 4902 1260 4975 quippe
1296 4921 1531 4976 corpora
1553 4907 1621 4961 ab
1639 4908 1790 4964 [talia
1812 4910 1878 4964 ad
1905 4926 2005 4967 nos

384 4990 454 5045 ab
514 5007 582 5046 eo
639 4994 922 5063 translata,
992 4995 1102 5052 fide
1160 5013 1286 5053 vera
1368 5000 1668 5056 credimus.
1725 5002 2003 5059 Miniatem

2112 4551 2331 4622 copias;
2363 4550 2433 4606 ab
2456 4567 2522 4606 eo
2551 4559 2925 4623 augmentata,
2958 4556 3383 4624 caputextulisti
3402 4557 3549 4613 inter
3569 4560 3741 4616 urbes

2110 4642 2264 4697 alias.
2299 4645 2420 4714 Ipsa
2447 4660 2669 4715 quoque
2707 4645 2951 4701 nominis
3001 4646 3099 4713 tui,
3146 4648 3200 4701 id
3232 4656 3317 4703 est
3352 4649 3739 4707 Mediomatri-

2108 4735 2206 4801 cis,
2232 4736 2589 4808 ethimologia
2620 4753 2729 4794 non
2757 4737 2991 4795 dissidet
3018 4755 3050 4794 a
3081 4746 3188 4795 tua:
3220 4740 3502 4798 fclicitatis
3533 4745 3731 4816 gratia.

2107 4823 2261 4878 Sicut
2291 4825 2437 4879 enim
2478 4826 2695 4901 matrix-
2713 4842 2941 4897 puerum
2988 4829 3342 4901 amplectitur
3383 4839 3440 4887 et
3479 4832 3630 4890 fovet
3676 4835 3733 4888 in

2108 4916 2299 4971 matris
2337 4924 2515 4981 utero,
2546 4917 2627 4974 sic
2666 4926 2722 4974 tu
2763 4920 2868 4975 sita
2905 4920 2963 4975 in
3001 4922 3333 4991 meditullio,
3366 4925 3730 4999 circumposi-

2108 5014 2188 5063 tas
2218 5008 2476 5083 regiones
2500 5018 2835 5077 sustentans,
2890 5013 3253 5069 mercimonio
3283 5014 3470 5070 nativo
3512 5016 3599 5072 vel
3633 5016 3731 5071 ad-

381 5097 517 5138 vero
543 5098 667 5138 cum
695 5084 857 5141 Proto
884 5095 939 5142 et
988 5087 1203 5145 Jacinto
1234 5095 1289 5147 et
1314 5090 1603 5148 Vincentio
1635 5094 1896 5165 episcOpo
1935 5096 2003 5150 ad
2103 5107 2264 5155 vecto
2309 5099 2421 5170 “’0‘,
2468 5116 2561 5156 eas
2601 5101 3011 5173 quodammodo
3076 5101 3231 5159 foves
3278 5103 3406 5159 sinu
3453 5112 3727 5162 materno.

381 5187 485 5230 nos
514 5173 779 5246 delatum,
811 5177 846 5233 6
873 5177 1057 5233 Nonas
1086 5179 1213 5235 Julii
1265 5182 1517 5257 legimus.
1550 5183 1785 5240 Fidentii
1837 5187 1999 5242 etiam
2104 5189 2273 5246 Porro
2304 5192 2453 5264 quod
2479 5191 2662 5249 Mettis
2708 5194 2945 5261 vocaris,
2977 5194 3140 5266 vulgo
3171 5192 3344 5249 fertur
3384 5203 3441 5250 te
3482 5195 3730 5253 domina-

1741 5284 1960 5340 VARLE
1983 5286 2358 5344 LECTIONES.

446 5367 519 5458 ξοδ
551 5369 698 5424 deest
724 5369 779 5458 3¹ζ
858 5370 1413 5458 “alrfl'i'ogi‘ossim‘ihg.
1486 5377 1561 5458 ξπ
1591 5379 1837 5458 confinio
1864 5381 1918 5439 3.
1993 5383 2062 5418 9”
2095 5384 2327 5458 ipseque
2352 5386 2404 5443 3.
2487 5387 2581 5423 ¹⁰⁰⁰
2594 5404 2762 5444 manu
2789 5388 2843 5443 2.
2929 5386 3017 5423 ¹⁰⁰¹
3038 5389 3120 5443 ita
3151 5386 3206 5444 3.
3282 5395 3369 5444 est
3396 5405 3424 5446 ο
3508 5391 3603 5427 ¹⁰⁰²
3626 5407 3721 5447 ex-

376 5439 708 5515 tuderentur
745 5441 798 5496 3.
894 5440 988 5476 ¹⁰⁰³
1015 5439 1165 5499 08ἶὸ
1186 5461 1233 5500 c.
1314 5446 1404 5482 ¹⁰⁰⁸
1434 5449 1685 5507 advectio
1716 5468 1764 5509 c.

1949 5552 2156 5609 ΝΟΤΑΞ.

447 5637 606 5709 (954)
639 5637 833 5693 Alatri.

2161 5654 2309 5727 (955)
2329 5654 2483 5711 Thiel
2514 5656 2581 5712 ad
2597 5656 2823 5712 Mosam.
