3960 6198
160 351 250 410 -ΗἾ
1148 344 1303 400 νιτΑ
1343 337 1695 398 DEODERlCl
1737 340 2035 399 EPISCOPI
2076 344 2461 404 METTENSIS.
3376 366 3483 422 718

158 487 254 535 tam
280 491 310 531 a
341 474 707 529 Romanorum
742 471 883 527 duce
933 471 1099 528 Metio
1137 468 1402 527 Suﬁ‘ecto.
1436 467 1590 523 Unde
1632 465 1760 539 qui-
1786 470 1838 539 Α
1863 468 2023 525 Juxta
2054 477 2303 527 naturam
2334 480 2537 528 metata
2565 490 2718 530 suam
2749 480 3075 551 posituram,

159 574 270 629 dam
298 569 440 639 (956)
465 567 540 623 ait
572 584 586 621 :
1866 562 2057 619 Pulcra
2090 564 2275 634 placet
2303 566 2445 633 visu,
2468 576 2675 622 naturae
2701 571 2984 640 pulchrior
3008 591 3130 631 usu.

224 660 373 715 Alter
397 662 457 712 at
493 659 552 712 in
579 657 805 726 sceptris
829 659 1079 710 austrum
1108 656 1407 723 Sigibertus
1441 653 1655 721 agebat,
1866 654 2014 710 Colle
2044 656 2248 711 sedens
2280 658 2519 725 modico,
2540 661 2764 734 gemino
2794 665 3005 719 munita
3034 666 3275 735 ﬂuento;

221 752 481 823 Sit/rectus
510 751 731 805 dederat
761 766 950 805 nomen
975 752 1063 804 cui
1093 752 1291 805 Metius
1319 749 1469 803 urbe.
1686 764 1692 771 ·
1870 744 2116 798 Flumina
2143 746 2275 801 dant
2307 762 2573 817 murmur,
2606 749 2738 805 dant
2769 756 3183 829 prepugnacula
3221 757 3410 814 robur.

158 848 383 903 Tradunt
411 846 502 901 alii
540 846 646 902 hoc
682 844 918 900 disticon
966 850 1244 916 repertum
1274 844 1331 897 in
1369 841 1586 897 effossis
1623 847 1767 895 terra
1868 833 2127 901 Quatuor,
2160 851 2311 904 ecce,
2352 836 2541 909 plagas
2571 854 2670 909 per
2698 849 2935 912 quatuor
2974 845 3159 915 aSpice
3191 855 3412 916 portas:

159 936 418 1009 lapidibus
444 935 522 990 sic
552 934 890 1004 insculptum
924 951 940 1001 ;
1870 923 2091 979 Scilicet
2111 926 2404 993 anatolem,
2438 927 2608 997 disin,
2633 931 3031 1001 mesenbriam,
3064 945 3253 991 arcton

224 1032 464 1099 Tempore
488 1043 592 1097 quo
615 1028 796 1085 Caesar
833 1042 934 1081 sua
973 1026 1142 1081 Gallis
1173 1026 1364 1080 intum
1386 1040 1562 1087 arma,
1871 1017 2008 1081 Quid
2038 1018 2184 1073 videt
2211 1019 2513 1086 zecclesias,
2537 1022 2788 1078 ccelestes
2812 1025 3047 1081 aestimat
3075 1026 3249 1083 aulas.

226 1122 365 1175 Tunc
395 1118 863 1174 Mediomatricam
893 1118 1172 1185 superavit
1193 1117 1390 1170 Metius
1421 1114 1621 1168 urbem.
1875 1105 2000 1161 Cum
2035 1116 2162 1178 peto
2186 1108 2472 1179 primatem
2502 1110 2768 1182 Stephani
2803 1116 3261 1189 prothomartyris
3284 1119 3486 1193 andem,

164 1212 263 1267 Nec
299 1210 416 1265 sine
468 1208 706 1281 quodam
766 1207 1034 1283 praesagio
1090 1207 1190 1261 tibi
1231 1205 1500 1261 accidisse
1553 1203 1768 1268 credas,
1872 1196 1934 1250 Et
1961 1197 2123 1253 video
2153 1197 2382 1266 clerum,
2425 1199 2617 1255 videor
2655 1201 2790 1256 mihi
2821 1206 3088 1260 scandere
3119 1207 3338 1276 caelum,

165 1302 298 1375 quod
314 1310 516 1372 praeter
536 1301 654 1355 haec
666 1300 867 1355 usitata
887 1299 1155 1354 vocabula
1180 1307 1233 1353 te
1259 1298 1588 1352 Dividunum
1612 1294 1774 1350 tradit
1874 1284 2241 1357 Cwleslesque
2266 1288 2464 1343 ClIOI'OS
2492 1290 2760 1345 modulari
2794 1293 3027 1350 dulciter
3054 1311 3274 1366 ymnos.

162 1392 434 1449 vocitatam
476 1391 801 1462 antiquitas.
855 1390 1057 1445 Gallica
1101 1390 1250 1445 enim
1300 1389 1489 1462 lingua
1528 1393 1726 1442 monte:

1684 1402 1769 1440 em
1873 1375 1934 1429 Et
1963 1375 2079 1443 tibi,
2112 1376 2376 1447 Salvator,
2411 1394 2551 1435 nova
2581 1382 2784 1437 moenia
2803 1399 3032 1459 surgere
3053 1393 3243 1461 grator

163 1485 327 1541 vocari
366 1484 600 1545 dunum,
631 1483 899 1539 studiosis
951 1498 1062 1538 non
1102 1490 1186 1537 est
1225 1481 1589 1554 incognitum.
1634 1479 1768 1544 Qui-
1874 1464 2001 1529 Quae
2022 1466 2210 1536 ρδῑτίεέ
2240 1468 2516 1537 οοῙιιωθην
2543 1471 2667 1527 Viue
2705 1474 3012 1543 δρθοιαὺίιε
3034 1477 3279 1542 ϐυίῐῐιθη,
3386 1464 3398 1474 ⁸

166 1576 279 1630 dam
327 1576 395 1631 de
449 1574 753 1630 neutericis
810 1575 1226 1645 interpretatus,
1285 1590 1383 1629 cur
1419 1572 1607 1627 lledua
1637 1569 1769 1626 urbs
1869 1556 2076 1612 δίΓυΧίι
2102 1558 2375 1615 Ᾱάθιδθΐο
2406 1561 2548 1632 Pius;
2582 1578 2745 1619 omne
2766 1580 2866 1621 su0
2897 1566 3070 1622 decus
3092 1584 3232 1625 aevo.

162 1672 372 1720 vocetur
400 1664 869 1738 Augustidunum,
903 1663 1049 1719 inter
1077 1672 1275 1718 caetera
1301 1662 1380 1717 sic
1409 1662 1485 1716 ait
1516 1678 1528 1715 :

1870 1649 2104 1721 Virginis
2134 1667 2325 1724 agnus,
2361 1653 2500 1720 ovis,
2532 1662 2588 1710 et
2613 1671 2850 1727 sponsus
2880 1659 3233 1732 virginitatis,

230 1753 421 1809 Celtica
448 1756 620 1810 Roma
649 1753 839 1808 dehinc
866 1754 1036 1808 voluit
1059 1754 1301 1822 cepitque
1325 1753 1532 1817 uocari,
1804 1796 1851 1822 η
1879 1743 2170 1816 Virgineos
2202 1747 2473 1804 thalamos
2510 1748 2566 1803 in
2592 1750 2736 1806 trino
2767 1753 2991 1808 nomine
3014 1755 3187 1811 trinos

232 1796 421 1809 νηηνι.
448 1796 619 1810 ...παπ
650 1796 837 1808 sm...“
870 1796 1033 1808 ηπ...
1060 1796 1298 1822 “rm,”
1330 1796 1468 1805 νη...
1493 1796 1532 1817 -,
1952 1796 2167 1816 πη---
2207 1796 2472 1804 ---η----η
2510 1796 2566 1803 --
2767 1796 2991 1808 ............
3016 1796 3187 1811 ...μνυ

227 1846 667 1913 Augustidunum
696 1845 905 1899 demum
942 1849 1191 1914 concepta
1214 1846 1417 1908 vocari,
1803 1796 1854 1864 Β
1882 1834 2188 1891 Collocatin
2214 1839 2413 1894 mediis
2446 1841 2607 1910 hujus
2630 1842 2734 1897 sibi
2756 1844 3040 1900 mcenibus
3075 1846 3249 1902 urbis.

228 1936 459 2003 Augusti
489 1939 721 1989 montem
749 1934 894 2004 quod
931 1935 1193 2001 transfert
1221 1933 1419 1989 Celtica
1449 1933 1659 1999 lingua.
1871 1926 2040 1983 Mater
2061 1929 2214 2003 virgo
2237 1931 2333 1985 Dei
2354 1931 2412 1988 ﬁt
2438 1933 2633 1989 sedula
2674 1937 2924 2005 pronuba
2959 1938 3099 2006 nati,

169 2025 306 2080 Sicut
325 2040 454 2099 ergo
483 2024 933 2097 Augustidunum
971 2024 1414 2097 Augusti-mons,
1444 2022 1586 2076 sicut
1636 2020 1771 2074 Viri-
1873 2020 2118 2093 Claviger
2144 2023 2420 2079 aethereus
2451 2023 2510 2079 ﬁt
2540 2032 2595 2081 et
2627 2026 2747 2098 ipse
2775 2028 2869 2083 Dei
2902 2031 3322 2104 paranimphus,

168 2118 358 2172 dunum
416 2116 909 2172 Virorum-dunam
965 2115 1310 2171 nominatum
1344 2123 1448 2182 est,
1500 2114 1573 2169 ita
1618 2111 1767 2167 Divi—
1870 2111 2128 2185 Virginco
2156 2115 2346 2185 sponsi
2378 2116 2620 2173 thalamo
2659 2118 2884 2193 dignata
2913 2123 3146 2193 superni

170 2208 357 2264 denum
391 2209 552 2281 quasi
587 2208 1089 2264 Divorum-dunum
1131 2207 1463 2264 vocabulum
1503 2211 1773 2277 aucupata
1878 2208 2040 2284 Virgo
2079 2210 2429 2267 Glodesindis
2454 2213 2983 2285 canitepithalamia
3015 2217 3187 2290 regis,

170 2314 250 2364 es;
287 2314 395 2354 non
442 2298 627 2354 solum
677 2304 901 2369 prepter
945 2297 1232 2352 emeritam
1292 2296 1592 2352 incolarum
1646 2311 1777 2370 gla-
1876 2302 2028 2375 Agna
2059 2302 2276 2359 minans
2317 2306 2474 2376 (959)
2505 2322 2675 2378 agnas
2711 2308 2778 2362 ad
2811 2308 2956 2364 ovile
3000 2311 3193 2366 salutis
3226 2312 3496 2385 agendas.

174 2386 312 2458 tiam,
343 2403 484 2459 quos
534 2388 643 2442 hoc
696 2386 920 2442 nomine
972 2386 1306 2459 dignabatur
1332 2386 1624 2461 gentilium
1681 2401 1780 2439 su-
1882 2392 2039 2447 Urbis
2074 2404 2340 2466 prmierea
2369 2414 2583 2471 magna,
2609 2402 2874 2471 pomoeria
2908 2400 3072 2473 longa

172 2480 432 2551 persticio,
475 2488 566 2536 set
595 2481 760 2535 etiam
789 2480 942 2552 quia,
972 2486 1031 2535 ut
1061 2481 1324 2548 diximus,
1360 2487 1439 2535 tot
1464 2488 1780 2535 sanctorum
1881 2486 2106 2543 Tutatur
2130 2489 2300 2557 Felix,
2328 2492 2464 2545 aclis
2486 2498 2540 2547 et
2570 2494 2793 2549 nomine
2823 2493 2976 2557 felix,

174 2571 364 2646 hospes
396 2575 587 2630 futura
617 2574 855 2646 quodam
910 2574 1330 2646 praesagiebaris
1394 2572 1634 2629 oraculo.
1673 2572 1784 2626 Nec
1885 2578 2015 2633 Cum
2039 2581 2320 2637 Clemente
2343 2583 2458 2653 pio,
2481 2583 2732 2640 Mettensi
2755 2586 2988 2656 praesule
3011 2586 3210 2657 primo.

176 2662 466 2721 abhorreta
485 2664 824 2720 rectitudine
846 2663 999 2731 ﬁdei,
1032 2664 1284 2720 divorum
1315 2663 1537 2719 nomine
1565 2669 1785 2718 sanctos
1886 2666 2016 2723 Cum
2047 2670 2252 2740 quibus
2281 2672 2424 2726 alme
2449 2672 2598 2733 vices
2621 2673 2840 2744 partiris
2870 2673 3293 2745 Symphoriane,

174 2759 386 2832 signari,
444 2778 573 2817 cum
647 2760 819 2816 multa
862 2760 1136 2831 scriptura
1192 2766 1247 2815 et
1300 2759 1573 2831 imprimis
1638 2760 1784 2814 Deus
1881 2760 2163 2817 Johannes
2192 2763 2295 2817 alis
2324 2764 2572 2819 sublatus
2600 2765 2954 2837 virginitatis,

174 2851 385 2909 deorum
425 2854 481 2908 iu
513 2852 810 2927 evangelio
832 2859 1192 2924 protestetur,
1224 2868 1322 2909 eos
1348 2852 1417 2907 ad
1440 2867 1579 2923 quos
1599 2866 1784 2907 sermo
1883 2851 2168 2907 Arnulfum
2196 2855 2409 2926 gremio
2449 2863 2695 2911 sanctum
2730 2857 3050 2928 complexus
3089 2859 3290 2925 amico,

176 2944 261 3000 Dei
288 2944 460 3002 factus
493 2952 586 3003 est
616 2947 727 3001 Deo
754 2945 960 3001 vocari.
1886 2941 2035 2995 Inter
2072 2957 2167 2997 eos
2188 2943 2404 2998 medius
2422 2951 2529 2999 stat
2557 2944 2737 3000 clarus
2768 2945 2836 3000 ab
2878 2944 3015 3001 urbe
3036 2946 3237 3011 videri,

235 3034 337 3090 Nos
365 3035 801 3092 controversiam
851 3035 921 3089 de
953 3033 1179 3089 nomine
1208 3034 1332 3089 aliis
1372 3033 1783 3106 relinquamus;
1887 3031 2063 3101 Atque
2080 3030 2273 3085 volans
2300 3032 2407 3087 alto
2440 3040 2562 3104 post
2599 3049 2660 3088 se
2684 3034 2848 3089 trahit
2872 3050 3069 3108 agmen
3100 3035 3317 3104 abimo,
3408 3098 3415 3103 ο

180 3141 351 3180 verum
383 3126 513 3197 quia
537 3140 689 3195 saepe
715 3123 961 3179 medium
990 3123 1147 3179 urbis
1174 3123 1278 3179 iter
1316 3122 1785 3195 terimus,ingrati
1816 3177 1858 3197 η
1890 3121 2091 3185 Insula,
2125 3123 2397 3189 Vincenti,
2432 3125 2528 3179 tibi
2564 3126 2731 3181 cessit
2761 3142 2989 3183 munere
3014 3126 3241 3194 Christi;

178 3232 285 3273 esse
321 3219 652 3289 poterimus,
698 3218 745 3272 si
799 3223 920 3272 eam
990 3216 1339 3272 insalutatam
1399 3215 1784 3288 relinquimus,
1811 3215 1860 3247 υ
1886 3215 2230 3271 Eminetalta
2252 3216 2352 3271 tibi
2379 3216 2578 3273 domus
2608 3218 2699 3275 hic
2726 3219 2908 3275 studio
2939 3220 3251 3275 Deoderici.
3286 3224 3293 3234 '

180 3307 396 3381 ideoque
424 3324 734 3382 parumper
760 3309 816 3363 in
855 3310 975 3380 ejus
995 3307 1474 3363 libeatimmorari
1506 3307 1783 3363 laudibus.
1887 3305 1979 3359 Set
2011 3321 2112 3360 nec
2148 3306 2369 3363 Martini
2409 3309 2664 3365 custodia
2695 3309 2872 3365 defuit
2901 3309 3025 3364 urbi

179 3397 420 3456 Praecluis
457 3400 599 3457 urbs
628 3400 799 3466 salve,
832 3400 994 3456 tellus
1024 3399 1347 3472 praenobilis
1377 3415 1501 3467 ave,
1889 3397 2132 3471 Longius
2169 3401 2422 3468 astantis,
2450 3409 2533 3457 set
2561 3402 2631 3457 de
2658 3418 2831 3473 prepe
2865 3412 3063 3458 cuncta
3091 3402 3320 3458 tuentis.

183 3495 303 3550 Urbs
323 3497 598 3569 pepulosa
638 3496 823 3563 nimis,
848 3496 1011 3551 tellus
1040 3494 1351 3567 praefertilis
1382 3493 1544 3568 agris.
1889 3489 2128 3546 Dedecet
2153 3492 2239 3547 hic
2268 3492 2512 3548 breviter
2533 3500 2587 3548 te
2629 3494 2837 3561 dicere,
2871 3494 3063 3550 Gorzia
3100 3504 3293 3549 mater.

183 3583 273 3639 Mel
302 3592 353 3641 et
372 3588 455 3643 lac
480 3601 739 3653 manans,
767 3600 891 3641 cum
915 3601 1043 3641 v1no
1071 3585 1228 3656 panis
1262 3583 1612 3649 habundans,
1892 3578 2061 3634 Miror
2080 3595 2235 3650 aquae
2278 3581 2473 3636 ductus
2503 3598 2601 3637 sex
2639 3583 2865 3639 milibus
2893 3583 3002 3638 isse
3020 3584 3111 3618 ¹⁰⁰⁵
3141 3599 3440 3655 pararcus;

183 3671 437 3731 Mercibus
462 3674 779 3741 exundans,
805 3689 940 3729 auro
969 3674 1318 3748 gemmisque
1345 3671 1684 3736 redundans,
1895 3671 2085 3725 lnvisit
2111 3679 2337 3726 matrem
2369 3689 2493 3728 cum
2534 3672 2646 3728 ﬁlia
2677 3675 2872 3730 Gorzia
2903 3675 3109 3731 Mettim
3137 3694 3151 3742 ;

185 3762 323 3821 Cedit
341 3766 601 3823 Pactolus
630 3765 830 3833 fulvus,
861 3765 1159 3837 praedulcis
1200 3766 1483 3836 Hymetus,
1895 3761 2014 3816 Non
2039 3760 2130 3816 alti
2160 3769 2396 3828 montes,
2430 3780 2538 3819 non
2558 3765 2681 3820 imae
2698 3766 2940 3837 denique
2963 3766 3157 3833 valles,

246 3854 305 3910 Et
330 3855 556 3911 Latialis
578 3855 802 3919 humus,
823 3852 1791 3927 Triquetra,velAﬂ‘rica(957)tellus.
1897 3849 2322 3905 lntercurrentis
2348 3867 2457 3907 non
2486 3851 2726 3923 impetus
2750 3854 2869 3924 ipse
2886 3852 3127 3909 Mosellae

182 3944 230 3998 Si
254 3945 717 4018 circumspiciam,
750 3945 828 4000 nil
858 3961 970 4001 non
992 3945 1273 4000 laudabile
1307 3961 1550 4000 cernam.
1900 3940 2239 4011 Praepediere
2270 3942 2442 4008 viam;
2468 3942 2599 4014 quid
2619 3942 2730 3998 vidi
2764 3944 3056 4014 Operosius
3084 3942 3375 4016 unquam?

186 4038 353 4096 Lauda
382 4043 568 4097 minas
594 4041 736 4096 muri
768 4042 993 4113 quadris
1023 4040 1366 4104 exaedificati,
1899 4031 1997 4083 Ᾱτδ
2026 4029 2279 4085 mittebat
2299 4047 2651 4103 aquas:'qua3
2672 4038 2729 4086 tu
2748 4039 2941 4087 natura
2972 4033 3238 4105 negabas),

185 4130 289 4188 Non
320 4133 499 4190 facilis
523 4134 688 4200 solvi,
712 4151 823 4190 non
852 4134 1238 4209 expugnabilis
1278 4134 1445 4189 hosti.
1899 4121 2087 4177 Donec
2110 4121 2227 4176 sola
2253 4122 2367 4177 vias
2404 4123 2552 4194 rupit
2588 4124 2836 4200 longave
2873 4133 3135 4181 vetustas-

187 4219 307 4277 Nam
326 4223 503 4279 clivus
524 4240 770 4292 murum,
803 4231 1044 4280 tutantur
1071 4224 1301 4279 flumina
1330 4223 1554 4279 clivum.
1900 4209 2138 4265 Ῑλθυείθῐη
2162 4218 2451 4267 διωθῑοΐέιέ
2470 4214 2713 4269 retinent
2733 4215 3013 4286 hOdieque
3037 4215 3232 4270 “lime-

186 4307 369 4365 Tutum
405 4311 487 4366 sic
507 4318 687 4377 extra,
719 4311 898 4367 munit
918 4313 999 4368 vis
1023 4312 1242 4385 aggeris
1272 4312 1440 4378 intra;

1902 4298 2143 4354 Plurima
2163 4308 2460 4371 praetereo;
2485 4318 2607 4374 quae
2632 4304 3101 4377 suntlonginqua,
3136 4304 3408 4375 relinquo.

190 4398 295 4463 Qua
324 4409 519 4458 natura
537 4402 708 4469 labat,
734 4402 885 4458 vires
912 4420 1109 4459 manus
1140 4419 1336 4475 arsque
1360 4403 1656 4458 ministrat.

1905 4389 2035 4454 Quis
2061 4391 2336 4445 describat
2355 4408 2528 4463 aquas
2549 4391 2577 4445 ?
2603 4393 2726 4464 quis
2757 4392 2957 4459 fontes,
2982 4394 3177 4466 quisve
3205 4390 3451 4448 salinas?

188 4489 503 4549 Mensurans
534 4494 730 4562 latum,
762 4504 987 4565 stupeas
1018 4511 1367 4551 succrescere
1400 4496 1644 4569 longum.
1829 4553 1877 4569 ῃ
1906 4482 2043 4536 Num
2076 4482 2267 4537 sileam
2281 4483 2479 4538 Saliam
2500 4483 2528 4537 ?
2556 4484 2779 4540 Moneor
2808 4501 3119 4542 memorare
3144 4485 3450 4540 Mosellam.

192 4582 506 4656 Suspiciens
537 4593 740 4654 turres,
766 4586 1063 4659 Babylonis
1094 4587 1344 4659 suspicor
1376 4603 1547 4642 arces.
1828 4553 1882 4621 ι)
1902 4573 2169 4631 Fontibus
2190 4592 2220 4629 8
2240 4576 2407 4631 Variis
2448 4575 2769 4650 regionibus
2795 4586 2961 4650 atque
2999 4578 3226 4633 remotis

190 4670 286 4728 Has
314 4675 478 4741 aries,
513 4674 756 4743 testudo,
781 4674 1008 4731 falarica
1037 4676 1184 4748 (958)
1213 4677 1372 4732 vinea
1395 4675 1563 4730 falces
1908 4664 2124 4739 Longos
2151 4680 2249 4735 Per
2280 4670 2481 4720 "acuis
2514 4666 2615 4720 tibi
2643 4676 2870 4722 currum
2900 4667 3066 4723 edere
3105 4667 3335 4736 fruetus:

193 4759 492 4836 Numquam
573 4763 662 4820 vel
716 4762 917 4820 frustra
977 4764 1250 4836 quatient,
1319 4778 1423 4818 nec
1484 4761 1613 4816 edet
1664 4760 1807 4815 mala
1907 4757 2299 4829 Amplexzeque
2334 4764 2457 4814 tuos
2481 4757 2692 4814 alterno
2723 4759 2901 4815 littore
2923 4776 3132 4825 muros,

1475 4852 1733 4923 [ﬂamma.
1910 4850 1972 4905 Et
2000 4850 2223 4905 tandem
2242 4849 2450 4920 junctis
2479 4850 2777 4906 miscentes
2805 4851 2996 4906 oscula
3015 4852 3206 4919 labris,

194 4936 432 5014 Cumque
462 4942 664 4998 domos
692 4958 881 5011 cerno,
924 4943 1169 4999 Romana
1200 4943 1400 5014 palatia
1437 4945 1625 5000 credo.
1908 4948 2048 5002 Dant
2076 4948 2246 5001 decus
2278 4953 2332 5000 et
2361 4945 2617 5013 fructum,
2654 4953 2917 5016 praestant
2946 4948 3233 5002 munimen
3266 4954 3321 5003 et
3348 4964 3533 5003 usum.

193 5026 429 5102 Cumque
462 5039 595 5103 peto
626 5036 884 5101 teatrum,
918 5042 1052 5103 puto
1076 5032 1373 5088 Dedaleum
1406 5033 1802 5088 laberinthum.
1914 5034 2053 5090 Usus
2084 5035 2178 5089 alit
2201 5040 2471 5102 ventrem,
2496 5035 2713 5106 species
2742 5044 3009 5101 mentem,
3038 5051 3211 5091 sonus
3240 5052 3450 5091 aurem.

195 5118 356 5192 Sique
377 5122 520 5178 situs
548 5122 779 5178 formam
796 5129 1037 5194 spectes,
1062 5125 1195 5196 quid
1222 5124 1510 5196 pulchrius
1531 5139 1763 5195 usquam
1782 5124 1810 5179 τ
1915 5124 2173 5189 Quaenam
2193 5133 2299 5180 tam
2328 5139 2549 5179 suavem
2584 5124 2943 5180 modulentur
2976 5122 3263 5196 hydraulia
3303 5127 3542 5183 vocem?

1558 5254 1777 5311 VARUE
1809 5254 2184 5312 LECTIONES.

270 5367 360 5404 ¹⁰⁰δ
385 5385 514 5425 esse
546 5371 600 5424 1.
643 5443 649 5447 λ

1773 5471 1981 5529 NOTAE.

268 5597 405 5673 (956)
430 5599 690 5673 Fortasse
715 5596 831 5667 ipse
863 5597 1210 5673 Sigebertus.
1247 5597 1358 5669 (an.
1392 5598 1446 5651 in
1478 5598 1595 5653 Vita
1626 5600 1854 5657 metrica
2037 5598 2183 5673 (9,58,)
2206 5600 2381 5673 Arcus
2417 5600 2661 5673 grandis.

207 5665 476 5742 Sigeberti
514 5669 590 5742 ill
612 5668 692 5742 ῖὶῇ
984 5739 993 5742 _
1255 5665 1262 5669 ⁷
2033 5665 2174 5742 (959)
2206 5665 2518 5728 Μὶἀετοὶει
2547 5672 2752 5727 ducere
2792 5667 3000 5725 Gallice
3031 5682 3227 5725 mener.

269 5737 403 5811 (957)
428 5740 607 5806 Italia,
639 5737 856 5807 Sicilia,
882 5737 1087 5796 Africa.
