3960 6198
1609 309 1951 369 SIGEBERTI
1991 301 2503 363 GEMBLACENSIS.
2615 328 2627 353 ε
3622 292 3738 351 720

2024 439 2078 507 Α
2102 431 2258 496 tatis;
2291 427 2599 484 Everardus
2624 430 2741 480 erat
2763 438 2971 480 nomen
3011 420 3129 489 illi;
3161 419 3475 493 quemipso
3504 428 3743 489 paterno

2105 522 2302 579 affectu
2360 517 2707 574 educandum
2752 514 2820 569 ab
2864 514 3002 584 ipsis
3055 520 3379 582 susceperat
3417 508 3740 576 cunabulis,

2106 611 2174 664 ad
2210 606 2617 680 propagandam
2659 620 2816 675 spem
2848 618 2960 657 sua
3004 600 3367 672 posteritatis,
3399 598 3468 652 ad
3497 596 3746 652 dilatan-

2108 700 2231 754 dam
2261 698 2489 771 gloriam
2541 711 2655 749 sua
2696 692 3018 748 nobilitatis.
3069 691 3184 745 Heu
3213 689 3433 745 incerta
3487 703 3621 759 spes
3650 686 3745 741 fu-

2108 787 2382 844 turorum!
2421 787 2531 841 Heu
2571 786 2713 840 male
2749 783 2859 838 ﬁda
2911 797 3034 837 sors
3093 795 3274 835 rerum
3324 778 3700 833 humanarum
3733 791 3748 845 ι

2106 884 2203 937 Vix
2230 884 2297 937 de
2348 880 2581 935 infantia
2633 880 2687 934 in
2748 876 3043 950 pueritiam
3094 878 3362 945 repserat,
3405 872 3494 926 vix
3540 871 3750 927 avitam

2114 973 2276 1028 bona
2305 972 2510 1026 indolis
2538 969 2766 1044 gratiam
2786 973 3064 1023 ostentare
3096 961 3424 1035 incipiebat,
3450 961 3543 1016 vix
3576 975 3753 1031 quan-

2114 1072 2227 1120 tum
2262 1065 2433 1119 instar
2465 1063 2517 1117 in
2551 1062 2645 1117 illo
2685 1060 2934 1115 futurum
2974 1072 3097 1112 esse
3157 1053 3483 1125 apparebat,
3526 1058 3584 1107 et
3614 1066 3750 1107 ecce

2116 1176 2216 1215 ceu
2246 1159 2430 1230 primo
2461 1173 2591 1213 vere
2635 1154 2874 1210 tenellus
2928 1150 3191 1207 ﬂosculus
3219 1148 3406 1203 subito
3449 1146 3601 1201 venti
3635 1154 3754 1200 tur-

2120 1252 2248 1306 bine
2295 1252 2562 1322 dilapsus,
2612 1248 2690 1304 sic
2740 1247 2864 1314 iste,
2897 1260 2929 1301 o
2979 1241 3165 1299 dolor!
3218 1242 3510 1296 immatura
3568 1243 3752 1294 morte

2120 1349 2328 1403 mundo
2363 1354 2691 1417 praereptus,
2753 1358 2866 1398 non
2917 1340 3254 1394 mediocrem
3309 1335 3513 1390 factum
3546 1332 3757 1389 infudit

2122 1439 2403 1494 omnibus.
2435 1438 2530 1493 Cui
2560 1443 2807 1506 patruus,
2842 1434 2909 1488 ad
2940 1430 3126 1486 miseri
3154 1427 3351 1484 solatia
3375 1427 3577 1494 luctus,
3614 1440 3754 1480 exe-

2135 1528 2295 1599 quias
2336 1543 2447 1582 non
2485 1534 2594 1580 tam
2641 1522 2903 1579 funebres
2950 1534 3114 1591 quam
3158 1515 3409 1573 celebres
3455 1512 3661 1585 edidit,
3704 1520 3764 1567 et

2136 1635 2334 1691 corpus
2372 1635 2495 1674 cum
2527 1619 2738 1672 honore
2770 1611 2985 1669 decenti
3017 1610 3088 1665 ad
3128 1606 3529 1664 monasterium
3577 1604 3761 1660 sancti

2135 1707 2416 1762 Vincentii
2450 1704 2651 1760 deferri
2696 1701 2845 1766 fecit,
2872 1707 2927 1754 et
2973 1705 3101 1753 ante
3132 1696 3302 1751 altare
3342 1692 3546 1748 Christi
3587 1692 3762 1766 virgi-

2134 1796 2221 1850 nis
2253 1796 2431 1851 Lucia
2463 1791 2776 1849 tumulavit.
2822 1789 2996 1861 thue
3028 1802 3126 1857 pro
3156 1783 3473 1841 innocentis
3504 1782 3631 1837 vita
3659 1796 3766 1852 pur

384 337 487 393 719

386 463 688 516 Circumter
715 456 915 521 visum,
942 454 1207 523 quantum
1236 442 1689 502 conceditorizon
1717 459 1731 506 ;

386 550 470 604 Nil
502 563 614 604 non
640 538 1063 616 jocundum,nil
1091 536 1328 608 aSpicies
1359 533 1467 587 nisi
1496 537 1729 603 gratum.

388 642 518 708 Quis
547 639 667 711 quit
696 634 883 690 mirari
923 639 1190 695 montem,
1224 626 1317 698 qui
1347 624 1595 696 pluribus
1633 619 1755 674 urbi

390 728 688 788 imminet?
717 728 808 782 Est
825 725 999 782 oculis
1022 715 1576 797 gratissimus,ubere
1609 708 1860 784 pinguis;

392 828 545 881 Hunc
568 831 761 877 natura
777 834 881 875 suo
910 815 1130 872 laetavit
1161 813 1229 867 ab
1270 812 1439 865 ubere
1472 808 1657 878 pleno.

391 913 669 971 Montibus
699 916 783 965 est
812 908 950 963 raris
969 914 1175 960 natura
1202 900 1377 975 gratia
1406 897 1551 952 talis.

392 1010 698 1081 Assurgunt
734 1017 928 1059 omnes
956 997 1148 1054 acclivi
1176 993 1382 1048 vertice
1413 996 1652 1043 montes.

393 1105 513 1160 Vite
540 1102 696 1157 vides
722 1098 895 1155 colles
911 1094 1216 1158 redimitos,
1239 1088 1474 1159 mergite
1505 1084 1698 1141 valles.

397 1196 555 1250 Prata
588 1193 780 1257 virent,
812 1189 963 1243 silva
1004 1183 1363 1240 frondescunt
1425 1178 1653 1232 fluctuat
1684 1187 1816 1243 ager
1844 1168 2011 1239 (960).

400 1288 605 1342 Pascua
623 1284 669 1338 si
694 1297 932 1354 quares,
953 1291 1177 1347 campos
1206 1272 1446 1344 spatiare
1475 1284 1574 1339 per
1599 1280 1811 1321 omnes.

402 1378 570 1442 Quam
588 1372 737 1427 varie
768 1370 1028 1425 recinunt
1057 1366 1329 1430 volucres,
1354 1358 1609 1416 examina
1646 1354 1875 1415 ludunt;

404 1469 536 1526 Cali
563 1467 889 1538 temperiem
913 1478 1066 1517 rarus
1082 1458 1249 1515 sentit
1276 1456 1557 1511 meliorem

403 1562 574 1628 Quem
606 1577 718 1616 non
750 1562 1018 1614 tantarum
1053 1551 1289 1607 delectet
1314 1548 1485 1622 gratia
1510 1561 1692 1600 rerum
1720 1541 1749 1595 ‘l

405 1652 564 1723 Ipsos
593 1648 858 1705 ruricolas
875 1643 1047 1715 pascit
1065 1648 1171 1696 tam
1211 1646 1366 1713 grata
1394 1637 1671 1704 voluptas,

405 1745 657 1816 Dumque
686 1741 825 1795 fides
855 1736 999 1792 ruris
1020 1733 1165 1789 votis
1204 1728 1508 1801 respondet
1530 1724 1730 1791 avaris,

410 1838 570 1893 Exosi
602 1832 849 1905 requiem
886 1828 1134 1884 solantur
1154 1838 1341 1878 amore
1370 1820 1637 1875 laborem.

410 1930 561 1984 Vites
590 1927 693 1980 iste
710 1928 882 1995 putat,
916 1919 1055 1974 alter
1084 1915 1244 1981 fodit,
1279 1912 1372 1966 ille
1405 1908 1641 1973 maritat,

415 2015 641 2072 Umbrat
670 2020 723 2067 et
751 2010 842 2065 hic
871 2007 1072 2070 fontes,
1101 2003 1193 2058 hic
1218 1998 1461 2057 conserit
1488 1995 1684 2050 arbore
1724 1995 1959 2047 montes.

416 2110 607 2166 Deviat
635 2107 726 2162 hic
750 2106 918 2170 rivos,
951 2101 1041 2156 hic
1071 2100 1207 2155 ditat
1236 2095 1451 2152 semine
1480 2105 1742 2161 campos;

420 2197 606 2254 Hamis
636 2196 823 2267 piscor
849 2206 975 2265 ego,
1000 2197 1055 2245 tu
1076 2187 1303 2249 vimine,
1340 2182 1548 2238 retibus
1570 2180 1685 2233 ille.

420 2290 677 2356 Quisnam
699 2292 966 2341 tantarum
1001 2279 1231 2351 replicet
1260 2272 1575 2346 spectacula
1603 2283 1782 2323 rerum
1808 2266 1836 2319 ?

425 2383 578 2437 Esset
629 2379 698 2434 ad
748 2378 864 2432 hac
901 2381 1086 2429 mutus
1137 2376 1191 2425 et
1230 2370 1519 2431 llomcrus,
1583 2369 1637 2417 et
1684 2360 1822 2415 alter
1852 2358 2046 2411 llome-

1742 2454 1854 2526 [rus
1888 2452 2046 2523 (961).

427 2568 603 2625 Multae
634 2571 763 2622 sunt
791 2562 958 2619 urbes
987 2560 1221 2615 fortuna
1264 2568 1496 2609 munere
1528 2550 1693 2617 dites,

426 2659 500 2714 Te
529 2658 695 2729 pleno
720 2669 891 2710 cornu
918 2659 1127 2705 natura
1170 2644 1330 2717 ecpia
1361 2643 1517 2699 ditat.

429 2752 629 2807 Prater
656 2747 889 2804 fortuna
917 2758 1155 2809 merces,
1177 2755 1315 2811 quas
1342 2738 1566 2808 prastat
1591 2730 1838 2793 abunde,

430 2842 603 2899 Urbes
629 2840 824 2895 vicina
858 2836 954 2892 tibi
986 2835 1193 2891 cedunt
1217 2829 1407 2886 matris
1437 2829 1672 2890 honore,

429 2932 765 3005 Vangiones,
797 2927 985 2993 Leuci,
1020 2924 1347 2989 Virdunum,
1373 2917 1573 2992 Leggia
1599 2912 1777 2984 (962),
1810 2908 1985 2975 Remi,

430 3020 686 3077 Treveris
716 3024 961 3073 etmater
986 3026 1272 3087 assurgere
1290 3008 1493 3082 gaudet
1523 3009 1807 3066 amanter;

432 3114 503 3168 Te
536 3111 711 3166 salvet
731 3123 953 3179 semper
979 3119 1220 3179 regnans
1237 3115 1403 3171 super
1431 3095 1618 3153 omnia
1649 3106 1891 3162 semper.

504 3204 594 3258 18.
636 3204 708 3257 De
738 3177 1076 3256 dedicatione
1100 3186 1335 3249 duarum
1374 3203 1616 3245 ararum.
1662 3183 1927 3238 Fervente
1966 3177 2069 3251 igi-

437 3304 526 3352 tur
567 3294 753 3349 studio
814 3298 1007 3360 capta
1058 3286 1282 3341 fabrica
1329 3292 1383 3338 et
1421 3298 1451 3336 a
1496 3280 1663 3354 longo
1726 3269 2072 3347 postliminio

438 3398 644 3449 sancta
673 3385 952 3443 memoria
988 3380 1241 3455 prasule,
1279 3378 1493 3434 Christo
1548 3372 1813 3447 propitio,
1843 3368 2073 3429 reduce,

438 3500 546 3540 ara
572 3482 696 3537 dua
730 3479 787 3534 in
816 3477 1012 3532 eadem
1042 3472 1296 3529 acclesia
1342 3469 1448 3525 sibi
1492 3466 1772 3538 contigua
1804 3460 2075 3516 dedicata

440 3580 590 3640 sunt,
634 3566 998 3642 prasentibus
1028 3569 1083 3618 et
1121 3557 1555 3632 cooperantibus
1611 3546 2078 3609 reverentissimis

439 3638 715 3740 Wigfri-do
754 3656 1114 3723 Virdunensi,
1164 3650 1443 3708 Gerhardo
1493 3644 1738 3702 Tullcnsi
1797 3638 2077 3714 pontifici-

442 3730 564 3813 bu;
578 3770 723 3811 anno
790 3752 929 3816 972;
997 3749 1113 3803 hac
1162 3744 1388 3817 quidem
1423 3742 1475 3796 in
1518 3753 1732 3810 magna
1763 3740 1817 3789 et
1857 3732 1955 3788 toti
1990 3730 2082 3766 ¹⁰⁰⁶

443 3849 564 3907 orbi
618 3847 856 3919 vulgata
904 3839 1157 3912 martyris
1204 3844 1411 3891 sancta
1445 3830 1626 3887 Lucia
1684 3829 2077 3899 Syracusana,

445 3943 539 3998 illa
567 3947 749 3996 autem
781 3939 836 3992 in
870 3941 1187 3990 sanctorum
1218 3942 1378 4000 aque
1409 3924 1622 3979 mundo
1656 3926 2077 3993 pervagatorum

449 4035 597 4092 Proti
628 4041 683 4089 et
710 4028 912 4087 Jacinti
940 4032 1241 4096 martyrum
1265 4018 1555 4092 praesentia
1586 4023 1641 4070 et
1671 4015 1885 4069 honore
1931 4010 2078 4074 Quo-

450 4143 568 4183 rum
602 4136 834 4194 corpora
863 4123 1215 4173 sacrosancta
1242 4127 1392 4176 vera,
1421 4114 1542 4164 utut
1575 4105 1713 4161 fides
1743 4102 1939 4159 Christi
1972 4105 2076 4167 est,

455 4223 511 4271 et
551 4229 661 4269 non
693 4190 823 4276 alia,
847 4205 1220 4278 Opeipsorum
1251 4204 1610 4272 augustorum
1652 4200 1707 4249 et
1732 4190 1920 4248 domui
1952 4196 2080 4244 tunc

454 4303 723 4377 temporis
752 4314 911 4373 papa
945 4293 1214 4353 Johannis
1242 4289 1576 4346 auctoritate
1625 4286 1681 4340 in
1730 4283 1867 4355 ipsis
1908 4279 2079 4352 parti-

456 4399 564 4453 bus
611 4394 780 4451 Italia
827 4391 1064 4460 adeptus
1112 4401 1237 4442 cum
1275 4382 1402 4438 aliis
1455 4379 1707 4451 pluribus
1763 4381 2079 4430 sanctorum

458 4498 759 4562 martyrum
784 4480 1111 4553 corporibus
1128 4479 1234 4532 huc
1255 4473 1401 4529 felici
1430 4472 1619 4528 omine
1642 4468 1874 4524 Domino
1905 4473 2081 4520 trans-

461 4553 975 4646 tulit'auspicante.
1031 4569 1091 4624 Et
1147 4571 1276 4621 sunt
1331 4564 1465 4633 ipsa
1524 4559 1673 4631 (963)
1729 4553 2095 4612 dedicationis

461 4669 715 4728 kalendae
753 4667 789 4721 8
829 4664 1026 4719 Iduum
1083 4656 1333 4733 Augusti,
1387 4667 1534 4709 anno
1575 4648 1928 4723 pontificatus
1975 4646 2096 4716 ejus

464 4778 720 4908 aolidae
737 4851 907 4903 morte
938 4840 1204 4901 Everardi
1226 4835 1511 4907 fratruelis
1538 4835 1643 4890 sui.
1680 4832 1771 4886 Set
1791 4828 1921 4900 quia
1942 4826 2094 4882 varia

470 4954 652 4994 rerum
683 4935 914 4991 mutatio
978 4947 1089 4989 non
1128 4927 1336 5001 patitur
1370 4939 1496 4980 esse
1536 4920 1810 4977 diutinam
1841 4915 2093 4972 laticiam

471 5024 783 5082 umbratilis
803 5018 1206 5095 prosperitatis,
1238 5016 1289 5072 ei
1315 5021 1425 5069 tam
1452 5007 1739 5067 dedolenti
1780 5021 1891 5061 non
1924 5004 2096 5059 multo

475 5129 601 5194 post
642 5126 965 5176 renovatum
1022 5120 1104 5170 est
1169 5112 1372 5167 vulnus
1435 5104 1623 5162 acerbi
1685 5100 1910 5157 doloris.
1973 5099 2099 5154 Erat

475 5227 678 5285 nempe
699 5210 749 5265 ei
772 5205 1069 5273 fratruelis,
1090 5202 1328 5259 dulcedo
1359 5199 1443 5255 sui
1479 5196 1647 5253 animi
1681 5202 1737 5250 et
1772 5193 1954 5265 imago
1978 5190 2100 5260 pie-

2136 1886 2295 1941 ritate
2324 1884 2644 1956 perciperet
2673 1896 2844 1935 aurea
2874 1876 3101 1949 pramia
3144 1870 3578 1947 perhenuitatis,
3632 1885 3770 1925 eon-

2136 1975 2262 2030 tulit
2311 1974 2493 2028 eidem
2554 1973 2676 2026 loco
2728 1984 2827 2039 pro
2879 1967 3052 2021 salute
3109 1964 3305 2019 anima
3352 1961 3475 2030 ejus
3536 1959 3768 2014 calicem

2140 2080 2367 2119 aureum
2412 2060 2637 2117 maximi
2684 2055 2950 2129 ponderis
2986 2062 3041 2109 et
3085 2049 3302 2108 miriﬁci
3358 2047 3572 2121 operis,
3615 2061 3771 2101 suam

2144 2157 2428 2228 ipsiusque
2462 2151 2787 2208 memoriam
2839 2148 2896 2202 in
2935 2146 3132 2201 eodem
3173 2157 3339 2215 Opere
3381 2141 3471 2195 his
3521 2139 3777 2194 intexens

2152 2241 2443 2300 litterulis:
2485 2242 2800 2297 Deodericus
2834 2237 2996 2306 hujus
3026 2235 3169 2289 diem
3204 2233 3336 2288 adis
3361 2233 3695 2285 constructor
3719 2243 3781 2282 ac

2148 2338 2367 2388 curator
2395 2332 2506 2398 ιοοῖ,
2535 2327 2826 2393 Evcrardi,
2858 2328 2973 2379 vita
2993 2324 3167 2393 juxta
3192 2321 3328 2386 cari,
3352 2332 3457 2389 pro
3486 2318 3681 2372 anima
3721 2314 3781 2369 Et

2153 2426 2311 2495 cujus
2350 2438 2553 2479 nomen
2605 2420 2660 2474 in
2710 2417 2838 2473 albo
2889 2416 3014 2471 vita
3065 2411 3330 2468 credebat
3366 2409 3551 2465 aureis
3601 2408 3781 2462 inser-

2154 2528 2268 2576 tum
2302 2519 2391 2553 ¹⁰⁰⁸
2416 2516 2610 2583 literis,
2656 2513 2821 2582 hujus
2860 2510 3074 2566 tumulo
3129 2504 3472 2579 epitaphium
3520 2500 3785 2574 superad-

2157 2614 2296 2670 didit
2313 2610 2499 2667 aureis
2515 2610 2574 2664 in
2592 2609 2739 2663 hunc
2751 2606 2976 2663 modum
2994 2610 3272 2658 exaratum
3302 2597 3481 2654 titulis
3507 2615 3521 2651 :

2223 2713 2380 2764 Anno
2406 2708 2685 2762 dominica:
2712 2701 3108 2757 incarnationis
3147 2694 3255 2751 978
3309 2693 3624 2748 Deodericus
3665 2691 3774 2743 ἠτιμ-

2154 2799 2298 2854 milis
2326 2796 2524 2867 praesul
2554 2794 2665 2861 1°09,
2704 2792 2771 2847 ab
2801 2792 2926 2860 ipsis
2952 2787 3237 2857 parietinis
3294 2784 3456 2851 hujus
3487 2781 3589 2835 loci
3642 2793 3779 2834 con-

2157 2897 2410 2957 structor,
2438 2892 2524 2957 pio
2553 2886 2729 2941 studio
2756 2882 3088 2938 Everardum
3113 2876 3435 2945 fratruelem
3460 2874 3583 2939 sibi,
3608 2870 3786 2941 quoad

2161 2983 2335 3035 vivere
2371 2978 2564 3031 datum
2606 2980 2681 3030 est
2710 2975 2938 3028 unicum
2984 2982 3243 3035 amorem,
3283 2964 3587 3021 orthodoxis
3626 2963 3791 3030 regii-

2168 3088 2269 3142 que
2323 3071 2609 3139 sanguinis
2664 3064 2978 3136 parentibus
3027 3061 3261 3125 clarum,
3308 3059 3548 3127 ipsosque
3588 3054 3798 3122 egregia

2093 3133 2142 3202 ί)
2172 3133 2346 3221 indole
2372 3133 2597 3233 puerilis
2621 3133 2813 3228 gratia
2841 3155 3331 3226 jrepromittentem,
3377 3163 3443 3203 ac
3464 3152 3631 3203 semet
3656 3146 3802 3214 genti

2172 3272 2241 3325 pa
2252 3257 2474 3322 triazque
2501 3265 2614 3306 sua:
2639 3252 2699 3302 in
2724 3262 2871 3316 spem
2888 3245 3195 3298 maximam
3219 3239 3286 3293 ab
3311 3240 3439 3307 ipsis
3455 3236 3612 3292 cunis
3641 3234 3805 3288 dulci-

2174 3348 2372 3416 affectu
2409 3345 2718 3407 educatum,
2751 3342 3035 3393 inmatura
3072 3334 3213 3399 falce
3240 3332 3426 3385 mortis
3454 3328 3686 3383 vixdum
3714 3326 3803 3379 de-

2175 3453 2402 3495 cennem
2434 3435 2723 3499 abscisum,
2755 3432 2908 3485 luctu
2957 3425 3123 3496 plebis
3152 3429 3479 3492 patr-umque
3526 3417 3803 3474 immodico

2177 3545 2367 3585 carum
2390 3530 2588 3597 pignus
2626 3524 2768 3579 silici
2811 3518 2912 3576 sub
2948 3519 3195 3572 humana
3245 3519 3385 3569 sorte
3442 3509 3535 3545 ¹⁰¹⁰
3582 3507 3621 3563 Δ
3675 3513 3798 3563 Non.

2180 3617 2496 3689 Septembris
2525 3612 2833 3668 «mandavit.

2746 3719 2873 3759 ITEM
2905 3714 3257 3756 EPITAPEIUH.

2182 3813 2294 3864 Non
2318 3811 2393 3859 est
2424 3803 2719 3871 dampnosa
2750 3811 2891 3852 mors
2902 3797 3064 3864 justi,
3095 3796 3172 3846 set
3196 3789 3460 3859 preciosa,

2251 3904 2388 3955 Ante
2417 3899 2509 3951 Dei
2535 3896 2735 3962 faciem
2770 3903 2977 3959 semper
2997 3884 3239 3941 habendo
3266 3883 3427 3937 diem.

2181 4001 2293 4066 Ipse
2319 3995 2427 4048 dies
2445 3992 2657 4061 plenus,
2685 3986 2889 4042 lucenti
2914 3983 3020 4039 sole
3046 3994 3287 4042 serenus,

2249 4093 2341 4143 Est
2366 4090 2484 4141 sine
2510 4088 2663 4138 nocte
2688 4081 2797 4135 dies
2843 4083 2895 4133 et
2918 4079 3035 4132 sine
3062 4075 3173 4140 ﬁne
3199 4072 3346 4141 quies

2182 4182 2293 4233 Hac
2310 4176 2491 4244 requie
2515 4173 2690 4236 laztus,
2722 4169 2961 4236 lucisque
2991 4164 3256 4219 levamine
3283 4158 3481 4226 fretus.

2250 4265 2519 4322 Evrardus
2545 4266 2788 4326 maneat,
2820 4270 3037 4313 cernere
3064 4267 3170 4323 quo
3200 4252 3387 4305 valeat

2182 4368 2371 4431 Regem
2390 4360 2729 4427 regnantem,
2746 4354 3080 4420 regnantum
3102 4358 3273 4415 regna
3300 4345 3595 4410 regentem,

2255 4451 2546 4509 Christum,
2576 4458 2733 4513 quem
2757 4441 2943 4507 coluit,
2973 4440 3149 4492 vivere
3171 4434 3306 4489 dum
3324 4433 3525 4501 potuit.

2193 4547 2243 4597 Is
2263 4554 2401 4611 puer
2432 4538 2658 4604 insignis
2687 4536 2956 4587 viventem
2991 4530 3122 4595 flore
3146 4523 3419 4589 decennis,

2266 4636 2476 4686 Ornatus
2503 4623 2785 4679 mundicia
2823 4630 3044 4689 quasque
3077 4616 3166 4670 sui
3192 4611 3398 4678 studia,

2200 4724 2432 4779 Transiit
2461 4735 2490 4774 e
2513 4716 2715 4772 mundo
2751 4710 3072 4783 Septembris
3086 4706 3192 4762 sole
3215 4701 3465 4760 secundo.

2264 4820 2443 4871 Lector
2468 4812 2554 4866 die
2583 4807 2840 4863 tandem:
2884 4808 3018 4856 Pace
3045 4800 3284 4868 quiescat
3307 4795 3325 4848 Ι
3352 4806 3563 4847 amem.

2339 4923 2465 4963 ITEM
2505 4914 2840 4959 EPITAPBIUM
2867 4909 3102 4952 EIUSDEM
3133 4905 3357 4948 αοιιιτεε
3395 4895 3671 4942 EVERARDI.

2195 5003 2479 5061 Clauditur
2511 5000 2611 5052 hac
2634 4993 2822 5050 tumba
2850 4989 3057 5061 pridem
3078 4988 3197 5042 sine
3226 4983 3352 5051 felle
3375 4977 3640 5041 columba,

2268 5092 2460 5158 Infans
2481 5084 2773 5150 Evrardus,
2794 5079 2988 5136 nobilis
3018 5081 3181 5145 atque
3205 5074 3353 5143 pius,

2199 5185 2480 5254 Sanguine
2490 5176 2771 5248 magniﬁci
2795 5184 3079 5243 generosus
3108 5165 3378 5223 Deoderici

1835 5285 2054 5343 νΑΒιιΕ
2081 5278 2457 5339 LECTIONES.

550 5409 644 5447 ¹⁰⁰⁶
662 5414 778 5465 toto
818 5422 866 5463 c.

479 5481 572 5518 iooo
599 5499 651 5554 ρ,
684 5479 779 5553 pio
801 5479 872 5534 ab
903 5489 950 5528 ο.
1051 5470 1142 5504 ¹⁰¹⁰
1181 5471 1263 5524 ita
1300 5469 1367 5523 L.
1408 5471 1556 5521 sorto
1582 5480 1639 5518 ο.

551 5650 695 5721 (960)
709 5644 1085 5721 Spicisvento
1106 5634 1343 5708 agitatis.
1379 5633 1527 5687 LEIB.

551 5652 675 5721 (960
709 5650 744 5705 S
788 5650 891 5702 icis
917 5653 1024 5692 ven

551 5650 710 5796 (961g
736 5666 1024 5789 eirgilius.

962 5400 1053 5437 ¹⁰⁰τ
1077 5400 1245 5454 eodem
1274 5412 1385 5453 non
1423 5397 1510 5450 hic
1540 5392 1635 5449 sed
1657 5393 1785 5462 post
1827 5388 2173 5444 constructor
2209 5378 2522 5446 distinguit.

2043 5524 2254 5582 NOTAE.

2629 5370 2721 5407 ¹⁰⁰⁶
2749 5369 2789 5424 i.
2822 5367 2857 5421 ι.
2898 5366 2956 5420 h.
3001 5370 3042 5419 t.
3073 5377 3128 5419 e.
3161 5376 3209 5417 s.
3248 5374 3300 5415 a.
3329 5370 3500 5414 manu
3524 5352 3575 5408 2.
3607 5347 3798 5406 addita.

2277 5616 2422 5686 (962)
2456 5612 2692 5669 Luttich.

2266 5670 2420 5762 (963$
2445 5686 2505 5741 ld
2532 5690 2617 5740 est
2641 5680 2921 5737 solemnes
2949 5672 3073 5730 dies
3114 5670 3267 5727 Lsis.
