3960 6198
210 352 307 407 721

278 480 556 542 Ρνωεαιίε,
597 493 666 533 ea:
686 479 843 549 cujus
871 481 1053 547 fratre
1081 481 1195 548 fuit
1222 482 1455 548 genitus.

212 573 466 629 Crastina
494 570 818 639 Septembris
848 571 949 625 lum
979 572 1065 626 his
1092 573 1204 639 fuit
1227 572 1424 626 ultima
1450 571 1726 625 membris.

281 664 497 721 Christe
522 661 611 696 ¹⁰¹¹
636 665 787 716 tuam
825 663 1059 732 requiem
1085 663 1159 716 da
1188 663 1297 717 sibi
1325 666 1481 731 teque
1520 662 1703 716 diem!

279 757 349 815 20
386 760 464 816 De
480 758 678 812 iterata
697 759 1045 812 immunitate
1073 759 1320 812 weclesice
1338 760 1516 813 sancti
1542 758 1831 813 Vincentii.

215 847 335 904 Otto
365 846 669 917 imperator
697 846 904 901 sedatis
929 847 1142 901 cunctis
1171 846 1415 903 motibus
1443 862 1544 917 per
1581 845 1830 911 Galliam,

216 940 423 995 Italiam
469 954 662 994 versus
692 938 925 1009 arripuit
951 938 1097 994 viam
1152 939 1265 1009 (an.
1299 938 1442 1003 980).
1496 938 1606 993 Nec
1644 937 1835 995 aberat

216 1048 246 1087 a
308 1032 477 1085 latere
542 1029 719 1101 ipsius
766 1030 1020 1085 conscius
1081 1030 1326 1086 omnium
1384 1030 1739 1085 consiliorum
1780 1037 1835 1085 et

218 1120 495 1193 particeps
525 1119 773 1174 omnium
806 1120 1180 1193 negotiorum,
1204 1120 1592 1192 episcoporum
1632 1122 1830 1187 honor,

214 1211 547 1269 Deodericus
568 1211 885 1282 episcopus,
919 1227 1081 1284 quem
1108 1211 1403 1283 utriusque
1426 1213 1713 1286 dignitatis
1742 1229 1834 1268 re-

213 1301 455 1358 verentia
485 1301 748 1370 majorem
794 1309 888 1357 aut
925 1301 1195 1373 aequalem
1237 1302 1506 1357 reddebat
1544 1302 1829 1357 omnibus.

218 1393 306 1449 Set
334 1392 488 1448 nulla
518 1400 788 1448 terrarum
822 1393 1200 1466 longinquitas
1252 1410 1379 1449 eum
1412 1404 1521 1449 tam
1551 1394 1716 1470 longe
1748 1395 1831 1449 di-

218 1489 488 1561 sparabat,
552 1489 703 1543 nulla
748 1489 958 1544 viarum
1009 1489 1297 1560 prolixitas
1348 1492 1489 1545 adeo
1545 1490 1830 1566 gravabat,

219 1578 362 1634 nulla
413 1579 841 1651 occupationum
887 1580 1264 1651 multiplicitas
1316 1598 1442 1636 eum
1484 1581 1539 1635 in
1611 1589 1827 1637 tantum

220 1675 471 1751 angebat,
500 1673 638 1747 quin
657 1672 870 1747 jugiter
890 1673 1032 1728 bene
1062 1675 1370 1729 ethoneste
1399 1675 1834 1731 consummando

221 1763 468 1820 coenobio
511 1762 687 1818 sancti
740 1762 1012 1817 Vincentii
1059 1763 1301 1818 animum
1334 1780 1493 1819 suum
1531 1770 1834 1836 prmsenta-

222 1866 315 1924 ret,
349 1864 402 1912 et
430 1862 493 1912 ut
525 1856 675 1911 nulla
705 1855 812 1910 alia
842 1871 975 1910 cura
1005 1855 1185 1912 acrior
1216 1857 1321 1911 hac
1360 1858 1540 1928 ipsum
1567 1856 1833 1912 sollicita-

220 1955 313 2003 ret.
346 1947 693 2019 Quapropter
743 1946 793 2000 ei
829 1946 896 2001 ad
935 1946 1143 2001 bonum
1201 1963 1422 2019 semper
1470 1948 1681 2003 intenta
1720 1963 1832 2003 non

219 2037 541 2104 sufﬁciebat,
574 2037 722 2110 quod
754 2038 937 2093 locum
972 2037 1127 2092 illum
1160 2044 1214 2093 et
1244 2039 1429 2093 omnia
1460 2038 1541 2092 illi
1580 2039 1835 2111 delegata

220 2131 532 2188 auctoritate
574 2139 629 2185 et
660 2130 1052 2186 benedictione
1091 2130 1361 2187 Johannis
1390 2146 1546 2202 papae
1577 2130 1708 2185 olim
1739 2130 1831 2184 ﬁr-

222 2220 374 2275 miter
402 2226 456 2275 et
501 2219 757 2291 legaliter
804 2218 1097 2281 munierat,
1155 2226 1237 2273 set
1289 2219 1474 2274 adhuc
1503 2218 1721 2273 obviam
1752 2218 1831 2273 ire

224 2308 501 2377 injusticiae
544 2323 859 2378 pravorum,
892 2306 1042 2362 bona
1083 2307 1312 2361 aliorum
1344 2322 1630 2377 perperam
1662 2322 1829 2361 usur-

224 2404 456 2474 pantium
486 2402 830 2459 omnimodis
878 2402 1187 2457 insistebat.
1245 2401 1400 2456 Unde
1459 2402 1625 2457 modo
1655 2401 1831 2457 addu-

225 2502 333 2552 ctus
376 2496 478 2551 loci
526 2502 583 2550 et
634 2495 897 2565 temporis
950 2494 1323 2565 oportunitate
1356 2495 1465 2565 (an.
1500 2494 1645 2565 981),
1691 2493 1827 2547 illud

225 2581 390 2653 ipsum
420 2582 772 2656 privilegium
800 2583 931 2638 olim
952 2584 1215 2654 scriptum
1238 2591 1292 2638 et
1323 2583 1598 2659 signatum
1630 2600 1658 2637 a
1689 2600 1830 2654 papa

219 2672 455 2729 Johanne
491 2688 683 2744 operae
712 2672 948 2743 pretium
989 2672 1143 2727 duxit
1173 2672 1513 2739 iterandum,
1547 2672 1828 2728 Benedicti

223 2776 283 2816 eo
321 2769 568 2833 tempore
633 2761 966 2833 apostolicas
1021 2762 1172 2817 vices
1228 2762 1443 2835 agentis
1507 2762 1831 2817 auctoritate

223 2851 467 2922 scriptum
514 2868 618 2922 per
650 2867 868 2905 manum
920 2851 1218 2925 Bonigonis
1272 2851 1471 2907 notarii
1527 2858 1689 2923 atque
1745 2867 1832 2906 re-

224 2942 444 3014 gionarii
471 2949 679 2997 sanctae
712 2942 972 2996 Romanae
1013 2939 1302 3008 azcclesiaa,
1335 2941 1391 2995 in
1432 2957 1620 2996 mense
1667 2941 1833 3012 Aprili

228 3030 515 3087 indictione
546 3039 738 3085 octava
770 3030 941 3099 (964).

288 3120 371 3174 21.
405 3124 477 3176 De
512 3121 775 3176 roborata
802 3122 1141 3175 immunitate
1170 3124 1409 3176 actorum
1446 3120 1581 3190 ejus.
1614 3119 1693 3174 lta
1720 3121 1829 3176 Do-

229 3208 351 3263 mini
381 3226 576 3266 servus
607 3208 787 3264 ﬁdelis
839 3217 893 3264 et
923 3210 1168 3280 prudens
1207 3216 1333 3264 ante
1384 3217 1438 3264 et
1468 3216 1612 3264 retro
1641 3209 1829 3264 ocula-
1856 3208 1903 3245 ιλ

229 3306 328 3365 tus,
358 3315 425 3353 ne
456 3299 649 3371 aliquo
669 3305 919 3369 tempore
952 3297 1238 3352 fascinatio
1267 3296 1600 3371 nugacitatis
1631 3296 1835 3351 obscu-

228 3401 356 3446 raret
384 3391 531 3447 bona
562 3391 732 3457 illius,
783 3406 1034 3464 praesago
1086 3389 1391 3445 futurorum
1432 3390 1633 3460 spiritu
1666 3390 1837 3445 duce-

228 3484 391 3553 batur,
441 3494 503 3541 ut
549 3485 814 3557 quamdiu
872 3484 979 3540 vita
1019 3491 1072 3539 et
1097 3483 1445 3556 Oportunitas
1500 3484 1833 3555 patiebatur,

229 3580 513 3649 apostolico
548 3587 605 3634 et
632 3579 902 3649 imperiali
930 3577 1193 3653 suffragio
1220 3578 1556 3633 domesticos
1588 3575 1716 3631 ﬁdei
1748 3583 1836 3631 tu-

227 3674 439 3737 taretur,
472 3670 546 3725 ad
577 3684 716 3740 quos
736 3667 970 3723 maxime
994 3668 1202 3724 bonum
1236 3684 1333 3738 pro
1357 3667 1604 3722 remedio
1635 3666 1835 3721 anima:

229 3772 329 3811 sua),
366 3759 716 3831 operabatur.
779 3758 889 3813 Nec
920 3757 1092 3813 solam
1124 3757 1380 3829 quaesivit
1428 3755 1837 3811 immunitatem

232 3848 382 3918 hujus
412 3851 544 3917 loci,
574 3857 659 3905 set
686 3857 740 3905 et
771 3849 876 3904 alia
905 3856 1025 3905 acta
1050 3866 1149 3904 sua
1186 3849 1380 3904 volens
1421 3848 1477 3901 in
1506 3856 1835 3919 perpetuum

230 3955 335 4001 rata
365 3947 504 4015 ﬁeri,
540 3963 649 4003 non
683 3947 895 4003 distulit
942 3964 1007 4002 ea
1046 3946 1211 4021 legali
1252 3946 1456 4017 scripto
1487 3944 1835 4012 conﬁrmare,

233 4036 403 4094 edicto
429 4038 707 4111 imperiali
723 4038 1084 4094 corroborare
1099 4045 1154 4093 et
1170 4038 1321 4101 anuli
1335 4037 1457 4106 ejus
1470 4036 1838 4107 impressione

232 4127 566 4200 consignare.
617 4127 735 4183 Non
788 4128 975 4200 pigeat
1004 4127 1174 4200 igitur
1232 4125 1408 4196 ipsam
1434 4125 1567 4180 hinc
1598 4126 1839 4180 inserere

232 4225 445 4288 cartam,
468 4236 700 4292 operum
723 4220 999 4291 pontiﬁcis
1019 4218 1193 4275 nostri
1219 4225 1275 4274 et
1295 4218 1587 4274 verborum
1619 4225 1839 4273 nostro-

235 4325 341 4363 rum
372 4319 567 4366 testem
599 4311 879 4368 idoneam.

1222 349 1372 403 VlTA
1411 347 1770 405 DEODEBlCl
1809 346 2104 404 EPISCOPI
2144 346 2529 403 METTENSIS.

3441 347 3547 403 722

1858 484 1913 551 Α
1934 482 2117 534 maria:
2144 482 2407 547 genitoris
2445 480 2637 545 nostri,
2668 478 2874 534 Ottonis
2902 480 3146 535 videlicet
3173 481 3550 549 augustissimi

1936 569 2304 637 imperatoris,
2334 569 2577 637 primum
2630 566 2899 636 aediﬁcare
2941 570 3118 637 erepit,
3160 573 3210 623 et
3235 573 3547 635 mercatum,

1936 676 2089 729 quem
2114 663 2295 714 nostra
2331 660 2488 713 licita
2519 660 2578 713 in
2604 659 2713 713 loco
2744 660 2841 728 qui
2869 658 3062 725 Spinal
3099 659 3302 714 dicitur
3340 662 3550 729 primus

1935 755 2179 818 elevavit,
2229 755 2509 825 imperiali
2552 758 2750 808 nostra;
2773 755 3150 823 praeceptionis
3189 754 3475 808 donatione
3503 758 3553 808 et

1931 851 2175 917 potentia
2203 850 2663 917 conﬁrmaremus,
2703 850 2754 901 et
2780 850 2839 900 ut
2866 846 3100 913 familiis
3127 846 3353 900 ecclesia?
3380 847 3555 899 sancti

1934 938 2200 1007 Stephani
2230 938 2685 1007 prothomartyris
2724 936 2954 999 Christi,
3002 936 3088 989 cui
3117 937 3233 1005 ipse
3273 934 3550 1005 praesidet,

1935 1028 2095 1095 legem
2141 1044 2175 1081 a
2200 1027 2701 1098 proadecessoribus,
2736 1028 2958 1092 nostris,
3011 1025 3229 1092 regibus
3259 1024 3460 1079 scilicet
3505 1028 3556 1078 et

1934 1120 2375 1190 imperatoribus,
2438 1120 2549 1174 illis
2607 1133 2925 1182 concessam,
2985 1118 3310 1171 auctoritate
3362 1118 3556 1171 nostra

1934 1213 2248 1267 donationis
2283 1213 2492 1266 naviter
2527 1213 2601 1266 eis
2639 1210 3037 1265 concederemus
3074 1213 3234 1279 atque
3272 1210 3552 1277 conforta-

1934 1320 2130 1359 remus.-
2162 1304 2326 1374 Cujus
2379 1306 2696 1373 petitionem
2745 1318 2851 1372 pro
2892 1302 3080 1356 divino
3110 1316 3292 1355 amore
3331 1301 3555 1369 benigne

1932 1400 2302 1467 suscipientes,
2330 1400 2625 1468 praefatum
2654 1398 3039 1451 monasterium
3066 1397 3125 1449 in
3156 1395 3351 1449 honore
3378 1396 3556 1449 sancti

1941 1490 2211 1543 Vincentii
2238 1490 2502 1555 martyris
2540 1490 2899 1541 consecratum
2940 1486 3041 1540 sub
3070 1489 3265 1539 nastrce
3305 1486 3552 1539 tuitianis

1935 1580 2277 1632 emunitatem
2323 1579 2675 1646 suscepimus,
2705 1581 2753 1631 et
2780 1577 2961 1630 omnia
2988 1576 3117 1629 illuc
3156 1576 3223 1629 ab
3260 1591 3316 1629 eo
3354 1576 3438 1629 vel
3483 1576 3552 1630 ab

1935 1666 2047 1720 illis
2080 1666 2313 1731 tradita,
2355 1669 2403 1719 et
2434 1665 2614 1718 adhuc
2654 1664 2722 1718 ab
2759 1665 3032 1733 aliquibus
3061 1664 3350 1731 tradenda,
3399 1666 3551 1732 regia

1938 1760 1987 1809 et
2014 1754 2286 1823 imperiali
2323 1753 2693 1821 muniﬁcentia
2733 1767 2795 1805 ac
2824 1753 3224 1820 magniﬁcentia
3259 1754 3549 1820 conﬁrma-

1936 1858 2051 1897 mus
2080 1860 2093 1909 ;
2127 1847 2176 1897 et
2203 1845 2466 1896 mercatus
2502 1844 2560 1895 in
2588 1840 2846 1910 praedicto
2896 1841 3005 1894 loco
3047 1840 3279 1893 elevatus
3308 1846 3369 1893 ut
3398 1842 3553 1894 dein-

1935 1951 2056 2005 ceps
2086 1936 2286 2005 absque
2323 1936 2605 1989 hominum
2634 1934 2873 1987 omnium
2920 1935 3283 1987 controversia
3326 1936 3553 2003 ﬁrmiter

1934 2033 2036 2083 stet
2073 2032 2234 2097 atque
2274 2032 2510 2090 maneat,
2551 2026 2826 2095 imperiali
2872 2027 3134 2096 potestate
3163 2029 3547 2097 prmeipimus;

1932 2118 2381 2186 familiarumque
2407 2119 2657 2187 praefata:
2685 2118 2933 2172 (ecclesiae
2974 2118 3160 2185 legem,
3208 2133 3371 2187 quam
3405 2134 3548 2187 prm-

1930 2215 2163 2283 scriptus
2189 2214 2509 2268 Deodericus
2538 2215 2812 2283 episcopus
2842 2212 2917 2264 eis
2956 2210 3346 2265 concedendam
3375 2226 3410 2264 a
3452 2226 3551 2265 no-

1934 2307 2014 2360 bis
2039 2306 2253 2375 petivit,
2314 2305 2593 2373 imperiali
2632 2304 2768 2357 dono
2806 2305 2857 2355 et
2883 2303 3178 2355 munimine
3208 2301 3320 2355 illis
3356 2302 3548 2355 dehinc

1930 2394 2209 2449 tenendam
2246 2394 2584 2448 concedimus
2622 2397 2781 2461 atque
2827 2392 3192 2457 confortamus
3242 2389 3351 2445 ‘0”.
3383 2394 3454 2447 Et
3489 2396 3549 2446 ut

1931 2485 2039 2538 haec
2064 2488 2264 2537 nostra:
2288 2484 2595 2536 donationis
2618 2482 2878 2535 conca-sia
2907 2495 3002 2548 per
3031 2481 3222 2545 futura
3248 2483 3545 2549 temporum

1929 2573 2203 2627 curricula
2234 2588 2268 2625 a
2293 2573 2500 2626 cunctis
2528 2570 2773 2639 ﬁdelibus
2801 2570 3011 2638 ﬁrmior
3043 2568 3131 2602 ¹⁰¹³
3158 2569 3548 2629 habeatur.hoc

1928 2666 2123 2716 nostra:
2144 2661 2478 2715 celsitudinis
2496 2662 2821 2728 praeceptum
2836 2658 2963 2711 inde
2989 2659 3349 2727 conscriptum
3371 2659 3548 2726 sigilli

1929 2756 2104 2809 nostri
2129 2756 2479 2823 impressione
2499 2754 2717 2821 signare
2731 2752 3018 2821 jussimus,
3038 2765 3306 2821 manuque
3322 2752 3549 2820 propria

1933 2844 2413 2900 carroboravimus.

2006 2938 2233 3004 Signum
2263 2936 2449 2989 damni
2476 2935 2684 2990 Ottonis
2713 2935 3060 2989 invictissimi
3079 2935 3419 3003 imperatoris
3445 2949 3548 2988 au-

1933 3031 2098 3096 gusti.
2130 3028 2215 3099 (ιι.
2252 3027 2344 3097 Μ.)
2366 3027 2714 3082 Hildiboldus
2738 3028 3021 3097 episcopus
3049 3027 3404 3081 cancellarius
3435 3029 3549 3082 vice

1938 3124 2203 3192 Willigisi
2230 3123 2652 3191 archicapellani
2678 3124 2979 3189 recognovi.
3028 3125 3169 3176 Data
3201 3119 3267 3175 12
3313 3121 3544 3176 Kalend.

1928 3215 2083 3279 Julii,
2134 3229 2277 3268 auno
2309 3213 2589 3267 dominica:
2632 3210 3028 3265 incarnationis
3065 3209 3192 3277 983,
3252 3210 3548 3264 indictione

1934 3304 2018 3368 ll,
2070 3318 2214 3357 anno
2242 3303 2398 3369 regni
2440 3301 2783 3355 invictissimi
2820 3299 3028 3355 Ottanis
3065 3298 3136 3352 25
3189 3296 3283 3333 ¹⁰¹⁶
3329 3298 3548 3366 imperii

1930 3400 2106 3449 autem
2136 3396 2222 3449 15.
2258 3396 2452 3449 Actum
2478 3396 2713 3448 Mantuae
2725 3393 2956 3460 feliciter
2984 3406 3157 3446 amen.

2001 3487 2087 3542 22
2140 3491 2216 3543 De
2260 3488 2395 3541 bona
2421 3490 2874 3540 consummatione
2900 3499 3122 3554 operum
3173 3484 3380 3539 domini
3415 3486 3548 3538 Deo-

1932 3579 2119 3645 derici,
2154 3581 2204 3631 et
2226 3577 2401 3631 abitus
2428 3574 2702 3652 ejus.~Vir
2729 3576 2921 3646 itaque
2961 3574 3178 3629 Domini
3217 3573 3551 3630 Deodericus

1936 3672 2205 3726 bonorum
2237 3684 2466 3739 operum
2500 3665 2695 3723 studiis
2733 3666 2983 3738 adprime
3012 3667 3258 3721 intentus
3286 3673 3342 3722 et
3371 3668 3439 3722 de
3467 3673 3549 3722 ta-

1935 3759 2084 3815 lento
2114 3759 2218 3812 sibi
2267 3757 2479 3812 credito
2519 3756 2773 3829 pervigili
2830 3772 2962 3811 cura
3013 3756 3304 3821 sollicitus,
3362 3772 3547 3812 coram

1934 3847 2169 3904 Domino
2228 3862 2328 3901 suo
2374 3844 2737 3915 multiplicata
2784 3844 3005 3914 pietatis
3047 3859 3214 3914 Opera
3269 3851 3552 3915 reportare

1937 3936 2195 3992 studebat
2240 3942 2295 3990 et
2346 3932 2569 3988 familiae
2608 3931 2715 3986 sibi
2770 3931 3075 3987 commissa:
3113 3930 3315 4002 cybum
3350 3931 3549 3988 saluta-

1940 4045 2078 4095 rem,
2109 4034 2169 4082 ut
2197 4026 2376 4082 ﬁdelis
2402 4040 2617 4093 servus,
2636 4023 2992 4095 suppeditare
3022 4024 3370 4094 procurabat.

2011 4122 2219 4178 Praesul
2260 4122 2408 4177 enim
2440 4120 2616 4176 factus
2645 4118 2925 4189 conplevit
2954 4117 3202 4188 praesulis
3232 4124 3404 4188 actus,

2082 4215 2290 4271 Profuit
2317 4230 2381 4269 ac
2405 4214 2618 4278 ovibus,
2644 4209 2863 4283 praefuit
2889 4210 3010 4281 ipse
3041 4209 3264 4281 quibus.

2014 4306 2284 4379 Diligebat
2308 4319 2549 4374 namque
2562 4319 2680 4369 eos,
2710 4316 2849 4372 quos
2870 4300 2926 4353 in
2952 4298 3356 4354 mcclesiasticis
3382 4298 3556 4354 actio-

297 4401 578 4459 Decrctum
620 4403 833 4458 Ottouis
858 4402 1090 4458 secundi
1129 4401 1239 4456 ¹⁰¹².
1275 4402 1337 4456 In
1375 4400 1591 4455 nomine
1639 4400 1842 4452 sancta:
1941 4398 2105 4452 nibus
2136 4397 2411 4452 ferventes
2440 4411 2567 4451 esse
2597 4393 2881 4459 cernebat,
2913 4398 2968 4447 et
2996 4400 3056 4447 ut
3080 4391 3325 4446 studium
3366 4407 3557 4462 perse-

232 4497 276 4547 et
295 4497 597 4551 indiuiduae
629 4497 918 4551 Trinitatis
950 4496 1070 4552 Otto
1100 4494 1293 4548 divina
1319 4494 1539 4561 favente
1564 4491 1913 4561 clementia“
1940 4487 2167 4544 verandi
2217 4502 2328 4541 non
2404 4489 2816 4556 postponerent,
2892 4479 3241 4537 fructiﬁcanti
3305 4480 3556 4536 doctrina

234 4586 512 4656 imperator
561 4591 843 4656 augustas.
901 4588 1152 4643 Omnium
1191 4586 1434 4655 ﬁdelium
1510 4589 1836 4649 nostrorum,
1859 4569 1918 4614 υ
1941 4577 2310 4634 ammonebat.
2338 4573 2789 4649 Neglegentiores
2819 4579 3022 4637 autem,
3053 4570 3144 4641 qui
3185 4569 3368 4623 minus
3388 4585 3553 4641 quam

229 4680 562 4744 praesentium
605 4679 804 4734 scilicet
842 4682 1003 4747 atque
1049 4678 1388 4744 futurarum,
1448 4678 1634 4744 pateat
1675 4672 1841 4726 indu-
1940 4667 2222 4723 debebant
2251 4664 2585 4738 evangelicae
2613 4662 2816 4718 actioni
2848 4659 3214 4724 inhaerebant,
3233 4658 3389 4726 juxta
3420 4674 3558 4729 pra:-

234 4774 371 4827 strice
415 4775 677 4844 quomodo
731 4774 906 4844 ﬁdelis
961 4782 1139 4828 noster
1191 4772 1515 4827 Deadericus
1569 4770 1840 4825 Mettensis
1944 4765 2161 4830 ceptum
2216 4753 2458 4810 ἀοοῑοΐίε
2512 4753 2760 4826 gentium
2824 4747 3507 4844 arguebalyuomﬁcrabat
3538 4788 3554 4815 ν

234 4866 467 4920 (ecclesia
520 4867 841 4922 venerabilis
890 4869 1165 4936 episcopus
1221 4880 1255 4919 a
1304 4868 1486 4919 nostro
1532 4863 1843 4918 celsitudine
1942 4849 2281 4920 increpabat.
2336 4862 2400 4901 ac
2450 4862 2518 4899 ne
2577 4844 2852 4936 m0fs_ibll_s
2881 4840 3556 4936 _im'i_3ib_ilium1‘_1l)°rum

235 4955 543 5021 suppliciter
586 4957 768 5026 petiit,
826 4958 887 5009 ut
913 4932 1314 5009 monasterium
1353 4954 1534 5008 sancti
1577 4952 1845 5007 Vincentii
1944 4942 2280 4997 laederentur
2322 4952 2477 4991 muro
2506 4934 2768 5007 spiritalis
2799 4933 3143 4989 defensionis
3193 4932 3412 4987 munire
3443 4947 3557 4987 non

234 5042 376 5107 foras
403 5060 581 5100 muros
604 5047 844 5100 civitatis
870 5059 1000 5110 sum,
1046 5045 1202 5099 Metis
1226 5046 1424 5097 vocata;
1452 5041 1563 5107 W3,
1595 5044 1843 5095 conslru-
1945 5035 2267 5093 desistebat.
2311 5034 2369 5086 ln
2411 5033 2514 5088 hoc
2565 5046 2697 5086 vero
2729 5028 2992 5101 perfectio
3024 5037 3244 5084 actuum
3280 5027 3402 5096 ejus
3436 5027 3559 5082 lau-

236 5137 388 5202 ctum,
428 5136 573 5206 quod
600 5139 715 5208 ipse
739 5151 859 5192 cum
902 5135 1123 5189 licentia
1148 5138 1198 5189 et
1241 5147 1499 5189 consensu
1547 5131 1710 5185 beatas
1736 5146 1847 5185 me-
1946 5126 2148 5183 dabilis
2196 5122 2395 5189 extitit,
2437 5121 2587 5193 quia,
2628 5119 2776 5192 quod
2826 5117 3122 5190 sagacitate
3179 5124 3234 5171 et
3272 5115 3563 5172 afﬂuentia

1570 5256 1790 5312 νΑΒιιΈ
1837 5255 2112 5312 LECTION
2121 5253 2214 5308 ES.

304 5386 389 5422 ¹⁰¹¹
423 5388 593 5445 Criste
609 5407 654 5446 c.
759 5390 851 5426 ¹⁰¹²
882 5388 1154 5445 SECRETI
1189 5390 1235 5442 ί.
1352 5387 1443 5422 ¹⁰¹³
1472 5395 1664 5443 vocata
1688 5403 1731 5441 c.
1835 5383 1927 5419 1°"
1954 5384 2040 5437 hic
2076 5385 2126 5435 et
2166 5394 2335 5448 supra
2364 5375 2754 5433 conﬁrmamus
2802 5370 3348 5448 etrconﬁrmaremus
3395 5369 3566 5448 _i_nt_el-

241 5440 654 5523 ligendum‘est"
708 5463 798 5498 ¹⁰¹δ
836 5440 1154 5516 ﬁFxﬁa'o'Z."
1183 5440 1274 5495 id”
1300 5440 1923 5527 intelligendumXXlll.
1984 5451 2196 5523 imperii
2232 5440 2383 5503 'XVI.
2439 5448 2531 5502 sed
2585 5449 2797 5517 reliqua
2853 5444 3021 5514 hujus
3077 5445 3331 5512 temporis
3373 5440 3561 5509 diplo-

245 5534 388 5584 mata
413 5533 589 5587 eodem
614 5537 747 5590 vitio
776 5535 1046 5588 laborant.

1798 5634 2008 5692 NOT/E.

311 5734 446 5806 (964)
477 5738 631 5796 Anno
659 5740 754 5795 981
793 5704 1022 5793 indictio
1050 5751 1196 5791 nona
1226 5736 1480 5790 currebat
1507 5741 1631 5789 alta.
1664 5736 1757 5789 981
1807 5733 1975 5789 fuisse
2017 5725 2362 5799 imperatoris
2395 5733 2523 5779 tunc
2562 5723 2723 5777 statio
2762 5722 2944 5776 Romw
2978 5719 3204 5772 iudicat.
