3960 6198
423 291 521 353 723

417 784 731 858 denegawt.
776 784 1080 855 Numquam
1140 802 1265 840 eum
1318 787 1387 840 ab
1421 787 1544 855 jure
1576 788 1642 841 ad
1702 788 2035 857 injusticiam

416 879 709 951 quisquam
755 880 1019 944 detraxit;
1081 887 1164 934 set
1226 881 1642 952 provincialium
1704 883 2039 938 substantias
2139 886 2506 954 praetermisit.
2551 890 2789 947 Transiit
2817 901 3000 951 autem
3040 914 3188 954 anno
3222 900 3436 958 Domini
3602 910 3750 981 (966)

415 970 714 1042 aliquando
755 972 980 1042 privatis
1013 972 1245 1043 rapinis,
1274 974 1576 1045 aliquando
1620 975 1857 1046 publicis
1898 992 2034 1031 vec-

414 1060 678 1134 tigalibus
734 1060 1082 1130 pessundari,
1143 1077 1253 1116 non
1285 1063 1465 1126 aliter,
1526 1081 1689 1135 quam
1721 1065 1813 1136 qui
1855 1065 2033 1135 patie—

411 1152 632 1216 bantur,
666 1150 921 1206 indoluit.
965 1151 1312 1222 Principibus
1342 1153 1586 1209 veritatis
1615 1155 1782 1209 verba
1811 1171 1922 1211 non
1948 1162 2031 1212 ta-

415 1238 548 1305 cuit,
606 1238 818 1310 pupillo
867 1246 921 1294 et
1007 1239 1187 1295 viduae
1261 1241 1499 1310 justicize
1576 1260 1861 1300 censuram
1919 1263 2027 1303 non

412 1328 722 1382 abscondit.
756 1328 815 1382 ln
849 1328 1014 1384 corde
1041 1329 1187 1383 illius
1217 1330 1522 1399 humilitas,
1557 1332 1615 1387 in
1652 1349 1746 1389 ore
1787 1335 2029 1405 perfecta

411 1417 701 1491 sagacitas,
762 1416 817 1471 in
857 1417 1011 1473 vultu
1058 1419 1390 1491 morigerata
1428 1420 1712 1492 hylaritas,
1759 1423 1817 1477 in
1859 1440 2027 1495 Opere

410 1509 694 1581 praecipua
724 1515 840 1564 erat
870 1510 1082 1566 caritas.
1119 1511 1311 1565 Portus
1372 1521 1427 1567 et
1467 1529 1561 1568 ara
1583 1514 1719 1582 suis,
1749 1522 1897 1571 totus
1939 1517 2028 1572 in-

408 1603 704 1658 cumbebat
759 1603 1165 1658 zecclesiasticis
1227 1604 1604 1661 incrementis.
1664 1608 1916 1681 Denique
1968 1623 2026 1667 ut

409 1694 677 1749 memoria
708 1695 829 1762 ejus
883 1702 1090 1751 aeterna
1143 1704 1310 1763 esset,
1353 1704 1406 1752 et
1444 1700 1689 1755 studium
1746 1702 1872 1758 vitae
1904 1704 2024 1772 ejus

409 1782 464 1836 in
497 1783 662 1837 domo
713 1783 929 1837 Domini
969 1790 1027 1839 ut
1061 1785 1241 1855 palma
1293 1785 1614 1854 ﬂoresccns,
1653 1791 1793 1846 sicut
1823 1793 2023 1849 cedrus

406 1873 477 1929 de
546 1875 788 1945 Lybano,
839 1876 1319 1948 multiplicaretur,
1377 1879 1749 1936 azcclesiarum
1801 1884 2025 1941 sedulus

406 1976 753 2026 constructor
791 1972 990 2040 extitit,
1016 1980 1070 2028 et
1109 1981 1167 2028 ut
1191 1975 1497 2045 superioris
1526 1977 1635 2031 stili
1686 1989 1869 2035 narrat
1913 1982 2018 2053 hy-

403 2065 593 2132 storia,
640 2067 1038 2137 temporalibus
1094 2069 1254 2124 bonis
1287 2077 1342 2125 et
1386 2080 1698 2127 sanctorum
1747 2075 2016 2148 reliquiis,

403 2153 546 2209 sicut
606 2155 772 2209 hodie
838 2164 921 2211 est
967 2173 1216 2225 cernere,
1257 2167 1580 2229 perornator
1629 2179 1815 2218 earum
1859 2164 2019 2220 inde-

402 2245 582 2301 fessus
614 2248 827 2302 enituit.
872 2248 910 2304 0
960 2250 1133 2305 virum
1195 2252 1387 2307 merito
1431 2257 1865 2325 memorabilem,
1923 2259 2018 2329 qui

404 2339 702 2393 humanum
766 2339 1009 2396 favorem
1067 2344 1216 2398 velut
1289 2345 1539 2400 umbram
1606 2356 2015 2418 pretereuntem

403 2426 838 2497 ﬂoccipendens,
884 2433 1197 2501 postposuit
1244 2433 1510 2489 amicitias
1565 2436 1797 2492 filiorum
1847 2440 2019 2495 homi-

401 2532 530 2570 num
588 2524 642 2572 et
714 2518 819 2573 sibi
879 2519 1183 2577 vindicavit
1226 2524 1457 2597 gratiam
1515 2541 1879 2597 supernorum
1938 2531 2016 2586 ci-

396 2606 577 2661 vium!
610 2607 818 2663 Revera
855 2626 978 2665 cum
1022 2611 1168 2666 inter
1213 2614 1422 2670 aulicos
1477 2623 1531 2670 et
1572 2617 1789 2688 imperii
1822 2621 2013 2675 consi-

396 2697 581 2752 liarios
618 2698 828 2768 primus
869 2699 1185 2767 haberetur,
1211 2709 1265 2757 et
1294 2706 1515 2776 negotia
1543 2709 1699 2780 regni
1724 2712 2013 2781 sapientiae

397 2804 458 2842 ac
489 2788 838 2859 dispositioni
870 2791 990 2862 ejus
1028 2793 1403 2859 crederentur,
1438 2797 1663 2853 nolebat
1702 2808 1884 2856 tamen
1916 2820 2007 2858 se-

396 2879 676 2934 cularibus
705 2897 764 2935 se
794 2881 1064 2952 inplicare
1097 2885 1331 2957 negotiis
1360 2887 1500 2942 sicut
1530 2889 1733 2946 fecerat
1753 2901 2004 2963 eatenus,

393 2978 455 3025 ut
494 2979 679 3042 posset
715 2973 826 3027 Deo
856 2974 1095 3029 militare
1137 2975 1402 3043 liberius;
1455 2987 1538 3035 set
1576 2983 1726 3037 solus
1754 2985 2009 3043 habitans

394 3078 580 3117 secum
612 3065 971 3120 exercebatur
997 3073 1050 3120 et
1087 3068 1349 3124 scobebat
1382 3072 1521 3143 (965)
1545 3075 1795 3143 spiritum
1828 3094 2009 3135 suum.

395 3156 669 3212 Evomens
713 3172 843 3231 ergo
875 3156 944 3211 ab
975 3159 1161 3215 animo
1204 3176 1425 3217 omnem
1467 3165 1690 3220 curialis
1720 3171 2011 3228 anxietatis

393 3260 676 3312 nauseam,
724 3244 780 3299 in
831 3262 940 3317 qua
979 3248 1266 3319 multiplex
1318 3252 1568 3307 molestia
1620 3271 1839 3312 omnem
1907 3261 2009 3315 ali-

391 3335 614 3406 quando
662 3337 902 3392 excludit
939 3340 1290 3408 modestiam,
1337 3342 1393 3396 in
1425 3360 1530 3415 qua
1563 3347 1796 3419 quisque
1829 3359 2008 3422 potest

389 3427 538 3483 illam
567 3429 862 3485 volubilem
896 3430 1127 3488 fortunae
1159 3434 1437 3506 inspicere
1493 3445 1688 3508 rotam,
1745 3450 1918 3499 totum
1946 3463 2006 3504 se

387 3524 457 3579 ab
515 3526 689 3581 activa
733 3528 799 3582 ad
841 3528 1004 3583 vitam
1063 3532 1343 3587 transtulit
1385 3539 1886 3609 contemplativam.
1947 3545 2008 3600 Et

386 3618 634 3674 monitus
685 3620 871 3675 divina
926 3621 1312 3693 inspiratione,
1359 3626 1650 3685 imminere
1685 3632 1790 3687 sibi
1858 3636 2003 3692 diem

380 3713 468 3768 sui
498 3713 704 3781 obitus,
730 3714 929 3790 agebat
960 3732 1056 3787 pro
1088 3718 1345 3776 omnibus
1373 3721 1497 3777 vita!
1538 3728 1859 3784 excessibus
1907 3732 1990 3785 di-

376 3817 517 3877 gnos
545 3802 888 3874 paenitentiae,
924 3804 1154 3874 fructus,
1195 3808 1464 3867 festinans
1509 3815 1709 3869 ascribi
1749 3820 1993 3879 caelestis

375 3899 540 3954 curiae
592 3899 972 3975 dignitatibus.
1009 3903 1256 3961 Ponebat
1292 3907 1566 3979 siquidem
1615 3920 1742 3967 ante
1798 3917 1992 3973 oculos

374 3989 578 4044 mentis
610 3989 667 4044 id
690 3992 836 4062 quod
865 3992 920 4045 in
952 3993 1180 4049 exordio
1222 3994 1707 4056 inthronizationis
1746 4004 1866 4073 ejus
1893 4005 1993 4062 de-

375 4080 720 4152 scripsimus,
755 4082 987 4138 litteram
1027 4085 1289 4143 videlicet
1316 4089 1401 4143 sui
1438 4092 1680 4148 nominis
1710 4094 1855 4150 inter
1892 4114 1993 4153 no-

375 4170 527 4227 mina
554 4173 900 4229 Mettensium
925 4177 1250 4246 pontificum
1274 4189 1537 4255 argenteo
1567 4185 1750 4242 colore
1776 4190 1994 4247 coalitus

370 4265 783 4334 praetitulatam,
820 4283 922 4338 pro
955 4285 1062 4339 qua
1110 4273 1437 4341 promiserat
1484 4292 1545 4331 se
1572 4282 1723 4335 tanta
1761 4281 1906 4338 bona
1936 4284 1991 4339 in

368 4354 692 4427 episcopatu
754 4357 1047 4423 facturum,
1107 4363 1255 4432 quod
1312 4364 1432 4434 ipsa
1476 4376 1736 4440 argentea
1788 4371 1987 4441 littera,

367 4448 479 4504 Deo
509 4448 756 4517 favente,
788 4451 1272 4510 transformaretur
1302 4456 1356 4512 in
1396 4474 1610 4516 aurum.
1654 4463 1765 4519 Nec
1794 4464 1989 4523 fefellit

368 4554 494 4594 eum
535 4539 772 4595 animus.
803 4538 939 4596 Nam
972 4541 1131 4599 bonae
1162 4545 1427 4602 voluntati
1455 4548 1726 4606 bonorum
1755 4569 1983 4624 operum

366 4628 581 4686 addens
620 4630 1047 4699 incrementum,
1077 4634 1425 4691 memorabili
1450 4637 1712 4712 justoque
1745 4640 1853 4698 fine
1884 4644 1986 4699 bo-

363 4734 450 4775 nae
478 4720 603 4775 vitae
634 4720 985 4777 conﬁrmavit
1008 4721 1250 4780 initium.

434 4811 525 4866 Sic
542 4812 737 4881 bonus
765 4813 970 4869 athleta
1004 4814 1219 4871 Domini
1251 4833 1420 4889 super
1444 4820 1585 4875 atria
1616 4822 1738 4879 laeta

434 4899 662 4956 Florens
694 4901 960 4972 perfecte,
991 4902 1122 4959 dum
1153 4914 1308 4961 curat
1335 4906 1520 4963 vivere
1549 4917 1717 4979 recte,
1760 4919 1766 4947 ί

432 4988 660 5045 Cursum
688 4993 1002 5064 complevit,
1024 5001 1149 5064 post
1169 4995 1287 5052 haec
1312 4996 1367 5051 in
1407 5014 1542 5069 pace
1570 5000 1799 5071 quievit.

359 5081 461 5148 Qui
489 5082 797 5141 subtractus
824 5087 892 5141 ab
920 5088 1026 5144 hac
1060 5088 1308 5144 instabili
1340 5091 1449 5145 vita
1494 5091 1607 5164 (an.
1663 5094 1788 5163 984,
1827 5097 1973 5166 Sept.

356 5168 434 5240 7),
467 5175 523 5224 et
562 5177 623 5225 ut
644 5172 921 5228 credimus
946 5183 1235 5247 susceptus
1266 5178 1321 5232 in
1348 5179 1559 5235 caelesti
1605 5182 1778 5249 curia,
1809 5200 1972 5256 quam

355 5277 515 5320 carus
536 5263 701 5320 fuerit
729 5266 956 5335 civitati,
985 5269 1356 5328 inaestimabili
1379 5290 1614 5331 mcerore
1646 5276 1856 5334 funeris
1880 5296 1975 5352 po-

354 5351 459 5408 tuit
487 5352 769 5410 aestimari.
800 5355 1022 5413 Delatus
1043 5374 1175 5434 ergo
1188 5361 1256 5416 ad
1285 5363 1461 5419 sancti
1483 5364 1753 5422 Vincentii
1783 5351 1974 5426 cceno-

1644 296 1987 351 SlGEBERTl
2030 295 2549 356 GEMBLACENSIS.

418 422 686 477 doctrinae
708 423 953 491 edocuit,
996 426 1272 496 exemplis
1300 436 1355 481 et
1395 427 1682 484 honestate
1704 444 1914 485 morum
1946 428 2043 483 de-
2066 431 2122 499 Α
2151 428 2325 496 bium,
2365 431 2577 489 scilicet
2616 437 2684 490 ad
2730 440 3057 508 praeclarum
3108 444 3423 506 devotionis

420 514 774 570 monstravit.
822 515 1126 590 Egentibus
1168 523 1222 571 et
1248 518 1511 589 orphanis
1546 519 1940 576 misericordias
1971 519 2049 574 vi-

416 618 571 657 scera
620 604 859 675 aperuit,
915 604 1189 660 tribulatis
1234 608 1632 664 consolationis
1693 609 2043 664 dulcedinem

418 695 651 762 exibuit,
682 696 1008 766 hospitibus
1049 697 1153 767 piae
1215 699 1571 754 humanitatis
1608 700 1881 755 beneficia
1932 715 2040 754 non

3678 331 3787 386 724

3460 468 3578 510 suae
3626 462 3789 517 testi-

2153 523 2422 591 monium,
2473 529 2726 598 sepultus
2771 539 2855 587 est
2907 534 2986 591 ibi
3032 553 3157 592 cum
3189 539 3423 611 honore,
3470 552 3658 619 qualis
3688 555 3790 612 de-

2149 611 2306 665 cebat
2339 614 2473 668 tanti
2506 617 2746 673 nominis
2794 621 3135 690 pontificem.
3179 626 3328 698 Opus
3358 611 3539 687 autem
3595 636 3779 714 ipsum

2146 702 2527 774 imperfectum
2571 711 2819 783 reliquit,
2868 724 3123 787 sumptus
3168 726 3353 777 tamen
3405 733 3460 780 et
3489 702 3781 798 impEnsas

2140 793 2207 847 ad
2255 794 2375 862 ejus
2406 801 2940 858 consummationem
2974 806 3320 865 sufficienter
3356 793 3618 888 delegare
3660 835 3775 874 non

2139 972 2443 1030 indictione
2487 979 2573 1045 11,
2627 990 2820 1050 epacta
2884 985 2968 1051 15,
3018 955 3386 1048 concurrente
3444 996 3496 1062 7,
3558 955 3775 1057 7‘Idu’s‘

2133 1065 2491 1136 Septembris,
2533 1069 2567 1124 6
2616 1069 2775 1139 feria,
2824 1090 2972 1132 anno
3030 1081 3053 1134 1
3108 1082 3265 1156 regni
3315 1083 3528 1142 Ottonis
3582 1093 3773 1149 tercii.

2132 1154 2247 1219 Quo
2272 1156 2436 1211 etiam
2468 1160 2795 1217 mensis‘die
2826 1154 3618 1233 recolebaturianniversarius
3670 1180 3775 1236 de-

2131 1244 2421 1314 positionis
2461 1249 2649 1305 matris
2680 1250 2856 1321 ipsius
2909 1257 3208 1314 Amalradae
3265 1263 3374 1315 ‘0”.
3413 1264 3574 1322 Pater
3628 1287 3769 1328 vero

2130 1337 2303 1409 ipsius
2335 1341 2640 1400 Everardus
2671 1346 2930 1403 Kalendis
2957 1350 3082 1406 Maii
3112 1357 3342 1413 aseculo
3374 1362 3638 1419 excessit.

2697 1452 3016 1494 EPITAPBIUM
3061 1442 3173 1497 ¹⁰¹⁸.

2197 1520 2293 1573 Hic
2330 1521 2658 1589 Deodericus,
2695 1540 2941 1592 generoso
2967 1534 3237 1598 sanguine
3271 1541 3438 1591 natus

2269 1614 2469 1678 Regum
2494 1616 2765 1681 progenie,
2798 1631 2995 1671 nomen
3014 1620 3212 1675 habens
3239 1624 3458 1693 celebre,

2196 1705 2417 1757 Caesaris
2446 1706 2648 1759 Ottonis
2679 1710 2852 1775 tetigit
2876 1725 3033 1778 quem
3078 1714 3223 1768 linea
3251 1721 3454 1787 carnis,

2268 1798 2428 1863 Cujus
2456 1799 2691 1853 consiliis
2709 1803 2846 1869 jura
2870 1803 3011 1858 dedit
3031 1808 3261 1874 populis.

2195 1892 2355 1944 szit
2383 1894 2528 1946 enim
2553 1895 2774 1961 mundo,
2808 1912 2903 1952 ceu
2931 1900 3091 1968 sydus
3120 1902 3328 1959 lumine
3349 1907 3528 1977 pleno,

2262 1983 2480 2037 Actibus
2509 1988 2742 2053 eximiis,
2774 1989 3010 2045 moribus
3051 1997 3290 2063 egregiis.

2194 2076 2336 2131 Unde
2373 2081 2677 2133 Mettensem
2713 2086 2914 2139 meruit
2934 2090 3280 2145 conscendere
3307 2093 3501 2164 sedem,

2258 2172 2430 2232 Quam
2454 2175 2596 2226 rexit
2619 2174 2777 2242 digno
2798 2180 3045 2244 praesulis
3068 2182 3264 2247 ofﬁcio.

2189 2260 2391 2314 Aulam
2429 2263 2574 2316 hanc
2598 2265 2793 2319 ca’lesti
2819 2271 3024 2322 struxit
3048 2285 3147 2339 pro
3168 2288 3394 2330 munere
3421 2282 3554 2347 regi,

2263 2352 2432 2407 Rebus
2459 2370 2625 2423 quam
2663 2359 2817 2412 miris
2836 2364 3057 2429 compsit
3075 2368 3127 2417 et
3156 2366 3483 2426 innumeris.

2188 2444 2367 2499 Idibus
2397 2446 2610 2502 ebdenis
2636 2451 2952 2518 Septembris
2980 2457 3106 2524 jam
3130 2458 3383 2515 revolutis

2257 2542 2503 2593 Decessus
2530 2547 2688 2608 sorte,
2720 2543 2995 2599 clauditur
3014 2547 3115 2602 hac
3140 2549 3305 2605 silice.

2186 2626 2274 2682 23.
2338 2634 2407 2684 De
2493 2633 2823 2691 dedicatione
2899 2641 3129 2696 ecclesia:
3208 2650 3389 2701 sancti
3454 2652 3741 2707 Vincentii.

2113 2721 2232 2776 Jam
2263 2736 2393 2776 vero
2425 2723 2555 2794 quia
2585 2724 2652 2777 de
2698 2725 2810 2781 vita
2852 2728 3303 2788 excellentissimi
3347 2738 3600 2805 prtesulis
3655 2756 3745 2796 re-

2114 2810 2377 2866 lationem
2427 2814 2788 2884 explevimus,
2870 2833 3097 2888 operam
3171 2821 3302 2878 dare
3367 2841 3630 2885 curamus
3678 2839 3745 2888 ut

2108 2900 2254 2955 diem
2327 2901 2695 2960 dedicationis
2743 2907 2991 2963 ecclesiae
3044 2912 3217 2968 sancti
3269 2913 3542 2972 Vincentii
3612 2929 3742 2976 ante

2036 3035 2085 3105 Ο
2112 3000 2393 3063 posterum
2422 2995 2614 3050 oculos
2644 2997 3042 3070 relinquamus.
3100 3003 3227 3059 Post
3256 3005 3546 3064 decessum
3579 3011 3744 3067 deni-

2117 3098 2218 3105 ----
2254 3083 2425 3105 :_-2---
2473 3084 2745 3105 _-_n!(‘,_',,
2858 3104 2861 3105 ,
3171 3092 3182 3102 ο
3398 3095 3409 3105 ι
3487 3098 3499 3105 .

2112 3098 2220 3154 que
2254 3083 2428 3154 ipsius
2473 3084 2770 3155 pontificis,
2806 3104 2905 3159 per
2941 3092 3327 3150 successiones
3357 3095 3727 3166 plurimorum

2110 3174 2371 3229 abbatum
2430 3176 2610 3232 eidem
2671 3178 2792 3235 loco
2860 3183 3298 3252 praesidentium,
3356 3203 3517 3259 opus,
3586 3193 3736 3264 quod

2111 3273 2450 3321 remanserat
2510 3266 2917 3338 imperfectum,
2963 3273 3186 3329 tandem
3245 3282 3496 3348 tempore
3545 3281 3735 3337 domui

2110 3353 2376 3410 Heriberti
2408 3357 2745 3413 venerabilis
2782 3360 2905 3415 vita:
2934 3361 3151 3418 abbatis
3180 3371 3262 3419 est
3291 3376 3733 3426 consummatum

2113 3446 2224 3516 (an.
2280 3445 2459 3518 1030).
2494 3447 2593 3511 Qui
2651 3448 2794 3504 inter
2833 3459 3032 3507 caetera
3069 3469 3192 3524 quae
3225 3456 3471 3512 studiose
3520 3465 3575 3513 et
3603 3460 3731 3515 reli-

2107 3536 2264 3610 giose
2304 3534 2505 3603 effecit,
2537 3537 2842 3594 tecclesiam
2897 3540 3069 3611 ipsam
3122 3558 3153 3597 a
3180 3542 3384 3600 domno
3423 3546 3732 3605 Deoderico

2101 3628 2322 3697 juniore
2364 3628 2611 3685 dedicari
2651 3632 2953 3690 constituit.
2996 3634 3166 3699 Quam
3222 3636 3437 3693 liberali
3479 3640 3729 3696 omnium

2092 3731 2273 3774 rerum
2302 3724 2590 3787 apparatu,
2625 3736 2787 3792 quam
2829 3722 2922 3792 pio
2962 3723 3276 3781 devotionis
3303 3726 3525 3797 affectu,
3560 3747 3727 3802 quam

2092 3811 2373 3882 frequenti
2400 3812 2648 3866 omnium
2667 3828 2960 3881 concursu,
2981 3823 3187 3887 quanto
3220 3818 3409 3875 studio
3442 3821 3723 3877 celebrata

2092 3901 2161 3955 sit
2201 3901 2363 3970 hujus
2402 3902 2768 3958 dedicationis
2806 3903 3026 3972 lteticia,
3081 3906 3265 3962 adhuc
3312 3909 3471 3980 quasi
3511 3912 3722 3967 recenti

2093 4009 2282 4049 eorum
2312 3995 2405 4065 qui
2460 3994 2829 4050 interfuerunt
2866 3996 3037 4053 haeret
3067 3998 3123 4052 in
3178 4000 3468 4056 memoria.
3514 4002 3716 4059 Conse-

2095 4090 2300 4137 cratum
2331 4091 2416 4138 est
2441 4083 2608 4158 igitur
2636 4084 2879 4155 primum
2900 4094 2956 4142 et
2980 4087 3284 4159 principale
3304 4089 3476 4145 altare
3509 4091 3567 4145 in
3621 4093 3721 4148 ho-

2093 4191 2230 4231 nore
2260 4176 2435 4231 sancti
2468 4176 2743 4232 Vincentii
2774 4178 3029 4250 martyris
3068 4189 3123 4234 et
3169 4180 3372 4249 levitas,
3405 4185 3711 4241 secundum

2094 4266 2151 4320 in
2191 4267 2400 4321 honore
2440 4266 2613 4320 sancti
2646 4267 2926 4323 Benedicti
2953 4268 3191 4337 abbatis,
3225 4270 3507 4328 Fortunati
3541 4282 3597 4329 et
3624 4275 3713 4330 El-

2094 4356 2229 4426 pidii
2261 4356 2647 4427 episcoporum
2681 4362 2737 4410 et
2764 4356 3144 4413 confessorum
3178 4359 3424 4434 Gregorii
3460 4379 3620 4435 papae
3657 4373 3710 4421 et

2090 4444 2458 4509 confessoris;
2510 4444 2735 4499 tcrcium
2764 4445 2818 4498 in
2851 4446 3506 4522 houorefgloriosissimae
3538 4461 3593 4509 et
3631 4454 3709 4509 vi—

2088 4536 2496 4592 ctoriosissimte
2528 4536 2706 4590 crucis
2750 4536 2958 4591 domini
3001 4539 3175 4593 nostri
3218 4540 3347 4595 Jesu
3378 4542 3606 4613 Christi,
3651 4554 3706 4602 et

2085 4629 2351 4686 Johannis
2380 4629 2649 4700 baptistte.
2683 4628 2961 4694 Quintiani
3002 4631 3308 4702 presbyteri
3349 4640 3404 4689 et
3435 4639 3704 4709 martyris,

2086 4722 2321 4798 Remigii
2349 4721 2598 4792 episcopi
2630 4728 2685 4777 et
2732 4721 3090 4778 confessoris.
3136 4723 3423 4781 Celebrata
3466 4739 3551 4784 est
3590 4731 3702 4786 haec

2084 4815 2407 4872 dedicatio:
2439 4814 2567 4869 ldus
2596 4814 2742 4883 Maii,
2783 4831 2930 4872 anno
2960 4816 3254 4875 millesimo
3280 4821 3571 4896 trigesimo
3600 4826 3701 4882 do-

2081 4907 2298 4962 minicte
2326 4904 2741 4971 incarnationis,
2772 4905 3078 4962 indictione
3104 4909 3189 4976 13,
3219 4920 3410 4981 epacta
3442 4915 3530 4978 14,
3560 4933 3700 4973 anno

2082 5004 2112 5060 7
2143 5002 2362 5074 imperii
2387 4999 2645 5067 Conradi,
2677 5000 3173 5071 pontiﬁcatusvero
3200 5005 3392 5061 domui
3414 5008 3698 5067 Deoderici

2072 5095 2310 5168 junioris
2358 5095 2448 5150 25.
2491 5094 2659 5150 Porro
2690 5095 2859 5149 altare
2898 5096 3072 5150 sancti
3130 5096 3294 5162 Petri,
3327 5106 3389 5154 ut
3436 5103 3694 5159 traditum

2076 5192 2158 5241 est
2187 5185 2351 5240 nobis
2381 5183 2748 5252 amajoribus,
2779 5183 3090 5239 dedicatum
3123 5194 3206 5240 est
3230 5186 3299 5240 ab
3334 5187 3575 5263 Egberto
3605 5210 3692 5248 ar-

2075 5277 2428 5348 chiepiscopo
2476 5275 2796 5331 Treverensi
2845 5275 2901 5330 in
2956 5276 3166 5331 honore
3209 5278 3461 5349 ejusdem
3521 5284 3686 5339 sancti

2074 5369 2217 5424 Petri
2249 5366 2506 5439 apostoli,
2565 5373 2619 5422 et
2665 5365 2924 5423 Feliciani
2964 5366 3212 5439 episcopi
3267 5376 3323 5425 et
3366 5375 3624 5445 martyris
3658 5373 3690 5432 3

1700 5473 1921 5531 VARIA'I
1961 5473 2339 5531 LECTIONES.

1916 5616 2126 5674 ΝΟΉΕ.

424 5530 514 5567 ποετ
541 5535 625 5589 ita
652 5535 838 5592 eodem.
929 5536 1020 5572 ιοιε
1051 5537 1425 5594 EPITAPHUM
1447 5556 1498 5595 ο.

418 5711 566 5783 (965)
602 5714 646 5769 Ι.
676 5728 720 5767 e.
754 5726 924 5783 scopo
957 5709 1282 5764 mundabat.

2141 5723 2278 5795 (966)
2309 5720 2673 5779 Deodericum
2708 5738 2758 5778 a.
2791 5722 2894 5781 984
2934 5720 3143 5778 obiisse
3170 5728 3420 5822 constat.
