3960 6198
236 355 345 411 725

1382 354 1529 409 νιΤΑ
1568 353 1797 410 SANCTI
1838 352 2182 410 SIGEBERTI
2224 351 2436 408 REGIS.

3463 344 3569 398 726

229 474 353 530 Non
394 473 697 540 Februarii,
732 473 858 529 Haec
884 474 953 529 de
993 475 1340 532 dedicatione
1379 476 1482 531 ista
1511 476 1716 532 dixisse
1745 476 1857 533 suf-
1879 481 1932 551 Α
1956 480 2106 535 omni
2146 479 2290 535 malo
2337 477 2622 546 defendat,
2654 491 2716 532 ac
2777 490 2967 547 preces
3031 475 3275 533 omnium
3316 472 3567 529 fidelium

227 568 456 635 ﬁciant;
498 584 689 624 verum
755 568 937 625 ﬁdelis
995 571 1169 627 lector
1228 569 1392 626 tinem
1455 572 1709 627 lectionis
1757 575 1860 628 hac

229 677 398 734 prece
428 660 743 728 concludat,
775 667 834 717 ut
864 663 1121 718 dominus
1170 666 1314 720 Deus
1364 664 1528 719 istum
1575 665 1754 720 locum
1785 664 1862 718 vi-

227 753 362 809 sitet
392 760 450 809 et
480 753 798 822 benedicat,
854 753 1050 811 fratres
1102 755 1158 810 in
1210 771 1277 811 eo
1315 762 1748 824 commorantes,
1791 756 1860 811 ab

1958 586 2179 641 semper
2207 569 2485 635 exaudiat,
2517 567 2611 640 qui
2640 582 2738 638 per
2776 566 2964 624 secula
3009 574 3206 622 cuncta
3234 562 3369 620 vivit
3394 569 3449 619 et
3489 578 3571 619 re-

1961 668 2113 737 gnat.
2155 660 2346 715 Amen.

1036 944 1389 1009 RHYTHMI
1437 947 1515 1010 IN
1560 945 1930 1011 HONOREM
1960 940 2374 1020 _DEODERICI
2420 938 2776 1003 EPISCOPI.

232 1112 575 1169 Deodericus
604 1113 895 1186 sanguine,
919 1112 1167 1169 moribus

232 1200 407 1256 Claris
435 1200 684 1273 profecto
710 1201 910 1256 clarior
936 1200 1217 1268 omnibus,

312 1294 356 1348 A
388 1310 518 1369 rege
541 1293 787 1349 clarabat
823 1293 1124 1363 secundus,

377 1386 476 1440 Vix
500 1385 667 1457 aliqui
695 1385 800 1440 sub
827 1401 893 1442 eo
924 1387 1221 1442 secundus.

231 1478 334 1533 Hic
362 1477 736 1535 consobrinus
765 1478 989 1534 caesaris
1017 1478 1208 1548 inclity

232 1567 487 1622 Haerebat
516 1566 595 1621 illi
635 1567 848 1622 militiae
875 1573 929 1622 et
960 1567 1131 1634 domi,

312 1655 486 1730 Regni
526 1654 711 1710 ferens
736 1665 919 1726 partes
941 1656 1233 1722 secundas,

383 1748 608 1804 Caesaris
645 1749 1025 1822 alleviansque
1064 1767 1242 1806 curas.

234 1841 413 1915 Regni
442 1856 542 1912 per
568 1841 722 1896 illum
750 1849 950 1897 cuncta
976 1843 1221 1918 negotia,

229 1930 299 1984 Et
326 1929 445 2000 jura
467 1930 687 1985 stabant
716 1931 1113 1987 ecclesiastica.

310 2021 486 2089 Miles,
517 2031 763 2089 senatus,
796 2023 941 2095 regis
972 2023 1099 2078 aula

383 2109 730 2181 Suspiciebat
756 2110 824 2166 ad
852 2111 972 2180 ejus
1002 2126 1117 2167 ora.

233 2200 348 2255 Rex
384 2199 543 2257 Ottho
557 2202 709 2257 clavo
741 2202 870 2257 dum
900 2203 1297 2259 moderaminis

236 2294 346 2347 Res
375 2292 709 2349 ﬂuctuantes
731 2294 900 2350 Italiae
928 2295 1091 2350 nimis

311 2384 414 2439 Per
431 2386 555 2454 jura
595 2386 950 2459 tranquillare
972 2387 1124 2458 pacis

385 2473 635 2545 Temptat
666 2474 893 2546 ubique,
928 2475 1087 2530 malis
1124 2475 1372 2541 remotis.

239 2568 305 2623 Et
334 2567 431 2623 hic
467 2576 602 2636 erat,
626 2568 717 2622 hic
746 2568 950 2624 multus
987 2576 1043 2624 et
1073 2569 1322 2636 intimus,

230 2658 317 2713 Ad
344 2673 429 2728 os,
446 2657 514 2713 ad
545 2674 726 2727 aures,
756 2674 1084 2732 corquoque
1101 2660 1354 2726 caesaris;

2032 1113 2132 1168 Per
2169 1112 2314 1167 hunc
2342 1108 2594 1181 placebat
2622 1109 2716 1181 qui
2747 1106 3025 1181 placebat;

2106 1200 2218 1255 Hoc
2242 1199 2363 1255 sine
2394 1200 2481 1254 vix
2508 1197 2710 1269 aliquis
2736 1197 2975 1252 valebat.

1962 1290 2070 1345 Hac
2097 1288 2516 1360 praeminentem
2539 1286 2972 1361 magnificentia,

1962 1379 2164 1434 Omnes
2195 1379 2470 1434 honorant
2509 1375 2915 1443 muniﬁcentia,

2032 1472 2179 1527 Facti
2200 1488 2300 1543 per
2325 1472 2480 1526 illum
2509 1470 2760 1546 gratiosi,

2104 1561 2169 1616 Ut
2197 1577 2297 1616 sua
2325 1569 2450 1615 vota
2479 1568 2684 1631 queant
2721 1558 2945 1614 mereri.

1963 1652 2063 1718 Qui
2096 1667 2208 1707 non
2239 1668 2400 1707 avare
2425 1652 2522 1707 sed
2548 1651 2783 1722 cupidus
2805 1650 2894 1721 pie

1964 1744 2075 1800 Hoc
2115 1743 2373 1819 exigebat
2398 1744 2546 1815 quod
2578 1742 2722 1799 foret
2750 1742 2908 1809 utile,

2034 1834 2283 1905 Notaque
2305 1833 2479 1903 culpae
2510 1832 2659 1904 quod
2690 1838 2927 1897 careret,

2105 1924 2254 1990 Quod
2280 1924 2388 1979 sibi
2418 1939 2571 1994 spem
2601 1924 2779 1978 veniae
2810 1928 3044 1994 pararet.

1960 2014 2094 2068 Nam
2120 2020 2301 2068 vestra
2331 2012 2506 2068 sancti
2537 2027 2769 2083 corpora
2796 2018 3065 2083 martyres

1961 2107 2253 2174 Quaerebat
2287 2108 2452 2179 hujus
2468 2115 2657 2162 sancta
2686 2106 2789 2161 viri
2826 2106 2987 2173 fides,

2029 2200 2311 2255 Translata
2337 2200 2728 2271 qualicumque
2757 2214 2909 2263 cura,

2102 2289 2169 2343 Ut
2206 2296 2527 2344 reverenter
2556 2289 2784 2343 haberet
2814 2287 2925 2343 illa.

1884 2339 1932 2407 Β
1957 2339 2535 2434 ρευάἐὸέιῖιόὲιᾞὲὺὲ
2557 2339 3027 2449 ’ἀίξίἓέξρὲξὲάρο.

1958 2473 2157 2529 Fidens
2178 2473 2234 2527 in
2265 2474 2385 2542 ejus
2412 2473 2669 2544 praesidio
2701 2472 2895 2542 duplo,

2028 2569 2244 2625 Pollens
2275 2586 2374 2640 per
2410 2569 2530 2638 ejus
2556 2568 2925 2636 sanctitatem,

2098 2660 2344 2733 Tutaque
2376 2676 2477 2732 per
2506 2660 2952 2733 generositatem.

554 3080 954 3205 VITA
1038 3078 1649 3207 SANCTI
1734 3079 2652 3221 SIGEBEBTI
2745 3079 3260 3211 REGIS

1288 3315 1589 3373 AUCTORE
1629 3316 1998 3371 SIGEBERTO
2036 3317 2517 3374 GEMBLACENSI.

960 3464 1120 3533 (Vide
1157 3465 1478 3533 Patrologiaa
1506 3469 1630 3519 tom.
1664 3465 1974 3533 LXXXVII,
2002 3466 2101 3521 col.
2136 3464 2261 3533 303,
2293 3468 2355 3520 in
2378 3465 2647 3535 Sz'gebcrto
2675 3468 2837 3533 rege.)

764 3767 1125 3854 VITA
1240 3764 1908 3853 BREVIOR
2015 3766 2123 3853 S.
2241 3762 3053 3854 SIGEBERTI

1317 3938 1414 4000 AB
1449 3937 1705 4000 EODEM
1742 3936 2161 4001 SIGEBERTO
2191 3938 2504 4002 SCRIPTA

1172 4095 1499 4164 (Ducnasna,
1544 4098 1798 4154 Historia:
1832 4098 2165 4153 Francorum
2202 4098 2520 4170 Scriptores,
2549 4100 2642 4167 II.)

1729 4279 1959 4295 -ῄ

310 4449 447 4514 Quia
469 4449 540 4503 de
562 4447 682 4503 Vita
698 4448 996 4524 Sigeberti,
1019 4450 1348 4507 Francorum
1372 4452 1542 4527 regis,
1584 4452 1851 4524 quaeritis,
1879 4453 1930 4524 C
1957 4451 2205 4525 reliquiis
2226 4452 2583 4522 Trojanorum
2615 4449 2685 4505 ad
2717 4452 2931 4504 exteras
2979 4443 3233 4501 nationes
3281 4457 3343 4497 se
3375 4446 3574 4497 contu-

230 4554 474 4612 quaaque
497 4539 567 4593 de
594 4553 682 4604 eo,
714 4540 797 4595 vel
826 4540 896 4594 de
924 4540 1274 4596 ordinatione
1305 4541 1462 4613 regni
1493 4542 1552 4595 in
1585 4541 1852 4608 historiis,

226 4630 322 4685 vel
354 4630 425 4685 de
455 4637 658 4686 sanctae
689 4631 973 4704 religionis
1005 4633 1404 4708 prepagatione
1451 4634 1505 4687 in
1537 4641 1850 4689 sanctorum

231 4720 478 4794 legimus
507 4722 699 4794 gestis,
756 4724 887 4779 inde
916 4724 1147 4780 collecta
1197 4725 1489 4795 expediam
1522 4725 1734 4795 paucis.
1790 4724 1854 4779 Et

229 4813 369 4885 quia
417 4819 528 4868 tres
576 4814 738 4883 hujus
776 4816 1019 4871 nominis
1082 4833 1240 4890 reges
1290 4816 1622 4872 Francorum
1679 4815 1853 4871 fuisse

230 4904 448 4959 scimus
483 4905 786 4961 nobilitatis
816 4906 939 4977 ejus
967 4907 1347 4979 antiquitatem
1391 4914 1639 4977 repetam
1672 4906 1855 4971 altius,

230 5007 296 5055 ut
327 4999 455 5070 quis
495 4999 657 5055 fuerit
690 5001 902 5072 primus
932 5018 1029 5057 rex
1055 5001 1386 5075 Sigibertus,
1416 5002 1541 5073 quis
1562 5001 1857 5068 secundus,

229 5090 363 5161 quis
393 5089 519 5157 iste,
551 5089 619 5143 de
648 5105 758 5162 quo
791 5106 939 5146 nunc
970 5093 1170 5166 agitur,
1200 5092 1413 5157 tertius,
1442 5090 1602 5146 vobis
1634 5089 1862 5161 pateﬁat

232 5182 474 5237 clarius:
538 5189 593 5236 et
650 5182 814 5237 simul
866 5184 1078 5239 cunctis
1125 5184 1303 5255 palam
1354 5181 1449 5237 fiat
1511 5181 1659 5237 unde
1723 5196 1861 5254 gens

230 5270 575 5326 Francorum
614 5286 818 5326 nomen
852 5270 941 5325 vel
976 5270 1258 5345 ioriginem
1300 5271 1497 5337 trahat,
1531 5276 1586 5326 et
1621 5269 1769 5323 unde
1808 5274 1860 5322 et

231 5359 462 5432 quando
485 5357 696 5414 Gallias
725 5359 1009 5428 invaserit,
1051 5376 1191 5431 quas
1220 5375 1320 5430 per
1352 5373 1529 5414 annos
1549 5357 1661 5427 jam
1688 5358 1861 5412 ferme

231 5458 533 5506 sexcentos
568 5450 766 5518 tenuit,
794 5457 849 5506 et
875 5451 1055 5506 adhuc
1097 5456 1292 5506 tenens
1340 5455 1595 5522 potenter
1633 5448 1776 5522 regit
1806 5454 1861 5503 et

234 5539 496 5594 feliciter.

310 5631 607 5702 Postquam
639 5630 805 5687 Graeci
846 5631 1092 5686 nobilem
1144 5630 1393 5704 Phrygiae
1423 5628 1612 5682 urbem
1648 5635 1860 5685 everte-

237 5730 388 5792 runt,
423 5722 624 5778 [Encas
667 5730 721 5778 et
749 5727 988 5779 Antenor
1041 5722 1260 5776 nobiles
1295 5719 1676 5788 Trojanorum,
1737 5737 1857 5776 cum

1956 4543 2158 4598 lerunt.
2199 4543 2424 4597 [Eneam
2451 4540 2676 4612 quidem
2715 4538 2782 4594 ad
2814 4536 3022 4592 Italiam
3064 4532 3309 4599 venisse,
3379 4537 3435 4587 et
3465 4530 3576 4587 Ro-

1955 4631 2104 4686 mani
2127 4630 2345 4702 imperii
2376 4628 2733 4684 fundamenta
2750 4625 2954 4696 jecisse
2974 4624 3138 4680 etiam
3168 4638 3199 4676 a
3228 4619 3577 4677 scholaribus

1955 4728 2223 4778 cantatur.
2280 4723 2343 4776 At
2372 4719 2666 4775 duodecim
2705 4717 2881 4772 millia
2922 4716 3309 4787 Trojanorum,
3340 4712 3437 4784 qui
3465 4712 3577 4767 An-

1959 4820 2208 4868 tenorem
2267 4810 2441 4865 secuti
2481 4817 2628 4875 sunt,
2677 4805 2913 4878 Scythiae
2968 4804 3229 4880 regiones
3269 4804 3575 4877 pervagati,

1959 4900 2105 4956 circa
2149 4898 2461 4954 Meothidas
2501 4896 2731 4968 paludes
2769 4893 3162 4958 consederunt,
3195 4897 3251 4946 et
3289 4892 3358 4947 ab
3407 4892 3579 4948 Ante—

1962 5008 2097 5048 nore
2154 4990 2508 5047 Antenoridae
2538 4989 2715 5045 vocati
2743 4994 2888 5042 sunt.
2947 4985 3083 5041 Hinc
3142 4989 3196 5039 et
3249 4984 3308 5040 in
3347 4983 3578 5059 Virgilio

1964 5080 2187 5155 legitur.

2102 5171 2348 5225 Antenor
2373 5167 2545 5237 potuit
2571 5166 2766 5221 mediis
2787 5165 3001 5236 elapsus
3039 5163 3292 5232 Achivis,

2102 5263 2352 5332 Illyricos
2376 5265 2664 5331 penetrare
2686 5262 2859 5327 sinus,
2891 5264 3053 5329 atque
3082 5259 3287 5313 intima
3315 5261 3462 5316 tutus

2101 5356 2287 5421 Regna
2313 5352 2693 5415 Liburnorum,
2748 5354 2798 5405 et
2826 5351 3027 5417 fontem
3065 5350 3317 5417 superari
3349 5348 3580 5403 Timavi.

2032 5444 2271 5509 Quorum
2332 5443 2535 5514 posteri
2592 5442 2811 5498 condita
2866 5440 3086 5495 civitate
3141 5441 3438 5512 metropoli
3494 5441 3581 5497 sui

1964 5538 2139 5609 regni,
2164 5553 2327 5608 quam
2354 5536 2713 5590 Sicambriam
2739 5536 3184 5600 nominaverunt,
3215 5551 3244 5589 a
3273 5552 3382 5606 qua
3413 5535 3579 5589 etiam

1963 5631 2067 5701 ipsi
2100 5629 2367 5683 Sicambri
2403 5628 2743 5682 deuominati
2783 5634 2932 5692 sunt,
2974 5626 3027 5679 in
3066 5631 3289 5698 gentem
3324 5641 3577 5696 magnam

1962 5718 2306 5781 coaluerunt,
2339 5722 2392 5771 et
2428 5731 2649 5786 semper
2687 5731 2803 5769 suae
2855 5713 3035 5788 gentis
3077 5727 3261 5785 regem
3309 5711 3578 5764 habentes
