3960 6198
422 365 528 418 727

1657 356 2001 415 Sl-GEBERTI
2042 357 2553 415 GEMBLAGENSIS.

3675 369 3783 426 728

422 507 708 564 nunquam
756 490 991 559 alicujus
1042 491 1225 565 gentis
1273 491 1410 565 jugo
1451 489 1651 559 subjici
1706 489 1855 561 passi
1892 494 2038 555 sunt,
2066 494 2121 563 Α
2153 506 2275 545 cum
2298 504 2517 545 amores
2546 490 2973 561 superducebat.
2994 490 3057 545 Et
3085 493 3338 562 quamvis
3365 493 3510 550 adeo
3531 495 3783 565 deditus,

421 584 520 640 sed
576 580 776 637 vicinis
824 594 1045 649 semper
1082 579 1341 653 gentibus
1397 581 1593 633 terrori
1647 578 1887 632 fuerunt.
1927 576 2032 631 Sed

421 689 568 740 cum,
602 671 683 725 sic
734 670 1095 740 dispensante
1129 668 1263 735 Deo,
1304 667 1594 722 universus
1622 666 1772 721 orbis
1798 667 2035 737 imperio

421 766 668 821 Romano
725 762 984 816 subactus
1040 766 1141 826 est,
1191 769 1245 814 et
1302 759 1673 829 descriptione
1731 758 1869 813 facta
1928 758 2031 813 sub

423 879 592 918 censu
628 860 903 924 redactus,
959 857 1123 911 etiam
1182 857 1284 927 ipsi
1341 857 1706 911 Romanorum
1758 853 2029 909 tributarii

422 950 549 1007 facti
590 950 962 1005 Romanorum
996 955 1176 1000 tamen
1208 944 1518 1015 provincias
1547 942 1757 998 crebris
1790 941 2031 997 incursi-

419 1040 523 1096 bus
561 1037 917 1101 infestabant,
949 1041 1002 1089 et
1030 1049 1230 1089 nomen
1262 1049 1419 1087 suum
1460 1032 1622 1105 longe
1656 1033 1873 1102 lateque
1904 1045 2032 1101 pro-

422 1134 701 1205 palabant.
754 1132 831 1186 Ab
856 1129 1069 1184 excidio
1094 1127 1268 1195 Trojaa
1302 1142 1477 1198 usque
1517 1127 1584 1181 ad
1617 1127 1734 1180 haec
1782 1135 2030 1196 tempora

418 1222 786 1279 Valentiniani
846 1218 1191 1291 imperatoris
1230 1235 1318 1273 res
1349 1217 1674 1273 Francorum
1718 1217 1793 1272 ita
1844 1234 1904 1272 se
1945 1217 2035 1272 ba-

415 1313 672 1369 buerunt.

489 1399 873 1456 Valentiniano
896 1398 1225 1469 imperante,
1258 1412 1367 1469 quo
1387 1396 1596 1452 scilicet
1626 1402 1876 1467 tempore
1904 1412 2030 1450 san-

423 1502 541 1551 ctus
579 1493 844 1549 Martinus
871 1491 1148 1547 Turonum
1183 1491 1481 1561 episcopus
1535 1506 1633 1561 per
1665 1490 1862 1545 Gallias
1916 1490 2031 1545 cla-

417 1589 574 1645 rebat
601 1588 890 1643 sanctitate
920 1593 975 1640 et
1013 1585 1311 1651 miraculis,
1344 1601 1466 1640 cum
1510 1584 1761 1656 quaedam
1796 1585 2029 1656 Scythiae

418 1699 577 1755 gens,
619 1680 714 1752 qui
745 1681 1006 1735 dicuntur
1034 1678 1210 1743 Alani,
1253 1685 1442 1733 contra
1470 1678 1743 1733 Romanos
1775 1679 2033 1733 rebellas-

2137 589 2288 639 esset
2328 579 2532 634 carnali
2565 578 2921 645 commercio,
2954 579 3160 634 nullam
3221 590 3403 636 tamen
3452 599 3614 655 spem
3648 600 3783 656 pro-

2137 669 2406 744 pagandm
2449 667 2789 738 posteritatis
2828 666 3092 734 habebat,
3124 685 3189 725 ex
3230 670 3379 724 nulla
3419 678 3499 727 tot
3538 688 3778 728 uxorum

2139 760 2252 817 ﬁlio
2292 766 2576 830 suscepto.
2613 758 2955 814 Permaxime
2986 774 3121 834 ergo
3152 760 3397 830 dolebat,
3423 762 3554 834 quia
3586 779 3647 818 se
3676 764 3777 819 Dei

2135 855 2399 911 offensam
2464 853 2763 907 incurrisse
2805 853 3108 922 sentiebat,
3161 856 3462 925 praesertim
3505 857 3656 928 quod
3707 874 3776 913 ex

2133 944 2285 1018 regio
2354 949 2563 1013 patrum
2624 956 2850 996 suorum
2918 941 3135 995 semine
3199 942 3411 996 nullum
3467 960 3776 1015 superesse

2132 1039 2339 1094 sciebat
2396 1043 2595 1107 praeter
2646 1051 2725 1103 se,
2778 1044 2833 1090 et
2883 1034 3107 1091 fratrem
3163 1052 3321 1091 suum
3353 1036 3771 1095 Cbaribertum.

2134 1131 2234 1197 Qui
2280 1129 2632 1186 Charibertus
2671 1134 2897 1200 prepter
2926 1128 3341 1200 simplicitatem
3395 1132 3624 1187 nimiam
3657 1134 3773 1189 mi-

2135 1242 2240 1280 nus
2287 1224 2524 1279 idoneus
2591 1229 2709 1277 erat
2766 1222 2834 1277 ad
2897 1222 3055 1295 regni
3134 1222 3590 1295 gubernaculum.
3651 1226 3769 1283 Sed

2137 1316 2385 1389 quamvis
2413 1315 2737 1385 desperaret
2756 1314 2827 1369 de
2849 1313 3020 1385 prolis
3050 1315 3397 1385 posteritate.
3432 1332 3544 1372 non
3574 1323 3768 1375 tamen

2132 1410 2434 1481 desperans
2484 1410 2552 1464 de
2592 1410 2685 1464 Dei
2718 1409 3099 1476 miseratione,
3150 1411 3581 1481 praecordialiter
3631 1431 3764 1470 eum

2131 1500 2533 1571 deprecabatur
2562 1507 2619 1555 ut
2642 1500 2749 1555 sibi
2783 1517 2847 1555 ex
2879 1501 3003 1569 ejus
3035 1508 3175 1557 nutu
3204 1500 3351 1558 ﬁlius
3382 1504 3629 1571 daretur,
3661 1507 3764 1578 qui

2130 1593 2232 1648 sibi
2267 1593 2321 1646 in
2364 1593 2634 1668 regimine
2665 1593 2821 1667 regni
2863 1593 3281 1668 subrogaretur.
3323 1594 3512 1651 Justus
3542 1606 3599 1653 et
3634 1598 3767 1669 pius

2132 1682 2417 1745 Dominus,
2450 1681 2542 1753 qui
2593 1681 2877 1735 hominum
2922 1682 3193 1737 erratibus
3244 1682 3313 1737 ad
3348 1682 3485 1738 iram
3527 1685 3766 1740 attrahi-

415 1780 558 1836 sent,
588 1784 796 1840 eosque
829 1767 1058 1822 Romani
1090 1774 1319 1837 propter
1350 1766 1773 1821 inaccessabiles
1793 1766 2026 1821 Meothis
2055 1805 2103 1871 Β
2132 1784 2238 1835 'ur,
2274 1771 2533 1841 precibus
2562 1770 2727 1825 etiam
2773 1770 3061 1826 humilium
3093 1773 3163 1827 ad
3201 1773 3641 1830 misericordiam
3674 1792 3769 1832 re-

417 1860 662 1915 ﬂuminis
700 1858 932 1930 paludes
959 1857 1180 1913 vincere
1212 1872 1322 1912 non
1371 1863 1618 1928 possent,
1660 1856 1889 1912 Romani
1934 1875 2031 1929 pa-

417 1960 563 2009 ctum
606 1956 1031 2024 pr0posuerunt,
1087 1956 1147 2005 ut
1184 1950 1231 2005 si
1266 1950 1360 2022 qui
1405 1966 1502 2005 eos
1547 1949 1833 2005 vincerent
1877 1967 1907 2005 a
1945 1951 2030 2006 tri-

416 2043 563 2098 butis
588 2043 777 2097 decem
808 2040 971 2095 annis
1012 2039 1170 2094 liberi
1210 2046 1412 2094 essent.
1463 2039 1757 2107 Sicambri,
1800 2055 2029 2111 quorum

421 2139 552 2188 tunc
591 2131 859 2202 temporis
910 2144 1004 2184 rex
1061 2137 1177 2183 erat
1208 2128 1473 2183 Priamus.
1517 2127 1718 2183 Alanos
1757 2128 2031 2193 vicerunt,

418 2235 472 2280 et
501 2226 571 2280 ob
606 2225 713 2279 hoc
740 2240 771 2278 a
800 2222 1184 2278 Valentiniano
1208 2221 1542 2292 imperatore
1571 2220 1779 2275 honore
1812 2229 1867 2274 et
1906 2236 2030 2274 mu-

418 2331 549 2370 nere
581 2314 734 2387 digni
764 2313 957 2379 habiti,
990 2312 1058 2367 ab
1091 2327 1157 2367 co
1189 2312 1379 2385 lingua
1409 2311 1593 2366 Graeca
1624 2311 1835 2377 Franci,
1868 2310 1921 2364 id
1946 2317 2030 2365 est

416 2404 630 2459 feroces
658 2402 917 2473 appellati
958 2409 1104 2455 sunt.
1137 2400 1263 2455 Post
1312 2415 1487 2455 annos
1524 2400 1714 2455 decem
1746 2416 1867 2455 cum
1910 2399 2029 2454 exi-

415 2493 672 2566 gentibus
707 2491 966 2546 Romanis
1008 2490 1210 2545 tributa
1252 2488 1465 2543 solvere
1512 2490 1741 2555 nollent,
1773 2498 1827 2544 et
1872 2491 2027 2545 insu-

416 2600 515 2656 per
558 2583 818 2637 audacter
864 2580 1215 2645 rebellarent,
1273 2578 1691 2634 Valentinianus
1745 2594 1842 2634 eos
1884 2580 2030 2636 be'lo

415 2674 584 2729 victos
614 2670 890 2737 contrivit,
934 2680 988 2725 et
1028 2686 1215 2742 regem
1247 2685 1435 2725 eorum
1470 2670 1738 2725 Priamum
1772 2672 2025 2742 peremit.

415 2768 542 2823 Post
614 2767 886 2821 Priamum
973 2762 1086 2818 ﬁlio
1162 2764 1282 2833 ejus
1340 2763 1660 2819 Marcomiro
1742 2773 2028 2839 regnante,

414 2859 605 2915 Franci
629 2857 930 2913 Sicambria
970 2856 1176 2929 egressi
1214 2856 1266 2909 in
1297 2854 1594 2931 Thoringia
1637 2858 2026 2913 Germanorum

417 2949 698 3021 provincia
729 2948 1119 3003 consederunt.
1148 2948 1274 3001 Post
1312 2947 1691 3003 Marcomirum
1742 2948 1886 3003 ﬁlius
1913 2950 2030 3016 ejus

416 3037 790 3093 Faramundus
822 3035 939 3103 fuit,
983 3052 1074 3090 rex
1116 3035 1367 3101 crinitus,
1409 3054 1438 3091 a
1465 3053 1574 3108 quo
1634 3038 1822 3092 Franci
1856 3039 2027 3094 crini-

417 3139 499 3186 tos
530 3144 690 3202 reges
719 3126 921 3182 habere
948 3134 1257 3197 creperum.
1299 3126 1424 3182 Post
1450 3142 1611 3198 quem
1644 3127 1904 3182 Claudius
1951 3128 2011 3183 li.

2131 1863 2367 1917 ducitur.
2428 1862 2539 1916 Rex
2578 1862 2853 1933 siquidem
2920 1863 3263 1936 Dagobcrtus
3310 1865 3441 1920 dum
3501 1867 3765 1925 circuiret

2132 1951 2467 2007 Austrasiam
2503 1966 2651 2007 nouo
2682 1967 2828 2007 anno
2851 1952 3006 2025 regni
3040 1953 3147 2021 sui,
3183 1955 3423 2025 puellam
3457 1957 3759 2027 quamdam

2136 2038 2545 2111 Ragnetrudem
2587 2040 2832 2108 nomine,
2865 2040 3049 2096 vultus
3086 2042 3360 2117 elegantia
3390 2043 3753 2114 laudabilem,

2134 2147 2342 2204 genere
2382 2132 2546 2187 etiam
2581 2134 2724 2187 inter
2763 2134 3069 2189 Austrasios
3109 2150 3219 2190 non
3254 2136 3583 2206 ignobilem,
3624 2155 3750 2194 cum

2133 2221 2267 2292 regii
2294 2221 2474 2276 cultus
2506 2222 2716 2277 honore
2742 2239 2968 2277 uxorem
2997 2223 3099 2278 sibi
3135 2225 3321 2295 junxit
3370 2227 3501 2292 Qua:
3534 2227 3647 2283 Deo
3674 2228 3754 2283 ita

2128 2314 2345 2368 volente
2376 2314 2572 2369 eodem
2605 2330 2752 2370 anno
2809 2314 2860 2369 ei
2906 2314 3079 2370 ﬁlium
3112 2318 3325 2389 genuit,
3377 2335 3543 2390 quem
3594 2335 3755 2377 sacro

2127 2406 2276 2462 fonte
2309 2413 2692 2480 regeneratum
2718 2407 3070 2481 Sigebertum
3112 2409 3433 2466 nominavit.

2198 2497 2424 2552 Peracto
2465 2496 2747 2568 aliquanto
2802 2502 3048 2568 tempore
3097 2515 3189 2554 rex
3244 2500 3585 2572 Dagobcrtus
3623 2518 3748 2558 cum

2132 2587 2281 2643 omni
2332 2588 2572 2641 exercitu
2598 2601 2699 2641 suo
2740 2602 2940 2659 magno
2995 2586 3303 2658 tripudians
3352 2590 3559 2663 gaudio
3602 2608 3751 2648 anno

2133 2676 2287 2750 regni
2317 2675 2401 2730 sui
2430 2693 2480 2730 χι
2511 2675 2713 2729 Mettim
2745 2676 2899 2743 adiit,
2956 2676 3145 2748 ibique
3176 2693 3467 2748 procerum
3514 2688 3571 2736 et
3610 2697 3751 2753 pon-

2132 2765 2337 2821 tiﬁcum
2370 2771 2699 2819 conventum
2749 2765 2949 2820 adesse
2992 2766 3175 2835 jussit,
3215 2783 3524 2841 eorumque
3567 2772 3754 2827 consi-

2132 2857 2205 2911 lio
2236 2864 2290 2910 et
2319 2873 2590 2911 consensu
2626 2856 2795 2911 ﬁlium
2846 2873 3007 2912 suum
3040 2857 3375 2931 Sigibertum
3415 2861 3471 2915 in
3516 2878 3751 2937 regnum

2132 2945 2529 2999 Austrasiorum
2603 2945 2937 3012 sublimavit,
2993 2947 3297 3019 sedemque
3363 2952 3520 3025 regni
3573 2952 3753 3008 Mettis

2134 3036 2333 3091 habere
2375 3036 2641 3107 permisit,
2695 3043 2902 3107 partem
2953 3037 3117 3093 etiam
3152 3039 3533 3096 thesaurorum
3594 3043 3755 3099 sufﬁ-

2078 3179 2093 3198 ,
2126 3128 2363 3183 cientem
2407 3128 2649 3182 tradidit.
2695 3128 2822 3183 Post
2865 3143 3070 3183 annum
3112 3131 3354 3186 nascitur
3392 3135 3509 3209 regi
3567 3136 3747 3210 Dago-

416 3227 521 3281 lius
568 3226 688 3297 ejus
732 3238 968 3296 regnans
1047 3222 1270 3277 Francis
1319 3238 1351 3276 a
1427 3223 1726 3298 'l‘horingia
1782 3225 2022 3281 advectis

2129 3217 2280 3272 berto
2330 3215 2494 3282 ﬁlius,
2561 3217 2655 3288 qui
2714 3216 3021 3273 Clodoveus
3077 3226 3160 3274 est
3211 3182 3741 3292 nuncupzﬁusiaui

414 3318 615 3373 Gallias
644 3315 863 3383 invasit,
910 3321 965 3369 et
1005 3322 1164 3385 capta
1194 3314 1332 3369 urbe
1380 3313 1625 3370 Tornaco
1666 3316 2020 3372 Cameracum

413 3423 590 3479 usque
618 3422 940 3478 progressus
965 3406 1163 3460 multos
1196 3406 1562 3461 Romanorum
1606 3406 1660 3461 in
1689 3407 1873 3463 Galliis
1902 3427 2021 3480 per-

410 3499 563 3554 emit.
620 3497 804 3552 Gallize
868 3496 1144 3567 siquidem
1197 3514 1228 3552 a
1284 3504 1532 3568 tempore
1588 3498 1715 3554 Julii
1769 3499 2015 3565 Cresaris,

409 3590 503 3661 qui
522 3606 614 3645 eas
635 3588 925 3644 decennali
957 3587 1102 3643 bello
1120 3588 1354 3656 domuit,
1382 3589 1487 3643 sub
1515 3589 1750 3660 imperio
1776 3591 2018 3649 Romano

410 3690 588 3749 erant,
640 3691 694 3737 et
737 3682 804 3736 ab
848 3683 929 3736 eis
978 3680 1253 3752 principes
1292 3680 1657 3752 recipiebant.
1715 3683 1822 3737 Sed
1862 3686 2012 3739 omni

404 3777 609 3833 auxilio
640 3775 937 3841 destitutae,
986 3774 1264 3829 Wandalis
1315 3780 1375 3829 et
1415 3774 1625 3841 Gothis,
1684 3776 2014 3848 cmterisque

403 3864 723 3921 nationibus
770 3864 1018 3919 barbaris
1073 3864 1333 3936 expositae
1377 3864 1676 3935 direptioni
1727 3866 2009 3937 patebant.

401 3962 528 4018 Post
576 3960 822 4017 Clodium
877 3959 1193 4013 Merovecus
1245 3958 1390 4013 ﬁlius
1436 3959 1557 4027 ejus
1601 3960 1870 4033 regnavit,
1921 3960 2014 4032 qui

400 4055 530 4125 quia
553 4054 687 4109 satis
726 4052 879 4107 utilis
910 4050 1010 4105 fuit
1042 4050 1278 4106 Francos
1307 4068 1339 4105 a
1368 4068 1429 4105 se
1469 4051 1816 4123 Merovingos
1839 4052 2013 4108 deno-

399 4140 644 4197 minavit.
712 4140 880 4210 Hujus
918 4147 1168 4209 tempore
1216 4138 1378 4193 Attila
1437 4155 1529 4194 rex
1573 4141 1898 4197 Hunnorum
1956 4152 2014 4198 ut

395 4231 510 4287 fera
558 4238 859 4302 tempestas
902 4231 971 4283 ab
1027 4228 1298 4301 Aquilone
1342 4229 1562 4285 irruens
1617 4237 1754 4286 totas
1812 4232 2012 4289 Gallias

392 4321 703 4389 inundavit,
744 4326 799 4375 et
836 4319 1014 4386 Metis,
1070 4319 1340 4375 Treveris.
1391 4320 1645 4395 Tungris,
1689 4322 1893 4388 Remis,
1955 4330 2010 4379 et

390 4427 587 4469 omnes
616 4428 761 4483 pene
791 4412 977 4477 urbes,
1009 4417 1185 4465 castra
1237 4411 1322 4465 vel
1366 4412 1593 4482 oppida,
1635 4430 1809 4485 usque
1839 4416 2008 4472 Aure-

2126 3309 2317 3363 iterum
2346 3308 2565 3364 eunetis
2596 3309 2921 3378 primatibus
2977 3313 3265 3369 Austrasize
3297 3321 3352 3369 et
3380 3316 3653 3374 Neustrire
3686 3320 3741 3374 in

2120 3403 2366 3478 generali
2406 3408 2679 3458 conventu
2732 3404 3099 3478 congregatis,
3158 3406 3359 3463 iterum
3408 3410 3741 3468 divisionem

2123 3497 2275 3572 regni
2310 3496 2453 3550 inter
2502 3495 2643 3550 duos
2674 3494 2818 3550 ﬁlios
2846 3496 3148 3564 ordinavit,
3202 3514 3396 3555 eorum
3423 3504 3661 3559 consilio
3693 3512 3747 3560 et

2119 3604 2349 3641 assensu
2417 3584 2783 3651 conﬁrmavit,
2858 3587 2998 3641 datis
3074 3596 3130 3644 et
3194 3593 3437 3663 acceptis
3506 3593 3738 3650 invicem

2120 3677 2293 3748 pactis
2320 3685 2373 3731 et
2399 3675 2777 3742 sacramentis,
2807 3685 2866 3731 ut
2896 3677 3109 3734 scilicet
3139 3679 3510 3739 determinato
3535 3684 3736 3739 utrius-

2116 3784 2223 3842 que
2273 3768 2425 3840 regni
2477 3775 2627 3823 certo
2678 3767 2871 3837 limite,
2911 3768 3219 3842 Sigibertus
3268 3781 3528 3846 regnaret
3572 3791 3740 3846 super

2116 3862 2467 3928 Austrasiam,
2543 3859 2849 3916 Clodoveus
2917 3876 3049 3916 vero
3112 3872 3330 3936 regeret
3400 3863 3732 3922 Neustriam.

2118 3955 2243 4009 Eam
2278 3961 2486 4025 partem
2541 3951 2779 4006 Franciaa
2825 3967 2946 4023 quae
2993 3960 3206 4023 spectat
3245 3954 3312 4008 ad
3369 3956 3656 4012 meridiem
3685 3968 3739 4013 et

2114 4045 2382 4102 orientem
2442 4043 2712 4099 vocabant
2774 4043 3130 4110 Austrasiam,
3191 4060 3313 4099 eam
3378 4062 3503 4117 quae
3560 4050 3736 4124 vergit

2113 4136 2183 4190 ad
2261 4133 2580 4207 aquilonem
2666 4139 2721 4188 et
2806 4132 3149 4188 occidentem
3237 4135 3510 4192 vocabant
3585 4138 3731 4194 Neu-

2113 4225 2323 4281 striam.

2185 4316 2293 4369 Rex
2326 4314 2687 4389 Dagobcrtus,
2722 4319 2829 4367 tam
2861 4312 3008 4383 juste
3047 4318 3103 4368 et
3145 4319 3253 4368 tam
3295 4314 3608 4385 prudenter
3646 4334 3733 4373 re-

2109 4425 2220 4484 gno
2251 4418 2484 4481 utroque
2535 4408 2811 4477 ordinato,
2857 4423 2929 4462 ne
2982 4406 3280 4479 aliquando
3329 4409 3519 4481 aliquo
3568 4413 3729 4469 modo

390 4505 574 4573 liauis,
632 4504 751 4559 diro
792 4501 1006 4557 excidio
1064 4501 1467 4558 exterminavit.
1522 4503 1627 4559 Sed
1670 4505 1889 4560 tandem
1931 4508 2000 4562 ab
2026 4503 2193 4572 Dvel
2250 4502 2444 4557 fratres
2482 4501 2627 4556 inter
2663 4516 2725 4555 se
2768 4505 3008 4556 fraterno
3047 4500 3179 4555 odio
3218 4499 3584 4571 dissidercnt,
3644 4506 3731 4560 vel

391 4598 550 4655 Ethio
580 4596 949 4653 Romanorum
994 4594 1373 4667 duce,eisque
1410 4596 1807 4654 auxiliantibus
1836 4599 2006 4656 Γαίῃ..
2109 4610 2337 4668 regnum
2379 4593 2433 4647 in
2464 4610 2524 4647 se
2554 4593 2673 4663 ipso
2713 4592 2947 4647 divisum
2988 4590 3168 4647 civilis
3209 4592 3339 4647 belli
3379 4592 3726 4652 desolaretur

389 4696 491 4762 cis,
521 4693 667 4750 bello
696 4694 871 4749 victus
899 4689 1236 4762 repatriavit.
1272 4692 1427 4749 Anno
1457 4701 1583 4764 post
1612 4701 1842 4751 mortem
1875 4714 2003 4752 san-

2129 4685 2387 4751 candalo,
2437 4697 2581 4738 anno
2614 4680 2771 4756 regni
2831 4681 2916 4736 sui
2957 4697 3061 4735 xvu
3094 4688 3368 4750 mortuus,
3409 4690 3464 4738 et
3495 4683 3733 4742 Parisius

389 4789 462 4844 οιί
530 4786 743 4842 Martini
794 4803 878 4842 ων
936 4784 1135 4841 factum
1187 4786 1292 4842 hoc
1331 4786 1607 4842 excidium
1675 4772 2001 4847 Galﬁcérum
2109 4778 2161 4832 in
2192 4775 2421 4831 basilica
2463 4774 2651 4829 Sancti
2680 4772 2911 4829 Dionisii
2937 4772 3209 4844 sepultus,
3271 4790 3505 4850 regnum
3528 4777 3735 4835 dimisit

386 4875 633 4945 urbium,
659 4876 969 4934 Merovechi
999 4891 1144 4931 anno
1175 4876 1389 4948 quinto,
2104 4868 2173 4923 ab
2202 4866 2403 4922 exteris
2436 4871 2687 4936 pacatum
2717 4862 3002 4937 gentibus,
3043 4869 3100 4917 et
3130 4862 3187 4916 in
3219 4862 3372 4919 nullo
3394 4863 3728 4923 diminutum

770 4969 922 5022 Deest
945 4967 1031 5021 hic
1057 4967 1252 5033 folium
1280 4968 1336 5021 in
1365 4967 1481 5021 cod.
1514 4982 1613 5022 ms.
2102 4977 2133 5015 a
2171 4959 2288 5015 suis
2318 4957 2540 5012 finibus.
2582 4955 2710 5011 Post
2747 4955 2905 5026 cujus
2944 4953 3156 5009 obitum
3207 4954 3317 5010 duo
3348 4972 3513 5029 reges
3545 4963 3601 5013 et
3626 4958 3732 5013 fra-

458 5054 590 5108 Nam
621 5056 873 5127 quamvis
911 5055 1255 5129 Dagobcrtus
1288 5073 1379 5111 rex
1410 5064 1557 5111 esset
1585 5058 1842 5133 egregius
1867 5059 1994 5115 bel-
2100 5061 2210 5110 tres
2249 5051 2555 5127 Sigibertus
2602 5056 2658 5104 et
2714 5046 3024 5103 Clodoveus
3063 5063 3122 5103 se
3164 5048 3406 5120 quisque
3451 5048 3509 5104 in
3560 5067 3729 5128 regno

384 5150 546 5213 lator,
578 5147 922 5202 sacerdotum
975 5148 1072 5202 Dei
1115 5154 1169 5203 et
1209 5148 1571 5203 Ecclesiarum
1604 5149 1727 5219 pius
1764 5159 1994 5221 amator,
2101 5165 2204 5205 suo
2237 5147 2474 5221 agebant
2503 5145 2823 5216 prudenter,
2868 5150 2923 5198 et
2971 5143 3116 5199 inter
3153 5159 3285 5200 suos
3342 5145 3609 5203 valebant
3637 5164 3728 5219 po-

384 5251 688 5309 pauperum
730 5236 926 5291 Christi
977 5236 1162 5311 largus
1214 5237 1550 5306 sublevator,
1606 5248 1662 5294 et
1706 5240 1997 5297 multarum
2102 5249 2299 5299 tenter.
2353 5241 2569 5294 Interea
2610 5236 2836 5308 Pipinus
2890 5235 3065 5305 major
3102 5236 3301 5291 domus
3337 5237 3417 5307 {ex
3448 5239 3554 5295 hac
3608 5240 3730 5295 luce

382 5329 583 5387 artium
614 5331 883 5387 bonorum
924 5340 1228 5398 exsecutor,
1272 5340 1455 5388 tamen
1483 5334 1720 5390 carnalis
1752 5335 1997 5391 inconti-
2102 5338 2186 5387 est
2216 5330 2550 5394 subtractus,
2610 5328 2704 5400 qui
2754 5326 2930 5398 ipsum
2983 5324 3321 5400 Sigibertum
3366 5337 3603 5399 paterne
3635 5347 3730 5385 uu-

382 5419 589 5479 nentiee
646 5421 837 5478 morbo
888 5423 1056 5479 nimis
1086 5423 1390 5488 laborabat,
1424 5431 1479 5480 et
1532 5425 1662 5480 inde
1695 5425 2010 5501 claritudini
2116 5424 2305 5479 trierat
2344 5438 2375 5476 a
2415 5435 2609 5493 puero,
2654 5425 2710 5473 et
2760 5417 2940 5474 valido
2968 5416 3052 5472 sui
3093 5416 3282 5472 auxilii
3324 5425 3730 5476 sustentaverat

379 5511 623 5571 nominis
652 5513 737 5569 sui
794 5513 995 5569 fmdam
1038 5506 1277 5568 infamiae
1324 5520 1507 5569 notam
1546 5521 1913 5583 contraxerat,
1954 5527 2009 5574 et

378 5602 530 5677 quod
560 5604 779 5679 gravius
808 5614 928 5660 erat
969 5603 1133 5677 [legis
1177 5618 1365 5675 regum
1413 5603 1547 5658 iram
1578 5611 1768 5659 contra
1797 5622 1857 5661 se
1902 5623 2002 5661 ac-

376 5696 658 5756 cenderat.
693 5698 933 5773 Reginas
977 5695 1128 5751 enim
1177 5710 1307 5750 suas
1339 5692 1480 5749 ﬁctis
1524 5711 1590 5749 ex
1627 5696 1809 5751 causis
1864 5698 2000 5754 alias

378 5804 479 5864 pro
507 5788 629 5846 aliis
658 5789 1011 5863 repudiabat,
1044 5786 1181 5859 ipsis
1210 5801 1433 5858 quoque
1464 5787 1813 5858 chponsatis
1834 5790 1996 5861 pelli-

2113 5511 2359 5567 brachio.
2418 5509 2510 5564 llic
2540 5506 2876 5563 omnimodis
2916 5521 3087 5578 regno
3126 5505 3298 5575 utilis,
3348 5523 3581 5579 genere.
3624 5524 3725 5582 ρο-

2109 5608 2296 5671 tentia,
2342 5602 2655 5676 prudentia,
2688 5609 2743 5656 et
2772 5600 3097 5657 fortitudine
3124 5616 3294 5672 super
3315 5616 3517 5658 omnes
3548 5604 3723 5660 nomi-

2105 5699 2325 5766 nabilis,
2387 5695 2769 5752 Grimoardum
2827 5692 3001 5748 ﬁlium
3051 5709 3210 5748 suum
3269 5710 3455 5750 rerum
3498 5712 3718 5753 suarum

2099 5789 2377 5847 haaredem
2427 5787 2585 5843 fecit:
2619 5786 2757 5841 duas
2798 5799 3025 5857 quoque
3056 5782 3203 5839 ﬁlias
3229 5798 3362 5840 suas
3390 5784 3712 5844 Gertrudem
