3960 6198
249 382 361 438 729

1610 376 1761 430 VITA
1802 376 1857 430 S.
1901 373 2229 430 MACLOVII.

3483 373 3588 429 730

237 519 298 567 et
329 513 567 587 Beggam
612 509 680 563 ad
731 507 956 563 laudem
1007 513 1062 561 et
1105 506 1334 578 gloriam
1370 505 1595 582 generis
1621 506 1706 562 sui
1737 513 1859 577 post
1889 507 1937 575 Α
1967 503 2313 558 seminarent
2337 501 2660 572 Spiritualia.
2708 501 2852 555 Inter
2878 516 3000 572 qua:
3027 501 3275 556 eminent
3313 501 3366 555 in
3399 507 3586 556 nostra

234 618 300 656 se
354 601 616 673 reliquit:
663 615 896 672 quarum
933 614 1043 653 una
1097 597 1398 662 Gertrudis,
1442 597 1651 652 Christo
1697 612 1861 668 quam

236 707 450 761 sponso
529 690 734 746 carnali
777 689 986 743 malens
1041 687 1270 752 nubere,
1328 695 1530 742 sanctae
1577 687 1863 764 religionis

240 787 532 857 proposito
582 786 908 850 inserviens;
965 784 1020 838 in
1069 783 1344 837 Nivalensi
1375 783 1652 850 coenobio,
1687 801 1717 838 a
1764 801 1864 840 sua

243 887 422 932 matre
451 877 698 941 fundato,
751 875 1092 948 spiritualem
1125 875 1330 944 prolem
1363 875 1544 929 adhuc
1577 891 1686 931 non
1715 876 1864 932 desi-

243 968 328 1022 nit
357 969 464 1024 Deo
503 969 754 1044 gignere.
799 967 964 1022 Soror
994 966 1114 1036 ejus
1144 966 1346 1038 Begga,
1389 974 1561 1036 nupta
1592 967 1864 1038 Ansigiso,

239 1061 417 1116 sancti
459 1060 663 1115 Arnulfi
708 1058 990 1115 Mettensis
1019 1058 1265 1129 episcopi
1317 1056 1448 1119 filio,
1484 1057 1650 1132 regize
1681 1059 1868 1134 digni-

238 1153 373 1207 tatis
435 1152 626 1218 decus,
673 1153 823 1224 quod
882 1151 1104 1223 peditus
1146 1150 1484 1221 disperserat
1538 1166 1638 1220 per
1675 1167 1866 1223 regum

240 1243 580 1300 Francorum
616 1244 917 1299 inauditam
947 1243 1238 1306 desidiam,
1271 1259 1370 1314 per
1399 1258 1551 1297 suam
1595 1245 1871 1314 reparavit

241 1333 584 1404 prosapiam.
629 1333 753 1404 ipsa
791 1333 1064 1404 siquidem
1104 1333 1297 1405 genuit
1327 1332 1604 1403 Pipinum,
1641 1332 1869 1403 Pipinus

239 1426 521 1493 Carolum,
566 1426 658 1498 qui
687 1425 945 1490 Tudetes,
1001 1425 1054 1479 id
1112 1432 1193 1480 est
1247 1425 1544 1490 Martellus,
1573 1432 1657 1479 est
1697 1441 1868 1498 agno-

244 1516 511 1582 minatus,
554 1515 778 1570 Carolus
811 1515 1061 1586 Pipinum
1117 1515 1350 1585 primum
1403 1530 1610 1587 regem,
1643 1514 1868 1585 Pipinus

244 1605 523 1671 Carolum,
576 1612 945 1679 cognomento
981 1604 1257 1678 Magnum,
1307 1603 1636 1657 Francorum
1679 1619 1863 1676 regem

1965 593 2164 649 vicinia
2190 591 2502 652 Stabulaus.
2529 596 2582 644 et
2637 589 3114 656 Malmundarium,
3156 591 3415 646 ctenobia
3447 589 3586 644 infra

1964 688 2157 742 silvam
2194 687 2502 741 Ardennam
2535 685 2659 751 sita,
2715 700 2836 755 quae
2870 683 3016 738 idem
3069 701 3163 738 rex
3213 700 3242 738 a
3292 701 3350 738 se
3382 699 3588 754 coope-

1965 790 2118 838 rante
2190 782 2297 837 sibi
2352 781 2561 849 majore
2615 781 2812 834 domus
2880 779 3193 833 Grimoaldo
3250 784 3586 843 constructa,

1966 876 2016 930 S.
2074 875 2330 931 Remaclo
2377 873 2682 944 Tungrensi
2732 873 2994 943 episcopo
3045 873 3210 927 tradit
3261 871 3586 925 ordinanda;

1968 964 2213 1035 Expletis
2252 974 2434 1018 autem
2479 963 2654 1018 rotatis
2694 979 2806 1016 sua),
2839 962 3001 1016 annis
3042 979 3189 1027 xxxx,
3223 960 3375 1032 regni
3405 965 3585 1014 autem

1968 1073 2157 1123 xxvm,
2191 1071 2336 1110 anno
2367 1055 2434 1110 ab
2492 1054 2875 1110 Incarnatione
2915 1053 3128 1108 Domini
3162 1053 3267 1109 642
3294 1069 3323 1105 a
3357 1051 3587 1107 transitu

1971 1147 2026 1200 S.
2062 1147 2274 1202 Martini
2315 1160 2461 1201 anno
2505 1162 2718 1204 ccxuu.
2771 1146 2881 1200 Rex
2916 1144 3174 1199 terribilis
3212 1143 3356 1214 apud
3397 1157 3590 1197 omnes

1973 1254 2130 1313 reges
2159 1246 2338 1312 terra},
2371 1238 2464 1301 qui
2491 1238 2666 1292 aufert
2696 1237 2954 1308 spiritum
2997 1237 3330 1308 principum,
3365 1235 3419 1288 in
3453 1235 3588 1289 ﬂore

1965 1337 2229 1407 juvenilis
2269 1337 2444 1391 aetatis
2501 1352 2624 1390 eum
2661 1335 2858 1390 acerba
2890 1342 3066 1389 morte
3115 1333 3297 1404 rapuit
3339 1332 3408 1386 de
3439 1349 3585 1402 pne-

1969 1429 2108 1484 senti
2151 1429 2352 1484 szeculo
2387 1445 2647 1499 nequam,
2685 1434 2738 1482 et
2779 1428 2831 1480 in
2861 1427 3068 1481 caelesti
3097 1426 3247 1480 curia
3277 1425 3326 1478 ei
3357 1424 3589 1479 contulit

1948 1517 2110 1572 'verze
2143 1517 2427 1590 dignitatis
2451 1517 2703 1589 gloriam.
2743 1515 2886 1570 Obiit
2920 1515 3176 1569 Kalendis
3205 1513 3501 1577 Februarii,
3532 1520 3587 1568 et

1968 1609 2216 1680 sepultus
2247 1609 2411 1662 estin
2471 1608 2608 1662 urbe
2661 1607 2859 1672 Mcttis,
2915 1624 3036 1678 qum
3097 1607 3249 1678 regni
3292 1607 3376 1660 sui
3418 1605 3584 1660 sedes

247 1701 303 1746 et
354 1692 744 1762 imperatorem
809 1692 1201 1753 Romanorum,
1259 1692 1350 1763 qui
1399 1706 1464 1745 eo
1530 1692 1754 1746 honoris
1820 1699 1874 1747 et
1975 1697 2170 1763 fuerat,
2206 1697 2259 1750 in
2301 1696 2528 1750 basilica
2573 1712 2735 1766 quam
2791 1695 2857 1748 ad
2889 1695 3104 1748 laudem
3138 1703 3191 1748 et
3227 1694 3455 1768 gloriam
3489 1693 3583 1746 Dei

237 1781 504 1851 potentia:
543 1781 836 1852 processit,
867 1790 925 1836 ut
965 1781 1146 1835 nullus
1179 1780 1246 1835 de
1280 1780 1503 1854 regibus
1534 1781 1857 1835 Francorum

235 1873 327 1927 vel
383 1881 512 1928 ante
578 1889 703 1928 eum
754 1873 841 1928 vel
920 1882 1046 1945 post
1094 1890 1220 1928 eum
1299 1872 1602 1945 comparari
1662 1880 1860 1944 potue-

238 1965 333 2020 rit.

309 2053 656 2109 Grimoaldus
687 2070 787 2126 pro
819 2059 974 2124 patre
1004 2068 1106 2108 suo
1144 2052 1341 2124 Pipino
1386 2053 1717 2108 constitutus
1746 2071 1857 2108 ma-

227 2150 322 2218 jor
347 2149 545 2204 domus
576 2155 833 2219 potenter
863 2149 918 2202 in
952 2149 1075 2202 aula
1108 2147 1367 2218 Sigiberti
1401 2147 1546 2220 regis
1574 2149 1853 2219 principa-

234 2240 418 2306 batur,
446 2245 501 2294 et
541 2239 686 2293 domi
729 2238 1053 2310 militimque
1089 2254 1321 2310 regnum
1368 2238 1599 2293 viriliter
1637 2239 1853 2294 tutaba-

232 2336 343 2384 tur.
380 2327 517 2392 Quia
545 2343 676 2382 vero
707 2325 1014 2400 Sigibertus
1053 2343 1146 2382 rex
1186 2327 1556 2382 Grimoaldum
1590 2328 1851 2395 majorem

236 2421 439 2475 domus
461 2419 563 2473 sibi
588 2418 642 2472 in
669 2417 927 2474 omnibus
952 2417 1194 2484 fidelem,
1220 2419 1558 2494 morigerum
1580 2427 1845 2492 etc00pe-

237 2519 474 2566 ratorem
535 2518 765 2565 eatenus
800 2516 918 2565 erat
967 2518 1246 2581 expertus,
1305 2510 1475 2564 filium
1542 2511 1662 2580 ejus
1702 2510 1853 2566 Chil-

231 2601 526 2654 debertum
591 2599 746 2672 regni
822 2599 1222 2654 Austrasiorum
1297 2599 1573 2654 haeredem
1631 2599 1859 2674 delege-

231 2697 337 2754 rat,
371 2689 477 2744 hoc
509 2698 688 2743 tamen
711 2688 994 2760 pr0posito
1026 2689 1363 2744 conditionis
1388 2697 1576 2744 tenore
1607 2690 1652 2744 si
1677 2690 1854 2760 ipsum

231 2781 584 2856 contingeret
636 2782 754 2836 sine
799 2781 992 2836 liberis
1021 2782 1197 2836 obire.
1233 2782 1344 2837 Rex
1392 2782 1636 2853 quidem,
1669 2789 1856 2854 utpote

229 2872 541 2926 futurorum
595 2871 836 2936 nescius,
906 2871 1053 2942 quod
1113 2876 1243 2925 tunc
1301 2869 1409 2924 sibi
1446 2870 1737 2926 videbatur
1794 2889 1856 2926 ex

227 2963 499 3034 temporis
532 2962 922 3018 convenientia
955 2961 1121 3028 fecit;
1155 2969 1346 3032 postea
1385 2978 1516 3018 vero
1564 2962 1734 3017 filium
1767 2980 1860 3036 ge-

228 3057 374 3122 nuit,
405 3073 569 3128 quem
604 3056 829 3111 nomine
858 3055 1029 3126 patris
1076 3055 1160 3110 sui
1205 3056 1573 3128 Dagobertum
1624 3056 1854 3112 vocavit.

1959 1804 2017 1861 in
2052 1788 2262 1841 honore
2304 1786 2480 1840 sancti
2515 1785 2732 1839 Martini
2789 1784 3015 1857 gloriosi
3048 1782 3379 1838 confessoris
3434 1782 3585 1855 regia

1963 1877 2293 1933 liberalitate
2350 1883 2748 1944 construxerat,
2790 1892 2916 1947 qua:
2973 1876 3079 1930 sita
3137 1882 3220 1929 est
3265 1873 3332 1928 ad
3366 1874 3581 1928 radices

1959 1975 2183 2037 montis,
2230 1974 2323 2044 qui
2375 1973 2645 2042 plurimus
2700 1971 2952 2025 imminet
3007 1970 3148 2034 urbi,
3207 1968 3579 2040 adversisque

1955 2069 2206 2133 aspectat
2235 2061 2475 2132 desuper
2506 2077 2676 2116 arces.

2026 2153 2064 2208 Ο
2110 2170 2273 2225 quam
2329 2153 2530 2208 multos
2585 2169 2732 2223 szepe
2772 2151 3000 2206 ambitio
3029 2148 3282 2220 decepit!
3346 2164 3378 2204 ο
3414 2165 3575 2220 quam

1956 2243 2160 2297 multos
2203 2241 2454 2313 perfidos
2502 2242 2687 2296 divina
2738 2241 2874 2296 ultio
2931 2257 3079 2311 saepe
3137 2255 3355 2311 pessum
3393 2233 3574 2292 dedit!

1957 2332 2162 2386 Mortuo
2222 2331 2498 2402 Sigiberto
2554 2346 2705 2403 rege,
2759 2329 3102 2384 Grimoaldus
3163 2328 3340 2396 major
3378 2326 3576 2382 domus

1955 2423 2322 2496 Dagobertum
2354 2422 2526 2475 tilium
2554 2422 2674 2489 ejus
2713 2437 2825 2475 sua:
2853 2419 2982 2474 fidei
3006 2419 3473 2480 commendatum,
3515 2424 3576 2472 ut

1960 2511 2358 2566 Austrasiorum
2416 2511 2686 2582 potiretur
2732 2525 2926 2582 regno,
2979 2507 3283 2563 tonsoravit
3325 2508 3379 2560 in
3420 2505 3575 2560 cleri-

1959 2617 2102 2664 cum,
2133 2601 2368 2656 consilio
2400 2600 2625 2655 Didonis
2657 2599 3012 2654 Pictaviensis
3039 2599 3311 2669 episcopi,
3345 2597 3435 2668 qui
3472 2595 3574 2651 fuit

1958 2693 2260 2748 avunculus
2285 2693 2457 2747 sancti
2489 2692 2744 2763 martyris
2774 2691 3118 2762 Leodegarii,
3149 2698 3319 2761 etper
3349 2704 3571 2742 manum

1961 2784 2136 2855 ipsius
2163 2783 2388 2838 Didonis
2441 2783 2716 2838 insontem
2775 2784 3064 2852 puerulum
3119 2782 3172 2835 in
3221 2779 3454 2834 Scotiam
3489 2778 3574 2832 di-

1959 2873 2096 2927 rexit
2126 2873 2318 2928 exsilio
2348 2871 2716 2927 irrevocabili.
2763 2871 2954 2925 Filium
2992 2886 3122 2925 vero
3155 2886 3314 2923 suum
3356 2867 3571 2922 Childe-

1959 2968 2171 3022 bertum
2192 2967 2594 3022 Austrasiorum
2619 2981 2791 3040 regno
2814 2965 3102 3020 constituit
3120 2979 3324 3036 regem.
3358 2961 3571 3027 Franci,

1959 3076 2102 3135 aegre
2129 3060 2372 3115 ferentes
2403 3058 2688 3130 perfidiam
2720 3057 3041 3124 Grimoaldi,
3076 3063 3292 3127 captum
3326 3071 3449 3110 eum
3483 3055 3575 3108 de-

228 3147 290 3201 Et
322 3146 494 3216 priori
539 3153 868 3200 testamento
909 3145 977 3200 ad
1025 3145 1235 3199 irritum
1297 3152 1491 3212 tracto,
1549 3145 1696 3200 hunc
1754 3161 1856 3200 nll-
1881 3137 1929 3204 C
1957 3152 2162 3206 stinant
2194 3151 2433 3205 Parisius
2463 3150 2528 3204 ad
2559 3149 2829 3218 judicium
2862 3149 3009 3223 regis
3039 3147 3319 3213 Clodovei,
3343 3146 3436 3217 qui
3474 3144 3574 3200 fuit

227 3237 510 3293 triendum
559 3237 835 3292 commisit
888 3237 1082 3308 majori
1150 3237 1347 3292 domus
1397 3237 1734 3305 Grimoaldo,
1792 3249 1852 3294 ut

222 3331 349 3400 ejus
381 3329 626 3400 potentia
681 3337 872 3384 contra
916 3344 1111 3383 omnes
1150 3335 1298 3384 tutus
1345 3329 1738 3384 sublimaretur
1795 3329 1851 3383 in

223 3418 632 3473 Austrasiorum
680 3434 872 3491 regno.
917 3418 1040 3488 lpse
1071 3423 1254 3471 autem
1306 3417 1614 3489 Sigibertus
1642 3417 1854 3473 duode-

223 3511 331 3565 cim
364 3509 700 3564 monasteria
727 3509 781 3563 in
832 3509 1068 3564 diversis
1109 3508 1261 3582 regni
1315 3510 1400 3563 sui
1443 3509 1688 3579 partibus
1718 3509 1853 3563 aedi-

222 3603 428 3668 ﬁcavit,
451 3603 641 3674 eisque
674 3618 739 3657 ex
769 3601 884 3656 suis
912 3600 1184 3656 reditibus
1214 3600 1364 3675 regia
1388 3600 1717 3655 liberalitate
1751 3617 1852 3655 ne-

222 3695 470 3752 cessaria
519 3693 924 3766 suppeditavit:
967 3703 1028 3750 ut
1057 3694 1170 3750 illic
1229 3693 1333 3749 sub
1369 3693 1686 3764 apostolicae
1724 3692 1850 3748 vitae

220 3787 418 3861 regula
474 3787 743 3854 viventes,
801 3787 931 3842 dum
973 3803 1072 3842 sua
1130 3793 1402 3842 meterent
1446 3785 1708 3852 carnalia,
1741 3785 1847 3840 sibi

1954 3242 2118 3297 frater
2161 3242 2445 3315 Sigiberti.
2489 3242 2660 3306 Quem
2716 3241 3021 3296 Clodoveus
3068 3240 3406 3295 vinculatum
3460 3253 3574 3292 car-

1954 3331 2064 3386 ceri
2095 3331 2444 3402 mancipavit,
2485 3342 2541 3386 et
2569 3331 2886 3398 crudeliter,
2919 3337 2980 3386 ut
3004 3329 3205 3402 dignus
3228 3337 3364 3394 erat,
3399 3343 3572 3399 usque

1953 3425 2022 3479 ad
2059 3432 2290 3479 mortem
2321 3424 2693 3479 tormentavit.
2753 3424 3012 3479 Austrasii
3068 3423 3364 3477 llildricum
3401 3420 3570 3475 filium

1957 3513 2214 3569 Clodovei
2245 3521 2550 3579 assumunt,
2582 3520 2636 3567 et
2669 3513 2723 3566 in
2771 3529 2942 3586 regno
2973 3512 3394 3576 Austrasiorum,
3425 3509 3570 3581 quod

1955 3606 2266 3678 Sigibertus
2291 3612 2518 3676 patruus
2549 3605 2666 3672 ejus
2691 3612 2964 3669 tenuerat,
2987 3621 3172 3679 regem
3207 3603 3568 3658 constituunt.

1954 3697 2052 3752 Hic
2073 3704 2155 3751 est
2191 3697 2460 3750 Hildricus
2483 3712 2596 3759 rex,
2647 3695 2713 3749 ad
2763 3696 2922 3763 cujus
2963 3703 3180 3766 tempus
3220 3695 3321 3750 fuit
3350 3704 3574 3750 sanctus

1952 3786 2275 3840 Lambertus
2296 3792 2499 3855 martyr
2529 3792 2582 3839 et
2606 3786 2922 3855 episc0pus.
2969 3825 2981 3838 .
3029 3825 3042 3839 .

379 4121 788 4248 VITA
872 4121 1017 4248 S.
1111 4119 1966 4250 MACLOVII
2055 4121 2445 4248 SIVE
2529 4121 3410 4250 MACHUTII

1374 4324 1713 4388 EPISCOPI
1762 4325 1860 4388 ET
1907 4325 2416 4390 CONFESSORIS

825 4468 1384 4558 AUCTORE
1449 4467 2099 4560 SIGEBERTO
2168 4471 2986 4566 GEMBLACENSI

1160 4641 1338 4712 (Apud
1379 4641 1620 4710 Surium,
1661 4647 1814 4712 Acta,
1853 4649 2196 4714 Sanctorum,
2240 4647 2371 4702 Nov.
2416 4648 2505 4703 die
2545 4652 2657 4718 xv.)

688 4941 1003 4997 EPISTOLA
1047 4941 1394 5000 AUFTORIS.

424 5052 495 5089 AD
527 5051 890 5090 THIETMABUI
929 5053 1169 5092 ABBATEM
1213 5054 1648 5094 GEMBLACENSEM.

293 5125 415 5180 Vita
481 5124 714 5194 piissimi
772 5125 1111 5182 confessoris
1187 5126 1382 5184 Christi
1437 5128 1705 5195 Maclovii,
1757 5128 1853 5200 qui

220 5217 388 5273 etiam
425 5215 707 5270 Machutes
733 5216 912 5271 dictus
967 5223 1070 5284 est,
1107 5217 1424 5291 diligenter,
1474 5227 1740 5290 quantum
1779 5219 1848 5273 ad

218 5309 514 5364 veritatem
548 5306 812 5374 historiae,
846 5308 1197 5380 antiquorum
1237 5311 1375 5381 stylo
1431 5317 1550 5364 erat
1587 5318 1846 5366 exarata:

216 5396 315 5452 sed
349 5395 483 5468 quia
526 5395 708 5450 minus
747 5397 999 5453 ordinate
1047 5398 1280 5472 digesta,
1332 5400 1515 5454 minus
1542 5398 1851 5469 composite

217 5487 524 5557 descripta,
559 5487 627 5541 ad
678 5487 794 5543 haec
821 5487 1179 5544 barbarismis
1223 5499 1278 5545 et
1323 5491 1652 5547 solcecismis
1684 5493 1850 5548 nimis

215 5583 336 5631 erat
385 5575 644 5642 confusa,
676 5576 842 5650 longo
893 5577 1192 5633 oblivionis
1245 5587 1302 5633 et
1340 5580 1692 5654 negligentiae
1735 5582 1846 5637 situ

219 5667 365 5722 adeo
396 5665 604 5720 latebat
629 5665 888 5734 obducta,
912 5675 968 5722 ut
991 5669 1144 5739 quasi
1171 5668 1377 5724 nullius
1401 5671 1628 5726 auribus
1654 5672 1841 5746 digna,

211 5761 329 5830 jam
362 5760 432 5816 ab
467 5759 753 5816 hominum
789 5761 1083 5818 recesserit
1111 5763 1394 5822 memoria.
1426 5765 1556 5833 Sed,
1579 5766 1842 5824 conside-

1874 4951 2072 5019 Drato
2100 4953 2232 5024 quia
2285 4969 2395 5009 non
2427 4953 2660 5009 omnino
2712 4953 2891 5025 perdit
2932 4949 3358 5008 aestimationem
3417 4945 3579 5021 pretii

1956 5043 2255 5112 pretiosum
2298 5043 2601 5110 metallum,
2641 5042 2892 5114 quamvis
2940 5043 3124 5111 jaceat
3175 5037 3378 5094 rudere
3419 5047 3579 5095 terra)

1956 5128 2245 5197 infossum,
2309 5130 2392 5185 vel
2443 5131 2774 5186 scabredine
2820 5129 3108 5203 rubigenis
3148 5126 3573 5183 decoloratum:

1955 5221 2182 5291 placuit,
2217 5222 2554 5277 venerabilis
2579 5223 2736 5278 Pater
2765 5222 3056 5290 Tietmare,
3091 5229 3198 5276 tuae
3231 5220 3572 5291 paternitati,

1951 5321 2011 5368 ut
2061 5315 2287 5383 juberes
2327 5331 2463 5370 mea:
2514 5316 2821 5386 pusillitati,
2876 5324 2956 5383 ut,
3022 5315 3270 5385 inspecto
3323 5313 3572 5369 historiae

1951 5411 2122 5470 textu,
2152 5415 2208 5460 et
2236 5421 2332 5476 pro
2363 5421 2530 5477 posse
2559 5423 2716 5462 eraso
2737 5407 2999 5463 vitiorum
3036 5411 3340 5474 contractu,
3373 5404 3569 5460 melio-

1951 5510 2128 5549 rarem
2183 5492 2331 5548 illam
2384 5495 2876 5568 quantulacunque
2925 5494 3198 5551 sermonis
3229 5495 3397 5549 cultu.
3457 5494 3570 5566 Ego

1949 5587 2044 5659 qui
2065 5585 2304 5655 jussioni
2335 5587 2716 5642 contravenire
2747 5604 2856 5643 non
2880 5587 3068 5651 debui,
3089 5602 3227 5656 opus
3259 5586 3567 5655 injunctum

1948 5684 2242 5734 exsecutus
2272 5692 2414 5742 sum,
2458 5691 2570 5732 non
2606 5677 2828 5750 quidem
2858 5688 2918 5733 ut
2946 5677 3116 5741 volui,
3150 5678 3248 5731 sed
3288 5672 3568 5744 quomodo

1948 5781 2046 5838 pro
2078 5763 2288 5840 ingenii
2319 5764 2590 5822 tenuitate
2619 5765 2786 5822 valui.
2821 5766 2966 5821 More
3007 5764 3154 5819 enim
3186 5757 3447 5819 rusticani
3478 5757 3562 5810 fa-
