3960 6198
377 318 474 373 731

1591 314 1776 367 SIGEB
1789 313 1937 367 ERTI
1982 312 2113 367 GEM
2124 310 2491 366 BLACENSIS.

3618 311 3740 368 732

378 446 459 502 bri
519 460 659 515 opus
704 408 1011 512 injunctum
1056 458 1351 516 aggressus
1405 456 1557 496 sum:
1616 441 1711 513 qui
1773 439 1994 496 follibus
2022 443 2069 512 Α
2097 453 2217 510 quae
2250 437 2474 492 inimica
2527 441 2609 491 est
2636 435 2856 502 adimat,
2880 435 3221 506 reprimitur,
3275 435 3332 489 in
3362 435 3523 505 cujus
3553 436 3747 492 medi-

378 540 676 605 sufﬂando,
700 546 753 593 et
777 538 990 593 malleis
1010 539 1318 605 tundendo,
1350 538 1499 593 elicit
1521 537 1752 593 scoriam
1778 537 1847 591 de
1871 536 1993 590 rudi

378 645 558 684 massa
596 628 823 700 pretiosi
854 627 1083 693 metalli,
1119 636 1179 681 ut
1207 626 1447 697 paratior
1486 626 1746 680 reddatur
1776 625 1995 696 operosi

378 724 607 781 artificis
643 723 852 791 manui,
886 722 1230 779 ostendendo
1270 722 1393 777 aliis
1431 721 1782 793 splendorem
1824 727 1994 777 mate-

380 817 513 871 riei:
545 823 623 883 ut,
655 815 700 869 si
731 815 854 887 quis
881 815 1011 868 velit
1040 830 1298 869 exercere
1328 814 1535 869 vimsui
1566 812 1803 875 artificii,
1840 813 1996 868 inve-

380 909 494 964 niat
533 908 816 964 materiam
861 913 1100 978 paratam
1148 921 1248 961 suo
1304 906 1446 961 usui.
1479 907 1615 979 Ergo
1647 905 1793 977 quod
1838 904 1997 960 facile

381 1000 525 1055 factu
575 999 812 1065 videtur,
872 998 1091 1064 faciam,
1132 997 1391 1052 nimirum
1452 1003 1510 1052 ut
1556 996 1837 1068 superﬂua
1893 996 1994 1051 de-

381 1110 522 1148 mam
576 1093 775 1147 vitiosa
831 1092 1124 1164 corrigam,
1184 1090 1412 1146 confusa
1468 1090 1650 1146 ordini
1689 1091 1998 1156 reddam,a

380 1183 610 1237 veritate
660 1189 841 1237 tamen
882 1181 1126 1236 historias
1168 1180 1321 1235 nullo
1378 1179 1544 1235 modo
1603 1179 1882 1246 recedam,
1931 1188 1990 1234 ut

383 1272 554 1325 nihile
573 1271 699 1325 novi
724 1270 927 1324 fecisse
951 1269 1161 1335 videar,
1187 1285 1312 1324 cum
1342 1276 1500 1324 vetus
1516 1275 1726 1324 tantum
1757 1269 2000 1325 limando

381 1370 435 1418 et
464 1362 711 1418 fricando
743 1377 1039 1417 renovasse
1070 1361 1278 1416 videar.

1008 1458 1374 1514 PROLOGUS.

453 1548 732 1604 Praeconia
782 1554 1122 1614 sanctorum,
1179 1564 1301 1619 qua:
1367 1547 1524 1602 valde
1564 1554 1697 1602 sunt
1734 1549 1787 1601 in
1827 1547 2004 1604 oculis

383 1639 596 1696 Domini
641 1640 902 1711 pretiosa,
957 1639 1275 1694 nullatenus
1302 1646 1429 1695 sunt
1480 1639 1780 1704 reticenda,
1812 1656 2001 1695 verum

382 1732 532 1787 omni
578 1731 857 1786 memoria:
911 1731 1197 1785 tradenda.
1249 1730 1621 1786 Nihilominus
1659 1731 1996 1787 credendum

2098 530 2307 585 tatione
2339 530 2483 584 Deus
2511 527 2850 601 agnoscitur,
2909 527 2966 580 in
3007 526 3165 598 cujus
3204 529 3569 584 exsecutione
3620 528 3745 583 vita

2096 626 2302 675 aeterna
2360 618 2685 691 acquiritur.
2713 603 3059 689 'Appetebat
3108 617 3394 672 scientiam
3446 634 3574 689 qua:
3635 635 3747 689 per

2098 711 2377 767 charitatis
2449 711 2814 767 humilitatem
2875 709 3147 765 aedificat:
3210 708 3521 783 refugiebat
3579 710 3743 764 illam

2099 819 2221 875 quae
2254 819 2353 874 per
2394 802 2651 857 vanitatis
2678 801 2976 857 elationem
3022 800 3198 857 inflat.
3238 801 3518 872 Incipiens
3560 801 3739 855 etiam

2097 911 2299 966 corpus
2318 911 2478 950 suum
2519 894 2810 966 castigare,
2865 902 2920 948 et
2948 891 3085 947 illud
3116 893 3172 947 in
3213 893 3534 949 servitutem
3563 892 3745 964 spiri-

2098 993 2186 1040 tus
2210 983 2461 1058 redigere
2512 983 2561 1053 (Ι
2583 984 2703 1040 Cor.
2735 983 2874 1047 vini,
2916 980 3275 1037 assuescebat
3302 981 3545 1053 simplici
3584 981 3745 1036 victu

2099 1081 2154 1130 et
2183 1071 2387 1128 vestitu
2425 1078 2720 1127 contentus
2760 1086 2902 1136 esse,
2945 1070 3295 1140 vilipendens
3344 1071 3598 1141 corporis
3632 1070 3745 1125 fri-

2100 1178 2253 1235 gora,
2278 1161 2570 1235 indignum
2605 1162 2816 1215 ducens
2846 1159 3091 1214 distendi
3155 1158 3404 1214 ciborum
3444 1160 3629 1231 c0pia,
3665 1174 3743 1214 ne

2101 1253 2292 1324 aliquo
2317 1252 2482 1308 modo
2508 1251 2887 1307 dominaretur
2917 1250 3115 1305 animae
3148 1267 3262 1306 suae
3295 1268 3394 1321 per
3424 1251 3740 1325 indulgen-

2104 1342 2232 1396 tiam
2272 1340 2577 1413 corporalis
2628 1339 2975 1395 necessitatis
3014 1339 3197 1394 carnis
3229 1340 3556 1410 petulantia.
3600 1341 3742 1395 Ideo

2106 1436 2356 1507 exceptis
2386 1435 2471 1490 his
2497 1450 2621 1506 quae
2663 1434 2961 1505 expetebat
3008 1433 3245 1505 simplex
3276 1435 3584 1489 necessitas
3641 1450 3744 1489 na-

2106 1532 2242 1581 turae
2272 1525 2487 1596 reliqua
2525 1522 2711 1578 omnia
2764 1522 3113 1593 expendebat
3162 1523 3217 1577 in
3258 1538 3428 1594 opera
3486 1524 3747 1581 eleemo-

2106 1633 2278 1688 synae.

2756 1707 2961 1763 CAPUT
2993 1709 3083 1763 Ill.

384 1763 532 1787 Ullllll
580 1763 857 1786 ιιισιηυιιεῦ
914 1763 1197 1785 ιιαυῠιιυα.
1249 1763 1621 1786 υιιιιιυιιιιιιυδ
1659 1763 1996 1787 υιῦυυιιυυιιι
2030 1763 2078 1830 Β
3489 1802 3500 1814 ⁸

384 1835 487 1888 est,
520 1822 916 1892 omnipotentis
969 1823 1065 1877 Dei
1094 1822 1295 1877 virtute
1347 1822 1485 1877 facta
1528 1838 1649 1877 esse
1682 1828 1996 1879 sanctorum
2176 1805 2320 1859 Deus
2343 1818 2496 1892 ergo.
2531 1802 2624 1874 (ἰαί
2654 1817 2845 1892 59""05
2868 1810 2923 1856 θῑ
2954 1802 3253 1892 Prophetas
3282 1803 3744 1892 Suoﬁahquando

384 1915 644 1969 miracula
676 1930 773 1985 pro
830 1914 977 1970 felici
1010 1930 1198 1970 eorum
1232 1915 1361 1980 vita,
1391 1914 1545 1985 prius
1601 1916 1864 1971 cordibus
1903 1932 1997 1971 eo-

386 2026 503 2063 rum
536 2008 747 2063 cmlesti
799 2008 1182 2064 munificentia
1233 2009 1427 2065 indita.
1476 2009 1614 2083 Ergo
1644 2010 1879 2080 primum
1914 2011 1999 2065 in-

385 2099 636 2174 daganda
676 2105 761 2153 est
803 2098 1103 2153 amicorum
1164 2098 1355 2153 Christi
1389 2099 1517 2164 vita,
1570 2106 1650 2166 ut,
1696 2099 1826 2154 dum
1884 2116 2002 2155 eam

385 2187 670 2241 studemus
727 2186 953 2252 imitari,
998 2186 1253 2257 proficiat
1308 2187 1467 2242 nobis
1523 2188 1754 2242 virtutes
1813 2204 2004 2244 eorum

385 2275 592 2329 mirari.
628 2275 915 2347 Siquidem
970 2276 1104 2330 nihil
1141 2292 1241 2331 nos
1283 2277 1438 2345 juvat
1468 2283 1693 2349 stupere
1720 2280 2004 2349 miracula,

385 2367 504 2421 sine
527 2365 700 2422 felicis
728 2367 853 2422 vita:
886 2367 1194 2424 imitatione
1227 2368 1494 2438 proficua.
1529 2370 1648 2425 Jam
1680 2387 1829 2426 nunc
1856 2371 2004 2429 beati

386 2456 488 2514 viri
518 2458 628 2512 vita
659 2458 725 2512 ad
757 2458 1001 2513 medium
1027 2459 1353 2523 deducatur,
1385 2466 1464 2522 ut,
1489 2459 1618 2514 dum
1658 2460 1778 2530 ejus
1810 2450 2006 2516 merita

390 2546 686 2602 recolendo
708 2546 775 2601 ad
810 2547 929 2618 ejus
958 2546 1323 2601 imitationem
1368 2547 1697 2614 animamur,
1733 2548 2003 2604 interces-

388 2634 562 2689 sionis
617 2635 846 2708 gratiam
911 2636 967 2689 in
1015 2635 1484 2707 oportunitatibus
1541 2636 1746 2691 habere
1795 2654 2007 2694 merea-

390 2741 531 2780 mur.

934 2815 1143 2871 CAPUT
1171 2815 1454 2872 PRIMUM.

461 2903 695 2959 Sanctus
724 2903 891 2977 igitur
911 2904 1207 2960 Maclovius
1235 2904 1519 2959 nobilitate
1546 2912 1831 2974 parentum
1861 2905 2008 2975 apud

392 2992 645 3046 homines
669 2991 854 3047 smculi
889 2992 1033 3046 inter
1055 3008 1186 3047 suos
1219 3008 1328 3047 non
1360 2992 1721 3048 mediocriter
1751 2993 2005 3065 inclytus,

391 3084 524 3139 citra
560 3099 708 3138 oram
745 3084 1040 3139 Britannici
1088 3085 1254 3139 maris
1294 3083 1395 3139 fuit
1425 3085 1628 3140 editus.
1679 3086 1837 3139 Pater
1868 3086 2009 3155 ejus,

392 3176 570 3231 Guent
599 3176 845 3243 nomine,
874 3192 1060 3231 comes
1111 3176 1231 3243 fuit,
1286 3177 1379 3249 qui
1430 3178 1581 3232 urbis
1630 3177 2009 3233 Gimicastrum

392 3273 617 3328 vocatae,
646 3265 901 3320 conditor
922 3265 1145 3320 exstitit.
1166 3265 1790 3336 MatremjpsiusDarual
1822 3269 2015 3339 appel-

392 3353 556 3407 latam
608 3352 945 3423 accepimus.
990 3353 1052 3407 Et
1111 3354 1241 3425 quia
1281 3353 1336 3407 in
1377 3354 1527 3409 omni
1580 3371 1760 3410 rerum
1810 3365 2012 3412 eventu

394 3460 673 3516 nunquam
707 3444 864 3500 abest
898 3445 994 3499 Dei
1021 3445 1388 3515 dispensatio,
1419 3446 1591 3517 patuit
1619 3447 1781 3503 etiam
1827 3449 1881 3504 in
1914 3451 2013 3505 hu-

388 3536 479 3607 jus
517 3536 691 3591 sancti
733 3535 835 3591 viri
885 3537 1187 3592 nativitatis
1236 3537 1485 3593 exordio.
1521 3539 1689 3595 Natus
1728 3550 1812 3596 est
1860 3542 2007 3598 enim

394 3627 452 3682 in
479 3628 567 3682 die
599 3636 812 3695 sancto,
845 3644 956 3700 quo
981 3630 1163 3685 omnis
1208 3629 1449 3685 mundus
1474 3630 1750 3687 Paschalis
1801 3634 2009 3690 solem-

396 3716 583 3771 nitatis
611 3717 930 3773 celebrabat
958 3720 1186 3792 gaudia:
1220 3728 1279 3775 ut
1310 3720 1365 3775 in
1398 3721 1512 3787 die,
1543 3739 1706 3794 quam
1749 3723 1879 3780 fecit
1914 3726 2020 3782 Do-

399 3809 582 3864 minus
620 3814 678 3864 ut
729 3810 1067 3866 exsultemus
1109 3818 1164 3867 et
1192 3812 1442 3868 laetemur
1488 3814 1543 3869 in
1593 3832 1678 3883 ea,
1717 3816 1881 3871 etiam
1916 3818 2019 3873 hoc

394 3900 579 3973 gaudii
608 3901 932 3957 mortalibus
976 3903 1206 3959 adderet
1235 3904 1439 3961 divinae
1478 3906 1701 3977 pietatis
1728 3908 1921 3980 gratia.
1958 3910 2017 3964 In

362 3991 560 4059 'hujus
594 3992 800 4065 quippe
825 3994 1056 4050 articulo
1096 3995 1208 4050 diei
1253 3998 1367 4053 nati
1413 4006 1543 4053 sunt
1578 3999 1632 4053 in
1666 4000 1784 4070 ipsa
1812 4001 2021 4058 vicinia

2101 1893 2263 1947 etiam
2310 1891 2366 1945 in
2403 1890 2523 1962 ipso
2566 1889 2754 1944 matris
2806 1897 2963 1945 utero
3013 1890 3165 1945 novit
3221 1889 3571 1946 sanctificare
3604 1893 3741 1962 (Jer.

2104 1985 2165 2053 ι),
2224 1998 2334 2038 non
2368 1982 2585 2037 distulit
2612 1997 2833 2036 servum
2879 1998 3038 2036 suum
3094 1982 3151 2036 in
3198 1984 3464 2054 primaeva
3512 1984 3743 2039 aetatula

2106 2090 2205 2128 sua
2233 2073 2527 2128 virtutibus
2561 2081 2615 2127 et
2645 2072 2820 2147 signis
2873 2072 3169 2128 mirificare
3201 2074 3345 2144 (Luc.
3394 2074 3454 2146 ι),
3495 2075 3588 2145 qui
3619 2075 3740 2144 jam

2106 2164 2161 2217 in
2197 2163 2314 2235 ipsa
2352 2162 2620 2218 infantilis
2651 2162 2831 2218 aetatis
2869 2164 3221 2234 simplicitate
3252 2180 3364 2220 non
3387 2165 3604 2220 destitit
3637 2182 3744 2237 per

2108 2254 2308 2310 bonam
2368 2255 2732 2310 intentionem
2784 2255 3031 2326 seipsum
3084 2255 3154 2310 ad
3202 2256 3562 2312 serviendum
3622 2258 3740 2313 Deo

2109 2364 2441 2419 praeparare.
2475 2348 2610 2402 Dum
2642 2348 2881 2419 quodam
2914 2349 3001 2403 die
3030 2365 3155 2403 cum
3184 2349 3387 2405 corevis
3417 2349 3526 2404 sibi
3550 2350 3744 2421 pueris

2108 2439 2337 2495 ludendi
2365 2439 2538 2512 gratia
2586 2440 2950 2511 processisset
3000 2441 3069 2495 ad
3100 2441 3249 2496 littus
3276 2441 3462 2509 maris,
3495 2441 3622 2496 aliis
3680 2442 3739 2496 in

2110 2530 2287 2585 otioso
2333 2528 2560 2583 ludendi
2612 2529 2836 2603 negotio
2868 2529 3118 2597 intentis,
3155 2530 3247 2585 hic
3285 2530 3439 2585 humi
3473 2531 3743 2588 reclinato

2108 2625 2312 2695 capite,
2355 2639 2552 2680 somno
2584 2624 2752 2695 erepit
2805 2624 3118 2700 indulgere.
3161 2624 3292 2680 Cum
3334 2624 3519 2681 subito
3572 2626 3741 2681 inun-

2109 2713 2292 2768 dando
2341 2712 2631 2768 redeuntis
2660 2713 2829 2768 maris
2859 2722 2993 2768 aestu
3042 2712 3396 2783 adveniente,
3448 2715 3596 2787 quod
3651 2732 3745 2772 se-

2109 2804 2350 2858 cundum
2392 2804 2536 2859 lunae
2586 2819 2806 2859 cursum
2837 2804 2892 2858 in
2939 2806 3074 2860 mari
3126 2805 3423 2861 Britannia:
3479 2807 3599 2862 fieri
3658 2816 3745 2865 est

2110 2898 2384 2966 solemne,
2440 2898 2639 2971 reliqui
2694 2898 2853 2970 pueri
2910 2898 3039 2972 fuga
3077 2900 3375 2957 consulunt
3420 2902 3547 2957 vitae
3600 2919 3739 2969 suae,

2112 2989 2267 3045 illum
2298 2991 2665 3046 dormientem
2699 2991 2755 3045 in
2789 2997 2938 3047 tanto
2965 2991 3213 3063 periculo
3247 3009 3347 3049 nos
3382 3003 3742 3050 occurrentes

2114 3084 2353 3139 excitare
2402 3083 2510 3138 Sed
2535 3098 2705 3154 puero
2736 3083 2806 3138 ad
2844 3083 3079 3139 salutem
3114 3085 3411 3141 multorum
3440 3095 3593 3153 nato,
3626 3102 3737 3144 non

2114 3174 2278 3248 longe
2309 3172 2484 3228 abfuit
2536 3173 2787 3245 [abstitit]
2825 3175 2920 3229 Dei
2954 3176 3245 3246 protectio,
3298 3186 3592 3247 procurata
3623 3195 3740 3233 ma-

2113 3281 2223 3339 gno
2252 3281 2432 3320 rerum
2466 3265 2754 3321 miraculo.
2796 3266 2955 3336 Nam,
2981 3283 3105 3322 cum
3134 3268 3381 3340 undique
3411 3285 3574 3341 aquae
3621 3270 3737 3326 cir-

2113 3354 2501 3422 cumfluerent,
2534 3361 2589 3409 et
2615 3355 2778 3410 undae
2803 3355 2967 3411 undis
2993 3357 3450 3428 supervenientes
3479 3374 3605 3414 cum
3635 3357 3744 3413 fer-

2111 3459 2242 3499 vore
2296 3442 2561 3497 tumendo
2590 3443 3133 3514 circumstreperent,
3189 3453 3243 3500 et
3273 3453 3457 3501 tamen
3502 3447 3741 3502 circum-

2113 3533 2276 3588 ducto
2303 3532 2548 3604 undique
2588 3532 2818 3600 circulo,
2852 3533 3031 3590 locum
3075 3533 3130 3588 in
3170 3550 3279 3606 quo
3343 3551 3483 3606 puer
3517 3537 3739 3605 jacebat

2112 3622 2384 3696 attingere
2417 3637 2528 3679 non
2568 3622 2860 3690 auderent,
2894 3623 3302 3695 omnipotentia
3342 3624 3440 3679 Dei
3469 3624 3601 3681 fecit
3632 3626 3742 3681 illic

2121 3713 2356 3768 insulam
2373 3729 2712 3781 excrescere,
2745 3730 2868 3785 qua:
2898 3730 3075 3786 usque
3101 3715 3169 3769 ad
3192 3731 3468 3771 summum
3493 3718 3737 3790 aequoris

2121 3816 2372 3880 porrecta
2420 3809 2503 3864 sui
2537 3809 2857 3877 altitudine,
2906 3809 3150 3866 futurum
3201 3809 3392 3866 Christi
3440 3812 3740 3867 antistitem

2120 3900 2265 3955 eruit
2314 3916 2345 3954 a
2385 3899 2576 3955 mortis
2603 3899 2947 3955 discrimine.
3000 3900 3131 3954 Tam
3171 3915 3303 3956 vero
3349 3901 3642 3973 inopinato
3685 3902 3738 3956 in

2126 3989 2304 4046 oculis
2322 3988 2571 4045 omnium
2599 3999 2904 4061 apparente
2942 3990 3233 4058 miraculo,
3263 4006 3435 4062 opera
3457 3998 3739 4063 parentum

395 4082 557 4138 etiam
583 4084 676 4138 alii
706 4084 930 4159 triginta
961 4092 1071 4143 tres
1099 4089 1280 4159 pueri.
1314 4089 1467 4154 Quod
1490 4108 1618 4163 quia
1648 4093 1915 4149 creditum
1940 4086 2027 4151 est
2124 4103 2348 4144 suorum
2402 4086 2564 4142 citius
2594 4092 2888 4159 procurata
2944 4087 3189 4160 navigio,
3239 4088 3474 4144 eductus
3506 4097 3592 4145 est
3629 4091 3742 4162 pla-

395 4171 768 4243 diSpensativa
790 4175 886 4230 Dei
916 4177 1268 4234 ordinatione
1310 4179 1533 4250 factum,
1576 4182 1783 4252 placuit
1809 4202 2016 4255 paren-
2122 4178 2265 4235 citus
2303 4179 2413 4233 Deo
2456 4194 2596 4248 puer
2633 4178 2702 4233 de
2765 4178 2928 4232 maris
2972 4178 3236 4250 periculo.
3278 4179 3357 4233 Ne
3413 4188 3599 4236 autem
3638 4197 3737 4236 un-

396 4262 544 4319 tibus
569 4264 840 4332 omnium,
868 4273 929 4322 ut
959 4267 1055 4339 qui
1084 4270 1364 4326 nascendo
1401 4272 1582 4327 sortiti
1610 4272 1829 4330 fuerant
1853 4276 2005 4332 unius

2118 4284 2280 4341 quam
2340 4283 2372 4322 a
2398 4266 2667 4323 memoria
2696 4265 2980 4322 excideret
3018 4266 3184 4335 hujus
3243 4265 3373 4322 facti
3415 4269 3653 4337 novitas,
3685 4277 3736 4325 et

395 4357 923 4429 contemporalitatis
968 4361 1278 4428 exordium,
1309 4379 1478 4418 unum
1514 4364 1567 4419 in
1616 4366 1828 4422 Christo
1857 4375 2005 4424 tene-

2118 4368 2178 4415 ut
2220 4375 2318 4431 per
2375 4359 2481 4416 hoc
2536 4358 2710 4432 magis
2749 4358 3079 4414 claresceret
3123 4358 3272 4414 beati
3325 4359 3426 4415 viri
3455 4362 3736 4427 sanctitas,

394 4458 517 4506 rent
542 4450 760 4506 vivendi
794 4451 1241 4511 contubernium.
1289 4455 1420 4511 Nam
1461 4473 1656 4514 omnes
1694 4460 1855 4515 simul
1886 4477 2008 4516 cum
2032 4454 2088 4523 D
2116 4454 2367 4510 eamdem
2400 4452 2630 4507 insulam
2663 4468 2843 4522 usque
2888 4452 2944 4506 in
2987 4452 3317 4507 hodiernum
3348 4453 3495 4507 diem
3525 4471 3739 4525 perma-

393 4541 449 4596 S.
479 4541 742 4599 Maclovio
772 4544 1121 4599 scholaribus
1147 4547 1347 4603 studiis
1374 4549 1599 4619 eruditi,
1633 4566 1829 4608 omnes
1854 4551 2017 4608 simul
2119 4565 2252 4604 nere
2281 4548 2411 4604 fecit
2455 4548 2742 4612 Divinitas,
2768 4554 2842 4614 et,
2865 4554 2922 4601 ut
2951 4547 3249 4612 credimus,
3275 4564 3450 4621 usque
3481 4551 3536 4604 in
3569 4549 3729 4606 tinem

395 4621 597 4685 divinae
622 4632 873 4688 servituti
905 4640 1035 4689 sunt
1055 4636 1374 4707 mancipati.
2117 4641 2261 4695 hanc
2292 4656 2391 4711 pro
2422 4639 2738 4695 testimonio
2769 4638 2995 4694 habebit
3026 4640 3338 4710 pOSteritas.

1052 4722 1258 4780 CAPUT
1290 4728 1356 4781 II.
2761 4732 2969 4788 CAPUT
3013 4733 3096 4788 IV.

466 4809 630 4864 Bona:
664 4810 847 4884 itaque
873 4811 1078 4868 indolis
1127 4830 1299 4885 puero
1331 4815 1506 4871 electo
1542 4833 1573 4872 a
1607 4818 1711 4874 Deo
1744 4819 1812 4872 ab
1844 4820 2021 4875 beati-
2194 4824 2339 4891 Post,
2372 4829 2594 4878 sanctus
2613 4821 2911 4877 Maclovius
2963 4822 3033 4876 de
3066 4821 3255 4877 adulta
3295 4822 3529 4878 infantia
3562 4831 3729 4880 trans-

397 4901 606 4956 tudinis
633 4917 802 4973 Opera
833 4906 1213 4977 exsequendo,
1245 4907 1358 4977 jam
1392 4916 1524 4965 tunc
1546 4909 1811 4965 divinitus
1842 4911 2019 4982 inSpi-
2123 4913 2242 4967 iens
2267 4913 2322 4967 in
2362 4911 2678 4983 pueritiam,
2707 4918 2915 4983 quanto
2968 4911 3294 4982 ampliorem
3328 4912 3535 4968 divinae
3568 4915 3740 4985 inspi-

395 4988 642 5052 rabatur,
682 4993 829 5063 quod
870 4993 948 5049 ait
995 5003 1184 5051 sancta
1232 4996 1539 5069 Scriptura:
1607 5019 1628 5047 ι
1690 4999 1764 5054 Ex
1823 5001 2020 5057 studiis
2120 5000 2350 5056 rationis
2394 5016 2517 5055 cum
2571 5007 2869 5060 cremento
2915 5000 3092 5055 aetatis
3139 5000 3432 5057 hauriebat
3485 5004 3737 5076 gratiam,

394 5079 514 5134 suis
544 5083 898 5153 cognoscitur
953 5102 1111 5156 puer,
1157 5087 1203 5142 si
1252 5090 1456 5144 munda
1499 5090 1613 5145 sint
1665 5107 1833 5162 Opera
1899 5092 2021 5164 ejus
2121 5101 2273 5149 tanto
2301 5091 2517 5148 avidius
2545 5098 2711 5163 atque
2742 5091 3037 5146 instantius
3074 5107 3171 5147 cor
3196 5108 3358 5148 suum
3400 5095 3742 5165 praeparabat

396 5170 576 5237 (Prov.
619 5172 739 5240 xx):
786 5194 806 5222 ι
852 5179 937 5227 et:
984 5195 1008 5225 α
1050 5176 1247 5232 Beatus
1276 5178 1371 5250 qui
1395 5180 1696 5250 portaverit
1718 5181 1912 5255 jugum
1943 5181 2012 5237 ab

395 5259 773 5317 adolescentia
807 5279 907 5319 sua
938 5265 1158 5335 (Thren.
1218 5270 1318 5341 ιιι).
1376 5290 1407 5321 ιο
1460 5271 1540 5324 Ab
1577 5271 1715 5343 ipsis
1743 5273 1889 5327 enim
1922 5271 2011 5326 in-

393 5351 582 5407 fantize
613 5354 775 5408 annis
817 5358 1169 5428 occupationi
1208 5361 1488 5417 saecularis
1539 5363 1795 5419 vanitatis
1840 5364 2009 5422 abre-

393 5440 688 5508 nuntiavit,
735 5451 789 5497 et
837 5442 1075 5501 libertati
1108 5448 1307 5505 divina?
1338 5451 1623 5506 servitutis
1658 5469 1717 5507 se
1760 5453 2008 5510 sociavit.

393 5529 514 5598 Qui,
538 5536 598 5586 ut
624 5531 845 5602 plenius
876 5533 1107 5590 haberet
1136 5537 1422 5593 scientiam
1453 5539 1718 5597 doctrinae
1748 5548 1803 5597 et
1828 5543 2013 5618 cogni-

390 5622 600 5680 tionem
660 5624 777 5691 Dei,
811 5626 1055 5682 arctibus
1098 5644 1157 5681 se
1189 5629 1398 5685 addixit
1424 5638 1736 5689 sanctarum
1768 5635 2012 5706 Scriptu-

391 5733 542 5773 arum
574 5717 908 5785 eruditioni;
943 5717 1001 5772 in
1039 5718 1195 5787 cujus
1243 5719 1323 5774 rei
1380 5720 1689 5779 intentione
1741 5726 2011 5796 otiositas,

2116 5184 2183 5239 ad
2215 5183 2582 5256 appetendam
2603 5184 2871 5258 angelicae
2897 5183 3024 5238 vitae
3051 5184 3501 5240 sanctimoniam.
3528 5186 3741 5243 Sciens-

2115 5290 2226 5346 que
2271 5288 2336 5327 ex
2388 5288 2484 5328 ore
2542 5272 2757 5328 Domini
2805 5271 3204 5327 beatitudinem
3263 5273 3490 5329 videndi
3564 5277 3728 5331 Deum

2115 5365 2438 5438 promissam
2478 5377 2600 5419 esse
2632 5364 2858 5419 mundis
2891 5364 3058 5419 corde
3109 5364 3326 5435 (Matth.
3376 5367 3455 5437 ν),
3511 5368 3582 5421 ab
3612 5367 3739 5439 ipsis

2114 5453 2372 5526 pueritiae
2413 5453 2741 5509 rudimentis
2772 5470 2833 5509 se
2885 5453 3105 5510 devovit
3130 5454 3398 5526 operibus
3426 5456 3732 5512 munditiae.

2114 5543 2314 5599 Volens
2332 5543 2482 5599 enim
2511 5543 2730 5614 placere
2760 5544 2873 5598 Deo
2931 5556 3163 5612 corpore
3220 5552 3275 5599 et
3304 5544 3527 5615 spiritu,
3588 5544 3735 5620 eligit

2116 5651 2337 5691 omnem
2368 5642 2583 5690 aetatem
2612 5650 2767 5689 suam
2799 5650 2962 5710 agere
2994 5634 3050 5688 in
3080 5633 3413 5707 virginitatis
3451 5637 3733 5692 coclibatu.

2119 5728 2273 5784 Sicut
2299 5728 2448 5784 enim
2470 5734 2609 5783 testa
2637 5742 2853 5795 recens,
2885 5742 2994 5800 quo
3023 5726 3197 5782 semel
3246 5732 3331 5782 est
3362 5728 3595 5793 imbuta,
3643 5726 3733 5784 diu
