3960 6198
248 339 355 395 733

1616 333 1760 388 VITA
1803 332 1856 388 S.
1897 329 2227 384 MACLOVII.

3477 335 3579 389 734

240 468 429 519 servat
453 463 709 520 odorem:
743 463 818 517 ita
863 467 917 518 et
954 460 1006 517 ei
1046 460 1181 516 utile
1227 460 1402 515 visum
1444 467 1551 526 est,
1600 457 1735 512 rude
1765 471 1861 512 vas
1877 459 1929 528 Α
1956 453 2182 509 reducto
2214 451 2345 507 fune
2369 453 2763 523 temperantia,
2800 468 3022 526 semper
3049 457 3283 512 mediam
3316 458 3576 515 virtutum

235 553 491 625 corporis
538 553 622 607 sui
663 560 852 623 aptare
901 551 1306 623 quamprimum
1360 547 1427 605 ad
1467 547 1856 603 sanctiﬁcatio-

236 657 367 695 nem
418 646 472 695 et
525 640 813 706 honorem,
867 655 938 694 ne
994 643 1412 711 corumperetur
1466 654 1565 709 per
1620 636 1858 692 carnalis

235 732 505 787 desiderii
539 732 876 803 passionem.
931 730 1084 797 Quod
1117 740 1175 785 ut
1205 730 1437 786 liberius
1477 737 1531 785 et
1561 728 1856 801 perfectius

239 825 695 898 pessetexsequi,
710 842 809 897 per
827 831 1110 897 parentum
1134 824 1484 880 devotionem
1509 831 1564 879 et
1575 824 1851 895 prOpriam

237 921 583 977 voluntatem
637 920 933 991 assumpsit
988 919 1234 975 habitum
1288 919 1500 974 ordinis
1543 918 1848 976 mouastici.

241 1007 350 1062 Ubi
384 1009 597 1079 positus
635 1008 738 1062 sub
768 1007 1035 1081 regularis
1058 1007 1364 1079 disciplina
1396 1008 1664 1074 custodia,
1699 1025 1860 1080 quam

1958 543 2104 599 viam
2137 544 2194 598 in
2221 544 2480 599 omnibus
2511 544 2770 610 tenuerit,
2817 546 2950 600 satis
2979 562 3045 600 ex
3084 548 3189 603 hoc
3221 550 3416 619 patuit,
3448 550 3579 622 quia

1958 635 2026 690 ad
2058 650 2336 689 summum
2368 634 2750 689 sanctimonia
2797 636 3018 690 culmen
3048 636 3280 692 feliciter
3307 640 3576 709 pervenit.

1960 728 2123 800 Cujus
2162 728 2285 785 vita
2338 729 2671 784 rectitudine
2721 730 2902 785 omnis
2941 731 3179 802 p0pulus
3217 733 3283 786 ad
3325 734 3582 789 meliora-

1957 820 2160 876 tionem
2185 837 2396 878 morum
2432 838 2542 877 non
2577 838 2765 893 parum
2800 823 3061 889 directus,
3107 831 3162 878 ct
3193 824 3578 880 miraculorum

1955 909 2077 977 ejus
2116 910 2291 984 gloria
2332 910 2498 965 nimis
2522 911 2881 980 jucundatus,
2917 913 3227 982 promoveri
3270 928 3394 967 eum
3447 912 3578 968 fecit

1965 998 2031 1052 ad
2065 999 2315 1053 ordinem
2344 998 2719 1070 episcOpatus,
2761 1006 2819 1054 ut
2853 999 3081 1055 uberius
3108 1000 3437 1057 sanetiticari
3459 1002 3583 1071 ejus

236 1104 529 1152 strenuum
564 1104 619 1152 et
683 1106 997 1168 promptum
1050 1112 1110 1152 se
1150 1097 1462 1152 exhibuerit
1503 1113 1614 1168 pra
1652 1097 1864 1152 cateris
1965 1085 2455 1144 benedictionibus
2475 1095 2839 1144 mererentur.

237 1186 297 1240 in
339 1185 678 1248 obedientia,
722 1185 914 1240 saltem
956 1200 1020 1240 ex
1070 1186 1177 1241 hoc
1202 1185 1418 1257 probari
1459 1187 1678 1258 poterit,
1712 1186 1857 1257 quod

238 1277 451 1333 invidia
482 1276 851 1349 coaqualium
880 1294 1106 1334 suorum
1138 1294 1324 1334 carere
1355 1294 1465 1334 non
1493 1277 1700 1350 potuit:
1738 1293 1859 1349 qua

233 1384 464 1441 semper
490 1385 554 1424 ex
580 1369 813 1423 aliorum
846 1368 1096 1440 profectu
1126 1376 1180 1424 et
1207 1368 1381 1441 gloria
1407 1384 1658 1435 nascens,
1693 1368 1747 1422 in
1771 1383 1857 1423 se-

239 1461 367 1533 ipsa
390 1462 749 1518 contabescit.
787 1462 1101 1517 Patiebatur
1118 1461 1265 1516 enim
1294 1462 1437 1517 inter
1466 1476 1684 1517 coavos
1704 1476 1855 1527 suos,

237 1550 391 1622 quod
422 1551 628 1622 Joseph
676 1551 807 1606 olim
848 1567 1045 1622 passus
1075 1560 1158 1606 est
1196 1550 1337 1604 inter
1368 1549 1560 1605 fratres
1590 1565 1721 1605 suos
1764 1549 1859 1606 Jo-

237 1644 379 1713 seph
411 1642 672 1713 polymita
702 1643 887 1698 tunica
925 1660 954 1697 a
982 1649 1133 1713 patre
1165 1643 1401 1699 donatus
1431 1642 1583 1713 (Gen.
1626 1641 1850 1713 xxxvii),

236 1736 295 1785 et
326 1731 396 1785 ab
418 1746 484 1786 eo
515 1731 640 1802 plus
670 1732 885 1787 cunctis
923 1731 1181 1789 fratribus
1210 1739 1440 1796 amatus,
1468 1732 1598 1803 quia
1625 1731 1851 1789 fratrum

232 1819 371 1875 vitia
400 1821 680 1893 carpebat,
715 1821 972 1877 invidiam
1005 1821 1109 1876 sibi
1135 1820 1486 1877 conflaverat.
1533 1821 1627 1877 llic
1663 1821 1850 1891 etiam,

233 1909 369 1981 quia
419 1913 642 1967 talarem
676 1911 1033 1984 perfectionis
1065 1912 1329 1982 tunicam,
1381 1919 1435 1966 et
1463 1912 1723 1968 virtutum
1759 1928 1853 1968 co-

232 1988 354 2057 lore
378 2002 640 2057 variatam
691 2017 721 2055 a
753 2002 862 2057 Deo
892 2003 1114 2071 meruit,
1154 2004 1449 2075 aqualium
1481 2019 1706 2059 suorum
1758 2003 1850 2058 ia-

228 2099 435 2154 vidiam
476 2096 720 2171 effugere
772 2113 882 2152 non
920 2098 1118 2168 potuit.
1155 2098 1269 2155 Mos
1323 2107 1407 2155 est
1435 2099 1648 2155 ordinis
1677 2098 1845 2163 illius,

232 2206 442 2263 pueros
466 2189 645 2245 fuerre
664 2189 1110 2245 hebdomadatim
1134 2191 1412 2247 lucernam
1436 2208 1560 2247 cum
1583 2192 1704 2248 luce
1722 2200 1849 2248 ante

232 2283 600 2357 padagogum
637 2297 817 2344 suum,
852 2281 1074 2353 quando
1096 2289 1365 2337 nocturno
1383 2282 1853 2353 temporeintrant

230 2375 321 2431 vel
352 2382 558 2429 exeunt
587 2374 905 2429 oratorium.
939 2373 1282 2431 Adveniente
1336 2391 1466 2450 ergo
1504 2375 1852 2431 hebdomade

231 2470 416 2525 felicis
429 2468 609 2540 pueri,
637 2484 923 2541 compares
949 2469 1068 2540 ejus
1097 2470 1478 2525 exstinxerunt
1506 2470 1710 2544 ignem,
1738 2486 1849 2543 quo

230 2562 479 2617 debebat
506 2562 734 2618 lucerna
789 2562 1045 2618 accendi:
1086 2568 1360 2633 optantes,
1410 2568 1469 2618 ut
1513 2562 1706 2617 saltem
1747 2578 1847 2633 pro

227 2652 335 2707 hac
374 2649 584 2706 offensa
613 2649 868 2706 sufferret
909 2650 1139 2705 verbera
1172 2650 1440 2725 magistri.
1485 2650 1622 2715 Quid
1662 2661 1849 2726 ageret

226 2742 560 2815 simplicitas
580 2742 783 2814 pueri?
810 2742 887 2797 Ad
910 2741 1209 2809 officinam,
1230 2743 1321 2798 ubi
1353 2759 1419 2798 ex
1448 2744 1687 2799 annonis
1703 2760 1846 2816 aqua

228 2831 430 2888 infusis
488 2842 653 2904 atque
684 2833 925 2889 decoctis
979 2830 1376 2887 conficiebatur
1427 2834 1716 2901 cerevisia,
1748 2850 1846 2889 cu-

226 2924 418 2990 currit,
448 2932 503 2980 et
530 2925 712 2998 ignem
746 2925 853 2979 sibi
885 2924 999 2980 dari
1031 2940 1061 2978 a
1087 2924 1343 2980 ministro
1373 2925 1550 2997 petiit.
1585 2925 1692 2981 Sed
1743 2942 1845 2981 nec

224 3021 283 3075 in
311 3015 486 3070 crudo
536 3014 723 3070 rustici
764 3023 984 3086 pectore
1032 3014 1318 3070 diabolica
1376 3015 1597 3071 invidia
1636 3019 1845 3075 malitia

227 3110 426 3167 defuit.
460 3111 792 3179 Aspernatus
811 3108 956 3162 enim
975 3107 1244 3179 supplicis
1269 3109 1423 3179 pueri
1456 3110 1841 3182 humilitatem,

208 3202 455 3277 ,negavit
483 3201 763 3271 porrigere
825 3200 968 3273 ignis
1023 3200 1288 3256 fomitem.
1350 3201 1445 3256 llle
1501 3205 1845 3277 augustiatus

222 3295 545 3367 pratimore
583 3292 849 3365 magistri,
902 3308 1105 3363 prunas
1136 3309 1166 3347 a
1191 3292 1415 3349 camino
1440 3292 1700 3350 ardentes
1740 3296 1840 3350 im-

2604 1179 2812 1235 CAPUT
2853 1181 2938 1235 Vl.

2033 1268 2216 1337 Fama,
2248 1285 2370 1341 qua
2402 1269 2542 1325 facta
2577 1276 2631 1325 et
2660 1270 2883 1339 infecta,
2923 1271 3065 1327 solet
3092 1272 3268 1344 loqui,
3303 1272 3581 1330 referebat

1961 1375 2087 1414 esse
2117 1361 2412 1432 quamdam
2439 1360 2673 1417 insulam
2718 1363 2774 1417 in
2813 1364 2973 1431 mari,
3006 1380 3128 1435 qua
3156 1373 3356 1436 prater
3381 1372 3580 1421 catera

1960 1451 2243 1508 felicitatis
2275 1470 2390 1509 sua
2418 1453 2730 1520 commoda,
2770 1455 2973 1526 quibus
3001 1472 3111 1526 pra
3154 1457 3372 1511 cateris
3412 1457 3576 1513 terris

1961 1550 2015 1598 et
2053 1544 2254 1600 insutis
2306 1545 2623 1600 celebratur
2659 1546 2963 1614 abundare,
3023 1548 3125 1602 hoc
3165 1548 3426 1604 miraculo
3489 1549 3575 1603 di—

1958 1651 2125 1708 gnum
2150 1636 2438 1691 dicebatur
2467 1636 2674 1692 habere
2708 1638 2948 1711 insigne,
2986 1639 3132 1710 quod
3173 1640 3299 1694 coeli
3337 1640 3488 1696 cives
3518 1640 3575 1695 in

1955 1742 2020 1782 ea
2043 1726 2358 1781 ferebantur
2399 1728 2667 1783 habitare.
2701 1729 2875 1801 Super
2908 1730 3012 1785 hoc
3041 1730 3083 1784 si
3128 1730 3206 1785 rei
3239 1729 3567 1786 considere-

1954 1824 2042 1872 tur
2072 1818 2293 1885 veritas,
2326 1835 2391 1872 ex
2413 1834 2479 1874 eo
2504 1818 2613 1874 illis
2645 1820 2914 1875 insulanis
2938 1820 3055 1875 hac
3079 1820 3300 1875 vivendi
3335 1821 3573 1892 imputa-

1954 1912 2112 1967 batur
2148 1912 2402 1982 felicitas,
2455 1915 2550 1985 qui
2588 1916 2735 1986 apud
2788 1931 2885 1971 eos
2924 1916 2979 1970 in
3035 1916 3186 1972 nullo
3226 1915 3572 1971 exorbitabat

1952 2003 2177 2057 moralis
2253 2004 2605 2060 rectitudinis
2671 2005 2957 2076 probitas,
3031 2006 3142 2063 imo
3187 2007 3241 2060 in
3314 2006 3572 2061 omnibus

1952 2104 2210 2167 potenter
2259 2097 2526 2172 regnabat
2578 2099 2842 2154 naturalis
2898 2099 3036 2173 legis
3064 2100 3345 2155 sanctitas.
3405 2098 3567 2153 Dele-

1950 2193 2126 2241 ctatus
2143 2202 2275 2261 ergo
2307 2188 2390 2242 vir
2447 2188 2641 2242 beatus
2678 2195 2785 2243 tam
2829 2186 3116 2243 favorabili
3160 2188 3379 2251 nuntio,
3422 2196 3568 2243 totus

1953 2276 2020 2330 ad
2062 2277 2452 2348 requirendam
2509 2284 2614 2331 tam
2649 2278 2980 2331 laudabilem
3014 2278 3246 2332 insulam
3274 2278 3460 2333 animo
3485 2277 3568 2333 fe-

1955 2365 2194 2421 rebatur.
2232 2366 2366 2430 Quia
2388 2367 2536 2421 enim
2572 2368 2732 2436 hujus
2775 2367 3119 2423 conversatio
3143 2367 3256 2435 jam
3312 2367 3366 2421 in
3410 2366 3567 2422 calis

1950 2461 2087 2520 erat,
2119 2460 2172 2508 et
2220 2470 2344 2509 eum
2397 2455 2541 2509 inter
2597 2456 2787 2509 mundi
2818 2456 3077 2510 scandala
3111 2464 3564 2521 commorantem,

1952 2545 2235 2613 injustitia
2284 2547 2540 2601 humana
2581 2546 2958 2617 multiplicitas
2996 2544 3333 2613 offendebat,
3372 2545 3565 2601 saltem

1948 2635 2061 2691 illic
2104 2637 2266 2691 vitam
2308 2638 2662 2693 desiderabat
2716 2652 2902 2710 agere,
2945 2637 3038 2692 ubi
3076 2637 3304 2706 justitia
3335 2637 3564 2711 vestigia

1946 2729 2278 2784 remansisse
2328 2729 2607 2785 audiebat.
2649 2730 2728 2783 Ad
2770 2730 2875 2785 hoc
2933 2745 3058 2784 eum
3118 2728 3283 2783 etiam
3314 2728 3561 2803 magistri

1945 2823 2028 2876 sui
2058 2830 2109 2879 et
2147 2823 2366 2878 abbatis
2396 2824 2668 2879 Brandani
2699 2823 3013 2895 exemplum
3068 2822 3371 2890 animabat,
3403 2824 3564 2893 cujus

1946 2919 2057 2967 tota
2088 2912 2320 2968 intentio
2360 2913 2427 2967 ad
2476 2913 2687 2969 felicem
2748 2913 2982 2968 insulam
3041 2913 3398 2984 quarendam
3448 2927 3559 2968 non

1945 3000 2130 3057 minus
2160 3001 2456 3077 flagrabat:
2485 3004 2692 3074 quippe
2712 3004 2805 3075 qui
2835 3004 2999 3070 hujus
3028 3018 3185 3057 nova
3218 3002 3557 3077 peregrina-

1948 3094 2112 3150 tionis
2138 3095 2391 3150 incentor
2418 3095 2689 3150 existebat
2719 3101 2775 3149 et
2796 3102 3007 3163 auctor,
3036 3098 3095 3149 ut
3137 3094 3406 3165 scriptura
3440 3094 3565 3149 vita

1946 3186 2065 3256 ejus
2112 3186 2475 3242 demonstrat.
2536 3187 2707 3251 Quam
2761 3186 2805 3240 si
2846 3186 2974 3257 quis
3028 3186 3306 3241 desiderat
3358 3187 3563 3259 legere,

1945 3279 2075 3350 quid
2142 3279 2212 3333 de
2252 3294 2318 3333 ea
2363 3278 2637 3333 astimarc
2686 3277 2912 3344 debeat,
2970 3276 3304 3348 sapientium
3353 3276 3567 3331 ediscat

226 3384 415 3455 posuit
445 3382 605 3449 vesti,
637 3390 691 3436 et
719 3382 787 3436 ad
828 3381 1109 3436 lucernam
1140 3383 1551 3439 accendendam
1584 3400 1840 3441 recurre-
1938 3373 2173 3443 indiCiO-
2204 3374 2614 3429 Ροδῐὴδδθῐιῑθε
2641 3373 2808 3446 igitur
2847 3373 3063 3428 dUlcem
3088 3372 3275 3443 Patria?
3295 3386 3562 3439 amorem.

223 3477 319 3531 bat
343 3491 536 3550 gressu
567 3474 752 3529 celeri.
783 3473 891 3529 Sed
925 3474 1215 3530 inveniens
1250 3491 1371 3530 eam
1408 3476 1520 3546 jam
1553 3493 1843 3533 accensam

222 3569 515 3635 divinitus,
549 3583 754 3638 prunas
796 3566 1035 3623 excussit
1078 3567 1345 3635 vestibus,
1374 3585 1496 3640 qua
1550 3577 1732 3624 tamen
1779 3571 1843 3635 il-

224 3660 373 3715 lasa
410 3657 686 3713 omnibus
736 3663 1124 3728 apparuerunt.
1174 3658 1514 3731 Padagogus
1562 3659 1843 3734 geminato

224 3747 498 3803 miraculo
527 3745 887 3817 stupefactus,
931 3745 1138 3801 alumni
1188 3762 1247 3802 se
1278 3747 1552 3817 provoluit
1581 3747 1837 3820 genibus.

226 3841 289 3895 Et
320 3839 588 3910 deinceps
618 3838 822 3894 debita
853 3838 1200 3894 venerationi
1233 3839 1466 3906 habitus,
1501 3855 1623 3895 cum
1652 3854 1845 3895 omnes

226 3933 471 3989 anteiret
499 3932 694 4005 gloria,
738 3942 920 3988 tamen
949 3933 1148 3988 charus
1177 3941 1295 3988 crat
1323 3932 1602 3989 omnibus.

530 4044 533 4047 '
881 4024 1089 4080 CAPUT
1142 4026 1199 4079 V.

302 4117 394 4173 Vir
440 4122 682 4184 sanctus,
725 4116 854 4189 quia
902 4117 1099 4174 Christi
1139 4117 1399 4173 sacerdos
1445 4125 1562 4173 erat
1610 4117 1843 4182 futurus,

226 4219 285 4269 et
311 4218 479 4285 caput
508 4220 562 4267 et
591 4213 819 4268 caudam
853 4213 1045 4268 hostia
1076 4212 1133 4267 in
1162 4212 1496 4268 sacrificium
1529 4212 1625 4268 Dei
1662 4211 1848 4269 offerri

207 4305 439 4362 ‘debere
460 4303 690 4372 sciebat,
720 4305 791 4361 de
821 4305 910 4361 die
943 4306 999 4361 in
1024 4305 1170 4360 diem
1201 4304 1270 4360 de
1290 4305 1491 4361 virtute
1510 4305 1567 4360 in
1590 4306 1845 4360 virtutem

226 4395 580 4468 proficiebat,
621 4404 673 4452 et
726 4414 826 4467 per
853 4397 1055 4453 scalam
1085 4397 1357 4454 bonorum
1388 4412 1617 4468 operum
1648 4396 1843 4472 grada—

226 4490 327 4544 tim
381 4488 448 4544 ad
481 4505 754 4544 summum
799 4488 1155 4561 perfectionis
1210 4490 1479 4545 scandere
1539 4489 1921 4575 laborabat.D

226 4580 503 4651 Quicquid
539 4580 685 4634 enim
719 4580 774 4634 in
830 4588 1020 4636 tenera
1050 4587 1209 4637 atate
1242 4581 1352 4636 Deo
1410 4579 1653 4638 ﬁdeliter
1673 4582 1839 4645 vovit,

222 4668 281 4724 id
313 4676 630 4740 Opportune
654 4676 901 4740 tempore
952 4671 1245 4726 sinceriter
1271 4668 1451 4726 solvit.
1486 4670 1624 4726 Ante
1653 4671 1839 4726 omnia

225 4760 500 4818 castitatis
553 4753 773 4832 purita'ti
831 4778 1055 4834 Operam
1113 4764 1287 4831 dedit,
1325 4764 1509 4819 sciens
1566 4763 1695 4838 quia
1732 4764 1837 4819 nisi

221 4855 504 4909 sincerum
529 4870 625 4909 vas
656 4852 843 4922 fuerit,
886 4856 1260 4927 quodcunque
1298 4854 1629 4925 infunditur,
1660 4872 1843 4913 acces-

219 4946 311 5001 sit.
371 4944 592 4999 Habens
646 4961 779 5020 ergo
834 4947 1159 5017 pracinctos
1205 4947 1425 5004 lumbos
1488 4948 1590 5004 hac
1637 4948 1841 5005 virtute

217 5036 508 5101 castitatis,
549 5036 714 5092 etiam
746 5037 1029 5093 lucernam
1059 5038 1348 5094 ardentem
1388 5039 1613 5095 tenebat
1646 5039 1701 5094 in
1722 5056 1842 5095 ma-

219 5127 391 5183 nibus
419 5128 558 5193 suis,
587 5144 713 5183 eum
747 5145 847 5200 per
877 5130 1023 5184 bona
1044 5144 1214 5201 Opera
1244 5130 1383 5186 lucis
1398 5131 1653 5202 exempla
1681 5147 1841 5187 mon-

215 5216 431 5271 strabat
461 5217 746 5287 proximis.
775 5218 850 5273 lta
878 5216 1115 5272 fideliter
1142 5226 1197 5273 et
1224 5219 1526 5289 prudenter
1544 5220 1840 5292 geminans

215 5324 248 5364 a
281 5309 395 5364 Deo
440 5308 546 5362 sibi
573 5308 780 5364 credita
814 5310 1018 5365 talenta
1057 5309 1372 5366 intellectus
1418 5317 1473 5365 et
1503 5312 1843 5383 operationis

212 5400 367 5467 (Luc.
414 5401 534 5467 xu),
564 5414 927 5471 quoscunque
953 5399 1133 5470 potuit
1162 5399 1332 5456 verbo
1373 5401 1699 5472 etexemplo
1720 5402 1844 5457 alli-

211 5504 342 5547 cere
382 5490 451 5545 ad
509 5491 850 5561 prepositum
899 5497 1102 5546 sancta
1159 5493 1617 5564 conversationis,
1674 5494 1844 5565 parti-

210 5580 371 5652 cipes
397 5587 454 5634 et
477 5578 663 5634 socios
693 5579 799 5634 sibi
829 5578 1096 5635 censcivit
1122 5580 1191 5634 ad
1207 5579 1545 5637 scandedum
1580 5582 1685 5637 iter
1713 5598 1844 5653 per-

208 5667 498 5725 fectionis.
526 5666 647 5723 Jam
684 5683 818 5723 vero
850 5682 1017 5740 quam
1050 5667 1100 5721 ei
1130 5667 1417 5743 frugalitas
1447 5670 1622 5726 amica
1655 5669 1845 5738 fuerit,

208 5777 378 5835 quam
434 5760 487 5816 ei
528 5759 872 5831 parcimonia
915 5757 1204 5831 placuerit,
1249 5760 1530 5833 quomodo
1577 5762 1841 5835 utrinque

1945 3474 2235 3521 assumunt
2268 3467 2539 3522 incertum
2570 3472 2772 3536 Optata
2803 3463 3267 3537 peregrinationis
3295 3463 3560 3520 laborem.

1948 3559 2097 3614 lianc
2124 3558 2266 3613 viam
2315 3558 2592 3623 insistere,
2649 3564 2830 3611 utrum
2874 3556 3211 3627 persuaserit
3255 3557 3372 3612 sola
3422 3572 3565 3628 qua-

1946 3650 2132 3704 renda
2178 3648 2355 3704 felicis
2384 3648 2743 3703 habitationis
2798 3647 3076 3714 voluntas,
3141 3663 3212 3701 an
3270 3647 3455 3719 aliqua
3496 3662 3561 3702 ex

1947 3745 2101 3809 parte
2143 3736 2484 3807 subrepserit
2541 3735 2741 3790 animis
2797 3750 2989 3790 eorum
3034 3736 3286 3789 humana
3325 3734 3561 3790 curiosi-

1943 3827 2072 3881 tatis
2095 3826 2366 3896 voluptas,
2406 3841 2517 3881 non
2535 3826 2700 3881 habet
2727 3824 3004 3880 discutere
3036 3834 3224 3879 nostra
3255 3825 3559 3880 temeritas.

1948 3918 2095 3973 lianc
2156 3927 2339 3972 tamen
2378 3917 2520 3971 viam
2579 3917 2690 3972 Deo
2749 3931 2860 3971 non
2911 3914 3281 3986 displicuisse,
3316 3930 3415 3985 per
3456 3916 3564 3970 hoc

1945 4010 2080 4066 satis
2127 4007 2508 4083 intelligimus,
2572 4006 2701 4079 quia
2753 4007 2918 4061 etiam
2947 4007 3051 4060 hoc
3099 4003 3562 4078 peregrinationis

1950 4110 2198 4172 tempore
2234 4100 2380 4154 hunc
2408 4114 2626 4153 servum
2685 4112 2846 4152 suum
2878 4111 2989 4151 non
3029 4094 3240 4151 destitit
3266 4092 3423 4149 miris
3462 4092 3562 4150 de-

1947 4208 2137 4248 corare
2167 4190 2466 4247 miraculis.

2576 4278 2794 4335 CAPUT
2825 4278 2934 4334 Vll.

2019 4377 2297 4432 Paschalis
2359 4375 2727 4431 solemnitatis
2763 4373 3003 4428 mundus
3041 4374 3241 4444 agebat
3288 4369 3557 4437 latitiam,

1955 4468 2177 4541 quando
2214 4467 2355 4524 solet
2377 4476 2566 4522 sancta
2606 4465 2847 4521 Ecclesia
2876 4463 3151 4520 celebrius
3182 4463 3426 4518 recolere
3449 4476 3558 4517 no-

1945 4567 2070 4617 stra
2103 4559 2504 4630 redemptionis
2533 4557 2880 4624 memoriam,
2920 4572 3043 4627 qua
3076 4555 3161 4609 his
3181 4553 3381 4608 diebus
3402 4568 3557 4608 com-

1944 4655 2089 4727 pleta
2114 4662 2198 4711 est
2226 4671 2322 4726 per
2361 4653 2675 4725 passionem
2714 4659 2770 4706 et
2808 4649 3270 4706 resurrectionem
3307 4645 3559 4702 Domini-

1939 4767 2076 4806 cam.
2116 4749 2246 4806 Cum
2277 4750 2459 4806 cateri
2505 4750 2635 4804 inde
2674 4764 2734 4804 se
2766 4752 2997 4821 agerent
3032 4743 3314 4806 festivius,
3350 4743 3404 4797 S.
3440 4741 3558 4797 Ma-

1938 4840 2148 4898 clovius
2174 4857 2234 4896 se
2262 4841 2462 4913 agebat
2496 4840 2772 4903 devotius,
2817 4852 3016 4892 vacans
3056 4834 3304 4907 psalmis,
3336 4832 3559 4906 hymnis

1940 4938 1996 4986 et
2031 4930 2398 4997 orationibus,
2430 4935 2623 5000 utpote
2665 4927 2759 5003 qui
2799 4925 3041 4980 debebat
3072 4924 3241 4979 Deum
3290 4921 3562 4994 interpel-

1938 5023 2050 5080 lare
2082 5040 2193 5081 non
2223 5024 2401 5081 solum
2435 5039 2532 5095 pro
2558 5022 2694 5090 suis,
2750 5020 2848 5076 sed
2879 5020 3045 5075 etiam
3087 5035 3185 5090 pro
3231 5017 3420 5088 populi
3452 5032 3557 5072 ex-

1940 5120 2208 5177 cessibus.
2233 5119 2435 5175 Volens
2466 5133 2596 5192 ergo
2627 5116 2910 5172 celebrare
2940 5112 3210 5170 solemnia
3241 5112 3559 5178 missarum,

1940 5193 2064 5269 cum
2109 5226 2219 5267 non
2274 5210 2507 5265 haberet
2564 5209 2745 5264 locum
2785 5207 2853 5262 ad
2903 5205 2959 5261 id
3017 5205 3282 5261 idoneum
3334 5203 3563 5275 (quippe

1941 5307 2035 5380 qui
2072 5304 2471 5362 circumferens
2504 5304 2706 5371 visum,
2754 5310 3020 5374 quantum
3067 5297 3420 5371 permittebat
3459 5298 3564 5353 ho-

1943 5399 2095 5454 rizon
2126 5398 2265 5453 nihil
2314 5397 2558 5463 videbat,
2600 5396 2707 5451 nisi
2746 5395 3002 5465 superius
3058 5393 3282 5457 calum,
3323 5397 3380 5446 et
3421 5389 3564 5446 infe-

1948 5488 2060 5543 rius
2086 5488 2358 5559 liquorem
2408 5490 2698 5558 aquarum)
2755 5491 2869 5540 toto
2908 5482 3076 5539 corde
3129 5496 3432 5537 conversus
3491 5478 3563 5534 ad

1946 5582 2142 5646 Deum,
2196 5578 2386 5634 orabat
2440 5576 2702 5632 obnixius
2740 5577 2809 5631 ab
2862 5591 2929 5631 eo
2994 5572 3180 5630 oﬂerri
3224 5571 3335 5625 sibi
3377 5570 3560 5626 locum

1948 5675 2157 5741 aptum.
2203 5664 2543 5721 Exaudibilis
2592 5665 2744 5720 auris
2786 5664 2885 5720 Dei
2942 5659 3344 5731 omnipotentis
3383 5655 3562 5711 affluit

1950 5764 2153 5833 prasto
2193 5756 2429 5815 orationi
2458 5754 2615 5812 utilia
2639 5754 2907 5827 petentis:
2952 5759 3006 5807 et
3034 5749 3128 5822 qui
3156 5747 3287 5803 olim
3329 5742 3555 5816 pericli-
