3960 6198
392 329 497 383 735

1612 329 1956 386 SIGEBERTI
1996 329 2512 390 GEMBLACENSIS.

3627 335 3745 392 736

394 459 528 514 tanti
556 457 709 513 Jonae
759 462 965 511 certum
1001 457 1068 511 ad
1116 458 1476 514 salvationem
1527 458 1646 528 ejus
1683 461 2009 530 praeparavit
2032 467 2083 534 Α
2108 462 2187 518 vit
2216 463 2476 536 baptismi
2522 463 2898 530 sacramentis,
2932 470 2986 518 et
3034 463 3271 519 munivit
3302 465 3506 520 viatico
3555 465 3751 521 Domi-

392 551 564 618 (Jona:
591 551 670 616 ll),
701 548 791 602 hic
842 549 1004 602 etiam
1056 550 1221 604 modo
1263 550 1528 604 balaenam
1571 560 1766 622 praesto
1814 553 2007 608 adesse

396 641 540 697 fecit.
576 639 668 695 Cui
701 647 849 694 tanta
881 641 1129 711 corporis
1162 641 1390 696 vastitas
1415 651 1552 708 erat,
1607 649 1666 697 ut
1691 661 1856 714 rupes
1885 661 2006 699 esse

396 735 466 788 ab
497 733 814 788 hominibus
855 739 1165 804 putaretur:
1202 749 1365 802 porro
1396 749 1516 788 eam
1559 742 1707 789 tanta
1755 734 2007 790 substra-

399 829 552 878 verat
580 822 951 884 immobilitas,
986 828 1043 876 ut
1074 822 1254 876 insula
1279 822 1490 876 stabilis
1522 839 1642 877 esse
1674 824 2010 878 crederetur.

399 920 875 973 Sacramentorum
908 934 1040 992 ergo
1068 917 1260 972 ordine
1312 934 1342 972 a
1368 919 1655 973 sacerdote
1695 919 2016 974 solemniter

401 1011 701 1074 celebrato,
733 1019 786 1065 et
815 1010 1014 1066 viatico
1047 1010 1344 1065 Dominicae
1387 1011 1740 1066 Eucharistiae
1755 1012 2015 1066 omnibus

404 1101 597 1156 devote
638 1101 952 1164 distributo,
987 1117 1096 1172 quo
1128 1101 1292 1155 unico
1328 1101 1469 1156 inter
1499 1116 1695 1156 omnes
1724 1101 2014 1173 utriusque

406 1192 641 1247 hominis
690 1192 1050 1248 adversitates
1107 1193 1455 1248 munirentur
1501 1194 1771 1260 subsidio,
1834 1194 2014 1249 soluto

404 1281 656 1335 alacriter
677 1281 831 1335 navis
868 1282 1194 1349 retinaculo,
1219 1283 1458 1336 reddunt
1486 1299 1543 1337 se
1575 1290 1829 1353 suscepto
1859 1283 2016 1338 navi-

405 1371 568 1446 gandi
621 1372 924 1442 proposito.
977 1373 1141 1427 Porro
1174 1373 1229 1427 in
1277 1374 1537 1428 comitatu
1591 1373 1684 1429 illo
1716 1381 1870 1428 erant
1917 1375 2016 1429 ho-

409 1460 583 1513 mines
613 1477 841 1515 numero
883 1461 1054 1517 ferme
1101 1471 1320 1516 centum
1352 1463 1652 1535 octoginta.
1701 1462 1830 1516 Cum
1886 1479 2018 1536 ergo

402 1551 513 1617 jam
583 1553 750 1606 altum
797 1561 1076 1619 tenerent,
1136 1552 1442 1608 veliﬁcante
1495 1552 1604 1609 ﬁde
1646 1555 1848 1620 securi,
1896 1562 2026 1610 tunc

408 1642 629 1695 demum
663 1640 889 1695 reducto
920 1640 1060 1707 visu,
1095 1641 1411 1696 intellexere
1444 1643 1514 1696 de
1542 1650 1746 1714 quanto
1779 1644 2025 1714 periculo

409 1730 1058 1785 eoserueritmisericors
1080 1731 1327 1800 potentia
1361 1732 1597 1798 Domini,
1627 1733 1721 1804 qui
1755 1733 2018 1788 balaenam

412 1839 509 1894 pro
552 1823 728 1876 insula
761 1828 1047 1892 paraverat
1075 1822 1155 1875 eis
1188 1821 1242 1876 in
1265 1823 1448 1878 medio
1476 1824 1634 1891 mari,
1664 1833 1718 1880 et
1745 1841 1864 1880 eam
1888 1825 2024 1880 sub-

412 1918 677 1965 straverat
706 1909 1090 1964 immobilitate
1123 1918 1228 1964 tam
1261 1911 1467 1979 stabili,
1502 1921 1562 1968 ut
1593 1913 1728 1967 nihil
1762 1914 1844 1968 eis
1871 1915 2022 1985 peri-

413 1999 522 2054 culi
555 2000 847 2054 incuteret.
892 1999 987 2052 Cui
1029 2007 1140 2053 tum
1197 2010 1382 2070 posset
1431 2017 1552 2056 esse
1589 2003 1842 2070 dubium,
1876 2005 2022 2075 quod

414 2087 735 2142 inevitabile
764 2103 957 2142 omnes
987 2088 1347 2144 incurrissent
1385 2091 1576 2146 mortis
1607 2093 1937 2162 periculum,
1978 2092 2023 2146 si

415 2183 596 2237 bellua
627 2182 1021 2237 immanissima
1077 2183 1322 2238 dedisset
1373 2186 1620 2255 corporis
1663 2187 1747 2241 sui
1779 2188 2027 2242 motum?

418 2277 570 2332 Unde
601 2293 793 2332 omnes
822 2277 1005 2332 laetum
1057 2287 1341 2333 cantantes
1394 2281 1668 2347 celeuma,
1701 2297 1867 2336 voces
1903 2299 2028 2357 gra-

416 2373 610 2427 tiarum
645 2372 880 2428 actionis
908 2373 1244 2427 unanimiter
1266 2373 1549 2442 jactabant
1577 2375 1645 2430 ad
1675 2376 1878 2432 sidera.

1035 2465 1243 2520 CAPUT
1271 2467 1406 2521 Vlll.

487 2557 695 2630 Magnis
741 2555 948 2627 majora
996 2555 1259 2610 miracula
1305 2556 1630 2622 succedunt,
1690 2565 1745 2612 et
1784 2559 2026 2615 novitate

415 2647 519 2712 sui,
562 2646 911 2701 devotionem
945 2643 1189 2699 ﬁdelium
1221 2645 1290 2698 ad
1319 2645 1592 2699 laudanda
1627 2646 1719 2699 Dei
1751 2648 2026 2721 magnalia

413 2739 795 2796 vehementius
812 2736 1101 2791 accedunt.
1130 2735 1258 2789 Cum
1290 2742 1576 2806 tantOpere
1599 2753 1696 2807 pro
1728 2739 2027 2809 quaerenda

417 2831 509 2885 illa
541 2830 836 2886 laudabilis
891 2828 1050 2882 famae
1083 2828 1261 2882 insula
1316 2828 1649 2895 laborarent,
1692 2829 1891 2885 factum
1952 2838 2034 2886 est

416 2928 476 2976 ut
505 2920 571 2973 ad
607 2920 766 2973 aliam
801 2919 1057 2981 insulam,
1106 2918 1437 2987 disponente
1477 2919 1611 2985 Deo,
1651 2920 2030 2989 applicarent:

419 3014 472 3062 et
510 3006 664 3077 potiti
728 3014 912 3076 optata
952 3021 1138 3069 arena,
1202 3006 1329 3059 dum
1376 3022 1476 3077 pro
1524 3006 1820 3062 relevando
1872 3010 2034 3064 taedio

422 3097 789 3172 navigationis
813 3097 1209 3167 perlustrarent
1246 3097 1486 3170 singula,
1519 3097 1810 3153 offendunt
1841 3107 2029 3154 tumu-

421 3189 531 3242 lum
591 3187 794 3256 sepulti
827 3185 1083 3247 hominis,
1140 3201 1303 3256 quem
1352 3185 1521 3240 fuisse
1551 3186 1823 3260 gigantes:
1870 3188 2030 3244 molis

421 3287 475 3335 et
506 3279 872 3350 proceritatis,
908 3277 1175 3348 prodebat
1204 3278 1452 3349 lnSpGCta
1481 3279 1719 3351 qualitas
1749 3296 2030 3352 corporea:

422 3371 838 3447 magnitudinis.
888 3372 1062 3426 Motus
1094 3389 1226 3446 ergo
1270 3373 1353 3428 vir
1388 3374 1512 3444 pius
1542 3376 1898 3432 miseratione
1928 3379 2032 3433 hu-

423 3461 1080 3531 manae-compassionis,
1136 3469 1191 3516 et
1251 3461 1479 3533 insuper
1535 3464 1806 3520 animatus
1853 3467 2044 3539 vigore

425 3567 680 3623 supernas
736 3551 1134 3621 inspirationis,
1181 3567 1305 3605 cum
1349 3550 1476 3606 ﬁdei
1510 3555 1961 3625 magnanimitate
1989 3567 2045 3613 et

424 3644 733 3714 lacrymosa
785 3641 1120 3697 contritione
1173 3642 1379 3710 cordis,
1441 3659 1642 3699 nomen
1699 3656 1753 3700 et
1785 3647 2041 3705 virtutem

423 3733 642 3787 invocat
669 3738 870 3786 sanctae
915 3732 1206 3797 Trinitatis,
1243 3741 1297 3787 et
1343 3742 1534 3804 aperto
1591 3735 1774 3790 loculo
1822 3739 2039 3800 tumuli.

423 3822 702 3878 suscitavit
731 3838 856 3877 eum
883 3839 914 3876 a
933 3823 1182 3878 mortuis.
1215 3822 1310 3888 Qui
1355 3831 1644 3896 postquam
1671 3833 1757 3880 est
1789 3827 2041 3883 redditus

426 3914 590 3985 pleno
612 3915 736 3970 vita:
756 3913 962 3981 officio,
992 3915 1284 3986 compellat
1313 3932 1438 3970 eum
1483 3917 1742 3972 sacerdos
1775 3918 1866 3988 pio
1896 3919 2039 3975 allo-

425 4005 576 4075 quio,
624 4004 910 4060 sciscitans
939 4021 1062 4059 eum
1107 4005 1232 4076 quis
1258 4013 1422 4072 esset,
1481 4005 1630 4061 unde
1670 4005 1799 4061 illuc
1846 4007 2038 4062 venis-

427 4103 530 4160 set,
573 4096 669 4151 ubi
698 4097 863 4152 modo
906 4096 1119 4164 fuisset,
1154 4098 1202 4151 si
1251 4097 1551 4168 aliquando
1597 4098 1807 4153 Christo
1859 4099 2039 4154 credi-

426 4188 621 4242 disset.
650 4187 953 4259 Respondit
981 4187 1094 4254 ille,
1127 4204 1188 4242 se
1210 4204 1241 4242 a
1270 4189 1592 4258 parentibus
1621 4190 1734 4244 suis
1765 4191 2035 4254 occisum,

426 4279 506 4334 ibi
536 4280 733 4335 tumuli
771 4280 1052 4350 accepisse
1092 4281 1292 4336 locum.
1346 4281 1512 4336 Porro
1565 4298 1627 4336 se
1676 4281 2041 4337 infernalibus

427 4368 683 4424 claustris
736 4370 1078 4440 deputatum,
1113 4369 1292 4424 dirum
1325 4375 1381 4424 et
1428 4370 1896 4426 interminabilem
1953 4380 2040 4426 tu-

2109 557 2219 613 nici
2248 559 2495 630 corporis
2544 566 2600 614 et
2627 559 2935 632 sanguinis.
3003 559 3314 629 Supervixit
3357 566 3545 614 autem
3579 561 3748 631 quin-

2107 649 2284 706 decim
2321 651 2538 718 diebus,
2573 659 2628 706 et
2673 668 2704 706 a
2736 659 2908 707 morte
2943 651 3140 707 animm
3171 658 3381 715 erutus,
3426 653 3589 707 morti
3625 668 3748 708 eor-

2108 738 2283 806 porali
2323 748 2406 794 est
2454 739 2722 806 redditus,
2765 747 2820 794 et
2851 741 2905 794 in
2939 741 3138 796 eodem
3180 741 3392 796 tumulo
3439 741 3748 811 repositus,

2117 829 2170 884 in
2192 831 2438 905 generali
2459 832 2707 887 omnium
2736 833 3158 907 regeneratione
3185 841 3599 888 resurrecturus
3619 849 3747 888 cum

2115 922 2326 978 Christo
2366 923 2599 979 felicius.
2639 925 2762 979 Haac
2789 931 2937 991 sunt,
2970 924 3117 980 bone
3170 925 3324 991 Jesu,
3371 924 3609 979 miriﬁca
3639 934 3750 980 tua:

2115 1011 2417 1066 divinitatis
2460 1027 2656 1082 Opera:
2691 1013 2809 1066 haec
2839 1019 2967 1066 sunt
3013 1012 3307 1086 magniﬁca
3357 1019 3463 1067 tuae
3512 1014 3752 1084 promis-

2114 1104 2286 1159 sionis
2316 1121 2567 1169 munera,
2598 1105 2802 1176 quibus
2833 1104 3072 1159 ﬁdeliter
3120 1105 3176 1159 in
3206 1113 3258 1160 te
3287 1105 3584 1160 credentes
3611 1121 3752 1160 con-

2115 1192 2323 1248 solatur
2349 1201 2439 1248 tua
2469 1193 2787 1248 clementia.
2847 1217 2865 1241 ι
2931 1193 3030 1257 Qui
3063 1194 3262 1259 credit,
3295 1194 3498 1264 inquit,
3545 1195 3603 1247 in
3635 1210 3747 1258 me,

2115 1301 2285 1356 opera
2313 1304 2436 1358 qua:
2464 1303 2566 1358 ego
2601 1287 2834 1353 facio,et
2859 1287 2978 1358 ipse
3010 1287 3193 1347 faciet.
3224 1296 3278 1343 et
3307 1287 3516 1355 majora
3547 1289 3749 1343 horum

2118 1376 2281 1431 faciet
2298 1377 2472 1447 (Joan.
2495 1378 2624 1445 xxv).
2653 1396 2678 1428 ν
2700 1377 2829 1441 Quae.
2863 1376 3089 1448 quidem
3117 1391 3278 1446 posse
3309 1375 3426 1429 ﬁeri
3445 1390 3543 1445 per
3577 1373 3755 1428 homi-

2119 1485 2268 1532 nem,
2297 1468 2386 1523 vix
2441 1470 2587 1540 apud
2629 1469 2882 1524 homines
2921 1468 3198 1523 obtineret
3237 1466 3435 1533 ﬁdem,
3485 1466 3592 1520 nisi
3628 1481 3756 1536 pro-

2127 1558 2354 1612 missum
2390 1558 2585 1613 fuisset
2615 1575 2711 1629 per
2741 1558 3084 1612 Dominicum
3117 1556 3399 1612 hominem
3435 1556 3609 1626 (967),
3637 1556 3757 1609 haec

2128 1649 2379 1705 facienda
2419 1667 2540 1705 esse
2572 1668 2673 1722 per
2704 1649 2922 1704 ﬁdelem
2962 1649 3268 1704 hominem.

2777 1738 2984 1793 CAPUT
3017 1738 3100 1792 IX.

2197 1827 2472 1883 Exhausto
2523 1826 2798 1880 incassum
2852 1825 3216 1898 navigationis
3271 1825 3456 1882 labore
3512 1825 3752 1887 diutino,

2126 1922 2413 1985 postquam
2448 1915 2597 1968 nulla
2618 1930 2748 1985 spes
2775 1914 3141 1968 desideratam
3160 1913 3396 1968 insulam
3425 1914 3753 1969 inveniendi

2127 2007 2406 2073 aspirabat
2465 2007 2554 2077 pio
2603 2022 2794 2060 eorum
2834 2005 3140 2070 desiderio,
3179 2011 3474 2061 retractato
3510 2007 3751 2061 invicem

2127 2095 2384 2159 consilio,
2416 2094 2865 2150 deliberaverunt
2888 2093 3058 2148 ﬁnem
3076 2094 3258 2149 facere
3283 2101 3390 2149 tam
3417 2095 3587 2168 longo
3613 2104 3757 2164 post-

2128 2189 2362 2244 liminio.
2416 2189 2533 2242 Jam
2594 2188 2742 2243 enim
2790 2189 3143 2259 septennium
3189 2189 3240 2242 in
3275 2189 3378 2244 hac
3426 2189 3756 2262 peregrina-

2129 2280 2278 2335 tione
2309 2280 2688 2350 expleverant,
2739 2287 2794 2335 et
2831 2287 3042 2351 septem
3096 2279 3372 2334 Paschalis
3413 2280 3757 2335 celebritatis

2130 2387 2384 2425 recursus
2436 2371 2955 2436 solemnizaverant,
2990 2379 3045 2425 et
3093 2387 3193 2440 per
3236 2377 3447 2425 certum
3507 2371 3754 2425 laborem

2130 2463 2269 2518 nihil
2302 2463 2482 2516 adhuc
2521 2463 2654 2516 certi
2682 2463 2737 2516 in
2760 2461 2946 2516 animo
2978 2461 3275 2516 habebant.
3321 2461 3602 2516 Reversus
3627 2477 3758 2532 ergo

2130 2552 2212 2607 vir
2241 2557 2465 2604 sanctus
2496 2549 2563 2603 ad
2591 2549 2789 2604 avitam
2831 2550 3087 2619 patriam,
3129 2549 3373 2604 reddidit
3430 2550 3760 2620 parentibus

2127 2644 2245 2699 suis
2275 2643 2644 2697 desideratam
2679 2641 2990 2696 diutissime
3005 2642 3089 2696 sui
3119 2642 3475 2712 praesentiam
3500 2662 3516 2696 :
3550 2650 3604 2697 et
3634 2644 3762 2714 quia

2130 2735 2186 2788 in
2219 2732 2380 2787 terris
2410 2729 2658 2800 nequivit
2688 2730 2938 2784 invenire
2969 2737 3168 2801 Optatze
3198 2730 3479 2785 felicitatis
3501 2731 3760 2786 insulam.

2128 2828 2314 2897 jugem
2358 2832 2521 2878 noctu
2545 2822 2752 2894 diuque
2784 2822 2952 2876 dabat
2981 2838 3228 2892 Operam,
3272 2831 3330 2876 ut
3353 2823 3406 2876 in
3441 2823 3601 2878 caelis
3631 2841 3761 2894 per-

2139 2922 2316 2986 petuaa
2347 2913 2705 2967 beatitudinis
2738 2920 3044 2967 mereretur
3073 2912 3280 2967 habere
3312 2914 3568 2984 patriam.
3593 2915 3760 2984 Deus,

2139 3007 2232 3078 qui
2267 3006 2547 3060 hominem
2591 3004 2764 3077 gratia
2795 3021 2892 3059 sua
2924 3004 3208 3074 praevenit,
3251 3013 3312 3059 ut
3341 3005 3550 3060 bonum
3596 3007 3762 3060 velit:

2083 3131 2106 3153 η
2138 3104 2192 3150 et
2249 3093 2626 3164 subsequitur,
2684 3099 2744 3147 ut
2794 3093 3026 3163 implere
3087 3093 3283 3163 possit,
3344 3109 3469 3147 eum
3521 3094 3633 3148 voti
3676 3095 3759 3148 sui

2135 3190 2447 3252 compotem
2488 3181 2634 3236 fecit.
2681 3180 2811 3235 Cum
2855 3181 3002 3235 enim
3057 3181 3113 3234 in
3164 3182 3266 3236 hoc
3329 3187 3475 3236 totus
3507 3189 3677 3246 esset,
3708 3189 3770 3235 ut

2125 3273 2238 3342 jam
2265 3272 2488 3342 jamque
2512 3269 2865 3340 perfectionis
2893 3269 2998 3324 iter
3026 3270 3316 3340 arriperet,
3350 3285 3473 3324 cum
3509 3270 3580 3324 de
3606 3285 3758 3324 more

2135 3363 2428 3416 interesset
2456 3359 2819 3415 Ecclesiastici
2849 3358 3016 3414 ofﬁcii
3045 3357 3328 3430 mysterio,
3365 3359 3577 3414 audivit
3599 3373 3763 3412 evan-

2145 3453 2351 3526 gelium
2394 3451 2742 3523 pronuntiari
2773 3467 2804 3504 a
2832 3451 3103 3505 diacono:
3164 3471 3188 3500 ι
3241 3449 3295 3503 Si
3336 3449 3463 3520 quis
3500 3449 3654 3505 venit
3695 3448 3763 3502 ad

2146 3560 2255 3610 me,
2286 3554 2341 3598 et
2381 3558 2491 3598 non
2521 3541 2637 3596 odit
2691 3548 2904 3611 patrem
2944 3547 2999 3594 et
3046 3547 3297 3606 matrem,
3339 3547 3394 3594 et
3449 3555 3677 3594 uxorem
3712 3547 3766 3594 et

2145 3634 2308 3699 ﬁlios,
2336 3641 2391 3688 et
2425 3631 2618 3687 fratres
2656 3638 2713 3686 et
2742 3645 2980 3696 sorores,
3011 3630 3193 3684 adhuc
3217 3635 3403 3684 autem
3445 3636 3501 3683 et
3529 3629 3764 3683 animam

2143 3739 2319 3789 suam,
2348 3736 2458 3777 non
2483 3727 2667 3792 potest
2692 3735 2850 3773 meus
2882 3734 3005 3774 esse
3032 3718 3340 3788 discipulus
3367 3719 3522 3788 (Luc.
3557 3722 3702 3785 xiv);
3743 3739 3763 3767 ι

2141 3821 2223 3870 et:
2269 3833 2295 3864 oi
2337 3812 2436 3878 Qui
2469 3827 2579 3866 non
2620 3811 2901 3866 renuntiat
2923 3810 3184 3866 omnibus
3211 3826 3333 3882 qua:
3359 3810 3635 3881 possidet,
3661 3825 3767 3864 non

2142 3913 2323 3980 potest
2364 3921 2522 3960 meus
2580 3921 2702 3959 esse
2753 3903 3060 3974 discipulus
3114 3904 3319 3973 (ibid).
3366 3923 3390 3953 ι)
3438 3903 3501 3956 Et
3551 3903 3769 3974 rapiens

2142 4015 2334 4055 vocem
2377 4014 2443 4052 ex
2472 4013 2570 4053 ore
2627 3995 2868 4063 diaconi,
2911 3996 3147 4050 credens
3196 3995 3301 4049 hoc
3330 3993 3628 4049 consilium
3669 3994 3774 4048 sibi

2143 4096 2199 4150 in
2229 4099 2480 4164 tempore
2541 4091 2858 4146 mandatum
2897 4106 3020 4144 esse
3047 4107 3110 4144 ex
3161 4105 3258 4146 ore
3291 4089 3480 4160 ipsius.
3527 4089 3766 4153 Domini,

2138 4200 2204 4240 ex
2262 4183 2381 4254 ipsa
2409 4181 2666 4237 lectionis
2704 4179 3117 4251 opportunitate
3160 4187 3373 4250 patrem
3423 4195 3588 4234 suum
3637 4195 3770 4234 con-

2141 4275 2294 4331 venit
2320 4273 2653 4348 legationem
2689 4271 2958 4327 Dominicn
3027 4271 3274 4327 mandati
3324 4287 3423 4343 per
3477 4272 3770 4327 diaconum

2142 4368 2248 4422 sibi
2278 4367 2500 4421 missam
2533 4367 2584 4421 ei
2613 4366 2842 4435 objecit,
2897 4375 2952 4421 et
3006 4367 3286 4421 licentiam
3341 4366 3772 4421 abrenuntiandi

427 4461 554 4516 lisse
585 4461 906 4516 cruciatum.
956 4461 1018 4516 Et
1045 4461 1260 4516 addidit
1309 4462 1470 4517 homo
1501 4462 1624 4516 Dei:
1665 4463 1835 4517 Vobis
1883 4478 2038 4537 ergo,
2064 4441 2117 4510 ί)
2145 4459 2253 4513 sibi
2285 4459 2513 4529 suisque
2553 4457 2834 4524 omnibus,
2868 4457 2936 4512 ab
2969 4472 3034 4512 eo
3067 4457 3354 4512 humiliter
3390 4458 3581 4528 petiit,
3605 4474 3773 4529 seque

426 4572 568 4628 quos
623 4556 980 4612 incredulitas
1032 4557 1317 4627 deputavit
1364 4557 1598 4628 poenalis
1651 4557 1857 4612 inferni
1887 4574 2042 4633 erga-

429 4650 594 4717 stulo,
643 4658 728 4705 est
765 4650 950 4721 aliqua
989 4647 1097 4704 ﬁde
1138 4648 1434 4712 confessio,
1480 4655 1573 4714 fest
1628 4649 1812 4722 aliqua
1841 4658 2040 4706 sancta:

431 4749 486 4798 et
514 4743 812 4798 individua:
851 4741 1134 4797 Trinitatis
1158 4741 1401 4816 cognitio
1421 4739 1449 4794 ?
1472 4741 1533 4797 Et
1566 4741 1690 4797 ille:
1734 4743 1924 4810 Plane,
1954 4742 2042 4796 in-

432 4834 570 4906 quit,
597 4834 760 4890 nobis
789 4841 994 4890 sanctae
1022 4833 1302 4889 Trinitatis
1333 4833 1578 4907 cognitio
1617 4840 1723 4900 est,
1755 4835 1854 4889 sed
1880 4835 2047 4891 modo

431 4937 553 4978 eam
585 4939 748 4978 nosse
777 4931 872 4979 aut
923 4921 1173 4980 conﬁteri
1231 4922 1369 4977 nihil
1424 4923 1585 4978 nobis
1632 4924 1892 4994 prodest:
1937 4925 2046 4980 imo

434 5015 562 5086 quia
587 5015 644 5068 in
696 5015 806 5070 vita
846 5031 966 5071 eam
999 5031 1163 5072 nosse
1193 5015 1492 5084 noluimus,
1535 5015 1837 5071 mortaliter
1865 5017 2044 5071 obest.

437 5107 567 5163 ldeo
598 5123 813 5178 precor,
843 5118 901 5164 ut
929 5109 1121 5164 saltem
1160 5109 1328 5164 modo
1367 5123 1585 5164 merear
1622 5109 1835 5163 renasci
1867 5108 2050 5180 bapti-

437 5214 557 5254 smo
583 5199 836 5254 salutari:
890 5207 950 5254 ut
979 5200 1072 5272 qui
1125 5200 1394 5255 hactenus
1422 5199 1713 5254 damnatus
1761 5198 1840 5254 fui
1871 5207 2049 5255 morte

435 5289 705 5357 mternali,
731 5290 840 5362 jam
860 5307 1008 5346 nunc
1039 5291 1246 5363 possim
1271 5290 1389 5346 erui
1412 5290 1482 5346 ab
1514 5290 1738 5346 interitu
1768 5289 2046 5345 infernali.

435 5379 666 5437 Sanctus
685 5381 802 5448 Dei,
835 5382 923 5437 his
954 5382 1176 5450 auditis,
1210 5383 1520 5456 ingreditur
1561 5383 1702 5437 viam
1730 5381 2052 5452 apostolicae

435 5470 866 5541 praedicationis,
924 5478 979 5526 et
1023 5487 1148 5524 eum
1205 5470 1481 5526 initiatum
1521 5477 1576 5526 et
1617 5471 2052 5526 catheehizatum

2142 4560 2298 4608 trans
2329 4567 2476 4607 mare
2507 4549 3016 4622 peregrinationem
3047 4565 3146 4620 pro
3181 4548 3392 4604 Christo
3416 4549 3560 4605 velle
3589 4549 3769 4605 susci-

2143 4660 2271 4717 pere
2323 4643 2592 4716 praadixit.
2649 4641 2808 4696 Pater
2854 4641 3096 4715 diligens
3136 4640 3306 4694 ﬁlium
3354 4640 3524 4695 nimis
3572 4639 3773 4696 carnali

2142 4731 2458 4799 affectione,
2477 4746 2642 4803 quem
2671 4729 2948 4805 gaudebat
2973 4729 3209 4784 rediisse
3227 4729 3295 4784 de
3328 4739 3435 4783 tam
3470 4729 3773 4803 longinqua

2149 4823 2622 4899 peregrinatione,
2650 4822 3002 4878 voluitbonae
3025 4821 3148 4891 ejus
3178 4821 3453 4876 voluntati
3473 4821 3769 4876 contraire.

2147 4917 2228 4985 Et,
2254 4930 2598 4988 praecurrens
2627 4915 2695 4969 ad
2727 4914 2893 4970 maris
2934 4914 3109 4982 littus,
3140 4914 3337 4968 amotis
3375 4928 3776 4986 usquequaque

2149 5009 2404 5076 navibus,
2457 5007 2744 5064 interdixit
2791 5014 3046 5078 potenter
3118 5006 3302 5060 nautis
3359 5005 3658 5072 omnibus,
3712 5018 3776 5058 ne

2148 5101 2271 5173 quis
2294 5116 2488 5157 eorum
2529 5099 2644 5155 ﬁlio
2698 5115 2804 5154 suo
2847 5097 3163 5154 facultatem
3198 5096 3594 5152 transfretandi
3641 5111 3777 5168 pra:-

2149 5203 2318 5250 staret
2367 5193 2739 5263 aliquatenus.
2793 5189 2899 5244 Sed
2946 5189 3029 5244 vir
3062 5189 3376 5259 apostolicae
3407 5189 3558 5255 vitae,
3601 5188 3778 5244 sciens

2152 5285 2442 5342 Dominum
2489 5281 2845 5354 praecepisse:
2883 5302 2907 5330 ιι
2966 5281 3191 5335 dextera
3248 5296 3466 5342 manus,
3521 5281 3609 5335 vel
3663 5295 3774 5350 pes,

2150 5377 2239 5434 vel
2270 5375 2464 5432 oculus
2504 5373 2841 5429 scandalizat
2881 5379 2954 5439 te,
2998 5388 3128 5427 erue
3161 5388 3313 5439 eum,
3355 5378 3411 5427 et
3441 5373 3657 5443 projice
3683 5369 3778 5425 abs

2154 5475 2208 5525 te
2248 5468 2464 5539 (Matth.
2511 5464 2664 5535 xvm)
2713 5488 2737 5510 υ
2767 5463 2961 5519 maluit
2990 5465 3142 5520 solus
3199 5464 3268 5518 ad
3315 5463 3481 5519 vitam
3536 5461 3774 5538 ingredi,

435 5561 721 5617 catholicae
779 5559 909 5613 ﬁdei
980 5558 1329 5626 rudimentis,
1369 5560 1713 5615 consecravit
1756 5576 2056 5634 regenera-
2155 5579 2321 5634 quam
2367 5577 2489 5616 cum
2533 5558 2858 5632 parentibus
2904 5559 3020 5613 suis
3066 5557 3381 5628 perniciose
3426 5557 3668 5621 dilectis,
3706 5556 3759 5609 in

507 5666 660 5744 (96:71
687 5665 1038 5723 Dominicum
1080 5663 1386 5729 hominem,
1443 5664 1715 5722 Christum
1774 5665 1929 5734 dicit,
1973 5669 2123 5740 quod
2153 5667 2491 5744 Augustinus
2528 5683 2588 5723 se
2627 5665 2832 5721 dixisse
2885 5665 3055 5723 dolet.
3097 5665 3235 5720 Vide
3265 5664 3563 5719 Retractat.
3609 5661 3701 5715 lib.
3736 5677 3772 5722 ι,

440 5755 566 5810 cap.
595 5739 687 5794 19.
