3960 6198
216 315 321 371 737

1568 313 1715 368 VITA
1754 312 1812 368 S.
1854 312 2188 369 MACLOVll.

3447 315 3550 375 738

215 442 478 518 gehenna
509 439 672 514 mitti.
705 438 934 494 Omnem
963 453 1094 508 ergo
1133 438 1368 494 carnalis
1411 439 1840 494 necessitudinis
1863 450 1915 520 Α
1943 439 2036 494 Dei
2067 437 2250 512 gladio
2281 437 2432 492 verbi
2473 439 2567 492 Dei
2599 439 2838 494 ostendit
2869 456 3032 511 quam
3064 441 3244 498 fidelis
3273 451 3420 499 esset
3448 459 3550 499 suo

219 531 572 587 affectionem
608 539 951 603 postponens
982 531 1179 586 Christi
1212 531 1404 598 amori,
1431 531 1842 586 abrenuntiavit
1945 527 2056 598 regi
2077 541 2175 597 pro
2201 526 2320 595 ejus
2349 542 2532 581 umore
2553 543 2846 600 aggressus
2873 528 3153 584 debellare
3185 547 3412 604 regnum
3440 531 3554 586 dia-

222 621 371 694 patri
405 620 818 675 abrenuntiavit
858 626 1098 690 paternae
1125 619 1405 689 lfacultati,
1435 618 1846 674 abrenuntiavit
1944 614 2095 670 boli:
2130 631 2232 670 nec
2283 623 2409 669 ante
2439 615 2669 680 destitit,
2703 631 2864 686 quam
2899 616 3202 671 infidelium
3234 620 3420 683 corda,
3449 619 3555 674 vir-

222 713 435 769 etenim
467 713 598 779 sibi,
630 720 688 766 ut
713 713 893 766 nudus
919 721 972 767 ct
1003 712 1295 783 expeditus
1331 719 1658 784 sequeretur
1679 710 1843 767 disci-

225 805 394 876 pulus
412 803 649 876 vestigia
680 804 950 877 magistri.

900 891 1106 947 CAPUT
1128 893 1190 946 X.

301 987 502 1042 Ascitis
547 987 731 1059 itaque
762 987 1044 1054 omnibus,
1077 987 1170 1059 qui
1196 1002 1384 1041 secum
1426 986 1690 1042 tenebant
1720 1000 1834 1056 pro-

230 1080 473 1150 positum
502 1079 816 1146 monastici,
836 1079 1048 1134 ordinis
1074 1078 1309 1153 allegato
1339 1066 1855 1153 quoque'magistro

229 1186 336 1226 suo
366 1171 656 1226 Brendano
683 1171 907 1238 abbate,
941 1171 1094 1226 socio
1142 1169 1343 1241 prioris
1374 1169 1852 1244 peregrinationis,

231 1261 388 1316 venit
421 1260 489 1314 ad
538 1260 692 1314 littus
725 1258 908 1314 maris.
944 1257 1043 1312 Ubi
1085 1259 1284 1314 amotis
1326 1260 1557 1315 navibus
1586 1265 1641 1315 et
1669 1258 1852 1314 nautis

234 1354 527 1423 omnibus,
565 1354 720 1422 juxta
769 1353 1122 1408 interdictum
1175 1353 1344 1424 patris
1383 1353 1488 1418 sui,
1541 1369 1663 1408 cum
1705 1351 1855 1407 nulla

235 1448 668 1520 suppeteretvia
699 1446 1112 1513 transfretandi,
1146 1447 1425 1502 recolebat
1457 1447 1589 1502 illud
1618 1445 1852 1501 Psalmi-

236 1553 374 1598 stae:
412 1564 432 1592 ι
469 1543 675 1597 Bonum
719 1549 802 1596 est
830 1540 1109 1596 confidere
1142 1542 1195 1596 in
1236 1542 1489 1609 Domino,
1531 1557 1694 1612 quam
1729 1555 1859 1595 con-

239 1633 418 1688 fidere
467 1633 523 1686 in
562 1632 786 1688 homine
831 1634 994 1700 (Psal.
1032 1633 1215 1704 cxvn).
1269 1653 1292 1684 ι»
1357 1633 1599 1705 Cumque
1650 1648 1745 1688 cor
1793 1632 1860 1686 ad

239 1722 416 1775 Deum
449 1720 625 1775 solum
674 1720 1060 1791 suspenderet,
1111 1736 1240 1775 ecce
1289 1722 1467 1776 navim
1501 1736 1728 1776 vacuam
1764 1720 1864 1774 ho-

239 1809 492 1864 minibus
530 1815 732 1880 praesto
763 1775 958 1863 adesse
998 1775 1167 1877 videt,
1223 1825 1387 1880 quam
1444 1775 1687 1864 Christus
1747 1809 1863 1879 ipse
1887 1775 1938 1843 Β

245 1898 478 1974 regebat
504 1915 517 1951 :
547 1899 629 1954 vir
658 1905 840 1953 tamen
874 1905 1097 1953 sanctus
1127 1915 1362 1970 puerum
1403 1915 1528 1954 eum
1584 1914 1704 1953 esse
1736 1914 1864 1953 cre-

248 1990 438 2044 debat.
472 1989 572 2053 Qui
603 2006 701 2060 per
738 2005 866 2044 mox
910 1989 1061 2044 illum
1095 1990 1162 2044 ad
1194 1991 1561 2063 navigandum
1597 1989 1866 2055 invitavit,

248 2095 312 2139 et
346 2100 614 2156 quorsum
647 2085 751 2139 iter
796 2085 962 2140 vellet
1010 2085 1268 2160 dirigere,
1315 2102 1438 2141 cum
1492 2085 1864 2159 interrogavit.

248 2173 559 2245 Respondit
605 2173 718 2240 ille,
780 2188 890 2244 quo
965 2173 1216 2228 voluntas
1274 2173 1487 2228 Domini
1547 2175 1652 2228 iter
1707 2189 1868 2228 suum

245 2268 420 2322 vellet
465 2267 730 2339 dirigere,
764 2282 831 2322 eo
881 2281 940 2320 se
973 2265 1210 2320 libenter
1258 2267 1415 2338 sequi
1450 2267 1610 2321 velle.
1662 2264 1874 2334 Adjecit

250 2375 426 2430 puer:
459 2360 516 2414 ln
566 2359 689 2412 sinu
722 2358 884 2428 hujus
910 2358 1008 2412 sali
1039 2367 1121 2413 est
1166 2359 1418 2430 quaedam
1480 2359 1677 2424 insula,
1710 2374 1873 2430 quam

249 2449 462 2504 habitat
511 2450 594 2505 vir
643 2449 776 2503 satis
830 2449 1095 2520 probatus
1134 2449 1190 2502 in
1242 2449 1547 2505 monastica
1591 2449 1720 2504 vita.
1783 2448 1878 2502 Hic

249 2543 435 2596 Aaron
488 2547 746 2596 vocatur:
778 2556 808 2594 a
854 2555 963 2610 quo
995 2540 1160 2595 etiam
1205 2540 1361 2596 locus
1413 2541 1594 2596 insula
1632 2527 1880 2597 'Aaronis

253 2634 701 2707 cognominatur.
736 2632 815 2686 Ad
847 2633 993 2688 hunc
1023 2640 1074 2686 te
1097 2633 1356 2708 dirigam,
1388 2640 1440 2688 et
1475 2642 1526 2688 te
1559 2635 1626 2688 ab
1658 2649 1724 2688 eo
1753 2634 1880 2690 offi-

256 2723 572 2780 ciosissime
603 2721 804 2792 excipi,
847 2731 900 2775 et
940 2722 1181 2776 humane
1234 2723 1452 2776 tractari
1498 2722 1714 2777 faciam.
1775 2722 1882 2777 Hac

253 2820 383 2876 vice
431 2833 746 2872 sermonum
793 2815 1066 2870 intellexit
1097 2816 1316 2872 tandem
1375 2817 1460 2872 vir
1487 2817 1609 2881 Dei,
1648 2832 1880 2887 puerum

255 2909 348 2965 cui
388 2907 825 2978 colloquebatur,
883 2905 1034 2959 illum
1079 2921 1226 2972 esse,
1281 2921 1446 2976 quem
1511 2907 1882 2972 invocaverat,

255 3003 458 3056 Deum.
503 2997 747 3069 Cumque
774 2997 1109 3052 acceleraret
1139 2998 1383 3068 provolvi
1416 2997 1694 3070 loquentis
1723 2997 1884 3074 geni-

262 3095 392 3159 bus,
427 3092 574 3147 dieto
601 3090 760 3145 sitius
789 3091 1010 3146 evanuit
1036 3107 1100 3144 ex
1123 3091 1297 3145 oculis
1325 3091 1520 3163 ipsius.

915 3182 1120 3236 CAPUT
1158 3182 1244 3238 ΧΙ.

344 3275 517 3348 lgitur
544 3273 802 3329 felicioris
833 3273 1198 3346 navigationis
1223 3288 1385 3344 quam
1417 3289 1728 3348 aggressus,
1762 3289 1888 3345 pro-

263 3365 450 3438 speris
491 3363 671 3419 ventis
721 3370 776 3418 et
822 3368 970 3417 recto
1021 3367 1214 3416 tenore
1273 3377 1466 3416 cursus
1521 3363 1590 3416 ad
1655 3362 1888 3418 insulam

265 3450 500 3506 Aaronis
538 3458 620 3505 est
645 3450 912 3517 directus,
969 3457 1024 3504 et
1054 3449 1212 3520 juxta
1255 3451 1586 3520 promissum
1645 3451 1888 3518 Domini,

267 3544 520 3600 officiosa
549 3544 890 3598 humanitate
930 3558 961 3597 a
991 3540 1198 3597 famulo
1240 3542 1335 3596 Dei
1370 3549 1452 3597 est
1501 3552 1778 3613 exceptus.
1811 3543 1891 3596 lbi

269 3647 398 3687 cum
447 3636 637 3685 sancto
662 3637 851 3685 sancte
880 3629 1120 3694 vivebat,
1151 3635 1205 3684 et
1235 3645 1358 3684 cum
1386 3629 1683 3685 innocente
1732 3629 1893 3686 inno-

273 3735 468 3781 center
514 3725 730 3799 agebat.
763 3731 818 3779 et
859 3723 1032 3779 factus
1060 3723 1198 3778 alter
1241 3724 1469 3780 alterius
1499 3725 1806 3796 Speculum,
1848 3725 1893 3780 si

1948 714 2124 762 tutum
2157 707 2522 774 mirificcntia,
2551 707 2890 763 etdoctrina:
2921 708 3200 763 affluentia
3231 711 3299 763 ad
3324 711 3555 765 creden-

1950 797 2080 851 dum
2131 795 2365 864 inflexit,
2425 803 2478 850 et
2534 813 2564 850 a
2619 811 2788 870 regno
2840 796 3046 851 diaboli
3096 796 3319 852 abactos
3363 797 3556 852 Christi

1945 892 2080 967 jugo
2109 891 2362 960 subjecit.
2417 891 2476 945 In
2509 891 2611 946 hac
2666 890 2867 945 vicinia
2896 898 3118 946 sanctus
3167 892 3397 946 Samson
3442 907 3560 945 ma-

1953 984 2143 1050 nebat,
2185 983 2280 1054 qui
2329 983 2472 1038 beati
2511 983 2760 1038 Maclovii
2798 983 3246 1058 consanguineus
3285 991 3420 1038 erat.
3465 981 3560 1038 Hic

1956 1075 2012 1129 in
2042 1075 2318 1130 territorio
2350 1075 2526 1142 urbis,
2560 1075 2614 1129 in
2656 1091 2762 1146 qua
2789 1076 3166 1146 episc0patum
3201 1074 3558 1130 administra-

1957 1165 2070 1234 bat,
2102 1182 2211 1222 non
2269 1166 2621 1222 mediocriter
2662 1167 2907 1222 laborem
2950 1166 3327 1237 impendebat,
3386 1174 3446 1222 ut
3491 1165 3560 1220 de

1956 1273 2126 1332 regno
2180 1257 2394 1313 Domini
2443 1257 2526 1312 sui
2587 1257 2902 1312 exturbaret
2947 1259 3353 1330 paganismum,
3398 1267 3451 1312 et
3493 1255 3562 1311 ad

1956 1352 2176 1407 laudem
2233 1351 2328 1407 Dei
2383 1353 2672 1424 ampliaret
2713 1353 3205 1408 Christianismum.
3259 1353 3346 1408 Sic
3383 1353 3438 1407 in
3479 1367 3567 1407 re-

1957 1443 2124 1518 gione
2167 1443 2256 1499 illa
2305 1460 2402 1514 per
2432 1443 2600 1498 fortes
2644 1444 2851 1498 milites
2909 1443 3125 1505 Christi,
3183 1445 3455 1498 diminuta
3487 1449 3572 1498 est

1957 1535 2202 1591 adversae
2218 1536 2384 1606 partis
2413 1537 2677 1606 potentia,
2709 1544 2763 1590 et
2791 1537 3017 1591 dilatata
3045 1544 3127 1591 est
3152 1537 3313 1610 longe
3353 1536 3572 1606 lateque

1963 1627 2385 1682 Christianitatis
2416 1627 2843 1702 magnificentia.

2581 1717 2786 1771 CAPUT
2815 1717 2953 1772 Xlll.

2036 1807 2289 1882 Vigiliam
2323 1808 2541 1863 Pascha;
2581 1808 2920 1864 Christianus
2961 1808 3201 1879 populus
3241 1807 3577 1874 celebrabat,

1967 1909 2022 1956 et
2051 1901 2106 1954 in
2145 1901 2494 1956 celebrandis
2525 1903 2704 1957 missae
2735 1902 3013 1972 mysteriis
3039 1901 3300 1956 sacerdos
3342 1901 3584 1954 intentus

1970 1996 2102 2044 erat.
2139 1989 2201 2044 Et
2245 2006 2371 2046 ecce
2401 1991 2580 2045 tristes
2636 1989 2880 2045 defuncti
2911 1989 3254 2059 exhibentur
3285 1988 3584 2059 exsequiae,

1970 2092 2024 2138 et
2069 2085 2291 2140 animos
2339 2085 2684 2140 audientium
2742 2086 2811 2140 ad
2867 2085 3311 2156 compatiendum
3370 2090 3592 2138 movent

1971 2179 2347 2250 plangentium
2385 2181 2653 2251 lacrymaa.
2691 2181 2818 2236 Plus
2867 2181 3080 2236 cunctis
3114 2189 3364 2235 movetur
3392 2189 3447 2233 et
3473 2179 3592 2248 ipse

1972 2271 2254 2338 sacerdos,
2286 2272 2379 2342 qui
2409 2280 2556 2328 totus
2582 2282 2699 2328 erat
2740 2273 2794 2327 in
2837 2272 3240 2336 misericordia,
3268 2277 3321 2326 et
3361 2275 3594 2341 prsesto-

1974 2361 2278 2432 larijubet,
2339 2364 2467 2418 dum
2511 2363 2732 2418 finiatur
2785 2363 2969 2417 missa.
3030 2361 3424 2416 Circumstante
3485 2359 3595 2413 fre-

1978 2455 2207 2526 quentia
2255 2457 2464 2528 populi,
2498 2463 2684 2512 monet
2713 2472 2909 2512 omnes
2939 2454 3216 2525 appellare
3246 2452 3594 2508 clementiam

1981 2551 2230 2606 Domini:
2265 2558 2342 2616 ut,
2394 2551 2487 2623 qui
2529 2551 2844 2606 dominatur
2887 2550 3047 2604 morti
3077 2558 3131 2604 et
3159 2549 3305 2610 vitm,
3340 2547 3597 2618 dignare-

1981 2647 2068 2694 tur
2117 2656 2216 2710 per
2260 2639 2507 2694 membra
2557 2639 2792 2714 rigentia
2841 2639 3061 2694 vitalem
3115 2637 3313 2692 animae
3354 2636 3593 2692 calorem

1983 2730 2296 2786 refundere.
2332 2732 2442 2787 Nec
2488 2732 2710 2805 longum
2743 2731 2870 2796 fuit;
2920 2737 2974 2785 et
3014 2729 3107 2802 qui
3140 2728 3306 2783 dixit:
3343 2752 3368 2775 α
3409 2726 3601 2782 Omnia

1986 2821 2273 2890 possibilia
2299 2827 2426 2876 sunt
2456 2819 2703 2875 credenti
2738 2821 2926 2888 (Ma-rc.
2959 2819 3052 2889 ix).
3085 2839 3114 2868 υ
3156 2816 3438 2872 devotioni
3467 2815 3604 2870 fide-

1987 2911 2117 2965 lium
2151 2909 2352 2964 adfuit:
2411 2909 2649 2984 resurgit
2676 2917 2946 2973 mortuus,
3003 2917 3058 2963 et
3091 2908 3375 2962 horrorem
3407 2905 3602 2960 incutit

1987 2998 2268 3065 omnibus,
2301 3005 2356 3053 et
2387 2999 2562 3069 palam
2598 2997 2727 3052 fecit
2767 2997 2994 3052 omnino
3039 2996 3210 3049 Deum
3243 2994 3427 3048 favere
3473 2993 3605 3046 fide-

1913 3115 1962 3184 Ο
1988 3089 2113 3144 liter
2138 3088 2470 3160 petentibus.
2506 3087 2569 3142 Ut
2595 3087 2751 3141 vivus
2792 3086 2981 3152 astitit,
3028 3085 3286 3184 poculum
3327 3083 3439 3138 vini
3495 3082 3602 3184 sibi

1989 3181 2196 3256 porrigi
2221 3180 2398 3252 petiit.
2435 3180 2570 3245 Quid
2601 3188 2824 3234 sanctus
2849 3179 2932 3234 vir
2955 3177 3200 3232 faceret?
3232 3176 3425 3230 Vinum
3458 3175 3606 3246 quod

1989 3272 2196 3328 sitienti
2243 3271 2568 3346 porrigeret,
2621 3285 2733 3326 non
2774 3269 3053 3324 habebat:
3111 3283 3269 3339 aqua:
3324 3266 3608 3337 poculum,

1991 3365 2140 3437 quod
2196 3364 2534 3437 porrigebat,
2589 3369 2815 3435 tangere
2860 3361 3056 3417 sitiens
3106 3359 3348 3416 nolebat.
3411 3360 3610 3413 lterum

1992 3457 2330 3513 confortatus
2385 3459 2440 3511 in
2473 3455 2602 3522 fide,
2661 3455 2891 3510 recurrit
2943 3455 3009 3508 ad
3044 3453 3250 3509 fontem
3297 3451 3610 3507 misericor-

1994 3546 2100 3600 dia:
2151 3553 2368 3617 petens,
2402 3555 2460 3600 ut
2505 3545 2599 3616 qui
2651 3543 2889 3599 orationi
2951 3541 3201 3596 fidelium
3264 3540 3615 3612 impenderat

1995 3634 2192 3703 majus,
2239 3634 2561 3706 dignaretur
2592 3632 2914 3702 impendere
2960 3638 3014 3684 et
3047 3629 3122 3697 id,
3175 3629 3324 3700 quod
3355 3634 3472 3683 erat
3511 3627 3618 3682 mi-

1997 3743 2122 3782 nus.
2155 3725 2275 3781 Mox
2307 3727 2520 3780 habens
2559 3726 2627 3779 ad
2683 3740 2904 3778 manum
2937 3739 3032 3777 vas
3089 3737 3487 3785 marmoreum,
3538 3720 3617 3776 le-

268 3814 409 3888 quid
442 3815 496 3868 in
526 3813 840 3884 semetipsis
877 3813 1146 3868 videbant
1192 3829 1317 3869 esse
1346 3816 1756 3885 corrigendum,
1803 3824 1898 3871 aut
1998 3825 2121 3874 vata
2155 3833 2321 3871 manu
2354 3816 2490 3870 illud
2537 3815 2896 3879 benedicens,
2933 3812 3096 3868 vertit
3123 3811 3178 3864 in
3210 3827 3306 3865 vas
3353 3811 3619 3865 vitreum:

274 3909 676 3979 adjiciendum,

759 3909 1081 3965 charitativa
1151 3910 1502 3966 aemulatione
1577 3911 1903 3966 meliorabat
2003 3916 2057 3964 et
2082 3907 2382 3963 infundens
2421 3907 2533 3961 vasi
2568 3922 2764 3978 aquam
2794 3921 2894 3974 per
2921 3903 3180 3958 virtutem
3213 3911 3420 3956 sanctae
3447 3902 3626 3955 bene-

274 4003 420 4058 alter
450 4017 548 4072 per
577 4002 834 4056 alterum.
867 4000 949 4054 lbi
981 4015 1112 4075 ergo
1152 4002 1344 4056 mundi
1374 4002 1540 4072 hujus
1575 4003 1902 4076 peregrinus
2003 4000 2268 4056 dictionis
2314 3999 2547 4054 mutavit
2586 4005 2639 4052 et
2669 3997 2814 4051 illam
2862 3996 2917 4050 in
2954 3994 3067 4050 vini
3116 3999 3387 4048 naturam.
3426 3990 3628 4062 Sicque

274 4090 585 4164 permansit
614 4089 1020 4162 aliquantulum
1060 4091 1344 4162 temporis,
1377 4092 1556 4148 donec
1582 4092 1788 4163 placuit
1817 4093 1903 4147 di-

277 4183 426 4238 vinae
457 4179 896 4250 omnipotentiae,
922 4179 1084 4234 etiam
1119 4181 1174 4234 in
1204 4181 1310 4236 hoc
1337 4182 1560 4250 saeculo,
1594 4183 1644 4237 ei
1669 4182 1904 4238 reddere

2005 4092 2061 4146 in
2088 4108 2214 4147 vase
2245 4092 2420 4147 vitreo
2463 4089 2752 4164 porrigens
2811 4086 3023 4143 homini
3083 4083 3328 4139 redivivo
3356 4082 3482 4138 novi
3513 4082 3626 4137 vini

2008 4187 2288 4259 poculum,
2338 4201 2448 4242 non
2507 4185 2795 4239 minimum
2857 4182 3059 4237 divinae
3115 4177 3336 4251 pietatis
3384 4176 3629 4232 ostendit

279 4270 599 4326 mercedem
635 4270 859 4335 laboris,
892 4272 944 4326 in
977 4270 1158 4327 futuro
1179 4288 1407 4330 servans
1428 4274 1479 4329 ei
1503 4273 1906 4345 plenitudinem
2007 4280 2268 4336 omnibus
2304 4277 2648 4333 miraculum.
2697 4276 2735 4330 Ο
2796 4291 2925 4331 vere
2986 4273 3138 4345 pium
3177 4278 3232 4326 et
3271 4268 3624 4345 magnificum

285 4361 773 4418 remunerationis.

903 4454 1113 4510 CAPUT
1151 4457 1264 4510 ΧΠ.

2009 4373 2277 4428 cultorem
2327 4376 2528 4426 sanctae
2558 4368 2858 4435 Trinitatis,
2900 4382 3064 4438 quem
3115 4363 3420 4419 secundum
3461 4360 3628 4416 ﬁdem

1934 4462 1986 4528 D
2009 4464 2190 4521 cordis
2215 4463 2299 4518 sui
2329 4463 2384 4517 in
2414 4478 2523 4516 una
2556 4461 2646 4516 die
2679 4460 2862 4514 divina
2909 4459 3084 4516 virtus
3115 4455 3291 4510 tribus
3342 4452 3633 4508 illustravit

361 4550 480 4606 Jam
532 4550 675 4606 fama
729 4566 931 4607 nomen
991 4553 1112 4621 ejus
1164 4552 1383 4608 celebre
1431 4552 1636 4609 fecerat
1677 4553 1906 4626 ubique,
2009 4557 2310 4623 miraculis,
2344 4555 2472 4609 dum
2514 4554 2571 4608 in
2602 4553 2825 4608 nomine
2874 4560 2930 4606 et
2980 4550 3182 4605 virtute
3221 4552 3426 4602 sanctae
3451 4544 3634 4599 Trini-

285 4644 401 4716 jam
436 4645 588 4700 omni
631 4646 836 4716 populo
867 4653 984 4701 erat
1028 4647 1084 4700 in
1122 4662 1236 4711 ore,
1271 4647 1415 4718 quod
1457 4648 1785 4722 peregrinus
1821 4648 1911 4703 ille
2011 4649 2138 4705 tatis
2196 4647 2480 4703 suscitavit
2517 4652 2812 4712 mortuum,
2868 4652 2925 4699 et
2970 4659 3034 4698 ex
3072 4655 3364 4708 marmore
3408 4637 3632 4702 vitrum,

290 4737 685 4792 miraculorum
718 4738 952 4809 polleret
991 4747 1285 4809 potestate,
1330 4746 1384 4794 et
1440 4755 1606 4810 supra
1659 4740 1914 4796 homines
2013 4747 2068 4796 et
2105 4755 2172 4796 ex
2213 4755 2356 4812 aqua
2385 4737 2516 4794 fecit
2561 4738 2774 4792 vinum.
2813 4737 3004 4806 Itaque
3031 4748 3194 4804 quem
3232 4729 3431 4786 alienis
3457 4727 3639 4783 mani-

293 4834 569 4890 doctrinae
608 4832 862 4887 afflueret
901 4833 1174 4889 ubertate.
1205 4833 1325 4888 Jam
1365 4833 1549 4890 omnis
1587 4835 1824 4906 papulus
1858 4835 1912 4889 in
2015 4833 2121 4890 bus
2151 4849 2374 4889 carruca
2404 4832 2468 4887 ad
2507 4829 2892 4902 sepeliendum
2922 4828 3052 4882 illuc
3093 4823 3484 4893 advexit,’_ipse
3515 4834 3638 4876 eam

287 4924 414 4992 ejus
450 4920 822 4977 declinaverat
851 4937 1115 4988 amorem,
1176 4937 1244 4978 eo
1293 4923 1440 4994 quod
1487 4923 1698 4979 videret
1740 4924 1795 4978 in
1849 4939 1878 4978 e

2019 4930 2176 4984 laetus
2207 4929 2431 4984 domum
2474 4925 2714 4990 reduxit,
2743 4930 2800 4978 et
2830 4921 3012 4994 quoad
3057 4918 3210 4988 vixit,
3261 4919 3497 4974 idoneus
3526 4931 3642 4972 sua:

293 5028 422 5068 esse
473 5018 526 5067 et
557 5012 633 5082 pii
666 5012 839 5084 patris
893 5011 1268 5085 aﬂ'ectionem,
1325 5021 1381 5070 et
1416 5014 1638 5071 facundi
1679 5015 1920 5070 doctoris
2019 5021 2438 5079 resurrectionis
2477 5019 2631 5075 testis
2661 5015 2889 5073 exstitit.

292 5105 703 5163 auctoritatem.
739 5105 1006 5170 Quocirca
1045 5113 1380 5177 c00perante
1419 5108 1525 5162 sibi
1577 5108 1763 5162 divina
1790 5124 1920 5181 gra-

297 5196 398 5262 tia,
431 5193 685 5249 fecerunt
705 5211 832 5249 eum
852 5194 1282 5250 inthronizariin
1313 5195 1614 5267 episcopali
1638 5195 1920 5262 cathedra,

2627 5103 2836 5161 CAPUT
2891 5101 3022 5158 XIV.

2092 5198 2184 5255 Vir
2203 5213 2351 5270 saepe
2379 5197 2714 5260 nominatus,
2744 5193 2798 5248 in
2826 5207 2934 5265 quo
2966 5191 3105 5246 fides
3136 5205 3238 5261 per
3256 5185 3406 5244 bona
3427 5180 3648 5242 vivebat

302 5289 358 5342 in
391 5285 529 5342 urbe
570 5301 691 5358 quae
736 5293 960 5342 vocatur
985 5287 1195 5354 Aletha,
1239 5303 1360 5360 quae
1399 5303 1510 5344 non
1544 5287 1707 5362 longe
1737 5287 1925 5342 aberat
2025 5307 2216 5364 opera,
2250 5291 2306 5345 in
2346 5291 2529 5362 parvis
2553 5287 2779 5361 quidem
2813 5285 2977 5340 rebus
3010 5297 3120 5338 non
3160 5297 3329 5353 parva
3359 5277 3511 5333 dedit
3536 5275 3646 5331 mi-

303 5381 374 5436 ab
437 5379 670 5435 Aaronis
723 5380 922 5436 insula.
965 5381 1114 5437 Hanc
1166 5381 1360 5438 urbem
1419 5381 1640 5448 ﬂuvius,
1701 5380 1927 5436 nomine
2029 5383 2234 5448 racula,
2290 5392 2350 5439 ut
2392 5399 2490 5455 per
2538 5397 2668 5437 eum
2718 5378 2774 5433 in
2819 5377 3076 5434 omnibus
3131 5371 3328 5429 Christi
3375 5374 3650 5426 cresceret

305 5472 559 5536 Binetus,
617 5487 682 5524 ex
732 5487 845 5527 uno
891 5473 1082 5540 latere,
1134 5487 1198 5526 ex
1244 5472 1417 5528 altero
1456 5470 1699 5526 alluebat
1753 5485 1926 5524 mare.

307 5563 425 5618 lllis
464 5563 520 5617 in
569 5561 820 5634 partibus
861 5564 1041 5620 adhuc
1089 5564 1398 5620 daemonum
1449 5563 1741 5637 squalebat
1777 5579 1931 5635 spur-

2028 5472 2222 5549 gloria.
2266 5472 2401 5525 Dum
2442 5467 2740 5541 aliquando
2783 5465 3154 5521 Britannicam
3180 5458 3650 5549 circuiretregio-T

2032 5541 2180 5629 nem,
2236 5570 2296 5617 ut
2336 5562 2391 5616 in
2441 5577 2572 5636 agro
2631 5558 2930 5614 Dominicae
2989 5556 3216 5612 culturae
3261 5566 3453 5607 semen
3477 5541 3649 5604 divini

310 5657 465 5724 citia,
498 5663 554 5712 et
596 5657 708 5727 jam
742 5658 940 5726 passim
989 5659 1265 5732 Evangelii
1299 5665 1565 5734 regnante
1611 5657 1804 5734 gratia,
1854 5656 1927 5711 ibi
2029 5657 2184 5716 verbi
2214 5665 2444 5722 sereret,
2476 5651 2707 5711 offendit
2727 5652 3020 5708 subulcum
3055 5647 3112 5705 in
3137 5661 3291 5720 agro,
3319 5657 3493 5734 quem
3531 5647 3650 5734 tar-

316 5749 636 5832 I.estiterant
689 5747 957 5808 idolatriae
993 5729 1243 5825 vestigia.
1286 5729 1575 5807 Accinctus
1614 5729 1802 5820 itaque
1849 5747 1932 5803 vir
2034 5745 2235 5819 quebat
2273 5760 2470 5819 magna
2501 5741 2736 5799 tristitiae
2766 5736 3095 5796 amaritudo.
3136 5729 3462 5791 Custodiens
3497 5729 3646 5778 enim
