3960 6198
365 307 470 363 739

1576 300 1919 360 SIGEBERTI
1969 295 2480 355 GEMBLACENSIS.

3594 291 3711 345 740

364 461 588 519 gregem
633 460 949 517 porcorum,
1001 460 1155 500 suem
1213 444 1371 500 avide
1429 428 1485 501 e‘t
1525 445 1839 517 importune
1882 458 1978 500 va-
2001 446 2054 512 Α
2080 448 2137 496 et
2164 440 2414 517 gaudens
2464 455 2588 495 cum
2618 437 2881 512 magistro
2911 442 2968 492 et
2997 433 3231 490 Domino
3270 448 3371 489 suo
3429 430 3541 486 sibi
3580 447 3710 486 esse

364 543 602 591 stantem
643 544 879 612 segetes,
913 537 1042 591 dum
1095 537 1288 592 nititur
1317 553 1503 592 arcere
1543 554 1573 591 a
1613 538 1814 593 damno
1841 535 1975 591 vici—

365 639 586 693 norum,
617 626 897 681 occiderat
944 642 1064 680 eam
1095 642 1194 696 per
1223 626 1502 680 incautum
1544 625 1744 696 lapidis
1783 625 1972 679 ictum.

364 714 465 769 Pro
508 715 608 769 hac
630 712 839 768 offensa
860 713 1145 768 dominum
1178 730 1335 767 suum
1366 713 1616 781 timebat,
1645 713 1801 781 cujus
1840 712 1973 765 iram

361 804 433 860 ob
472 806 576 859 hoc
643 805 878 858 mixisne
946 804 1258 873 exasperari
1321 803 1606 868 credebat,
1672 803 1822 875 quod
1888 817 1976 855 se-

367 901 525 964 ptem
574 893 684 948 nati
717 893 1059 955 oberrantes,
1100 892 1259 947 solito
1303 892 1447 948 circa
1482 893 1653 947 ubera
1701 890 1975 946 defunctae

367 979 555 1038 matris
582 982 663 1037 lac
685 981 887 1037 elicere
925 981 1206 1047 volebant,
1237 981 1335 1035 sed
1369 981 1573 1035 nullam
1626 981 1750 1035 vita:
1772 980 1975 1035 alimo-

367 1071 515 1126 niam
550 1070 604 1124 in
638 1077 967 1141 praemortuo
1008 1084 1239 1140 corpore
1273 1069 1519 1124 invenire
1561 1076 1834 1141 poterant.
1866 1069 1978 1123 Ma-

367 1159 595 1223 clovius,
647 1174 812 1229 quem
846 1158 949 1212 sibi
999 1165 1173 1213 totum
1206 1158 1585 1214 vindicaverat
1639 1158 1836 1229 pietas,
1867 1174 1977 1213 non

370 1249 544 1319 potuit
595 1249 716 1301 sine
774 1248 1030 1319 lacryrnis
1084 1247 1276 1303 videre
1314 1248 1530 1303 subulci
1579 1248 1878 1319 lacrymas:
1935 1256 1989 1303 et

370 1338 488 1391 fusa
521 1337 768 1393 oratione
799 1337 865 1391 ad
898 1337 1092 1405 Deum,
1134 1338 1251 1392 auri
1282 1338 1554 1393 defuncta:
1582 1339 1696 1393 suis
1724 1339 1989 1410 imposuit

369 1429 625 1484 baculum
658 1445 851 1484 suum:
884 1438 940 1484 et
976 1431 1299 1485 resuscitata
1329 1447 1394 1485 ea
1423 1430 1491 1484 ad
1532 1430 1711 1485 solum
1760 1438 1986 1499 tactum,

369 1521 637 1577 mcerendi
670 1520 1210 1593 reddiditgaudium.
1254 1522 1528 1578 Subulcus
1568 1538 1682 1577 rem
1712 1522 1780 1577 ad
1812 1522 1990 1578 domi-

370 1630 500 1669 num
531 1614 738 1680 retulit,
774 1622 829 1667 et
857 1614 1134 1683 praeconia
1178 1614 1323 1670 servi
1353 1614 1446 1669 Dei
1490 1631 1589 1685 per
1617 1630 1713 1670 ora
1741 1615 1986 1669 omnium

372 1705 613 1762 diﬂ‘udit.
676 1706 942 1761 Dominus
974 1722 1205 1762 ascenso
1257 1722 1423 1779 equo,
1466 1723 1561 1763 ore
1600 1708 1668 1761 ad
1698 1723 1761 1763 os
1789 1707 1991 1783 gratias

371 1798 485 1874 egit
511 1808 704 1854 sancto
720 1798 861 1863 viro,
885 1804 939 1852 et
964 1798 1146 1852 villam
1179 1814 1345 1853 unam
1375 1798 1606 1855 contulit
1635 1799 1905 1867 ecclesiae,
1925 1799 1993 1853 ad

372 1907 508 1947 usus
533 1906 817 1946 servorum
831 1891 925 1945 Dei
944 1891 1048 1945 sub
1076 1907 1163 1946 eo.

1004 1982 1212 2039 CAPUT
1246 1983 1330 2037 XV
1343 2022 1357 2037 .

441 2074 618 2130 Gessit
646 2081 700 2129 et
728 2074 878 2129 aliud
910 2076 1175 2147 quiddam
1206 2076 1410 2143 simile,
1432 2075 1517 2131 vel
1547 2091 1645 2147 pro
1668 2075 1786 2131 solo
1813 2075 1988 2147 pieta-

373 2148 443 2221 tis
470 2164 671 2219 intuitu
699 2165 830 2219 satis
880 2166 1253 2235 praedicabile.
1307 2167 1554 2221 Imitatus
1587 2166 1807 2221 Paulum
1841 2182 1984 2237 apo-

369 2256 572 2312 stolum
623 2256 766 2327 (Act.
817 2259 926 2325 xx),
959 2258 1047 2312 cui
1082 2273 1276 2313 manus
1304 2275 1416 2313 sua:
1445 2259 1728 2329 operando
1760 2258 1988 2329 supple-

373 2348 526 2416 bant,
557 2348 603 2402 si
650 2348 784 2419 quid
822 2349 929 2402 sibi
975 2349 1189 2403 deerat:
1232 2359 1287 2405 et
1332 2350 1451 2421 ipse
1483 2351 1673 2406 labore
1726 2367 1987 2405 manuum

371 2460 591 2499 suarum
626 2444 971 2511 intendebat,
1000 2445 1223 2516 quando
1253 2445 1321 2499 ab
1352 2444 1771 2518 evangelizandi
1804 2443 1989 2502 officio

370 2533 618 2589 vacabat.
672 2532 802 2588 Cum
836 2535 1070 2605 quadam
1123 2534 1213 2588 die
1247 2533 1302 2588 in
1336 2534 1577 2604 putanda
1636 2534 1797 2589 vinea
1829 2533 1988 2589 labo-

372 2635 517 2681 raret
543 2643 667 2681 cum
720 2625 1001 2693 fratribus,
1055 2627 1362 2697 depositam
1394 2642 1625 2697 cappam
1657 2626 1904 2697 reposuit
1943 2626 1997 2681 in

372 2718 583 2785 abdito,
626 2724 685 2773 ut
715 2719 935 2790 Operari
968 2724 1154 2788 posset
1197 2718 1531 2789 expeditius.
1583 2717 1756 2772 Finito
1807 2734 1996 2788 Opere,

375 2827 503 2867 cum
546 2827 775 2882 cappam
824 2811 989 2865 vellet
1029 2812 1299 2881 recipere,
1334 2811 1602 2865 aviculam
1643 2826 1807 2881 quam
1834 2810 1999 2882 vulgo

374 2901 668 2956 bitrionem
699 2906 920 2965 vocant,
953 2899 1354 2970 invenitsuper
1380 2915 1499 2954 eam
1541 2914 1702 2955 ovum
1744 2898 1996 2970 posuisse

373 2990 473 3054 Qui
529 2989 714 3044 sciens
766 3005 870 3043 nec
901 2987 1129 3042 aviculis
1174 2988 1367 3042 deesse
1416 2988 1512 3042 Dei
1569 2987 1994 3059 providentiam,

2020 1753 2068 1822 l5

2079 531 2415 593 communia.
2468 530 2557 586 cui
2614 529 2850 585 subdola
2898 526 3251 584 confessione
3318 523 3710 580 acclamabant

2077 623 2383 680 daemonia:
2424 644 2449 674 α
2482 623 2621 688 Quid
2660 622 2822 678 nobis
2846 629 2901 676 et
2944 619 3065 687 tibi,
3099 621 3248 684 Jesu,
3284 616 3386 672 Fili
3417 617 3516 671 Dei
3549 614 3710 671 vivi?

2076 716 2277 771 venisti
2319 724 2445 769 ante
2503 722 2719 785 tempus
2760 712 2997 784 perdere
3047 708 3195 766 nos?
3256 733 3270 757 ι
3319 709 3536 779 (Matth.
3587 706 3709 777 vni)

2077 805 2328 875 exemplo
2369 803 2666 859 Dominiea:
2698 800 3119 872 inerepationis,
3149 797 3555 870 comprimebat
3597 795 3706 851 fal-

2078 891 2257 946 sitatis
2296 892 2630 963 vaniloquia.
2693 891 2999 961 Sciensque
3056 889 3160 944 hoc
3200 886 3535 943 daemonium
3580 900 3711 940 esse

2079 981 2147 1035 de
2196 980 2292 1035 illo
2332 996 2561 1053 genere,
2605 979 2672 1035 de
2713 995 2823 1051 quo
2863 979 3064 1034 dicitur
3118 994 3149 1031 a
3203 976 3467 1032 Domino:
3504 997 3534 1027 α
3594 975 3711 1029 Hoc

2079 1086 2256 1142 genus
2287 1084 2398 1125 non
2433 1076 2614 1141 potest
2668 1068 2816 1138 ejici,
2857 1068 2964 1122 nisi
3018 1068 3071 1121 in
3101 1066 3350 1122 oratione
3390 1071 3445 1119 et
3482 1062 3711 1136 jejunio

2088 1159 2308 1227 (Matth.
2352 1158 2522 1229 xvii);
2571 1179 2589 1207 ο
2646 1157 2763 1213 fusa
2794 1173 2962 1227 super
3004 1172 3203 1227 aquam
3235 1153 3525 1210 exorcismi
3580 1167 3712 1207 ora-

2089 1251 2261 1317 tione,
2295 1258 2349 1305 et
2371 1249 2870 1321 additaepiscopali
2895 1247 3290 1303 benedictione
3309 1254 3522 1317 potum,
3551 1243 3716 1298 dedit

2089 1340 2308 1411 puellae.
2343 1340 2445 1394 Per
2473 1355 2631 1410 aqua:
2661 1337 2965 1393 benedictae
2993 1336 3275 1408 poculum,
3303 1335 3485 1389 infusa
3506 1334 3715 1388 virtute

2090 1431 2502 1487 benedictionis
2541 1447 2639 1502 per
2660 1430 2909 1485 membra
2936 1429 3161 1501 puellm,
3192 1427 3468 1483 diabolica
3492 1425 3714 1480 immis-

2089 1524 2245 1580 sione
2277 1524 2370 1579 diu
2413 1524 2669 1590 contrita,
2722 1523 2925 1579 cecidit
2963 1522 3020 1577 in
3050 1530 3247 1577 terram
3304 1520 3511 1592 puella,
3545 1518 3714 1591 quasi

2089 1627 2321 1675 mortua.
2360 1618 2523 1675 Paulo
2555 1627 2679 1690 post
2727 1623 3011 1689 resumpto
3040 1617 3263 1688 spiritu,
3291 1613 3529 1670 surrexit
3568 1629 3711 1668 sana

2091 1720 2145 1767 et
2176 1713 2316 1781 laeta,
2349 1711 2588 1786 elfugato
2620 1711 2845 1782 pessimi
2868 1709 3183 1782 pervasoris
3214 1708 3445 1779 impetu,
3477 1713 3533 1762 et
3562 1705 3710 1761 laeti-

2092 1802 2275 1859 ficavit
2328 1803 2465 1858 alios
2503 1819 2603 1874 pro
2664 1803 2879 1878 integro
2936 1808 3252 1857 restauratae
3310 1795 3715 1855 incolumitatis

2094 1898 2258 1949 statu.
2307 1892 2467 1947 Pater
2497 1892 2695 1946 videns
2720 1890 3060 1946 satisfactum
3089 1889 3381 1945 desideriis
3423 1887 3564 1954 suis,
3609 1902 3715 1958 pro

2092 1983 2392 2058 gratiarum
2449 1985 2667 2040 actione
2722 1984 2917 2039 ditavit
2967 1989 3209 2039 sanctam
3256 1980 3555 2037 Ecclesiam
3617 1978 3717 2034 Dei

2089 2072 2317 2143 praediis
2370 2083 2425 2129 et
2454 2074 2635 2129 xeniis
2689 2072 2963 2145 pretiosis.
3015 2072 3151 2137 Quia
3195 2071 3371 2144 gloria
3422 2078 3518 2125 aut
3564 2083 3713 2133 raro,

2090 2174 2184 2221 aut
2238 2181 2521 2237 nunquam
2553 2175 2702 2220 caret
2754 2164 2984 2231 invidia,
3034 2178 3145 2219 non
3186 2161 3409 2234 pertulit
3444 2161 3541 2216 diu
3585 2168 3715 2217 tan-

2088 2262 2197 2310 tam
2227 2256 2473 2312 Maclovii
2525 2256 2761 2331 gloriam
2791 2254 3004 2326 antiqui
3046 2255 3221 2310 hostis
3275 2253 3548 2309 versutia:
3611 2251 3713 2308 sed

2090 2364 2158 2403 ne
2210 2348 2265 2402 in
2312 2364 2483 2420 regno
2515 2347 2713 2402 Christi
2742 2348 3110 2418 invalesceret
3158 2346 3395 2418 amplius
3433 2345 3567 2401 boni
3598 2344 3712 2399 mi-

2088 2440 2202 2494 litis
2239 2440 2431 2513 gratia,
2465 2439 2748 2495 suscitavit
2803 2447 2996 2495 contra
3034 2456 3164 2495 eum
3224 2440 3415 2494 hostes
3471 2445 3715 2493 armatos

2090 2533 2217 2588 dolo
2248 2533 2535 2602 injustitia,
2587 2534 2815 2605 insuper
2837 2532 3005 2589 fultos
3052 2548 3163 2589 non
3208 2531 3563 2589 mediocriter
3604 2546 3715 2586 sie-

2100 2620 2269 2677 culari
2294 2622 2561 2693 potentia.

2708 2711 2914 2767 CAPUT
2952 2713 3109 2767 XVII.

2175 2803 2397 2858 Hailoch
2432 2804 2678 2877 quidam,
2710 2806 2805 2877 qui
2852 2800 3110 2877 potenter
3166 2803 3589 2876 principabatur
3618 2802 3718 2857 toti

2102 2898 2419 2965 Britannias,
2468 2900 2783 2955 stimulatus
2823 2899 3089 2955 instinctu
3135 2898 3428 2953 diabolicae
3467 2897 3719 2964 malitiae,

2097 2991 2265 3062 (εαξρῆ
2290 2991 2571 3047 basilicam
2605 2992 2913 3059 destruere,
2973 3008 3137 3063 quam
3168 2990 3363 3046 beatus
3419 2989 3719 3045 Maclovius

374 3084 582 3157 quippe
638 3099 870 3154 quarum
920 3082 1076 3191 nulla.
1115 3082 1238 3181 sine
1274 3083 1431 3191 Ratio
1478 3082 1590 3137 Deo
1637 3081 1784 3137 cadit
1824 3097 1998 3191 super
2020 3122 2069 3191 Ο
2099 3082 2421 3139 fundaverat
2452 3084 2507 3138 in
2550 3084 2757 3155 praadio
2805 3100 2917 3138 sure
2963 3083 3261 3154 parochiae.
3303 3083 3394 3136 Vir
3433 3081 3532 3191 DLei
3565 3083 3713 3153 apud

375 3179 578 3228 terram
626 3172 841 3241 (Matth.
890 3172 966 3241 Χ),
1026 3170 1235 3225 dimisit
1272 3170 1480 3224 ibidem
1521 3186 1753 3242 cappam
1819 3169 2258 3226 donecuaures
2300 3172 2567 3243 principis
2623 3173 2820 3248 agebat
2874 3173 3126 3243 lacrymis
3185 3179 3241 3227 et
3301 3171 3585 3243 precibus,
3656 3176 3716 3225 ut

374 3263 502 3319 fotis
532 3260 1205 3332 ovibus,pullostempore
1232 3261 1997 3332 cxcluderetavicula.lnqua
2098 3260 2420 3335 dignaretur
2466 3262 2735 3317 desistere
2790 3278 2823 3316 a
2887 3260 3264 3317 destructione
3320 3260 3713 3317 ecclesiasticae

378 3371 436 3410 re
465 3362 519 3409 et
548 3354 685 3408 illud
716 3352 974 3407 mirabile
1005 3352 1127 3418 fuit,
1170 3352 1317 3423 quod
1358 3360 1564 3424 quanto
1605 3362 1853 3423 tempore
1884 3352 1996 3407 illic
2098 3352 2314 3408 domus.
2363 3355 2472 3410 Sed
2520 3355 2611 3409 ille
2659 3352 2918 3410 eﬂ'eratus
2957 3370 3057 3425 per
3123 3360 3449 3425 conceptam
3513 3352 3721 3425 iniqui-

379 3442 768 3515 cappajacllil.
810 3442 962 3497 nulla
986 3442 1170 3514 pluvia
1210 3442 1358 3496 illam
1404 3441 1645 3497 ViOIRViL
1689 3442 1840 3507 Ουοά
1873 3442 1994 3514 qui-
2098 3448 2225 3505 tatis
2270 3449 2647 3517 insolentiam,
2694 3466 2804 3506 non
2847 3456 3063 3521 poterat
3119 3448 3359 3523 mitigari
3413 3449 3501 3504 vel
3545 3448 3723 3504 refre-

378 3552 600 3607 cunque
631 3534 946 3603 audierunt,
989 3536 1045 3589 in
1086 3537 1198 3591 Deo
1245 3535 1497 3591 virtutem
1536 3551 1663 3591 cum
1692 3536 1990 3610 gratiarum
2094 3539 2213 3594 nari
2244 3556 2343 3611 per
2370 3540 2611 3612 aliquam
2644 3540 2747 3612 piae
2777 3538 3173 3596 admonitionis
3209 3538 3467 3613 gratiam.
3522 3537 3722 3595 Contra

387 3626 605 3681 actione
634 3624 1149 3700 magnificaverunt,
1210 3626 1266 3680 in
1306 3626 1532 3682 homine
1590 3627 1683 3681 Dei
1726 3626 1986 3698 pietatem
2093 3631 2411 3700 hujusmodi
2466 3632 2747 3687 saecularis
2811 3631 3206 3687 dominationis
3272 3630 3602 3703 potentiam,
3653 3631 3720 3686 ad

380 3713 762 3770 laudaverunt.
2098 3720 2385 3776 munimen
2413 3729 2468 3777 et
2497 3720 2901 3777 firmamentum
2929 3721 3035 3788 sui,
3085 3721 3259 3776 solam
3290 3720 3590 3777 Maclovius
3630 3737 3722 3776 as-

1002 3804 1210 3860 CAPUT
1235 3804 1370 3859 XVI.
2098 3810 2333 3880 sumpsit
2382 3811 2722 3881 patientiam.
2783 3810 2893 3867 Sed
2950 3812 3045 3883 qui
3103 3810 3170 3865 ad
3230 3826 3331 3867 nos
3387 3809 3583 3866 ﬁdeles
3640 3813 3720 3867 lo-

454 3898 515 3952 ln
560 3912 702 3972 pago
745 3896 901 3952 urbis
936 3897 1162 3961 Alethaa,
1220 3898 1276 3952 in
1315 3914 1423 3969 qua
1457 3899 1755 3955 antistabat
1796 3899 2003 3957 Maclo-
2104 3902 2295 3973 quitur
2338 3918 2437 3973 per
2488 3903 2822 3974 prophetas:
2882 3926 2908 3951 κ
2969 3902 3068 3969 Qui
3126 3903 3301 3975 tangit
3350 3917 3488 3969 vos,
3542 3903 3720 3977 tangit

388 3989 514 4044 vius
554 3988 909 4057 venerabilis,
953 3986 1118 4042 filiam
1152 3988 1391 4044 habebat
1426 3989 1510 4045 vir
1526 3989 1746 4062 quidam
1777 4008 1999 4063 praeno-
2103 3993 2248 4048 oculi
2278 3993 2387 4048 mei
2439 3994 2707 4065 pupillam
2757 3994 2937 4066 (Zach.
2972 3994 3058 4067 n);
3109 4014 3134 4046 η
3173 4001 3270 4049 et:
3321 4019 3347 4042 α
3382 3993 3511 4049 Mihi
3539 3995 3715 4050 vindio

383 4076 536 4143 bilis,
568 4092 730 4148 quam
763 4077 1157 4134 miserabiliter
1184 4080 1417 4137 vexabat
1453 4081 1744 4138 diabolicae
1773 4082 2002 4140 infesta-
2102 4090 2267 4148 ctam,
2290 4090 2346 4138 et
2365 4098 2469 4158 ego
2500 4083 2805 4138 retribuam
2849 4082 3024 4155 (Deut.
3054 4082 3262 4154 xxxu);
3313 4104 3338 4134 α
3390 4099 3504 4140 non
3550 4083 3716 4138 dimi-

383 4168 555 4224 tionis
605 4169 790 4239 passio
827 4169 1212 4227 intolerabilis.
1254 4172 1456 4228 Omnes
1494 4173 1643 4228 enim
1674 4190 1734 4230 se
1782 4176 2001 4231 contin-
2101 4171 2172 4227 sit
2228 4172 2452 4227 inultam
2487 4189 2795 4245 pauperum
2833 4188 3066 4229 suorum
3115 4172 3407 4242 injuriam:
3465 4179 3520 4228 et
3577 4173 3716 4229 sicut

382 4269 581 4335 gentes
638 4261 964 4317 attrectabat
1028 4261 1328 4331 morsibus,
1387 4279 1489 4319 nec
1543 4264 1681 4336 ipsis
1736 4268 1999 4339 parcebat
2098 4262 2321 4320 Saulum
2380 4264 2813 4321 recalcitrantem
2855 4265 3126 4337 percussit
3166 4264 3422 4320 triduana
3469 4264 3714 4320 caecitate

384 4353 724 4426 parentibus.
754 4355 866 4411 Nec
905 4356 1195 4427 comprimi
1226 4363 1319 4411 aut
1348 4358 1530 4413 sedari
1576 4368 1791 4431 poterat
1833 4361 1997 4431 hujus
2098 4359 2238 4428 (Act.
2299 4359 2393 4432 ix),
2454 4367 2514 4415 ut
2570 4368 2763 4431 postea
2821 4367 2995 4417 totum
3046 4361 3311 4416 mundum
3372 4359 3714 4416 illuminaret

382 4448 539 4505 malae
592 4448 926 4506 valetudinis
980 4450 1353 4516 vehementia,
1412 4452 1519 4506 nisi
1561 4451 1757 4509 ferreis
1787 4448 2306 4517 catenisDaeterna
2334 4452 2611 4509 claritate:
2642 4453 2915 4525 percussit
2957 4460 3012 4509 et
3066 4452 3215 4509 hunc
3264 4454 3561 4525 temporali
3610 4469 3714 4509 cte-

382 4548 689 4597 arctaretur
718 4550 823 4597 tam
854 4540 1114 4596 immanis
1140 4541 1376 4599 insania.
1420 4543 1580 4599 Pater
1605 4546 1763 4614 cujus
1791 4547 1999 4614 animo,
2102 4543 2291 4612 citate,
2336 4551 2396 4600 ut
2442 4560 2541 4616 per
2603 4544 2859 4600 tenebras
2902 4544 3244 4602 transitorias
3296 4545 3632 4602 liberaretur
3684 4562 3714 4600 a

383 4631 496 4688 tilia
520 4639 843 4708 aegrotante,
873 4632 1010 4686 nihil
1031 4639 1244 4703 poterat
1272 4649 1396 4690 esse
1420 4634 1754 4706 jucundum,
1786 4639 1855 4693 ad
1884 4654 2001 4694 me-

384 4724 627 4780 dendum
660 4724 789 4781 filiae
817 4740 929 4780 suae
961 4723 1177 4781 felicem
1218 4725 1413 4782 invitat
1442 4727 1788 4797 Maclovium,
1834 4746 1998 4801 quem

379 4817 513 4873 olim
535 4818 788 4873 audierat
826 4817 882 4872 in
932 4817 1278 4874 curationum
1333 4817 1580 4875 efficacia
1630 4836 1755 4875 esse
1794 4822 2002 4894 glorio-

382 4925 530 4965 sum.
572 4910 685 4964 Nec
722 4908 906 4965 diﬂ‘ert
957 4910 1052 4966 ille
1097 4911 1562 4981 misericordiam,
1604 4914 1702 4969 sed
1765 4914 2001 4970 credens

382 5000 515 5073 quia
542 5000 707 5056 facile
739 5008 825 5056 est
874 5003 984 5058 Deo
1034 5010 1294 5074 praestare
1330 5004 1573 5061 ﬁdeliter
1610 5008 1820 5076 petenti
1881 5024 2000 5065 me-

380 5090 588 5157 delam,
622 5090 802 5166 pergit
830 5093 897 5146 ad
930 5093 1169 5163 puellam
1196 5112 1209 5149 :
1243 5101 1298 5150 et
1321 5095 1517 5151 volens
1565 5096 1856 5153 diabolicae
1884 5116 2000 5155 ma-

384 5179 516 5235 litia:
543 5178 909 5250 comprimere
940 5174 1153 5249 dolum,
1190 5184 1473 5240 sudarium
1499 5200 1657 5240 suum
1692 5187 1925 5257 projecit
1946 5189 2003 5244 in

386 5268 624 5325 furentis
654 5268 857 5339 puella:
886 5271 1108 5326 collum.
1147 5273 1300 5329 Tunc
1338 5290 1469 5331 vero
1495 5274 1769 5344 potuisses
1796 5277 1990 5333 au‘dire

380 5360 682 5419 horribiles
728 5360 881 5417 vices
906 5363 1245 5434 daemonum,
1274 5382 1435 5423 servo
1465 5368 1558 5423 Dei
1594 5369 1649 5423 in
1684 5369 1805 5426 haec
1832 5372 1998 5430 verba

380 5449 866 5522 exprobrantium:
912 5472 937 5503 α
980 5452 1020 5507 0
1050 5454 1410 5509 transmarine
1432 5454 1636 5523 incola,
1667 5473 1779 5514 non
1818 5462 1999 5530 potuit

377 5550 434 5600 te
488 5542 768 5599 sustinere
812 5543 989 5614 patria
1047 5549 1161 5611 tua,
1202 5545 1295 5617 qui
1335 5546 1536 5601 venisti
1588 5549 1695 5605 huc
1746 5567 1997 5622 quaerere

374 5631 576 5695 aliena,
611 5635 665 5685 et
698 5645 802 5686 nos
832 5629 1110 5700 expellere
1140 5630 1210 5685 de
1240 5632 1469 5704 regione
1510 5642 1714 5691 nostra.
1747 5657 1771 5689 ι)
1813 5638 1994 5695 Disci-

374 5719 537 5793 pulus
561 5720 781 5788 Christi,
832 5720 1191 5790 vilipendens
1222 5722 1341 5777 haec
1400 5722 1609 5780 inimici
1643 5727 1995 5799 improperia,

2102 4643 2452 4706 peccatorum
2481 4637 2834 4692 obscuritate.
2879 4637 3142 4709 Exemplo
3200 4636 3269 4692 ad
3300 4652 3399 4693 eor
3440 4654 3712 4705 reversus,

2101 4735 2157 4783 et
2183 4728 2527 4800 paenitudine
2558 4727 2903 4800 praecordiali
2934 4735 3319 4799 compunctus,
3363 4727 3429 4783 ad
3459 4728 3715 4785 satisfac-

2101 4820 2358 4876 ciéndum
2407 4820 2733 4891 episcopum
2790 4818 3029 4875 cucurrit
3070 4819 3421 4891 quantocius,
3462 4836 3526 4875 se
3566 4835 3716 4875 reum

2100 4928 2223 4968 esse
2276 4918 2560 4984 potestans
2619 4911 2820 4967 amaris
2881 4910 3124 4971 ﬂetibus.
3167 4926 3227 4966 se
3291 4910 3491 4967 merito
3545 4927 3720 4967 exce—

2102 5008 2281 5057 catum
2322 5015 2445 5056 esse
2506 4997 2778 5056 confitens
2841 4999 3163 5070 lacrymosis
3228 4998 3541 5071 questibus.
3600 5000 3718 5069 llle,

2103 5089 2198 5162 qui
2242 5089 2511 5145 didicerat
2552 5104 2584 5143 a
2638 5087 2897 5160 magistro
2930 5103 3161 5143 summa;
3224 5086 3512 5157 bonitatis,
3553 5090 3718 5143 etiam

2103 5183 2349 5239 inimicis
2399 5199 2522 5239 esse
2569 5182 3052 5250 benefaciendum,
3093 5192 3149 5238 et
3186 5197 3288 5254 pro
3330 5181 3722 5255 persequenti-

2093 5275 2199 5331 bus
2237 5283 2292 5330 et
2335 5274 2802 5331 calumniantibus
2848 5286 2948 5330 nos
3016 5288 3140 5329 esse
3196 5274 3468 5330 orandum
3504 5274 3718 5345 (Matth.

2097 5369 2171 5440 v),
2206 5368 2315 5423 cito
2340 5376 2395 5424 et
2421 5366 2856 5423 misericorditer
2893 5365 3124 5422 indulsit
3156 5366 3451 5438 poenitenti
3485 5374 3716 5422 reatum.

2099 5460 2181 5528 Et,
2210 5459 2510 5531 providens
2558 5458 2608 5514 ei
2652 5458 2943 5531 utriusque
2988 5458 3232 5514 hominis
3282 5457 3547 5529 salutem,
3578 5474 3719 5532 aqua

2099 5546 2396 5603 benedicta
2437 5561 2566 5603 eum
2613 5545 2879 5618 perfudit,
2931 5553 2987 5601 et
3025 5545 3151 5602 oleo
3194 5561 3349 5603 sacro
3377 5549 3575 5604 oculos
3601 5548 3719 5619 ejus

2100 5642 2374 5716 perunxit,
2408 5649 2464 5699 et
2495 5643 2568 5699 ita
2613 5642 2666 5717 ei
2715 5641 3013 5715 pristinum
3068 5641 3245 5697 visum
3296 5642 3564 5711 restituit,
3622 5656 3717 5714 pro

2101 5730 2342 5790 admissa
2364 5737 2547 5789 tamen
2579 5731 2888 5791 temeritate
2914 5745 3217 5803 congruum
3249 5730 3566 5801 paenitendi
3599 5743 3719 5785 mo-
