3960 6198
209 303 310 355 741

1590 303 1734 358 νιΤΑ
1777 305 1829 357 S.
1875 303 2201 360 MACLOVII.

3445 311 3550 368 742

208 429 344 484 dum
378 427 596 484 indixit.
623 429 760 494 Dux,
784 429 979 485 videns
1008 435 1060 485 et
1091 430 1286 486 anima:
1312 437 1368 486 et
1397 432 1612 502 corpori
1635 431 1825 486 utilem
1855 438 1905 502 Α
1931 433 2096 487 maris
2127 474 2140 500 ,
2196 434 2581 489 absorberetur
2655 435 2710 489 in
2789 438 3117 507 profundum
3194 441 3551 502 Abstulerunt

208 537 337 576 esse
370 537 525 575 suam
569 521 1026 588 satisfactionem,
1057 523 1307 577 ecclesiae
1336 523 1431 578 Dei
1466 538 1575 578 non
1610 539 1830 593 parvam

205 612 490 687 delegavit
529 621 796 668 terrarum
839 615 1236 681 litereditatem,
1269 621 1324 668 et
1363 615 1643 685 c0piosam
1678 615 1733 668 in
1773 631 1830 669 re

209 705 459 776 mancipi
483 707 716 761 contulit
747 706 1216 762 benedictionem.
1239 707 1447 762 Deinde
1475 706 1653 778 quoad
1678 707 1830 772 vixit,

202 820 428 858 servum
475 805 568 858 Dei
612 805 686 859 uti
731 812 941 875 patrem
996 804 1145 858 ﬁlius
1175 804 1340 860 unico
1385 819 1569 859 amore
1619 803 1828 866 dilexit,

201 891 371 963 eique
417 893 647 964 suisque
708 899 862 948 tutor
901 903 954 948 et
985 894 1204 962 adjutor
1233 903 1580 964 opportunus
1623 891 1722 947 fuit
1776 892 1832 946 in

204 981 490 1036 omnibus.

815 1068 1022 1125 CAPUT
1056 1071 1236 1126 XVIII.

276 1157 366 1212 Sic
398 1156 664 1228 antiquus
698 1157 872 1212 hostis
912 1159 1016 1213 hoc
1074 1160 1250 1229 primo
1305 1175 1610 1234 congressu
1658 1159 1834 1214 victus

199 1250 481 1315 discessit,
514 1249 610 1303 sed
643 1264 755 1303 non
784 1249 1113 1322 defatigatus
1141 1249 1328 1304 cessit.
1349 1250 1500 1305 Sicut
1527 1250 1673 1304 enim
1702 1250 1830 1304 olim

197 1343 307 1415 ipsi
351 1341 589 1396 Domino
623 1357 959 1414 congressus
997 1344 1206 1411 (Matth.
1277 1341 1379 1414 tv),
1435 1358 1544 1398 non
1604 1342 1835 1396 recessit

199 1436 379 1506 prima
412 1436 719 1491 tentationc
750 1437 950 1504 victus,
992 1438 1088 1491 sed
1121 1439 1366 1492 secundo
1400 1445 1451 1492 et
1487 1439 1647 1493 tertio
1674 1453 1823 1491 arma

198 1536 514 1584 restaurare
561 1538 644 1585 est
696 1547 897 1586 ausus:
961 1532 1016 1585 in
1077 1533 1255 1603 prima
1308 1549 1528 1605 quoque
1577 1531 1823 1588 Maclovii

195 1618 431 1673 victoria
464 1634 573 1673 non
627 1619 836 1674 destitit
878 1637 908 1674 a
935 1621 1050 1674 suis
1098 1621 1390 1676 conatibus
1444 1621 1551 1675 dux
1584 1621 1828 1688 Hailoch,

196 1708 293 1780 qui
353 1723 413 1762 se
473 1715 647 1763 totum
693 1709 975 1764 humiliter
1047 1710 1407 1765 inclinaverat
1465 1711 1531 1765 ad
1582 1711 1828 1766 Maclovii

195 1799 584 1871 obsequelam,
641 1808 693 1854 et
726 1817 822 1870 pro
855 1801 973 1869 ejus
1021 1803 1195 1873 gratia
1248 1819 1306 1856 se
1363 1809 1532 1857 totum
1579 1809 1831 1873 potenter

195 1897 451 1943 erexerat
481 1889 547 1942 ad
582 1889 839 1944 Ecclesiae
873 1891 965 1944 Dei
999 1891 1245 1959 tutelam,
1282 1899 1572 1963 postquam
1611 1892 1820 1966 ingres-

196 1996 296 2034 sus
330 1987 414 2034 est
441 1982 714 2036 universa}
749 1982 932 2036 carnis
959 1984 1126 2051 viam,
1156 1993 1331 2039 morte
1357 2001 1452 2039 sua
1481 1986 1658 2039 locum
1698 1984 1828 2039 fecit

197 2071 414 2143 iniquis
471 2073 823 2143 opprimendi
867 2075 1182 2130 Ecclesiam.
1228 2075 1475 2131 Surrexit
1513 2077 1660 2131 enim
1703 2083 1825 2146 post

198 2177 323 2216 eum
347 2161 517 2231 impia
536 2163 844 2232 generatio,
865 2179 986 2232 quae
1014 2179 1204 2217 aversa
1230 2164 1371 2218 facie
1388 2181 1416 2218 a
1441 2165 1572 2231 Deo,
1599 2164 1830 2220 descivit

201 2250 426 2320 penitus
467 2267 496 2304 a
521 2251 867 2306 rectitudinis
894 2252 1146 2307 consilio.
1176 2253 1308 2308 Hinc
1341 2262 1536 2308 nactus
1565 2264 1829 2325 Opportu-

199 2339 427 2393 nitatem
463 2339 738 2405 diabolus,
796 2347 849 2394 et
900 2342 1101 2396 talibus
1146 2350 1307 2397 utens
1363 2343 1714 2410 officialibus,
1773 2345 1828 2397 in

199 2433 379 2487 virum
425 2433 517 2487 Dei
583 2435 731 2488 mille
794 2435 1096 2490 insurrexit
1166 2439 1394 2492 artibus.
1468 2438 1587 2493 Filii
1647 2440 1830 2511 itaque

202 2526 377 2580 Belial
426 2526 746 2581 Maclovium
783 2528 1109 2585 infestantes
1138 2531 1460 2584 exsecrabili
1490 2531 1641 2597 odio,
1677 2532 1833 2587 inve-

209 2618 491 2674 hebantur
551 2622 603 2675 in
657 2637 781 2676 eum
825 2623 1135 2690 hujusmodi
1180 2625 1466 2679 convicio:
1537 2624 1688 2691 Quis,
1748 2625 1833 2678 in-

203 2707 429 2778 quiunt,
490 2708 581 2764 hic
625 2726 794 2781 regno
836 2718 1023 2765 nostro
1065 2711 1350 2782 improbus
1408 2713 1678 2766 successit
1733 2714 1832 2766 ad-

201 2815 368 2865 vena,
421 2801 513 2871 qui
571 2817 970 2873 usquequaque
1023 2803 1184 2858 nobis
1232 2804 1470 2858 concitat
1528 2805 1835 2858 scandala?

205 2893 308 2959 Qui
344 2901 430 2946 est
478 2892 579 2946 iste
615 2893 788 2962 pellax
836 2895 1194 2965 sycophanta,
1243 2895 1336 2966 qui
1382 2895 1664 2950 blanditiis
1721 2897 1836 2951 suis

209 2984 454 3036 humana
483 2998 514 3035 a
542 2997 600 3035 se
640 2982 843 3036 alienat
881 2983 1144 3053 pectora?
1189 2984 1322 3049 Quis
1354 2985 1454 3038 iste
1485 2993 1570 3039 est
1599 2986 1837 3055 cupidus

209 3073 572 3143 lueredipeta,
597 3074 688 3145 qui
723 3091 787 3128 ex
816 3075 1023 3130 nOstris
1051 3075 1417 3130 incommodis
1435 3093 1536 3132 sua
1565 3077 1654 3132 hic
1685 3093 1838 3133 com-

212 3168 403 3233 parrat
462 3163 790 3217 commoda?
849 3161 977 3217 Cum
1039 3165 1304 3234 apostolis
1357 3172 1410 3227 et
1463 3166 1834 3236 apostolorum

212 3254 639 3310 successoribus
684 3255 820 3309 nihil
873 3256 926 3309 in
961 3263 1104 3311 terra
1161 3258 1229 3311 sit
1269 3259 1691 3328 possidendum,
1749 3260 1838 3315 hic

210 3343 317 3399 sub
373 3343 604 3398 obtentu
642 3346 1004 3416 paupertatis,
1053 3347 1198 3401 velat
1236 3349 1558 3419 cupiditatis
1607 3349 1832 3404 vitium:

207 3443 264 3491 et
317 3436 422 3490 sub
464 3444 731 3506 praetextu
779 3437 1279 3509 eleemosynarum,
1338 3441 1578 3496 avaritiae
1618 3450 1838 3497 exercet

212 3527 652 3583 emolumentum
695 3529 796 3583 sub
831 3529 1060 3585 obtentu
1095 3531 1272 3605 longae
1311 3532 1598 3600 orationis,
1635 3550 1836 3604 exspo-

207 3616 307 3670 liat
334 3616 530 3672 domos
569 3619 878 3673 viduarum.
916 3619 1014 3682 Qui
1045 3621 1231 3675 omnia
1261 3637 1320 3675 se
1355 3637 1452 3692 pro
1506 3621 1719 3678 Christo
1751 3639 1836 3677 re-

209 3703 445 3775 liquisse
494 3707 776 3775 mentitur,
818 3716 873 3763 et
929 3709 1115 3763 omnia
1155 3725 1214 3764 se
1273 3710 1326 3764 in
1387 3709 1596 3766 Christo
1631 3711 1836 3767 habere

214 3794 504 3868 gloriatur,
541 3813 645 3853 nos
678 3807 733 3854 et
771 3798 914 3854 filios
944 3809 1165 3856 nostros
1194 3801 1527 3867 exbaeredat,
1563 3809 1618 3857 et
1656 3803 1836 3858 haere-

214 3889 422 3944 ditates
476 3900 688 3947 nostras
717 3892 823 3946 sibi
857 3893 1044 3963 ,avide
1089 3901 1271 3965 captat
1340 3895 1439 3960 Qui
1499 3911 1596 3949 sua
1639 3911 1700 3950 se
1727 3911 1836 3952 non

214 3997 412 4036 curare
467 3982 710 4051 simulat,
779 4000 876 4039 cur
924 3985 1106 4040 aliena
1164 3985 1490 4057 dispensat?
1535 3985 1680 4040 Nihil
1710 4003 1840 4062 ergo

212 4070 379 4125 nobis
419 4071 596 4146 magis
627 4073 782 4144 utile,
814 4091 977 4145 quam
1019 4075 1131 4143 jam
1158 4075 1386 4148 jamque
1427 4076 1628 4132 nostris
1681 4075 1841 4132 fessis

209 4165 386 4220 rebus
440 4169 729 4223 consulere
770 4177 822 4224 et
853 4170 999 4225 hunc
1041 4171 1202 4246 longe
1234 4188 1264 4226 a
1314 4187 1485 4246 regno
1517 4181 1707 4228 nostro
1739 4188 1834 4227 ex-

211 4259 462 4326 turbare,
505 4267 557 4314 et
591 4261 944 4317 hereditates
982 4263 1182 4332 injuste
1221 4263 1472 4319 ecclesiis
1498 4266 1838 4338 mancipatas

211 4349 414 4402 iterum
455 4365 748 4422 occupare.
802 4353 1085 4425 Siquidem
1121 4355 1284 4410 nobis
1346 4362 1400 4410 et
1453 4355 1582 4410 filiis
1637 4358 1838 4413 nostris

1932 524 2092 578 etiam
2129 540 2303 595 equos
2339 541 2468 580 suos
2497 536 2687 582 sancto
2727 528 2863 592 viro,
2903 547 2970 584 ne
3027 533 3101 585 illi
3135 543 3319 602 posset
3359 535 3550 591 adesse

1933 615 2196 669 subsidio.
2243 615 2424 670 Solam
2458 616 2721 687 episcopo
2772 619 3112 688 reliquerunt
3169 639 3363 693 equam
3399 626 3553 680 testi-

1935 714 2147 760 mantes
2175 722 2232 760 se
2259 724 2358 778 per
2380 709 2485 762 hoc
2516 709 2564 762 ei
2599 708 2782 763 facere
2807 710 3083 780 injuriam,
3104 712 3148 765 si
3173 713 3333 768 vilem
3355 732 3553 771 ascen-

1935 798 2089 853 deret
2119 815 2340 870 equam.
2375 799 2668 862 Sacerdos,
2701 802 2848 873 quod
2879 803 3054 857 solum
3085 806 3280 874 potuit,
3328 809 3550 876 pericli-

1935 891 2069 944 tanti
2123 891 2326 946 famulo
2400 893 2610 948 orando
2669 893 2871 948 adfuit:
2943 896 3304 967 Omnipotens
3373 901 3551 954 oranti

1935 979 2198 1050 episc0po
2227 996 2336 1036 non
2359 979 2565 1045 abfuit;
2599 982 2756 1050 cujus
2799 983 2906 1037 ﬁde
2938 994 2992 1038 et
3032 987 3279 1040 oratione
3322 987 3432 1054 ille,
3457 989 3550 1059 qui

1937 1065 1993 1120 in
2020 1068 2248 1124 articulo
2290 1069 2480 1124 mortis
2505 1071 2744 1138 jacebat,
2797 1072 3126 1128 mirabiliter
3171 1076 3342 1130 evasit
3410 1077 3552 1131 Nutu

1935 1158 2080 1212 enim
2123 1159 2263 1227 ejus,
2307 1160 2393 1214 cui
2429 1161 2608 1215 omnis
2666 1168 2858 1217 natura
2894 1164 3081 1229 servit,
3127 1165 3374 1236 undique
3427 1167 3553 1220 mil-

1935 1249 2094 1305 liario
2113 1267 2223 1306 uno
2258 1252 2421 1322 longe
2444 1252 2709 1320 ajacente
2741 1254 2949 1324 pistore
2995 1265 3185 1310 aestum
3212 1257 3378 1312 maris
3420 1259 3551 1314 reti-

1936 1343 2077 1407 nuit,
2101 1349 2155 1396 et
2178 1360 2408 1413 puerum
2444 1344 2768 1400 innocenter
2795 1347 2955 1401 morti
2989 1349 3305 1418 Oppositum
3340 1350 3554 1404 contin-

1925 1443 2056 1502 gere
2090 1430 2289 1484 timuit.
2330 1431 2531 1486 Praesul
2563 1449 2692 1505 ergo
2724 1450 2822 1504 pro
2865 1435 2947 1488 sui
2976 1435 3106 1491 odio
3137 1444 3386 1491 vexatum
3419 1437 3542 1492 sine

1926 1539 2080 1578 mora
2110 1526 2306 1580 adiens
2333 1528 2614 1597 pistorem,
2647 1529 2859 1584 invenit
2909 1547 3032 1585 eum
3072 1532 3415 1599 incolumen,
3456 1549 3546 1587 se-

1932 1632 2169 1688 cumque
2195 1620 2411 1675 reduxit
2434 1622 2690 1675 alacrem.

2563 1710 2770 1765 CAPUT
2811 1712 2915 1766 ΧΧ.

2005 1798 2251 1853 Pontifex
2310 1800 2622 1868 Maclovius,
2666 1804 2761 1874 qui
2805 1811 2930 1858 ante
2982 1805 3148 1858 Deum
3194 1813 3247 1860 et
3292 1806 3549 1862 homines

1931 1886 2052 1941 sine
2074 1889 2584 1958 qucrelajustitiam
2613 1901 2799 1946 tenere
2827 1893 3066 1960 volebat,
3101 1895 3330 1964 pusillos
3353 1897 3552 1952 Christi

1927 1976 2065 2030 adeo
2112 1977 2180 2030 ab
2212 1977 2396 2048 impiis
2429 1981 2792 2035 scandalizari
2824 1983 3045 2056 gravius
3085 2001 3248 2055 quam
3279 1985 3385 2040 dici
3422 2003 3549 2056 pos-

1928 2065 1997 2119 sit
2048 2066 2278 2124 ferebat.
2335 2069 2437 2124 Pro
2501 2071 2609 2125 illis
2660 2073 2824 2127 etiam
2866 2074 3171 2146 sacrilegis,
3231 2086 3338 2131 tam
3399 2085 3559 2133 acuto

1934 2154 2179 2210 avaritiae
2211 2157 2434 2212 stimulo
2465 2159 2758 2235 instigatis,
2794 2163 2957 2216 nimis
2976 2163 3216 2232 dolebat,
3247 2183 3386 2236 quos
3409 2167 3554 2238 apud

1933 2245 2104 2300 Deum
2156 2249 2302 2305 nulla
2343 2250 2667 2323 ignorantiae
2709 2255 2990 2310 excusatio
3038 2256 3380 2324 absolvebat,
3413 2274 3558 2329 quos

1932 2339 2185 2394 videntes
2215 2349 2266 2395 et
2301 2343 2550 2397 volentes
2593 2346 2864 2415 cupiditas
2895 2348 2948 2400 in
2991 2365 3238 2418 praeceps
3290 2351 3555 2405 trahebat.

1937 2427 2070 2482 lnde
2111 2429 2258 2483 enim
2294 2447 2529 2502 nequam
2556 2443 2610 2486 et
2638 2433 2866 2488 lividum
2900 2435 3105 2490 invidia
3137 2438 3354 2492 oculum
3386 2439 3554 2493 habe-

1934 2520 2084 2586 bant,
2108 2521 2252 2574 unde
2276 2531 2459 2592 patres
2489 2540 2677 2578 eorum
2704 2525 2838 2580 boni
2871 2525 3105 2582 fuerant.
3135 2529 3320 2584 Patres
3348 2531 3557 2602 quippe

1935 2624 2124 2663 eorum
2159 2622 2381 2679 peccata
2405 2629 2523 2679 sua,
2561 2613 2942 2685 eleemosynas
2981 2616 3256 2680 faciendo,
3293 2619 3552 2674 redeme-

1936 2707 2090 2754 rant:
2134 2702 2244 2767 isti,
2275 2704 2642 2773 eleemosynis
2674 2708 3018 2780 derogando,
3070 2716 3292 2778 peccata
3328 2726 3428 2765 sua
3460 2728 3560 2766 cu-

1937 2793 2294 2849 mulaverant.
2355 2795 2451 2849 llle
2491 2797 2686 2850 doctus
2732 2798 2786 2851 in
2829 2799 3096 2869 patientia
3135 2817 3233 2855 sua
3273 2802 3558 2872 possidere

1937 2883 2174 2939 animam
2217 2903 2406 2940 suam:
2451 2909 2480 2938 α
2519 2889 2597 2953 Si,
2640 2889 2839 2960 inquit,
2873 2891 3138 2947 Dominus
3189 2910 3347 2948 meus
3400 2895 3558 2951 Jesus

1938 2971 2202 3044 fugiendo
2255 2976 2550 3033 declinavit
2587 2979 2901 3035 .Iudreorum
2957 2983 3272 3053 perfidiam,
3317 3001 3415 3040 cur
3457 3003 3560 3059 ego

1937 3065 2308 3124 homunculus
2353 3085 2462 3124 non
2527 3071 2762 3126 devitem
2827 3073 3080 3130 cedendo
3139 3075 3363 3131 istorum
3408 3078 3560 3133 mali—

1940 3153 2112 3207 tiam?
2143 3155 2281 3210 Ecce
2308 3157 2436 3228 quia
2481 3158 2569 3213 isti
2613 3167 2670 3214 ut
2703 3161 2896 3231 vulpes
2930 3161 3116 3217 foveas
3147 3163 3474 3232 dolositatis,
3507 3177 3562 3222 et

1939 3253 1998 3299 ut
2023 3247 2275 3302 volucres
2306 3249 2509 3303 habent
2541 3249 2702 3306 nidos
2727 3252 3006 3320 vanitatis,
3039 3263 3092 3308 et
3140 3270 3242 3310 nos
3271 3272 3392 3311 cum
3424 3257 3560 3314 Filio

1939 3337 2177 3394 hominis
2211 3355 2318 3395 non
2344 3342 2631 3410 habemus,
2660 3345 2751 3398 ubi
2786 3356 2950 3416 caput
2992 3348 3325 3403 reclinemus
3365 3350 3419 3404 in
3453 3350 3561 3405 illis

1937 3429 2111 3500 (Joan.
2169 3448 2262 3486 vui
2304 3438 2352 3488 et
2390 3436 2520 3505 xu);
2569 3462 2580 3480 -
2639 3437 2922 3504 cedamus,
2951 3446 3006 3493 et
3043 3441 3392 3496 occasionem
3429 3459 3560 3514 pec-

1937 3522 2098 3575 candi
2139 3522 2192 3575 in
2227 3539 2350 3590 nos,
2405 3526 2600 3580 saltem
2655 3526 2918 3599 fugiendo
2951 3530 3226 3586 tollamus.
3262 3532 3558 3588 Excutien-

1938 3617 2040 3670 dus
2079 3626 2163 3672 est
2203 3619 2381 3688 pulvis
2425 3621 2493 3675 de
2546 3622 2783 3692 pedibus
2839 3625 3040 3678 nostris
3073 3625 3127 3679 in
3188 3628 3561 3685 testimonium

1939 3708 2070 3763 illis.
2104 3709 2188 3771 Et,
2224 3711 2356 3781 quia
2383 3727 2491 3766 non
2524 3720 2652 3766 sunt
2684 3713 2774 3767 hic
2796 3712 2891 3767 filii
2925 3716 3098 3784 pacis,
3124 3718 3266 3788 apud
3289 3735 3428 3789 quos
3459 3737 3561 3791 pax

1939 3797 2133 3854 Christi
2167 3801 2498 3872 requiescat,
2535 3819 2633 3873 pax
2667 3813 2850 3858 nostra
2878 3805 2945 3858 ad
2980 3822 3079 3860 nos
3111 3808 3298 3862 redeat
3342 3813 3557 3880 (Matth.

1938 3889 2007 3950 χ).
2054 3888 2282 3952 Quando
2342 3891 2476 3944 dixit
2528 3891 2796 3946 Dominus
2864 3899 3052 3947 noster
3111 3893 3300 3949 Jesus:
3347 3917 3371 3947 α
3429 3898 3560 3953 Cum

1942 3985 2242 4052 persecuti,
2266 4001 2364 4040 vos
2388 3984 2592 4039 fuerint
2619 3985 2671 4040 in
2706 3986 2925 4040 civitate
2948 3987 3068 4053 ista,
3100 3987 3272 4062 fugite
3313 3989 3369 4044 in
3397 3992 3561 4048 aliam

1939 4073 2152 4140 (ibid.);
2189 4098 2210 4118 η
2239 4074 2492 4144 prawidit
2514 4073 2760 4144 profecto
2778 4075 2921 4130 hanc
2946 4075 3188 4148 fugiendi
3207 4080 3556 4136 occasionem

1941 4165 2277 4236 quandoque
2309 4167 2469 4221 nobis
2501 4166 2896 4222 incutiendam.
2928 4169 3164 4239 Agamus
3199 4169 3406 4242 itaque,
3451 4173 3561 4228 fra-

1939 4260 2072 4321 tres,
2105 4255 2404 4322 instanter;
2437 4256 2715 4324 cedamus,
2775 4273 2984 4328 quwso,
3031 4257 3320 4328 patienter.
3377 4263 3452 4316 lta
3481 4263 3564 4318 vir

1940 4349 2066 4419 pius
2097 4358 2411 4405 exsecratus
2471 4351 2618 4405 illam
2648 4351 2945 4422 pessimam
3000 4353 3439 4427 generationem,
3474 4355 3561 4409 in-

211 4441 353 4496 nihil
380 4442 578 4514 reliqui
613 4443 762 4512 fecit,
823 4445 913 4517 qui
938 4446 1042 4500 sibi
1075 4447 1260 4502 omnia
1309 4454 1492 4503 nostra
1536 4450 1834 4522 usurpavit.
1865 4427 1922 4494 D
1943 4445 2065 4499 tulit
2095 4445 2203 4499 illis
2229 4446 2480 4501 meritam
2512 4448 2980 4515 maledictionem,
3011 4449 3140 4520 quia
3168 4449 3563 4520 elongaverant

215 4531 403 4587 Solam
436 4549 591 4605 spem
627 4534 936 4592 futurorum
977 4539 1139 4594 nobis
1164 4539 1340 4610 pretio
1373 4540 1620 4595 omnium
1653 4557 1835 4597 rerum

212 4630 530 4678 nostrarum
597 4628 805 4694 vendit,
858 4645 1086 4700 quarum
1156 4629 1557 4686 usumfructum
1607 4632 1722 4703 ipse
1781 4633 1836 4688 in

211 4717 634 4784 praesentiarum
678 4721 840 4791 capit.
901 4722 1057 4792 Saepe
1086 4721 1424 4778 lacessentes
1465 4733 1711 4780 sanctum
1753 4726 1836 4780 vi-

212 4827 336 4866 rum
369 4821 475 4866 tam
509 4811 792 4881 injuriosis
821 4813 1243 4880 invectionibus,
1295 4816 1442 4872 omni
1476 4833 1683 4891 genere
1710 4833 1836 4889 per-

213 4903 523 4958 secutionis
567 4920 694 4958 eum
726 4913 1071 4976 exasperant,
1105 4913 1162 4962 et
1216 4907 1470 4962 homines
1520 4909 1642 4978 ejus
1678 4910 1838 4964 szevis

210 4993 547 5049 verberibus
575 5001 936 5052 tormentant:
969 4997 1119 5052 omni
1149 5014 1328 5053 rerum
1362 4999 1674 5071 direptione
1718 5017 1837 5057 om-

212 5087 350 5142 nino
381 5087 678 5144 Ecclesiam
719 5091 812 5147 Dei
843 5091 1147 5147 devastant.

853 5182 1060 5238 CAPUT
1090 5184 1220 5238 XIX.

287 5268 656 5343 Quamgravis
683 5277 736 5324 et
767 5271 1136 5327 intolerabilis
1165 5274 1283 5330 haec
1310 5273 1622 5344 persecutio
1642 5273 1833 5344 fuerit,

213 5374 282 5412 ex
327 5373 443 5414 uno
497 5357 706 5413 adverti
755 5359 977 5430 poterit.
1046 5360 1312 5417 Pistorem
1371 5362 1512 5431 ejus,
1564 5363 1832 5420 vocabulo

211 5449 448 5518 Riman,
515 5449 718 5518 injuste
766 5451 1268 5522 comprehensum,
1323 5453 1551 5528 indigne
1601 5470 1830 5522 caesum,

208 5542 474 5598 vimineis
534 5541 768 5597 vinculis
819 5543 1234 5615 quadrupedem
1297 5547 1698 5612 constrictum,
1773 5557 1832 5604 ut

209 5631 369 5686 nullo
402 5636 598 5702 posset
621 5629 797 5697 juvari
825 5630 1012 5688 ofﬁcio
1059 5633 1452 5698 membrorum,
1485 5651 1656 5707 super
1682 5636 1831 5708 ripas

208 5723 380 5779 maris
434 5719 787 5790 reliquerunt
834 5722 1032 5789 solum,
1094 5731 1173 5790 ut,
1223 5727 1650 5795 superveniente
1694 5734 1829 5784 aestu

1939 4551 1970 4587 a
1999 4550 2060 4588 se
2086 4534 2560 4589 benedictionem.
2583 4536 2674 4591 Sic
2701 4535 2914 4605 Moyses
2933 4536 3024 4591 ille
3051 4537 3560 4610 mitissimussuper

1938 4637 2132 4686 omnes
2186 4624 2439 4679 homines
2505 4625 2598 4696 qui
2639 4625 3000 4680 morabantur
3066 4626 3122 4680 in
3162 4634 3306 4681 terra
3366 4629 3553 4697 (Num.

1937 4700 2117 4780 cxxI);
2168 4712 2249 4767 sic
2292 4712 2482 4779 Isaias,
2537 4713 2617 4767 sic
2671 4713 2958 4779 Jeremias,
3020 4713 3215 4770 oﬂensi
3279 4717 3558 4773 cervicosa

1939 4807 2138 4881 ingrati
2171 4807 2359 4878 pepuli
2389 4807 2615 4875 duritia,
2646 4807 3033 4882 obligaverunt
3060 4825 3157 4865 eos
3203 4811 3554 4868 devotatione

1939 4897 2198 4968 pessima,
2228 4897 2436 4953 scilicet
2478 4898 2841 4968 imprecantes
2869 4907 3094 4970 propter
3132 4915 3323 4954 eorum
3359 4901 3555 4973 imptu-

1945 4988 2254 5056 nitentiam,
2283 5005 2351 5043 ne
2378 4989 2685 5044 attenderet
2724 4989 2866 5044 Deus
2893 5005 3080 5044 eorum
3113 5000 3238 5046 vota
3265 4993 3352 5047 vel
3384 4994 3556 5049 sacri-

1943 5075 2085 5131 ficia.
2118 5077 2332 5132 Eliseus
2361 5078 2563 5149 quippe
2605 5076 2932 5131 insultantes
2985 5078 3092 5132 sibi
3148 5096 3351 5150 pueros
3389 5081 3558 5138 male-

1943 5168 2099 5235 dixit,
2124 5176 2178 5223 et
2198 5169 2607 5224 maledictionis
2634 5184 2815 5240 poenae
2833 5185 2930 5223 eos
2951 5169 3162 5225 addixit
3193 5171 3296 5240 (IV
3313 5174 3440 5241 Reg.
3472 5175 3553 5244 ιι).

1941 5261 2079 5326 Quid
2108 5261 2176 5316 de
2207 5262 2554 5317 dominorum
2595 5261 2824 5316 Domino
2870 5261 3068 5324 dicam,
3105 5263 3198 5334 qui
3230 5263 3286 5316 in
3321 5263 3557 5320 ficulnea

1937 5361 2166 5423 prepter
2224 5353 2676 5409 infecunditatem
2707 5354 2826 5423 ejus
2857 5370 2885 5407 a
2917 5369 2974 5408 se
3006 5355 3321 5423 maledicta,
3352 5363 3406 5411 et
3433 5373 3556 5413 are-

1933 5445 2077 5499 facta
2102 5447 2298 5502 (Matth
2349 5451 2477 5505 χχι).
2523 5445 2863 5501 devotationi
2909 5445 3148 5514 subjecit
3179 5447 3401 5520 dignam
3434 5465 3554 5503 ma-

1931 5538 2228 5593 ledictione
2266 5538 2580 5593 Judmorum
2613 5536 2946 5608 perﬁdiam?
2986 5539 3096 5594 Hoc
3139 5540 3392 5609 exemplo
3429 5541 3557 5594 bea-

1932 5643 2020 5689 tus
2051 5633 2346 5688 Maclovius
2401 5632 2684 5690 maledixit
2718 5633 2852 5696 suis,
2912 5642 2972 5689 ut
3027 5633 3211 5689 traditi
3259 5640 3463 5688 satana:
3497 5633 3552 5685 in

1931 5725 2208 5782 interitum
2236 5725 2434 5792 carnis,
2480 5723 2771 5779 animabus
2809 5731 2991 5778 tamen
3036 5738 3224 5778 eorum
3280 5723 3550 5774 reservata
