  <div class='ocr_page' id='page_1' title='image "/cluster/home/n/w/nwhite01/storage/ocr_20150623/160/uva.x000829802/377.png"; bbox 0 0 3960 6198; ppageno 0'>
   <div class='ocr_carea' id='block_1_1' title="bbox 402 276 508 333">
    <p class='ocr_par' dir='ltr' id='par_1_1' title="bbox 402 276 508 333">
     <span class='ocr_line' id='line_1_1' title="bbox 402 276 508 333; baseline 0.009 -3"><span class='ocrx_word' id='word_1_1' title='bbox 402 276 508 333; x_wconf 80' lang='grc'>’743</span> 
     </span>
    </p>
   </div>
   <div class='ocr_carea' id='block_1_2' title="bbox 1595 263 2506 322">
    <p class='ocr_par' dir='ltr' id='par_1_2' title="bbox 1595 263 2506 322">
     <span class='ocr_line' id='line_1_2' title="bbox 1595 263 2506 322; baseline -0.001 0"><span class='ocrx_word' id='word_1_2' title='bbox 1595 263 1944 322; x_wconf 80' lang='lat' dir='ltr'><strong>SIGEBERTI</strong></span> <span class='ocrx_word' id='word_1_3' title='bbox 1986 263 2506 321; x_wconf 81' lang='lat' dir='ltr'>GEMBLACENSIS.</span> 
     </span>
    </p>
   </div>
   <div class='ocr_carea' id='block_1_3' title="bbox 3646 265 3753 320">
    <p class='ocr_par' dir='ltr' id='par_1_3' title="bbox 3646 265 3753 320">
     <span class='ocr_line' id='line_1_3' title="bbox 3646 265 3753 320; baseline 0 -1"><span class='ocrx_word' id='word_1_4' title='bbox 3646 265 3753 320; x_wconf 70' lang='lat' dir='ltr'>7M</span> 
     </span>
    </p>
   </div>
   <div class='ocr_carea' id='block_1_4' title="bbox 401 390 3753 480">
    <p class='ocr_par' dir='ltr' id='par_1_4' title="bbox 401 390 3753 480">
     <span class='ocr_line' id='line_1_4' title="bbox 401 390 3753 480; baseline -0.005 -18"><span class='ocrx_word' id='word_1_5' title='bbox 401 425 498 480; x_wconf 87' lang='lat' dir='ltr'>spe</span> <span class='ocrx_word' id='word_1_6' title='bbox 527 403 742 470; x_wconf 87' lang='lat' dir='ltr'>salutis,</span> <span class='ocrx_word' id='word_1_7' title='bbox 775 401 1107 457; x_wconf 90' lang='lat' dir='ltr'>desisterent</span> <span class='ocrx_word' id='word_1_8' title='bbox 1150 400 1219 454; x_wconf 91' lang='lat' dir='ltr'>ab</span> <span class='ocrx_word' id='word_1_9' title='bbox 1241 414 1408 470; x_wconf 85' lang='lat' dir='ltr'>Opere</span> <span class='ocrx_word' id='word_1_10' title='bbox 1447 397 1784 470; x_wconf 77' lang='lat' dir='ltr'>iniquitatis;</span> <span class='ocrx_word' id='word_1_11' title='bbox 1817 405 1872 452; x_wconf 91' lang='lat' dir='ltr'>et</span> <span class='ocrx_word' id='word_1_12' title='bbox 1929 395 2022 467; x_wconf 90' lang='lat' dir='ltr'>qui</span> <span class='ocrx_word' id='word_1_13' title='bbox 2051 398 2100 465; x_wconf 86' lang='grc' dir='ltr'>Α</span> <span class='ocrx_word' id='word_1_14' title='bbox 2128 394 2254 450; x_wconf 88' lang='lat' dir='ltr'>imis</span> <span class='ocrx_word' id='word_1_15' title='bbox 2282 394 2590 450; x_wconf 81' lang='lat' dir='ltr'>visceribus</span> <span class='ocrx_word' id='word_1_16' title='bbox 2618 392 2938 465; x_wconf 81' lang='lat' dir='ltr'>pestiferum</span> <span class='ocrx_word' id='word_1_17' title='bbox 2969 391 3120 448; x_wconf 90' lang='lat' dir='ltr'>virus</span> <span class='ocrx_word' id='word_1_18' title='bbox 3156 391 3306 458; x_wconf 89' lang='lat' dir='ltr'>elici,</span> <span class='ocrx_word' id='word_1_19' title='bbox 3361 399 3418 446; x_wconf 91' lang='lat' dir='ltr'>et</span> <span class='ocrx_word' id='word_1_20' title='bbox 3455 390 3528 445; x_wconf 88' lang='lat' dir='ltr'>ad</span> <span class='ocrx_word' id='word_1_21' title='bbox 3567 390 3753 446; x_wconf 90' lang='lat' dir='ltr'>locum</span> 
     </span>
    </p>
   </div>
   <div class='ocr_carea' id='block_1_5' title="bbox 402 484 2028 567">
    <p class='ocr_par' dir='ltr' id='par_1_5' title="bbox 402 484 2028 567">
     <span class='ocr_line' id='line_1_5' title="bbox 402 484 2028 567; baseline -0.009 -16"><span class='ocrx_word' id='word_1_22' title='bbox 402 502 628 567; x_wconf 78' lang='lat' dir='ltr'>propter</span> <span class='ocrx_word' id='word_1_23' title='bbox 686 491 938 546; x_wconf 78' lang='lat' dir='ltr'>duritiam</span> <span class='ocrx_word' id='word_1_24' title='bbox 996 489 1178 544; x_wconf 82' lang='lat' dir='ltr'>cordis</span> <span class='ocrx_word' id='word_1_25' title='bbox 1233 489 1318 543; x_wconf 91' lang='lat' dir='ltr'>sui</span> <span class='ocrx_word' id='word_1_26' title='bbox 1374 489 1882 542; x_wconf 86' lang='lat' dir='ltr'>thesaurizaverant</span> <span class='ocrx_word' id='word_1_27' title='bbox 1920 484 2028 544; x_wconf 80' lang='lat' dir='ltr'>sibi</span> 
     </span>
    </p>
   </div>
   <div class='ocr_carea' id='block_1_6' title="bbox 407 575 2028 650">
    <p class='ocr_par' dir='ltr' id='par_1_6' title="bbox 407 575 2028 650">
     <span class='ocr_line' id='line_1_6' title="bbox 407 575 2028 650; baseline -0.007 -10"><span class='ocrx_word' id='word_1_28' title='bbox 407 586 500 640; x_wconf 87' lang='lat' dir='ltr'>Dei</span> <span class='ocrx_word' id='word_1_29' title='bbox 520 585 678 648; x_wconf 92' lang='lat' dir='ltr'>iram,</span> <span class='ocrx_word' id='word_1_30' title='bbox 708 584 930 638; x_wconf 79' lang='lat' dir='ltr'>tandem</span> <span class='ocrx_word' id='word_1_31' title='bbox 962 580 1192 635; x_wconf 89' lang='lat' dir='ltr'>emolliti</span> <span class='ocrx_word' id='word_1_32' title='bbox 1215 596 1313 650; x_wconf 90' lang='lat' dir='ltr'>per</span> <span class='ocrx_word' id='word_1_33' title='bbox 1344 577 1754 649; x_wconf 71' lang='lat' dir='ltr'>pcrnitentiam,</span> <span class='ocrx_word' id='word_1_34' title='bbox 1784 575 2028 632; x_wconf 77' lang='lat' dir='ltr'>reconci-</span> 
     </span>
    </p>
   </div>
   <div class='ocr_carea' id='block_1_7' title="bbox 408 670 1354 730">
    <p class='ocr_par' dir='ltr' id='par_1_7' title="bbox 408 670 1354 730">
     <span class='ocr_line' id='line_1_7' title="bbox 408 670 1354 730; baseline -0.006 -2"><span class='ocrx_word' id='word_1_35' title='bbox 408 674 607 730; x_wconf 89' lang='lat' dir='ltr'>liarent</span> <span class='ocrx_word' id='word_1_36' title='bbox 632 672 738 726; x_wconf 89' lang='lat' dir='ltr'>sibi</span> <span class='ocrx_word' id='word_1_37' title='bbox 771 671 862 726; x_wconf 89' lang='lat' dir='ltr'>Dei</span> <span class='ocrx_word' id='word_1_38' title='bbox 897 670 1354 725; x_wconf 89' lang='lat' dir='ltr'>misericordiam.</span> 
     </span>
    </p>
   </div>
   <div class='ocr_carea' id='block_1_8' title="bbox 1025 763 1394 817">
    <p class='ocr_par' dir='ltr' id='par_1_8' title="bbox 1025 763 1394 817">
     <span class='ocr_line' id='line_1_8' title="bbox 1025 763 1394 817; baseline -0.005 -1"><span class='ocrx_word' id='word_1_39' title='bbox 1025 763 1230 817; x_wconf 76' lang='lat' dir='ltr'>CAPUT</span> <span class='ocrx_word' id='word_1_40' title='bbox 1263 763 1394 816; x_wconf 78' lang='lat' dir='ltr'><strong>XXI.</strong></span> 
     </span>
    </p>
   </div>
   <div class='ocr_carea' id='block_1_9' title="bbox 477 851 2022 930">
    <p class='ocr_par' dir='ltr' id='par_1_9' title="bbox 477 851 2022 930">
     <span class='ocr_line' id='line_1_9' title="bbox 477 851 2022 930; baseline -0.005 -17"><span class='ocrx_word' id='word_1_41' title='bbox 477 859 614 930; x_wconf 85' lang='lat' dir='ltr'>Ergo</span> <span class='ocrx_word' id='word_1_42' title='bbox 659 873 757 928; x_wconf 90' lang='lat' dir='ltr'>per</span> <span class='ocrx_word' id='word_1_43' title='bbox 785 856 1042 911; x_wconf 88' lang='lat' dir='ltr'>scandala</span> <span class='ocrx_word' id='word_1_44' title='bbox 1074 855 1366 925; x_wconf 90' lang='lat' dir='ltr'>impiorum</span> <span class='ocrx_word' id='word_1_45' title='bbox 1426 853 1688 925; x_wconf 91' lang='lat' dir='ltr'>expulsus</span> <span class='ocrx_word' id='word_1_46' title='bbox 1715 869 1745 907; x_wconf 90' lang='lat' dir='ltr'>a</span> <span class='ocrx_word' id='word_1_47' title='bbox 1774 867 1874 907; x_wconf 92' lang='lat' dir='ltr'>suo</span> <span class='ocrx_word' id='word_1_48' title='bbox 1902 851 2022 922; x_wconf 91' lang='lat' dir='ltr'>epi-</span> 
     </span>
    </p>
   </div>
   <div class='ocr_carea' id='block_1_10' title="bbox 407 942 2019 1020">
    <p class='ocr_par' dir='ltr' id='par_1_10' title="bbox 407 942 2019 1020">
     <span class='ocr_line' id='line_1_10' title="bbox 407 942 2019 1020; baseline -0.006 -17"><span class='ocrx_word' id='word_1_49' title='bbox 407 955 659 1020; x_wconf 83' lang='lat' dir='ltr'>scOpatu,</span> <span class='ocrx_word' id='word_1_50' title='bbox 716 954 981 1018; x_wconf 88' lang='lat' dir='ltr'>apparato</span> <span class='ocrx_word' id='word_1_51' title='bbox 1030 945 1212 1000; x_wconf 90' lang='lat' dir='ltr'>omnis</span> <span class='ocrx_word' id='word_1_52' title='bbox 1277 942 1636 1015; x_wconf 80' lang='lat' dir='ltr'>profectionis</span> <span class='ocrx_word' id='word_1_53' title='bbox 1691 949 2019 1009; x_wconf 84' lang='lat' dir='ltr'>commeatu,</span> 
     </span>
    </p>
   </div>
   <div class='ocr_carea' id='block_1_11' title="bbox 407 1033 2018 1110">
    <p class='ocr_par' dir='ltr' id='par_1_11' title="bbox 407 1033 2018 1110">
     <span class='ocr_line' id='line_1_11' title="bbox 407 1033 2018 1110; baseline -0.006 -13"><span class='ocrx_word' id='word_1_54' title='bbox 407 1042 639 1097; x_wconf 90' lang='lat' dir='ltr'>collecto</span> <span class='ocrx_word' id='word_1_55' title='bbox 697 1054 919 1110; x_wconf 88' lang='lat' dir='ltr'>quoque</span> <span class='ocrx_word' id='word_1_56' title='bbox 979 1036 1127 1091; x_wconf 90' lang='lat' dir='ltr'>ﬁdeli</span> <span class='ocrx_word' id='word_1_57' title='bbox 1188 1038 1579 1092; x_wconf 91' lang='lat' dir='ltr'>monachorum</span> <span class='ocrx_word' id='word_1_58' title='bbox 1647 1033 2018 1105; x_wconf 90' lang='lat' dir='ltr'>discipulatu,</span> 
     </span>
    </p>
   </div>
   <div class='ocr_carea' id='block_1_12' title="bbox 410 1128 2021 1210">
    <p class='ocr_par' dir='ltr' id='par_1_12' title="bbox 410 1128 2021 1210">
     <span class='ocr_line' id='line_1_12' title="bbox 410 1128 2021 1210; baseline -0.006 -19"><span class='ocrx_word' id='word_1_59' title='bbox 410 1137 574 1210; x_wconf 88' lang='lat' dir='ltr'>longo</span> <span class='ocrx_word' id='word_1_60' title='bbox 634 1131 1002 1206; x_wconf 80' lang='lat' dir='ltr'>navigationis</span> <span class='ocrx_word' id='word_1_61' title='bbox 1055 1136 1243 1185; x_wconf 89' lang='lat' dir='ltr'>exacte</span> <span class='ocrx_word' id='word_1_62' title='bbox 1301 1147 1488 1194; x_wconf 85' lang='lat' dir='ltr'>cursu,</span> <span class='ocrx_word' id='word_1_63' title='bbox 1547 1130 1767 1184; x_wconf 84' lang='lat' dir='ltr'>tandem</span> <span class='ocrx_word' id='word_1_64' title='bbox 1817 1128 2021 1199; x_wconf 86' lang='lat' dir='ltr'>potitus</span> 
     </span>
    </p>
   </div>
   <div class='ocr_carea' id='block_1_13' title="bbox 406 1221 2024 1296">
    <p class='ocr_par' dir='ltr' id='par_1_13' title="bbox 406 1221 2024 1296">
     <span class='ocr_line' id='line_1_13' title="bbox 406 1221 2024 1296; baseline -0.003 -18"><span class='ocrx_word' id='word_1_65' title='bbox 406 1224 707 1296; x_wconf 70' lang='lat' dir='ltr'>Aquitanize</span> <span class='ocrx_word' id='word_1_66' title='bbox 765 1222 1005 1294; x_wconf 81' lang='lat' dir='ltr'>regionis</span> <span class='ocrx_word' id='word_1_67' title='bbox 1046 1229 1227 1291; x_wconf 86' lang='lat' dir='ltr'>portu,</span> <span class='ocrx_word' id='word_1_68' title='bbox 1270 1230 1327 1276; x_wconf 93' lang='lat' dir='ltr'>et</span> <span class='ocrx_word' id='word_1_69' title='bbox 1366 1221 1668 1275; x_wconf 90' lang='lat' dir='ltr'>deveniens</span> <span class='ocrx_word' id='word_1_70' title='bbox 1735 1221 1800 1274; x_wconf 91' lang='lat' dir='ltr'>ad</span> <span class='ocrx_word' id='word_1_71' title='bbox 1841 1227 2024 1290; x_wconf 84' lang='lat' dir='ltr'>partes</span> 
     </span>
    </p>
   </div>
   <div class='ocr_carea' id='block_1_14' title="bbox 409 1313 2023 1385">
    <p class='ocr_par' dir='ltr' id='par_1_14' title="bbox 409 1313 2023 1385">
     <span class='ocr_line' id='line_1_14' title="bbox 409 1313 2023 1385; baseline -0.001 -17"><span class='ocrx_word' id='word_1_72' title='bbox 409 1316 720 1370; x_wconf 71' lang='lat' dir='ltr'>Santonicae</span> <span class='ocrx_word' id='word_1_73' title='bbox 751 1313 923 1378; x_wconf 89' lang='lat' dir='ltr'>urbis,</span> <span class='ocrx_word' id='word_1_74' title='bbox 949 1313 1125 1382; x_wconf 88' lang='lat' dir='ltr'>primo</span> <span class='ocrx_word' id='word_1_75' title='bbox 1148 1314 1393 1367; x_wconf 93' lang='lat' dir='ltr'>omnium</span> <span class='ocrx_word' id='word_1_76' title='bbox 1424 1313 1876 1385; x_wconf 79' lang='lat' dir='ltr'>interrogandum</span> <span class='ocrx_word' id='word_1_77' title='bbox 1901 1327 2023 1367; x_wconf 89' lang='lat' dir='ltr'>esse</span> 
     </span>
    </p>
   </div>
   <div class='ocr_carea' id='block_1_15' title="bbox 408 1400 2020 1477">
    <p class='ocr_par' dir='ltr' id='par_1_15' title="bbox 408 1400 2020 1477">
     <span class='ocr_line' id='line_1_15' title="bbox 408 1400 2020 1477; baseline -0.002 -19"><span class='ocrx_word' id='word_1_78' title='bbox 408 1405 637 1474; x_wconf 84' lang='lat' dir='ltr'>putavit,</span> <span class='ocrx_word' id='word_1_79' title='bbox 679 1404 723 1458; x_wconf 91' lang='lat' dir='ltr'>si</span> <span class='ocrx_word' id='word_1_80' title='bbox 758 1403 868 1456; x_wconf 91' lang='lat' dir='ltr'>illis</span> <span class='ocrx_word' id='word_1_81' title='bbox 899 1403 953 1456; x_wconf 92' lang='lat' dir='ltr'>in</span> <span class='ocrx_word' id='word_1_82' title='bbox 981 1402 1116 1457; x_wconf 91' lang='lat' dir='ltr'>locis</span> <span class='ocrx_word' id='word_1_83' title='bbox 1156 1403 1364 1477; x_wconf 88' lang='lat' dir='ltr'>vigeret</span> <span class='ocrx_word' id='word_1_84' title='bbox 1394 1403 1529 1457; x_wconf 91' lang='lat' dir='ltr'>ritus</span> <span class='ocrx_word' id='word_1_85' title='bbox 1579 1400 2020 1456; x_wconf 76' lang='lat' dir='ltr'>Christianitatis.</span> 
     </span>
    </p>
   </div>
   <div class='ocr_carea' id='block_1_16' title="bbox 409 1493 2026 1567">
    <p class='ocr_par' dir='ltr' id='par_1_16' title="bbox 409 1493 2026 1567">
     <span class='ocr_line' id='line_1_16' title="bbox 409 1493 2026 1567; baseline -0.002 -17"><span class='ocrx_word' id='word_1_86' title='bbox 409 1496 751 1567; x_wconf 80' lang='lat' dir='ltr'>Responsum</span> <span class='ocrx_word' id='word_1_87' title='bbox 795 1503 879 1550; x_wconf 87' lang='lat' dir='ltr'>est</span> <span class='ocrx_word' id='word_1_88' title='bbox 910 1495 960 1550; x_wconf 89' lang='lat' dir='ltr'>ei</span> <span class='ocrx_word' id='word_1_89' title='bbox 994 1495 1070 1562; x_wconf 90' lang='lat' dir='ltr'>id,</span> <span class='ocrx_word' id='word_1_90' title='bbox 1096 1495 1242 1565; x_wconf 91' lang='lat' dir='ltr'>quod</span> <span class='ocrx_word' id='word_1_91' title='bbox 1299 1495 1436 1548; x_wconf 87' lang='lat' dir='ltr'>nihil</span> <span class='ocrx_word' id='word_1_92' title='bbox 1468 1494 1645 1565; x_wconf 92' lang='lat' dir='ltr'>potuit</span> <span class='ocrx_word' id='word_1_93' title='bbox 1673 1493 1866 1548; x_wconf 87' lang='lat' dir='ltr'>audire</span> <span class='ocrx_word' id='word_1_94' title='bbox 1897 1509 2026 1563; x_wconf 86' lang='lat' dir='ltr'>gra-</span> 
     </span>
    </p>
   </div>
   <div class='ocr_carea' id='block_1_17' title="bbox 407 1584 2020 1660">
    <p class='ocr_par' dir='ltr' id='par_1_17' title="bbox 407 1584 2020 1660">
     <span class='ocr_line' id='line_1_17' title="bbox 407 1584 2020 1660; baseline -0.003 -17"><span class='ocrx_word' id='word_1_95' title='bbox 407 1588 537 1654; x_wconf 90' lang='lat' dir='ltr'>tius,</span> <span class='ocrx_word' id='word_1_96' title='bbox 572 1588 775 1659; x_wconf 90' lang='lat' dir='ltr'>passim</span> <span class='ocrx_word' id='word_1_97' title='bbox 806 1587 880 1641; x_wconf 91' lang='lat' dir='ltr'>ibi</span> <span class='ocrx_word' id='word_1_98' title='bbox 900 1587 1111 1641; x_wconf 83' lang='lat' dir='ltr'>fervere</span> <span class='ocrx_word' id='word_1_99' title='bbox 1140 1586 1466 1660; x_wconf 89' lang='lat' dir='ltr'>religionem</span> <span class='ocrx_word' id='word_1_100' title='bbox 1504 1585 1789 1641; x_wconf 87' lang='lat' dir='ltr'>Christiani</span> <span class='ocrx_word' id='word_1_101' title='bbox 1821 1584 2020 1640; x_wconf 89' lang='lat' dir='ltr'>cultus.</span> 
     </span>
    </p>
   </div>
   <div class='ocr_carea' id='block_1_18' title="bbox 408 1673 2028 1749">
    <p class='ocr_par' dir='ltr' id='par_1_18' title="bbox 408 1673 2028 1749">
     <span class='ocr_line' id='line_1_18' title="bbox 408 1673 2028 1749; baseline -0.004 -17"><span class='ocrx_word' id='word_1_102' title='bbox 408 1678 652 1733; x_wconf 88' lang='lat' dir='ltr'>Perrexit</span> <span class='ocrx_word' id='word_1_103' title='bbox 682 1693 927 1749; x_wconf 64' lang='lat' dir='ltr'>quaerere</span> <span class='ocrx_word' id='word_1_104' title='bbox 951 1676 1154 1747; x_wconf 52' lang='lat' dir='ltr'>qui;ibi</span> <span class='ocrx_word' id='word_1_105' title='bbox 1182 1675 1483 1746; x_wconf 86' lang='lat' dir='ltr'>episcopali</span> <span class='ocrx_word' id='word_1_106' title='bbox 1505 1673 2028 1745; x_wconf 82' lang='lat' dir='ltr'>praesideretcathe-</span> 
     </span>
    </p>
   </div>
   <div class='ocr_carea' id='block_1_19' title="bbox 410 1763 2026 1835">
    <p class='ocr_par' dir='ltr' id='par_1_19' title="bbox 410 1763 2026 1835">
     <span class='ocr_line' id='line_1_19' title="bbox 410 1763 2026 1835; baseline -0.003 -14"><span class='ocrx_word' id='word_1_107' title='bbox 410 1769 542 1835; x_wconf 79' lang='lat' dir='ltr'>drae,</span> <span class='ocrx_word' id='word_1_108' title='bbox 567 1777 623 1823; x_wconf 93' lang='lat' dir='ltr'>et</span> <span class='ocrx_word' id='word_1_109' title='bbox 653 1767 1141 1822; x_wconf 65' lang='lat' dir='ltr'>lmtaaudivitaure</span> <span class='ocrx_word' id='word_1_110' title='bbox 1166 1766 1452 1820; x_wconf 78' lang='lat' dir='ltr'>Leontium</span> <span class='ocrx_word' id='word_1_111' title='bbox 1473 1765 1614 1835; x_wconf 83' lang='lat'>(968)</span> <span class='ocrx_word' id='word_1_112' title='bbox 1639 1763 2026 1818; x_wconf 72' lang='lat' dir='ltr'>ecclesiasticae</span> 
     </span>
    </p>
   </div>
   <div class='ocr_carea' id='block_1_20' title="bbox 416 1853 2027 1928">
    <p class='ocr_par' dir='ltr' id='par_1_20' title="bbox 416 1853 2027 1928">
     <span class='ocr_line' id='line_1_20' title="bbox 416 1853 2027 1928; baseline -0.002 -17"><span class='ocrx_word' id='word_1_113' title='bbox 416 1857 720 1928; x_wconf 90' lang='lat' dir='ltr'>provisioni</span> <span class='ocrx_word' id='word_1_114' title='bbox 768 1855 1251 1927; x_wconf 88' lang='lat' dir='ltr'>superintendere,</span> <span class='ocrx_word' id='word_1_115' title='bbox 1298 1855 1471 1909; x_wconf 89' lang='lat' dir='ltr'>virum</span> <span class='ocrx_word' id='word_1_116' title='bbox 1514 1855 1715 1908; x_wconf 54' lang='lat' dir='ltr'>divina</span> <span class='ocrx_word' id='word_1_117' title='bbox 1741 1853 2027 1925; x_wconf 62' lang='lat' dir='ltr'>sapientiae</span> 
     </span>
    </p>
   </div>
   <div class='ocr_carea' id='block_1_21' title="bbox 411 1931 2026 2017">
    <p class='ocr_par' dir='ltr' id='par_1_21' title="bbox 411 1931 2026 2017">
     <span class='ocr_line' id='line_1_21' title="bbox 411 1931 2026 2017; baseline -0.004 -14"><span class='ocrx_word' id='word_1_118' title='bbox 411 1958 471 2004; x_wconf 91' lang='lat' dir='ltr'>et</span> <span class='ocrx_word' id='word_1_119' title='bbox 501 1950 756 2003; x_wconf 61' lang='lat' dir='ltr'>humanm</span> <span class='ocrx_word' id='word_1_120' title='bbox 785 1947 1031 2002; x_wconf 69' lang='lat' dir='ltr'>scientiae</span> <span class='ocrx_word' id='word_1_121' title='bbox 1056 1946 1344 2016; x_wconf 63' lang='lat' dir='ltr'>praeditum</span> <span class='ocrx_word' id='word_1_122' title='bbox 1370 1931 1657 2017; x_wconf 82' lang='lat' dir='ltr'>dignitate.</span> <span class='ocrx_word' id='word_1_123' title='bbox 1693 1946 1812 2015; x_wconf 90' lang='lat' dir='ltr'>Ipse</span> <span class='ocrx_word' id='word_1_124' title='bbox 1840 1943 2026 1998; x_wconf 85' lang='lat' dir='ltr'>exsul-</span> 
     </span>
    </p>
   </div>
   <div class='ocr_carea' id='block_1_22' title="bbox 411 2039 2023 2114">
    <p class='ocr_par' dir='ltr' id='par_1_22' title="bbox 411 2039 2023 2114">
     <span class='ocr_line' id='line_1_22' title="bbox 411 2039 2023 2114; baseline -0.004 -16"><span class='ocrx_word' id='word_1_125' title='bbox 411 2051 554 2108; x_wconf 89' lang='lat' dir='ltr'>tans,</span> <span class='ocrx_word' id='word_1_126' title='bbox 605 2043 754 2114; x_wconf 91' lang='lat' dir='ltr'>quod</span> <span class='ocrx_word' id='word_1_127' title='bbox 783 2042 1092 2096; x_wconf 86' lang='lat' dir='ltr'>arriderent</span> <span class='ocrx_word' id='word_1_128' title='bbox 1121 2040 1226 2094; x_wconf 90' lang='lat' dir='ltr'>sibi</span> <span class='ocrx_word' id='word_1_129' title='bbox 1259 2041 1436 2111; x_wconf 88' lang='lat' dir='ltr'>prima</span> <span class='ocrx_word' id='word_1_130' title='bbox 1480 2047 1680 2110; x_wconf 71' lang='lat' dir='ltr'>optatze</span> <span class='ocrx_word' id='word_1_131' title='bbox 1736 2039 2023 2110; x_wconf 86' lang='lat' dir='ltr'>prosperi-</span> 
     </span>
    </p>
   </div>
   <div class='ocr_carea' id='block_1_23' title="bbox 411 2132 2022 2206">
    <p class='ocr_par' dir='ltr' id='par_1_23' title="bbox 411 2132 2022 2206">
     <span class='ocr_line' id='line_1_23' title="bbox 411 2132 2022 2206; baseline -0.004 -14"><span class='ocrx_word' id='word_1_132' title='bbox 411 2137 538 2192; x_wconf 88' lang='lat' dir='ltr'>tatis</span> <span class='ocrx_word' id='word_1_133' title='bbox 567 2136 833 2206; x_wconf 89' lang='lat' dir='ltr'>auspicia,</span> <span class='ocrx_word' id='word_1_134' title='bbox 865 2151 1018 2206; x_wconf 90' lang='lat' dir='ltr'>spem</span> <span class='ocrx_word' id='word_1_135' title='bbox 1039 2134 1283 2204; x_wconf 91' lang='lat' dir='ltr'>concipit</span> <span class='ocrx_word' id='word_1_136' title='bbox 1313 2150 1375 2188; x_wconf 90' lang='lat' dir='ltr'>ex</span> <span class='ocrx_word' id='word_1_137' title='bbox 1409 2149 1585 2188; x_wconf 90' lang='lat' dir='ltr'>rerum</span> <span class='ocrx_word' id='word_1_138' title='bbox 1615 2132 2022 2199; x_wconf 86' lang='lat' dir='ltr'>convenientia,</span> 
     </span>
    </p>
   </div>
   <div class='ocr_carea' id='block_1_24' title="bbox 411 2224 2022 2298">
    <p class='ocr_par' dir='ltr' id='par_1_24' title="bbox 411 2224 2022 2298">
     <span class='ocr_line' id='line_1_24' title="bbox 411 2224 2022 2298; baseline -0.002 -18"><span class='ocrx_word' id='word_1_139' title='bbox 411 2225 558 2298; x_wconf 91' lang='lat' dir='ltr'>quod</span> <span class='ocrx_word' id='word_1_140' title='bbox 588 2227 657 2280; x_wconf 92' lang='lat' dir='ltr'>de</span> <span class='ocrx_word' id='word_1_141' title='bbox 686 2234 883 2280; x_wconf 64' lang='lat' dir='ltr'>caetero</span> <span class='ocrx_word' id='word_1_142' title='bbox 925 2225 1111 2279; x_wconf 89' lang='lat' dir='ltr'>omnia</span> <span class='ocrx_word' id='word_1_143' title='bbox 1149 2224 1254 2278; x_wconf 84' lang='lat' dir='ltr'>sibi</span> <span class='ocrx_word' id='word_1_144' title='bbox 1294 2226 1493 2280; x_wconf 89' lang='lat' dir='ltr'>cedere</span> <span class='ocrx_word' id='word_1_145' title='bbox 1525 2225 1764 2280; x_wconf 87' lang='lat' dir='ltr'>debeant</span> <span class='ocrx_word' id='word_1_146' title='bbox 1791 2241 1856 2279; x_wconf 86' lang='lat' dir='ltr'>ex</span> <span class='ocrx_word' id='word_1_147' title='bbox 1887 2240 2022 2292; x_wconf 77' lang='lat' dir='ltr'>sen-</span> 
     </span>
    </p>
   </div>
   <div class='ocr_carea' id='block_1_25' title="bbox 409 2313 2025 2389">
    <p class='ocr_par' dir='ltr' id='par_1_25' title="bbox 409 2313 2025 2389">
     <span class='ocr_line' id='line_1_25' title="bbox 409 2313 2025 2389; baseline -0.002 -19"><span class='ocrx_word' id='word_1_148' title='bbox 409 2317 600 2371; x_wconf 91' lang='lat' dir='ltr'>tentia.</span> <span class='ocrx_word' id='word_1_149' title='bbox 634 2316 849 2370; x_wconf 84' lang='lat' dir='ltr'>Electos</span> <span class='ocrx_word' id='word_1_150' title='bbox 873 2314 1058 2385; x_wconf 88' lang='lat' dir='ltr'>itaque</span> <span class='ocrx_word' id='word_1_151' title='bbox 1087 2329 1151 2368; x_wconf 92' lang='lat' dir='ltr'>ex</span> <span class='ocrx_word' id='word_1_152' title='bbox 1173 2315 1289 2368; x_wconf 91' lang='lat' dir='ltr'>suis</span> <span class='ocrx_word' id='word_1_153' title='bbox 1317 2314 1525 2389; x_wconf 78' lang='lat' dir='ltr'>legatos</span> <span class='ocrx_word' id='word_1_154' title='bbox 1556 2313 1793 2369; x_wconf 89' lang='lat' dir='ltr'>ﬁdenter</span> <span class='ocrx_word' id='word_1_155' title='bbox 1819 2315 1884 2368; x_wconf 91' lang='lat' dir='ltr'>ad</span> <span class='ocrx_word' id='word_1_156' title='bbox 1913 2314 2025 2384; x_wconf 87' lang='lat' dir='ltr'>epi-</span> 
     </span>
    </p>
   </div>
   <div class='ocr_carea' id='block_1_26' title="bbox 408 2407 2026 2482">
    <p class='ocr_par' dir='ltr' id='par_1_26' title="bbox 408 2407 2026 2482">
     <span class='ocr_line' id='line_1_26' title="bbox 408 2407 2026 2482; baseline -0.003 -17"><span class='ocrx_word' id='word_1_157' title='bbox 408 2425 638 2480; x_wconf 90' lang='lat' dir='ltr'>scopum</span> <span class='ocrx_word' id='word_1_158' title='bbox 673 2408 879 2482; x_wconf 83' lang='lat' dir='ltr'>dirigit,</span> <span class='ocrx_word' id='word_1_159' title='bbox 922 2424 1142 2462; x_wconf 89' lang='lat' dir='ltr'>causam</span> <span class='ocrx_word' id='word_1_160' title='bbox 1196 2424 1308 2461; x_wconf 72' lang='lat' dir='ltr'>suae</span> <span class='ocrx_word' id='word_1_161' title='bbox 1342 2407 1801 2480; x_wconf 81' lang='lat' dir='ltr'>peregrinationis</span> <span class='ocrx_word' id='word_1_162' title='bbox 1830 2423 1894 2460; x_wconf 91' lang='lat' dir='ltr'>ex</span> <span class='ocrx_word' id='word_1_163' title='bbox 1935 2422 2026 2462; x_wconf 88' lang='lat' dir='ltr'>or-</span> 
     </span>
    </p>
   </div>
   <div class='ocr_carea' id='block_1_27' title="bbox 409 2496 2026 2572">
    <p class='ocr_par' dir='ltr' id='par_1_27' title="bbox 409 2496 2026 2572">
     <span class='ocr_line' id='line_1_27' title="bbox 409 2496 2026 2572; baseline -0.002 -19"><span class='ocrx_word' id='word_1_164' title='bbox 409 2499 540 2553; x_wconf 90' lang='lat' dir='ltr'>dine</span> <span class='ocrx_word' id='word_1_165' title='bbox 565 2498 787 2572; x_wconf 85' lang='lat' dir='ltr'>digerit,</span> <span class='ocrx_word' id='word_1_166' title='bbox 822 2498 999 2552; x_wconf 91' lang='lat' dir='ltr'>locum</span> <span class='ocrx_word' id='word_1_167' title='bbox 1033 2496 1135 2551; x_wconf 91' lang='lat' dir='ltr'>sibi</span> <span class='ocrx_word' id='word_1_168' title='bbox 1176 2496 1243 2550; x_wconf 91' lang='lat' dir='ltr'>ad</span> <span class='ocrx_word' id='word_1_169' title='bbox 1278 2496 1634 2550; x_wconf 91' lang='lat' dir='ltr'>habitandum</span> <span class='ocrx_word' id='word_1_170' title='bbox 1668 2496 1737 2550; x_wconf 92' lang='lat' dir='ltr'>ab</span> <span class='ocrx_word' id='word_1_171' title='bbox 1769 2512 1836 2551; x_wconf 93' lang='lat' dir='ltr'>eo</span> <span class='ocrx_word' id='word_1_172' title='bbox 1889 2512 2026 2551; x_wconf 89' lang='lat' dir='ltr'>con-</span> 
     </span>
    </p>
   </div>
   <div class='ocr_carea' id='block_1_28' title="bbox 408 2585 2022 2657">
    <p class='ocr_par' dir='ltr' id='par_1_28' title="bbox 408 2585 2022 2657">
     <span class='ocr_line' id='line_1_28' title="bbox 408 2585 2022 2657; baseline -0.002 -14"><span class='ocrx_word' id='word_1_173' title='bbox 408 2587 530 2644; x_wconf 87' lang='lat' dir='ltr'>cedi</span> <span class='ocrx_word' id='word_1_174' title='bbox 553 2587 834 2642; x_wconf 90' lang='lat' dir='ltr'>humiliter</span> <span class='ocrx_word' id='word_1_175' title='bbox 852 2586 1072 2657; x_wconf 89' lang='lat' dir='ltr'>expetit.</span> <span class='ocrx_word' id='word_1_176' title='bbox 1108 2586 1306 2640; x_wconf 88' lang='lat' dir='ltr'>Plenus</span> <span class='ocrx_word' id='word_1_177' title='bbox 1329 2585 1422 2639; x_wconf 91' lang='lat' dir='ltr'>ille</span> <span class='ocrx_word' id='word_1_178' title='bbox 1448 2585 1645 2656; x_wconf 90' lang='lat' dir='ltr'>spiritu</span> <span class='ocrx_word' id='word_1_179' title='bbox 1677 2586 2022 2656; x_wconf 90' lang='lat' dir='ltr'>prophetico,</span> 
     </span>
    </p>
   </div>
   <div class='ocr_carea' id='block_1_29' title="bbox 407 2676 2024 2753">
    <p class='ocr_par' dir='ltr' id='par_1_29' title="bbox 407 2676 2024 2753">
     <span class='ocr_line' id='line_1_29' title="bbox 407 2676 2024 2753; baseline -0.002 -19"><span class='ocrx_word' id='word_1_180' title='bbox 407 2680 683 2753; x_wconf 84' lang='lat' dir='ltr'>gaudebat</span> <span class='ocrx_word' id='word_1_181' title='bbox 713 2678 895 2733; x_wconf 90' lang='lat' dir='ltr'>animo</span> <span class='ocrx_word' id='word_1_182' title='bbox 927 2693 987 2732; x_wconf 89' lang='lat' dir='ltr'>se</span> <span class='ocrx_word' id='word_1_183' title='bbox 1017 2677 1279 2732; x_wconf 87' lang='lat' dir='ltr'>divinitus</span> <span class='ocrx_word' id='word_1_184' title='bbox 1324 2676 1555 2743; x_wconf 88' lang='lat' dir='ltr'>visitari,</span> <span class='ocrx_word' id='word_1_185' title='bbox 1600 2684 1888 2746; x_wconf 89' lang='lat' dir='ltr'>procurato</span> <span class='ocrx_word' id='word_1_186' title='bbox 1916 2677 2024 2731; x_wconf 90' lang='lat' dir='ltr'>fra-</span> 
     </span>
    </p>
   </div>
   <div class='ocr_carea' id='block_1_30' title="bbox 406 2767 2027 2839">
    <p class='ocr_par' dir='ltr' id='par_1_30' title="bbox 406 2767 2027 2839">
     <span class='ocr_line' id='line_1_30' title="bbox 406 2767 2027 2839; baseline -0.001 -15"><span class='ocrx_word' id='word_1_187' title='bbox 406 2777 578 2825; x_wconf 70' lang='lat' dir='ltr'>terna:</span> <span class='ocrx_word' id='word_1_188' title='bbox 618 2769 899 2825; x_wconf 75' lang='lat' dir='ltr'>societatis</span> <span class='ocrx_word' id='word_1_189' title='bbox 927 2767 1145 2823; x_wconf 92' lang='lat' dir='ltr'>solatio.</span> <span class='ocrx_word' id='word_1_190' title='bbox 1203 2768 1512 2839; x_wconf 86' lang='lat' dir='ltr'>Exertaque</span> <span class='ocrx_word' id='word_1_191' title='bbox 1554 2768 1802 2823; x_wconf 89' lang='lat' dir='ltr'>hilariter</span> <span class='ocrx_word' id='word_1_192' title='bbox 1860 2785 2027 2824; x_wconf 89' lang='lat' dir='ltr'>manu</span> 
     </span>
    </p>
   </div>
   <div class='ocr_carea' id='block_1_31' title="bbox 406 2860 2026 2926">
    <p class='ocr_par' dir='ltr' id='par_1_31' title="bbox 406 2860 2026 2926">
     <span class='ocr_line' id='line_1_31' title="bbox 406 2860 2026 2926; baseline 0 -10"><span class='ocrx_word' id='word_1_193' title='bbox 406 2861 752 2918; x_wconf 86' lang='lat' dir='ltr'>liberalitatis</span> <span class='ocrx_word' id='word_1_194' title='bbox 772 2876 907 2926; x_wconf 71' lang='lat' dir='ltr'>suae,</span> <span class='ocrx_word' id='word_1_195' title='bbox 959 2860 1149 2914; x_wconf 90' lang='lat' dir='ltr'>tribuit</span> <span class='ocrx_word' id='word_1_196' title='bbox 1176 2861 1225 2914; x_wconf 89' lang='lat' dir='ltr'>ei</span> <span class='ocrx_word' id='word_1_197' title='bbox 1277 2860 1457 2916; x_wconf 92' lang='lat' dir='ltr'>locum</span> <span class='ocrx_word' id='word_1_198' title='bbox 1509 2860 1862 2916; x_wconf 87' lang='lat' dir='ltr'>habitationis</span> <span class='ocrx_word' id='word_1_199' title='bbox 1892 2877 2026 2916; x_wconf 85' lang='lat' dir='ltr'>con-</span> 
     </span>
    </p>
   </div>
   <div class='ocr_carea' id='block_1_32' title="bbox 405 2948 2022 3022">
    <p class='ocr_par' dir='ltr' id='par_1_32' title="bbox 405 2948 2022 3022">
     <span class='ocr_line' id='line_1_32' title="bbox 405 2948 2022 3022; baseline 0.001 -19"><span class='ocrx_word' id='word_1_200' title='bbox 405 2965 578 3022; x_wconf 68' lang='lat' dir='ltr'>gruae,</span> <span class='ocrx_word' id='word_1_201' title='bbox 611 2949 915 3003; x_wconf 90' lang='lat' dir='ltr'>secundum</span> <span class='ocrx_word' id='word_1_202' title='bbox 959 2948 1202 3018; x_wconf 89' lang='lat' dir='ltr'>Apostoli</span> <span class='ocrx_word' id='word_1_203' title='bbox 1243 2957 1576 3020; x_wconf 78' lang='lat' dir='ltr'>praeceptum</span> <span class='ocrx_word' id='word_1_204' title='bbox 1635 2953 1705 3016; x_wconf 88' lang='lat' dir='ltr'>(Il</span> <span class='ocrx_word' id='word_1_205' title='bbox 1734 2952 1854 3006; x_wconf 77' lang='lat' dir='ltr'>Cor.</span> <span class='ocrx_word' id='word_1_206' title='bbox 1888 2952 2022 3017; x_wconf 84' lang='lat' dir='ltr'>vin),</span> 
     </span>
    </p>
   </div>
   <div class='ocr_carea' id='block_1_33' title="bbox 2131 479 3755 544">
    <p class='ocr_par' dir='ltr' id='par_1_33' title="bbox 2131 479 3755 544">
     <span class='ocr_line' id='line_1_33' title="bbox 2131 479 3755 544; baseline -0.002 -6"><span class='ocrx_word' id='word_1_207' title='bbox 2131 483 2261 539; x_wconf 88' lang='lat' dir='ltr'>folio</span> <span class='ocrx_word' id='word_1_208' title='bbox 2296 483 2517 538; x_wconf 70' lang='lat' dir='ltr'>hederae</span> <span class='ocrx_word' id='word_1_209' title='bbox 2557 482 2858 538; x_wconf 84' lang='lat' dir='ltr'>obductum</span> <span class='ocrx_word' id='word_1_210' title='bbox 2888 480 3156 536; x_wconf 87' lang='lat' dir='ltr'>contrahi.</span> <span class='ocrx_word' id='word_1_211' title='bbox 3203 479 3358 544; x_wconf 82' lang='lat' dir='ltr'>Quod</span> <span class='ocrx_word' id='word_1_212' title='bbox 3397 479 3666 534; x_wconf 90' lang='lat' dir='ltr'>stillando</span> <span class='ocrx_word' id='word_1_213' title='bbox 3701 479 3755 534; x_wconf 90' lang='lat' dir='ltr'>in</span> 
     </span>
    </p>
   </div>
   <div class='ocr_carea' id='block_1_34' title="bbox 2131 567 3753 646">
    <p class='ocr_par' dir='ltr' id='par_1_34' title="bbox 2131 567 3753 646">
     <span class='ocr_line' id='line_1_34' title="bbox 2131 567 3753 646; baseline -0.004 -20"><span class='ocrx_word' id='word_1_214' title='bbox 2131 578 2327 626; x_wconf 88' lang='lat' dir='ltr'>terram</span> <span class='ocrx_word' id='word_1_215' title='bbox 2359 571 2634 646; x_wconf 90' lang='lat' dir='ltr'>guttatim,</span> <span class='ocrx_word' id='word_1_216' title='bbox 2663 585 2862 640; x_wconf 90' lang='lat' dir='ltr'>corpus</span> <span class='ocrx_word' id='word_1_217' title='bbox 2891 569 3090 639; x_wconf 63' lang='lat' dir='ltr'>puella:</span> <span class='ocrx_word' id='word_1_218' title='bbox 3122 567 3367 622; x_wconf 91' lang='lat' dir='ltr'>reddidit</span> <span class='ocrx_word' id='word_1_219' title='bbox 3388 567 3654 621; x_wconf 64' lang='lat' dir='ltr'>illaesum.</span> <span class='ocrx_word' id='word_1_220' title='bbox 3679 567 3753 620; x_wconf 84' lang='lat' dir='ltr'>Ita</span> 
     </span>
    </p>
   </div>
   <div class='ocr_carea' id='block_1_35' title="bbox 2127 655 3751 731">
    <p class='ocr_par' dir='ltr' id='par_1_35' title="bbox 2127 655 3751 731">
     <span class='ocr_line' id='line_1_35' title="bbox 2127 655 3751 731; baseline -0.004 -16"><span class='ocrx_word' id='word_1_221' title='bbox 2127 661 2337 716; x_wconf 90' lang='lat' dir='ltr'>meritis</span> <span class='ocrx_word' id='word_1_222' title='bbox 2387 660 2634 715; x_wconf 85' lang='lat' dir='ltr'>Maclovii</span> <span class='ocrx_word' id='word_1_223' title='bbox 2691 658 3066 731; x_wconf 85' lang='lat' dir='ltr'>redintegrata</span> <span class='ocrx_word' id='word_1_224' title='bbox 3123 666 3208 712; x_wconf 91' lang='lat' dir='ltr'>est</span> <span class='ocrx_word' id='word_1_225' title='bbox 3249 655 3446 727; x_wconf 82' lang='lat' dir='ltr'>puellae</span> <span class='ocrx_word' id='word_1_226' title='bbox 3485 655 3751 726; x_wconf 88' lang='lat' dir='ltr'>sospitas,</span> 
     </span>
    </p>
   </div>
   <div class='ocr_carea' id='block_1_36' title="bbox 2121 747 3751 821">
    <p class='ocr_par' dir='ltr' id='par_1_36' title="bbox 2121 747 3751 821">
     <span class='ocr_line' id='line_1_36' title="bbox 2121 747 3751 821; baseline -0.004 -16"><span class='ocrx_word' id='word_1_227' title='bbox 2121 757 2278 806; x_wconf 87' lang='lat' dir='ltr'>aucta</span> <span class='ocrx_word' id='word_1_228' title='bbox 2295 758 2378 804; x_wconf 92' lang='lat' dir='ltr'>est</span> <span class='ocrx_word' id='word_1_229' title='bbox 2409 749 2724 821; x_wconf 90' lang='lat' dir='ltr'>parentibus</span> <span class='ocrx_word' id='word_1_230' title='bbox 2771 747 3112 816; x_wconf 87' lang='lat' dir='ltr'>jocunditas,</span> <span class='ocrx_word' id='word_1_231' title='bbox 3149 754 3379 806; x_wconf 88' lang='lat' dir='ltr'>cunctos</span> <span class='ocrx_word' id='word_1_232' title='bbox 3406 747 3669 800; x_wconf 85' lang='lat' dir='ltr'>videntes</span> <span class='ocrx_word' id='word_1_233' title='bbox 3697 753 3751 800; x_wconf 91' lang='lat' dir='ltr'>et</span> 
     </span>
    </p>
   </div>
   <div class='ocr_carea' id='block_1_37' title="bbox 2123 837 3750 896">
    <p class='ocr_par' dir='ltr' id='par_1_37' title="bbox 2123 837 3750 896">
     <span class='ocr_line' id='line_1_37' title="bbox 2123 837 3750 896; baseline -0.002 0"><span class='ocrx_word' id='word_1_234' title='bbox 2123 841 2412 896; x_wconf 90' lang='lat' dir='ltr'>audientes</span> <span class='ocrx_word' id='word_1_235' title='bbox 2458 838 2784 896; x_wconf 88' lang='lat' dir='ltr'>confortavit</span> <span class='ocrx_word' id='word_1_236' title='bbox 2839 837 2894 890; x_wconf 91' lang='lat' dir='ltr'>in</span> <span class='ocrx_word' id='word_1_237' title='bbox 2945 837 3052 892; x_wconf 91' lang='lat' dir='ltr'>ﬁde</span> <span class='ocrx_word' id='word_1_238' title='bbox 3092 837 3288 892; x_wconf 89' lang='lat' dir='ltr'>Christi</span> <span class='ocrx_word' id='word_1_239' title='bbox 3332 837 3590 891; x_wconf 88' lang='lat' dir='ltr'>miraculi</span> <span class='ocrx_word' id='word_1_240' title='bbox 3649 852 3750 892; x_wconf 86' lang='lat' dir='ltr'>no-</span> 
     </span>
    </p>
   </div>
   <div class='ocr_carea' id='block_1_38' title="bbox 2122 931 3745 1007">
    <p class='ocr_par' dir='ltr' id='par_1_38' title="bbox 2122 931 3745 1007">
     <span class='ocr_line' id='line_1_38' title="bbox 2122 931 3745 1007; baseline -0.001 -17"><span class='ocrx_word' id='word_1_241' title='bbox 2122 935 2280 990; x_wconf 88' lang='lat' dir='ltr'>vitas.</span> <span class='ocrx_word' id='word_1_242' title='bbox 2315 935 2470 990; x_wconf 86' lang='lat' dir='ltr'>Pater</span> <span class='ocrx_word' id='word_1_243' title='bbox 2499 950 2608 988; x_wconf 92' lang='lat' dir='ltr'>non</span> <span class='ocrx_word' id='word_1_244' title='bbox 2632 934 2880 1007; x_wconf 88' lang='lat' dir='ltr'>ingratus</span> <span class='ocrx_word' id='word_1_245' title='bbox 2910 931 3210 998; x_wconf 88' lang='lat' dir='ltr'>beneﬁcio,</span> <span class='ocrx_word' id='word_1_246' title='bbox 3240 932 3427 986; x_wconf 89' lang='lat' dir='ltr'>villam</span> <span class='ocrx_word' id='word_1_247' title='bbox 3463 948 3582 985; x_wconf 63' lang='lat' dir='ltr'>suae</span> <span class='ocrx_word' id='word_1_248' title='bbox 3609 949 3745 1002; x_wconf 83' lang='lat' dir='ltr'>pro-</span> 
     </span>
    </p>
   </div>
   <div class='ocr_carea' id='block_1_39' title="bbox 2125 1021 3753 1095">
    <p class='ocr_par' dir='ltr' id='par_1_39' title="bbox 2125 1021 3753 1095">
     <span class='ocr_line' id='line_1_39' title="bbox 2125 1021 3753 1095; baseline -0.001 -17"><span class='ocrx_word' id='word_1_249' title='bbox 2125 1025 2370 1095; x_wconf 89' lang='lat' dir='ltr'>prietatis</span> <span class='ocrx_word' id='word_1_250' title='bbox 2396 1023 2689 1095; x_wconf 86' lang='lat' dir='ltr'>delegavit</span> <span class='ocrx_word' id='word_1_251' title='bbox 2716 1024 2810 1078; x_wconf 89' lang='lat' dir='ltr'>Dei</span> <span class='ocrx_word' id='word_1_252' title='bbox 2842 1023 3072 1086; x_wconf 88' lang='lat' dir='ltr'>famulo,</span> <span class='ocrx_word' id='word_1_253' title='bbox 3114 1030 3172 1076; x_wconf 95' lang='lat' dir='ltr'>ut</span> <span class='ocrx_word' id='word_1_254' title='bbox 3213 1021 3617 1077; x_wconf 89' lang='lat' dir='ltr'>haberetuude</span> <span class='ocrx_word' id='word_1_255' title='bbox 3653 1023 3753 1076; x_wconf 88' lang='lat' dir='ltr'>tri-</span> 
     </span>
    </p>
   </div>
   <div class='ocr_carea' id='block_1_40' title="bbox 2126 1110 3501 1183">
    <p class='ocr_par' dir='ltr' id='par_1_40' title="bbox 2126 1110 3501 1183">
     <span class='ocr_line' id='line_1_40' title="bbox 2126 1110 3501 1183; baseline 0 -17"><span class='ocrx_word' id='word_1_256' title='bbox 2126 1112 2321 1168; x_wconf 89' lang='lat' dir='ltr'>bueret</span> <span class='ocrx_word' id='word_1_257' title='bbox 2349 1112 2737 1168; x_wconf 82' lang='lat' dir='ltr'>necessitatem</span> <span class='ocrx_word' id='word_1_258' title='bbox 2771 1112 3111 1183; x_wconf 89' lang='lat' dir='ltr'>patientibus</span> <span class='ocrx_word' id='word_1_259' title='bbox 3138 1127 3236 1182; x_wconf 88' lang='lat' dir='ltr'>pro</span> <span class='ocrx_word' id='word_1_260' title='bbox 3269 1110 3501 1167; x_wconf 83' lang='lat' dir='ltr'>Christo.</span> 
     </span>
    </p>
   </div>
   <div class='ocr_carea' id='block_1_41' title="bbox 2716 1200 3148 1256">
    <p class='ocr_par' dir='ltr' id='par_1_41' title="bbox 2716 1200 3148 1256">
     <span class='ocr_line' id='line_1_41' title="bbox 2716 1200 3148 1256; baseline -0.005 0"><span class='ocrx_word' id='word_1_261' title='bbox 2716 1200 2922 1256; x_wconf 83' lang='lat' dir='ltr'><strong>CAPUT</strong></span> <span class='ocrx_word' id='word_1_262' title='bbox 2961 1200 3148 1255; x_wconf 80' lang='lat' dir='ltr'>XXIII.</span> 
     </span>
    </p>
   </div>
   <div class='ocr_carea' id='block_1_42' title="bbox 2198 1290 3757 1348">
    <p class='ocr_par' dir='ltr' id='par_1_42' title="bbox 2198 1290 3757 1348">
     <span class='ocr_line' id='line_1_42' title="bbox 2198 1290 3757 1348; baseline 0 -2"><span class='ocrx_word' id='word_1_263' title='bbox 2198 1291 2541 1348; x_wconf 87' lang='lat' dir='ltr'>Venerabilis</span> <span class='ocrx_word' id='word_1_264' title='bbox 2586 1291 2845 1347; x_wconf 88' lang='lat' dir='ltr'>Leontius</span> <span class='ocrx_word' id='word_1_265' title='bbox 2885 1291 3082 1346; x_wconf 89' lang='lat' dir='ltr'>videns</span> <span class='ocrx_word' id='word_1_266' title='bbox 3138 1291 3361 1345; x_wconf 90' lang='lat' dir='ltr'>beatum</span> <span class='ocrx_word' id='word_1_267' title='bbox 3421 1290 3757 1346; x_wconf 85' lang='lat' dir='ltr'>Maclovium</span> 
     </span>
    </p>
   </div>
   <div class='ocr_carea' id='block_1_43' title="bbox 2126 1384 3755 1462">
    <p class='ocr_par' dir='ltr' id='par_1_43' title="bbox 2126 1384 3755 1462">
     <span class='ocr_line' id='line_1_43' title="bbox 2126 1384 3755 1462; baseline -0.002 -20"><span class='ocrx_word' id='word_1_268' title='bbox 2126 1388 2339 1442; x_wconf 88' lang='lat' dir='ltr'>meritis</span> <span class='ocrx_word' id='word_1_269' title='bbox 2367 1398 2422 1442; x_wconf 90' lang='lat' dir='ltr'>et</span> <span class='ocrx_word' id='word_1_270' title='bbox 2445 1387 2741 1442; x_wconf 87' lang='lat' dir='ltr'>virtutibus</span> <span class='ocrx_word' id='word_1_271' title='bbox 2786 1385 3102 1462; x_wconf 88' lang='lat' dir='ltr'>gloriﬁcari,</span> <span class='ocrx_word' id='word_1_272' title='bbox 3145 1384 3314 1455; x_wconf 73' lang='lat' dir='ltr'>crepit</span> <span class='ocrx_word' id='word_1_273' title='bbox 3343 1384 3531 1439; x_wconf 89' lang='lat' dir='ltr'>animo</span> <span class='ocrx_word' id='word_1_274' title='bbox 3563 1401 3755 1440; x_wconf 90' lang='lat' dir='ltr'>secum</span> 
     </span>
    </p>
   </div>
   <div class='ocr_carea' id='block_1_44' title="bbox 2127 1478 3758 1551">
    <p class='ocr_par' dir='ltr' id='par_1_44' title="bbox 2127 1478 3758 1551">
     <span class='ocr_line' id='line_1_44' title="bbox 2127 1478 3758 1551; baseline -0.001 -17"><span class='ocrx_word' id='word_1_275' title='bbox 2127 1495 2237 1536; x_wconf 91' lang='lat' dir='ltr'>non</span> <span class='ocrx_word' id='word_1_276' title='bbox 2267 1480 2484 1536; x_wconf 91' lang='lat' dir='ltr'>modice</span> <span class='ocrx_word' id='word_1_277' title='bbox 2517 1480 2705 1545; x_wconf 76' lang='lat' dir='ltr'>lzetari,</span> <span class='ocrx_word' id='word_1_278' title='bbox 2735 1479 2883 1551; x_wconf 90' lang='lat' dir='ltr'>quod</span> <span class='ocrx_word' id='word_1_279' title='bbox 2925 1478 3110 1533; x_wconf 90' lang='lat' dir='ltr'>divina</span> <span class='ocrx_word' id='word_1_280' title='bbox 3136 1478 3311 1549; x_wconf 89' lang='lat' dir='ltr'>pietas</span> <span class='ocrx_word' id='word_1_281' title='bbox 3341 1493 3468 1533; x_wconf 92' lang='lat' dir='ltr'>eum</span> <span class='ocrx_word' id='word_1_282' title='bbox 3501 1485 3659 1532; x_wconf 91' lang='lat' dir='ltr'>tanto</span> <span class='ocrx_word' id='word_1_283' title='bbox 3701 1487 3758 1533; x_wconf 90' lang='lat' dir='ltr'>et</span> 
     </span>
    </p>
   </div>
   <div class='ocr_carea' id='block_1_45' title="bbox 2126 1570 3759 1643">
    <p class='ocr_par' dir='ltr' id='par_1_45' title="bbox 2126 1570 3759 1643">
     <span class='ocr_line' id='line_1_45' title="bbox 2126 1570 3759 1643; baseline -0.001 -17"><span class='ocrx_word' id='word_1_284' title='bbox 2126 1571 2218 1626; x_wconf 91' lang='lat' dir='ltr'>tali</span> <span class='ocrx_word' id='word_1_285' title='bbox 2252 1572 2466 1643; x_wconf 91' lang='lat' dir='ltr'>hospite</span> <span class='ocrx_word' id='word_1_286' title='bbox 2515 1571 2750 1628; x_wconf 89' lang='lat' dir='ltr'>voluerit</span> <span class='ocrx_word' id='word_1_287' title='bbox 2803 1571 3100 1627; x_wconf 89' lang='lat' dir='ltr'>consolari.</span> <span class='ocrx_word' id='word_1_288' title='bbox 3143 1570 3299 1625; x_wconf 90' lang='lat' dir='ltr'>Unde</span> <span class='ocrx_word' id='word_1_289' title='bbox 3329 1585 3486 1624; x_wconf 89' lang='lat' dir='ltr'>suam</span> <span class='ocrx_word' id='word_1_290' title='bbox 3538 1570 3759 1625; x_wconf 75' lang='lat' dir='ltr'>dioece-</span> 
     </span>
    </p>
   </div>
   <div class='ocr_carea' id='block_1_46' title="bbox 2127 1663 3760 1738">
    <p class='ocr_par' dir='ltr' id='par_1_46' title="bbox 2127 1663 3760 1738">
     <span class='ocr_line' id='line_1_46' title="bbox 2127 1663 3760 1738; baseline -0.001 -20"><span class='ocrx_word' id='word_1_291' title='bbox 2127 1665 2230 1719; x_wconf 91' lang='lat' dir='ltr'>sim</span> <span class='ocrx_word' id='word_1_292' title='bbox 2276 1664 2626 1731; x_wconf 89' lang='lat' dir='ltr'>lustraturus,</span> <span class='ocrx_word' id='word_1_293' title='bbox 2677 1681 2802 1719; x_wconf 91' lang='lat' dir='ltr'>eum</span> <span class='ocrx_word' id='word_1_294' title='bbox 2859 1673 2919 1718; x_wconf 91' lang='lat' dir='ltr'>ut</span> <span class='ocrx_word' id='word_1_295' title='bbox 2974 1679 3160 1719; x_wconf 89' lang='lat' dir='ltr'>secum</span> <span class='ocrx_word' id='word_1_296' title='bbox 3202 1672 3482 1738; x_wconf 88' lang='lat' dir='ltr'>pergeret,</span> <span class='ocrx_word' id='word_1_297' title='bbox 3532 1663 3760 1718; x_wconf 80' lang='lat' dir='ltr'>obnixis</span> 
     </span>
    </p>
   </div>
   <div class='ocr_carea' id='block_1_47' title="bbox 2055 1721 3754 1830">
    <p class='ocr_par' dir='ltr' id='par_1_47' title="bbox 2055 1721 3754 1830">
     <span class='ocr_line' id='line_1_47' title="bbox 2055 1721 3754 1830; baseline -0.001 -18"><span class='ocrx_word' id='word_1_298' title='bbox 2055 1721 2103 1788; x_wconf 79' lang='grc' dir='ltr'>Β</span> <span class='ocrx_word' id='word_1_299' title='bbox 2129 1757 2311 1830; x_wconf 88' lang='lat' dir='ltr'>coegit</span> <span class='ocrx_word' id='word_1_300' title='bbox 2349 1721 2628 1828; x_wconf 47' lang='lat' dir='ltr'>precibus:</span> <span class='ocrx_word' id='word_1_301' title='bbox 2667 1757 2947 1811; x_wconf 90' lang='lat' dir='ltr'>Venerunt</span> <span class='ocrx_word' id='word_1_302' title='bbox 2981 1755 3167 1828; x_wconf 89' lang='lat' dir='ltr'>itaque</span> <span class='ocrx_word' id='word_1_303' title='bbox 3205 1721 3530 1819; x_wconf 38' lang='lat' dir='ltr'>.ad‘villam,</span> <span class='ocrx_word' id='word_1_304' title='bbox 3579 1772 3754 1827; x_wconf 89' lang='lat' dir='ltr'>quam</span> 
     </span>
    </p>
   </div>
   <div class='ocr_carea' id='block_1_48' title="bbox 2129 1850 3757 1924">
    <p class='ocr_par' dir='ltr' id='par_1_48' title="bbox 2129 1850 3757 1924">
     <span class='ocr_line' id='line_1_48' title="bbox 2129 1850 3757 1924; baseline -0.002 -17"><span class='ocrx_word' id='word_1_305' title='bbox 2129 1852 2427 1923; x_wconf 87' lang='lat' dir='ltr'>antiquitas</span> <span class='ocrx_word' id='word_1_306' title='bbox 2479 1851 2779 1922; x_wconf 88' lang='lat' dir='ltr'>appellavit</span> <span class='ocrx_word' id='word_1_307' title='bbox 2825 1852 3042 1918; x_wconf 87' lang='lat' dir='ltr'>Bream,</span> <span class='ocrx_word' id='word_1_308' title='bbox 3101 1851 3339 1924; x_wconf 89' lang='lat' dir='ltr'>geminis</span> <span class='ocrx_word' id='word_1_309' title='bbox 3387 1850 3643 1905; x_wconf 90' lang='lat' dir='ltr'>ecclesiis</span> <span class='ocrx_word' id='word_1_310' title='bbox 3698 1850 3757 1903; x_wconf 92' lang='lat' dir='ltr'>in</span> 
     </span>
    </p>
   </div>
   <div class='ocr_carea' id='block_1_49' title="bbox 2127 1940 3753 2016">
    <p class='ocr_par' dir='ltr' id='par_1_49' title="bbox 2127 1940 3753 2016">
     <span class='ocr_line' id='line_1_49' title="bbox 2127 1940 3753 2016; baseline 0 -22"><span class='ocrx_word' id='word_1_311' title='bbox 2127 1942 2392 1996; x_wconf 88' lang='lat' dir='ltr'>honorem</span> <span class='ocrx_word' id='word_1_312' title='bbox 2426 1941 2517 1995; x_wconf 91' lang='lat' dir='ltr'>Dei</span> <span class='ocrx_word' id='word_1_313' title='bbox 2547 1941 2807 1996; x_wconf 89' lang='lat' dir='ltr'>nobiliter</span> <span class='ocrx_word' id='word_1_314' title='bbox 2837 1942 3189 2016; x_wconf 87' lang='lat' dir='ltr'>insignatam.</span> <span class='ocrx_word' id='word_1_315' title='bbox 3217 1941 3502 2007; x_wconf 89' lang='lat' dir='ltr'>Leontius,</span> <span class='ocrx_word' id='word_1_316' title='bbox 3535 1949 3598 1994; x_wconf 91' lang='lat' dir='ltr'>ut</span> <span class='ocrx_word' id='word_1_317' title='bbox 3631 1940 3753 1994; x_wconf 81' lang='lat' dir='ltr'>Ma-</span> 
     </span>
    </p>
   </div>
   <div class='ocr_carea' id='block_1_50' title="bbox 2124 2033 3760 2103">
    <p class='ocr_par' dir='ltr' id='par_1_50' title="bbox 2124 2033 3760 2103">
     <span class='ocr_line' id='line_1_50' title="bbox 2124 2033 3760 2103; baseline -0.001 -16"><span class='ocrx_word' id='word_1_318' title='bbox 2124 2033 2358 2088; x_wconf 90' lang='lat' dir='ltr'>clovium</span> <span class='ocrx_word' id='word_1_319' title='bbox 2391 2033 2597 2087; x_wconf 85' lang='lat' dir='ltr'>arctius</span> <span class='ocrx_word' id='word_1_320' title='bbox 2626 2033 2927 2103; x_wconf 87' lang='lat' dir='ltr'>applicaret</span> <span class='ocrx_word' id='word_1_321' title='bbox 2972 2033 3099 2099; x_wconf 91' lang='lat' dir='ltr'>sibi,</span> <span class='ocrx_word' id='word_1_322' title='bbox 3152 2049 3318 2088; x_wconf 92' lang='lat' dir='ltr'>unam</span> <span class='ocrx_word' id='word_1_323' title='bbox 3347 2049 3535 2088; x_wconf 90' lang='lat' dir='ltr'>earum</span> <span class='ocrx_word' id='word_1_324' title='bbox 3591 2033 3760 2087; x_wconf 90' lang='lat' dir='ltr'>attri-</span> 
     </span>
    </p>
   </div>
   <div class='ocr_carea' id='block_1_51' title="bbox 2124 2123 3755 2192">
    <p class='ocr_par' dir='ltr' id='par_1_51' title="bbox 2124 2123 3755 2192">
     <span class='ocr_line' id='line_1_51' title="bbox 2124 2123 3755 2192; baseline 0.001 -15"><span class='ocrx_word' id='word_1_325' title='bbox 2124 2123 2247 2177; x_wconf 92' lang='lat' dir='ltr'>buit</span> <span class='ocrx_word' id='word_1_326' title='bbox 2284 2124 2404 2191; x_wconf 89' lang='lat' dir='ltr'>ejus</span> <span class='ocrx_word' id='word_1_327' title='bbox 2453 2123 2798 2190; x_wconf 88' lang='lat' dir='ltr'>habitationi,</span> <span class='ocrx_word' id='word_1_328' title='bbox 2864 2125 3091 2179; x_wconf 88' lang='lat' dir='ltr'>alteram</span> <span class='ocrx_word' id='word_1_329' title='bbox 3151 2124 3380 2179; x_wconf 89' lang='lat' dir='ltr'>retinuit</span> <span class='ocrx_word' id='word_1_330' title='bbox 3450 2139 3552 2179; x_wconf 92' lang='lat' dir='ltr'>suo</span> <span class='ocrx_word' id='word_1_331' title='bbox 3603 2124 3755 2192; x_wconf 88' lang='lat' dir='ltr'>juri.</span> 
     </span>
    </p>
   </div>
   <div class='ocr_carea' id='block_1_52' title="bbox 2125 2213 3748 2284">
    <p class='ocr_par' dir='ltr' id='par_1_52' title="bbox 2125 2213 3748 2284">
     <span class='ocr_line' id='line_1_52' title="bbox 2125 2213 3748 2284; baseline -0.001 -17"><span class='ocrx_word' id='word_1_332' title='bbox 2125 2213 2280 2278; x_wconf 90' lang='lat' dir='ltr'>Quod</span> <span class='ocrx_word' id='word_1_333' title='bbox 2307 2219 2572 2284; x_wconf 90' lang='lat' dir='ltr'>quantum</span> <span class='ocrx_word' id='word_1_334' title='bbox 2604 2214 2716 2268; x_wconf 90' lang='lat' dir='ltr'>Deo</span> <span class='ocrx_word' id='word_1_335' title='bbox 2760 2213 3045 2283; x_wconf 90' lang='lat' dir='ltr'>placuerit,</span> <span class='ocrx_word' id='word_1_336' title='bbox 3079 2229 3147 2267; x_wconf 87' lang='lat' dir='ltr'>ex</span> <span class='ocrx_word' id='word_1_337' title='bbox 3187 2229 3253 2268; x_wconf 90' lang='lat' dir='ltr'>eo</span> <span class='ocrx_word' id='word_1_338' title='bbox 3292 2213 3425 2269; x_wconf 85' lang='lat' dir='ltr'>satis</span> <span class='ocrx_word' id='word_1_339' title='bbox 3462 2213 3748 2284; x_wconf 89' lang='lat' dir='ltr'>apparuit,</span> 
     </span>
    </p>
   </div>
   <div class='ocr_carea' id='block_1_53' title="bbox 2126 2302 3761 2374">
    <p class='ocr_par' dir='ltr' id='par_1_53' title="bbox 2126 2302 3761 2374">
     <span class='ocr_line' id='line_1_53' title="bbox 2126 2302 3761 2374; baseline 0.001 -18"><span class='ocrx_word' id='word_1_340' title='bbox 2126 2302 2272 2374; x_wconf 91' lang='lat' dir='ltr'>quod</span> <span class='ocrx_word' id='word_1_341' title='bbox 2303 2302 2557 2373; x_wconf 67' lang='lat' dir='ltr'>praesenti</span> <span class='ocrx_word' id='word_1_342' title='bbox 2598 2303 2865 2358; x_wconf 91' lang='lat' dir='ltr'>miraculo</span> <span class='ocrx_word' id='word_1_343' title='bbox 2897 2303 3101 2358; x_wconf 91' lang='lat' dir='ltr'>ibidem</span> <span class='ocrx_word' id='word_1_344' title='bbox 3129 2319 3225 2358; x_wconf 90' lang='lat' dir='ltr'>eos</span> <span class='ocrx_word' id='word_1_345' title='bbox 3255 2303 3520 2359; x_wconf 92' lang='lat' dir='ltr'>Dominus</span> <span class='ocrx_word' id='word_1_346' title='bbox 3573 2303 3761 2358; x_wconf 61' lang='lat' dir='ltr'>laetiti—</span> 
     </span>
    </p>
   </div>
   <div class='ocr_carea' id='block_1_54' title="bbox 2127 2398 3757 2470">
    <p class='ocr_par' dir='ltr' id='par_1_54' title="bbox 2127 2398 3757 2470">
     <span class='ocr_line' id='line_1_54' title="bbox 2127 2398 3757 2470; baseline 0.001 -18"><span class='ocrx_word' id='word_1_347' title='bbox 2127 2398 2287 2452; x_wconf 88' lang='lat' dir='ltr'>cavit.</span> <span class='ocrx_word' id='word_1_348' title='bbox 2323 2398 2685 2453; x_wconf 88' lang='lat' dir='ltr'>Illucescente</span> <span class='ocrx_word' id='word_1_349' title='bbox 2726 2399 2816 2453; x_wconf 89' lang='lat' dir='ltr'>die</span> <span class='ocrx_word' id='word_1_350' title='bbox 2848 2415 2970 2453; x_wconf 90' lang='lat' dir='ltr'>cum</span> <span class='ocrx_word' id='word_1_351' title='bbox 2999 2399 3168 2454; x_wconf 86' lang='lat' dir='ltr'>lavari</span> <span class='ocrx_word' id='word_1_352' title='bbox 3208 2399 3376 2454; x_wconf 83' lang='lat' dir='ltr'>vellet</span> <span class='ocrx_word' id='word_1_353' title='bbox 3425 2399 3757 2470; x_wconf 77' lang='lat' dir='ltr'>epis00pus,</span> 
     </span>
    </p>
   </div>
   <div class='ocr_carea' id='block_1_55' title="bbox 2127 2486 3756 2559">
    <p class='ocr_par' dir='ltr' id='par_1_55' title="bbox 2127 2486 3756 2559">
     <span class='ocr_line' id='line_1_55' title="bbox 2127 2486 3756 2559; baseline -0.001 -17"><span class='ocrx_word' id='word_1_354' title='bbox 2127 2503 2266 2559; x_wconf 81' lang='lat' dir='ltr'>puer</span> <span class='ocrx_word' id='word_1_355' title='bbox 2287 2486 2577 2542; x_wconf 83' lang='lat' dir='ltr'>familiaris</span> <span class='ocrx_word' id='word_1_356' title='bbox 2604 2487 2671 2542; x_wconf 89' lang='lat' dir='ltr'>ad</span> <span class='ocrx_word' id='word_1_357' title='bbox 2700 2487 3059 2542; x_wconf 90' lang='lat' dir='ltr'>hauriendam</span> <span class='ocrx_word' id='word_1_358' title='bbox 3074 2503 3272 2558; x_wconf 89' lang='lat' dir='ltr'>aquam</span> <span class='ocrx_word' id='word_1_359' title='bbox 3295 2487 3538 2542; x_wconf 91' lang='lat' dir='ltr'>cucurrit</span> <span class='ocrx_word' id='word_1_360' title='bbox 3565 2487 3756 2554; x_wconf 88' lang='lat' dir='ltr'>ocius,</span> 
     </span>
    </p>
   </div>
   <div class='ocr_carea' id='block_1_56' title="bbox 2127 2577 3751 2650">
    <p class='ocr_par' dir='ltr' id='par_1_56' title="bbox 2127 2577 3751 2650">
     <span class='ocr_line' id='line_1_56' title="bbox 2127 2577 3751 2650; baseline 0 -16"><span class='ocrx_word' id='word_1_361' title='bbox 2127 2581 2226 2644; x_wconf 90' lang='lat' dir='ltr'>Qui</span> <span class='ocrx_word' id='word_1_362' title='bbox 2279 2580 2409 2634; x_wconf 92' lang='lat' dir='ltr'>dum</span> <span class='ocrx_word' id='word_1_363' title='bbox 2461 2577 2679 2634; x_wconf 84' lang='lat' dir='ltr'>incaute</span> <span class='ocrx_word' id='word_1_364' title='bbox 2746 2580 2942 2645; x_wconf 86' lang='lat' dir='ltr'>haurit,</span> <span class='ocrx_word' id='word_1_365' title='bbox 2990 2579 3178 2650; x_wconf 90' lang='lat' dir='ltr'>elapso</span> <span class='ocrx_word' id='word_1_366' title='bbox 3218 2579 3385 2650; x_wconf 92' lang='lat' dir='ltr'>pede,</span> <span class='ocrx_word' id='word_1_367' title='bbox 3428 2579 3486 2632; x_wconf 91' lang='lat' dir='ltr'>in</span> <span class='ocrx_word' id='word_1_368' title='bbox 3518 2589 3751 2650; x_wconf 89' lang='lat' dir='ltr'>puteum</span> 
     </span>
    </p>
   </div>
   <div class='ocr_carea' id='block_1_57' title="bbox 2127 2670 3758 2742">
    <p class='ocr_par' dir='ltr' id='par_1_57' title="bbox 2127 2670 3758 2742">
     <span class='ocr_line' id='line_1_57' title="bbox 2127 2670 3758 2742; baseline -0.001 -16"><span class='ocrx_word' id='word_1_369' title='bbox 2127 2671 2356 2735; x_wconf 90' lang='lat' dir='ltr'>corruit,</span> <span class='ocrx_word' id='word_1_370' title='bbox 2397 2678 2452 2726; x_wconf 92' lang='lat' dir='ltr'>et</span> <span class='ocrx_word' id='word_1_371' title='bbox 2482 2687 2747 2742; x_wconf 90' lang='lat' dir='ltr'>aquarum</span> <span class='ocrx_word' id='word_1_372' title='bbox 2801 2671 2946 2726; x_wconf 90' lang='lat' dir='ltr'>mole</span> <span class='ocrx_word' id='word_1_373' title='bbox 3009 2686 3311 2741; x_wconf 89' lang='lat' dir='ltr'>oppressus</span> <span class='ocrx_word' id='word_1_374' title='bbox 3355 2670 3587 2725; x_wconf 89' lang='lat' dir='ltr'>interiit.</span> <span class='ocrx_word' id='word_1_375' title='bbox 3645 2671 3758 2725; x_wconf 85' lang='lat' dir='ltr'>Ex-</span> 
     </span>
    </p>
   </div>
   <div class='ocr_carea' id='block_1_58' title="bbox 2127 2765 3760 2841">
    <p class='ocr_par' dir='ltr' id='par_1_58' title="bbox 2127 2765 3760 2841">
     <span class='ocr_line' id='line_1_58' title="bbox 2127 2765 3760 2841; baseline 0 -19"><span class='ocrx_word' id='word_1_376' title='bbox 2127 2775 2279 2822; x_wconf 91' lang='lat' dir='ltr'>ortus</span> <span class='ocrx_word' id='word_1_377' title='bbox 2309 2777 2392 2821; x_wconf 90' lang='lat' dir='ltr'>est</span> <span class='ocrx_word' id='word_1_378' title='bbox 2417 2767 2600 2822; x_wconf 91' lang='lat' dir='ltr'>subito</span> <span class='ocrx_word' id='word_1_379' title='bbox 2629 2767 2836 2823; x_wconf 91' lang='lat' dir='ltr'>clamor</span> <span class='ocrx_word' id='word_1_380' title='bbox 2867 2776 2921 2822; x_wconf 91' lang='lat' dir='ltr'>et</span> <span class='ocrx_word' id='word_1_381' title='bbox 2949 2767 3210 2841; x_wconf 87' lang='lat' dir='ltr'>gemitus,</span> <span class='ocrx_word' id='word_1_382' title='bbox 3257 2765 3315 2820; x_wconf 93' lang='lat' dir='ltr'>ﬁt</span> <span class='ocrx_word' id='word_1_383' title='bbox 3353 2767 3607 2838; x_wconf 89' lang='lat' dir='ltr'>undique</span> <span class='ocrx_word' id='word_1_384' title='bbox 3641 2767 3760 2822; x_wconf 79' lang='lat' dir='ltr'>fre-</span> 
     </span>
    </p>
   </div>
   <div class='ocr_carea' id='block_1_59' title="bbox 2129 2855 3763 2929">
    <p class='ocr_par' dir='ltr' id='par_1_59' title="bbox 2129 2855 3763 2929">
     <span class='ocr_line' id='line_1_59' title="bbox 2129 2855 3763 2929; baseline 0 -19"><span class='ocrx_word' id='word_1_385' title='bbox 2129 2871 2309 2927; x_wconf 90' lang='lat' dir='ltr'>quens</span> <span class='ocrx_word' id='word_1_386' title='bbox 2349 2855 2538 2927; x_wconf 88' lang='lat' dir='ltr'>p0puli</span> <span class='ocrx_word' id='word_1_387' title='bbox 2585 2871 2910 2911; x_wconf 87' lang='lat' dir='ltr'>concursus.</span> <span class='ocrx_word' id='word_1_388' title='bbox 2975 2855 3222 2911; x_wconf 85' lang='lat' dir='ltr'>Accurrit</span> <span class='ocrx_word' id='word_1_389' title='bbox 3271 2864 3429 2926; x_wconf 92' lang='lat' dir='ltr'>pater</span> <span class='ocrx_word' id='word_1_390' title='bbox 3476 2855 3763 2929; x_wconf 84' lang='lat' dir='ltr'>lugubris,</span> 
     </span>
    </p>
   </div>
   <div class='ocr_carea' id='block_1_60' title="bbox 2127 2947 3754 3009">
    <p class='ocr_par' dir='ltr' id='par_1_60' title="bbox 2127 2947 3754 3009">
     <span class='ocr_line' id='line_1_60' title="bbox 2127 2947 3754 3009; baseline 0.001 -9"><span class='ocrx_word' id='word_1_391' title='bbox 2127 2963 2239 3002; x_wconf 92' lang='lat' dir='ltr'>non</span> <span class='ocrx_word' id='word_1_392' title='bbox 2281 2953 2523 3002; x_wconf 91' lang='lat' dir='ltr'>moratur</span> <span class='ocrx_word' id='word_1_393' title='bbox 2557 2947 2754 3002; x_wconf 89' lang='lat' dir='ltr'>adesse</span> <span class='ocrx_word' id='word_1_394' title='bbox 2783 2954 2959 3002; x_wconf 87' lang='lat' dir='ltr'>mater</span> <span class='ocrx_word' id='word_1_395' title='bbox 2981 2947 3346 3009; x_wconf 89' lang='lat' dir='ltr'>miserabilis,</span> <span class='ocrx_word' id='word_1_396' title='bbox 3369 2947 3578 3002; x_wconf 90' lang='lat' dir='ltr'>inculto</span> <span class='ocrx_word' id='word_1_397' title='bbox 3612 2947 3754 3002; x_wconf 88' lang='lat' dir='ltr'>facie</span> 
     </span>
    </p>
   </div>
   <div class='ocr_carea' id='block_1_61' title="bbox 411 3037 3751 3111">
    <p class='ocr_par' dir='ltr' id='par_1_61' title="bbox 411 3037 3751 3111">
     <span class='ocr_line' id='line_1_61' title="bbox 411 3037 3751 3111; baseline 0 -18"><span class='ocrx_word' id='word_1_398' title='bbox 411 3045 634 3110; x_wconf 87' lang='lat' dir='ltr'>paratus</span> <span class='ocrx_word' id='word_1_399' title='bbox 664 3054 731 3092; x_wconf 84' lang='lat' dir='ltr'>ex</span> <span class='ocrx_word' id='word_1_400' title='bbox 758 3055 856 3092; x_wconf 90' lang='lat' dir='ltr'>sua</span> <span class='ocrx_word' id='word_1_401' title='bbox 886 3038 1045 3108; x_wconf 90' lang='lat' dir='ltr'>c0pia</span> <span class='ocrx_word' id='word_1_402' title='bbox 1079 3038 1224 3092; x_wconf 90' lang='lat' dir='ltr'>illius</span> <span class='ocrx_word' id='word_1_403' title='bbox 1255 3037 1500 3109; x_wconf 89' lang='lat' dir='ltr'>in0piam</span> <span class='ocrx_word' id='word_1_404' title='bbox 1531 3040 1812 3109; x_wconf 88' lang='lat' dir='ltr'>supplere.</span> <span class='ocrx_word' id='word_1_405' title='bbox 1840 3039 2024 3111; x_wconf 87' lang='lat' dir='ltr'>POpu-</span> <span class='ocrx_word' id='word_1_406' title='bbox 2052 3091 2096 3111; x_wconf 64' lang='grc' dir='ltr'>η</span> <span class='ocrx_word' id='word_1_407' title='bbox 2127 3039 2420 3095; x_wconf 89' lang='lat' dir='ltr'>etmudato</span> <span class='ocrx_word' id='word_1_408' title='bbox 2447 3054 2700 3110; x_wconf 84' lang='lat' dir='ltr'>corpore,</span> <span class='ocrx_word' id='word_1_409' title='bbox 2723 3039 3042 3111; x_wconf 90' lang='lat' dir='ltr'>sparsisque</span> <span class='ocrx_word' id='word_1_410' title='bbox 3068 3039 3282 3110; x_wconf 90' lang='lat' dir='ltr'>capillis</span> <span class='ocrx_word' id='word_1_411' title='bbox 3300 3039 3751 3110; x_wconf 86' lang='lat' dir='ltr'>compassionem</span> 
     </span>
    </p>
   </div>
   <div class='ocr_carea' id='block_1_62' title="bbox 406 3091 3755 3208">
    <p class='ocr_par' dir='ltr' id='par_1_62' title="bbox 406 3091 3755 3208">
     <span class='ocr_line' id='line_1_62' title="bbox 406 3091 3755 3208; baseline 0.001 -23"><span class='ocrx_word' id='word_1_412' title='bbox 406 3131 548 3185; x_wconf 90' lang='lat' dir='ltr'>lares</span> <span class='ocrx_word' id='word_1_413' title='bbox 576 3144 800 3200; x_wconf 90' lang='lat' dir='ltr'>quoque</span> <span class='ocrx_word' id='word_1_414' title='bbox 831 3127 1089 3182; x_wconf 90' lang='lat' dir='ltr'>delectati</span> <span class='ocrx_word' id='word_1_415' title='bbox 1117 3127 1288 3182; x_wconf 93' lang='lat' dir='ltr'>odore</span> <span class='ocrx_word' id='word_1_416' title='bbox 1319 3127 1440 3194; x_wconf 90' lang='lat' dir='ltr'>ejus</span> <span class='ocrx_word' id='word_1_417' title='bbox 1462 3128 1621 3182; x_wconf 59' lang='lat' dir='ltr'>bona:</span> <span class='ocrx_word' id='word_1_418' title='bbox 1649 3129 2024 3183; x_wconf 90' lang='lat' dir='ltr'>conversatio-</span> <span class='ocrx_word' id='word_1_419' title='bbox 2048 3091 2096 3160; x_wconf 66' lang='grc' dir='ltr'><strong>Ο</strong></span> <span class='ocrx_word' id='word_1_420' title='bbox 2126 3133 2408 3188; x_wconf 84' lang='lat' dir='ltr'>incutiens</span> <span class='ocrx_word' id='word_1_421' title='bbox 2458 3132 2735 3208; x_wconf 76' lang='lat' dir='ltr'>universis</span> <span class='ocrx_word' id='word_1_422' title='bbox 2768 3133 2940 3187; x_wconf 83' lang='lat' dir='ltr'>Movet</span> <span class='ocrx_word' id='word_1_423' title='bbox 2984 3139 3234 3199; x_wconf 90' lang='lat' dir='ltr'>cunctos,</span> <span class='ocrx_word' id='word_1_424' title='bbox 3267 3141 3322 3187; x_wconf 90' lang='lat' dir='ltr'>et</span> <span class='ocrx_word' id='word_1_425' title='bbox 3363 3133 3601 3187; x_wconf 82' lang='lat' dir='ltr'>maxime</span> <span class='ocrx_word' id='word_1_426' title='bbox 3651 3149 3755 3203; x_wconf 87' lang='lat' dir='ltr'>pa-</span> 
     </span>
    </p>
   </div>
   <div class='ocr_carea' id='block_1_63' title="bbox 407 3215 2023 3286">
    <p class='ocr_par' dir='ltr' id='par_1_63' title="bbox 407 3215 2023 3286">
     <span class='ocr_line' id='line_1_63' title="bbox 407 3215 2023 3286; baseline 0 -14"><span class='ocrx_word' id='word_1_427' title='bbox 407 3219 514 3285; x_wconf 92' lang='lat' dir='ltr'>nis,</span> <span class='ocrx_word' id='word_1_428' title='bbox 556 3217 606 3271; x_wconf 91' lang='lat' dir='ltr'>ei</span> <span class='ocrx_word' id='word_1_429' title='bbox 663 3216 887 3286; x_wconf 90' lang='lat' dir='ltr'>suisque</span> <span class='ocrx_word' id='word_1_430' title='bbox 941 3215 1478 3270; x_wconf 88' lang='lat' dir='ltr'>adminiculabantur</span> <span class='ocrx_word' id='word_1_431' title='bbox 1539 3216 1727 3270; x_wconf 91' lang='lat' dir='ltr'>multis</span> <span class='ocrx_word' id='word_1_432' title='bbox 1757 3217 2023 3282; x_wconf 87' lang='lat' dir='ltr'>donariis,</span> 
     </span>
    </p>
   </div>
   <div class='ocr_carea' id='block_1_64' title="bbox 407 3307 2020 3378">
    <p class='ocr_par' dir='ltr' id='par_1_64' title="bbox 407 3307 2020 3378">
     <span class='ocr_line' id='line_1_64' title="bbox 407 3307 2020 3378; baseline 0 -13"><span class='ocrx_word' id='word_1_433' title='bbox 407 3310 659 3366; x_wconf 90' lang='lat' dir='ltr'>volentes</span> <span class='ocrx_word' id='word_1_434' title='bbox 690 3308 851 3362; x_wconf 91' lang='lat' dir='ltr'>etiam</span> <span class='ocrx_word' id='word_1_435' title='bbox 897 3307 1000 3378; x_wconf 88' lang='lat' dir='ltr'>ipsi</span> <span class='ocrx_word' id='word_1_436' title='bbox 1045 3307 1359 3378; x_wconf 90' lang='lat' dir='ltr'>participari</span> <span class='ocrx_word' id='word_1_437' title='bbox 1401 3307 1670 3364; x_wconf 90' lang='lat' dir='ltr'>fructibus</span> <span class='ocrx_word' id='word_1_438' title='bbox 1724 3310 1891 3365; x_wconf 90' lang='lat' dir='ltr'>alieni</span> <span class='ocrx_word' id='word_1_439' title='bbox 1931 3310 2020 3365; x_wconf 89' lang='lat' dir='ltr'>Ia-</span> 
     </span>
    </p>
   </div>
   <div class='ocr_carea' id='block_1_65' title="bbox 409 3401 582 3457">
    <p class='ocr_par' dir='ltr' id='par_1_65' title="bbox 409 3401 582 3457">
     <span class='ocr_line' id='line_1_65' title="bbox 409 3401 582 3457; baseline 0.006 -3"><span class='ocrx_word' id='word_1_440' title='bbox 409 3401 582 3457; x_wconf 88' lang='lat' dir='ltr'>boris.</span> 
     </span>
    </p>
   </div>
   <div class='ocr_carea' id='block_1_66' title="bbox 1015 3487 1421 3544">
    <p class='ocr_par' dir='ltr' id='par_1_66' title="bbox 1015 3487 1421 3544">
     <span class='ocr_line' id='line_1_66' title="bbox 1015 3487 1421 3544; baseline 0.005 -2"><span class='ocrx_word' id='word_1_441' title='bbox 1015 3487 1222 3543; x_wconf 79' lang='lat' dir='ltr'>CAPUT</span> <span class='ocrx_word' id='word_1_442' title='bbox 1263 3489 1421 3544; x_wconf 83' lang='lat' dir='ltr'><strong>XXII.</strong></span> 
     </span>
    </p>
   </div>
   <div class='ocr_carea' id='block_1_67' title="bbox 479 3581 2023 3657">
    <p class='ocr_par' dir='ltr' id='par_1_67' title="bbox 479 3581 2023 3657">
     <span class='ocr_line' id='line_1_67' title="bbox 479 3581 2023 3657; baseline 0.003 -21"><span class='ocrx_word' id='word_1_443' title='bbox 479 3582 758 3656; x_wconf 83' lang='lat' dir='ltr'>Agebatur</span> <span class='ocrx_word' id='word_1_444' title='bbox 787 3595 1023 3651; x_wconf 88' lang='lat' dir='ltr'>namque</span> <span class='ocrx_word' id='word_1_445' title='bbox 1063 3596 1173 3634; x_wconf 90' lang='lat' dir='ltr'>non</span> <span class='ocrx_word' id='word_1_446' title='bbox 1195 3598 1324 3636; x_wconf 90' lang='lat' dir='ltr'>casu</span> <span class='ocrx_word' id='word_1_447' title='bbox 1354 3581 1602 3653; x_wconf 89' lang='lat' dir='ltr'>fortuito,</span> <span class='ocrx_word' id='word_1_448' title='bbox 1634 3583 1734 3640; x_wconf 92' lang='lat' dir='ltr'>sed</span> <span class='ocrx_word' id='word_1_449' title='bbox 1768 3584 2023 3657; x_wconf 89' lang='lat' dir='ltr'>dispen--</span> 
     </span>
    </p>
   </div>
   <div class='ocr_carea' id='block_1_68' title="bbox 407 3665 2022 3741">
    <p class='ocr_par' dir='ltr' id='par_1_68' title="bbox 407 3665 2022 3741">
     <span class='ocr_line' id='line_1_68' title="bbox 407 3665 2022 3741; baseline 0.006 -20"><span class='ocrx_word' id='word_1_450' title='bbox 407 3667 582 3721; x_wconf 89' lang='lat' dir='ltr'>sativo</span> <span class='ocrx_word' id='word_1_451' title='bbox 603 3665 908 3720; x_wconf 84' lang='lat' dir='ltr'>Divinitatis</span> <span class='ocrx_word' id='word_1_452' title='bbox 937 3666 1192 3734; x_wconf 90' lang='lat' dir='ltr'>consilio,</span> <span class='ocrx_word' id='word_1_453' title='bbox 1226 3677 1284 3724; x_wconf 93' lang='lat' dir='ltr'>ut</span> <span class='ocrx_word' id='word_1_454' title='bbox 1315 3686 1424 3741; x_wconf 90' lang='lat' dir='ltr'>quo</span> <span class='ocrx_word' id='word_1_455' title='bbox 1479 3673 1641 3726; x_wconf 90' lang='lat' dir='ltr'>latius</span> <span class='ocrx_word' id='word_1_456' title='bbox 1699 3674 1934 3731; x_wconf 86' lang='lat' dir='ltr'>diversis</span> <span class='ocrx_word' id='word_1_457' title='bbox 1964 3677 2022 3731; x_wconf 91' lang='lat' dir='ltr'>in</span> 
     </span>
    </p>
   </div>
   <div class='ocr_carea' id='block_1_69' title="bbox 410 3757 2021 3837">
    <p class='ocr_par' dir='ltr' id='par_1_69' title="bbox 410 3757 2021 3837">
     <span class='ocr_line' id='line_1_69' title="bbox 410 3757 2021 3837; baseline 0.007 -25"><span class='ocrx_word' id='word_1_458' title='bbox 410 3759 546 3814; x_wconf 89' lang='lat' dir='ltr'>locis</span> <span class='ocrx_word' id='word_1_459' title='bbox 566 3757 951 3814; x_wconf 82' lang='lat' dir='ltr'>diffamabatur</span> <span class='ocrx_word' id='word_1_460' title='bbox 1007 3760 1140 3814; x_wconf 90' lang='lat' dir='ltr'>tanti</span> <span class='ocrx_word' id='word_1_461' title='bbox 1173 3761 1273 3816; x_wconf 91' lang='lat' dir='ltr'>viri</span> <span class='ocrx_word' id='word_1_462' title='bbox 1306 3765 1700 3837; x_wconf 86' lang='lat' dir='ltr'>peregrinatio,</span> <span class='ocrx_word' id='word_1_463' title='bbox 1729 3783 1795 3822; x_wconf 91' lang='lat' dir='ltr'>eo</span> <span class='ocrx_word' id='word_1_464' title='bbox 1849 3767 2021 3823; x_wconf 74' lang='lat' dir='ltr'>diffu-</span> 
     </span>
    </p>
   </div>
   <div class='ocr_carea' id='block_1_70' title="bbox 407 3847 2021 3926">
    <p class='ocr_par' dir='ltr' id='par_1_70' title="bbox 407 3847 2021 3926">
     <span class='ocr_line' id='line_1_70' title="bbox 407 3847 2021 3926; baseline 0.003 -23"><span class='ocrx_word' id='word_1_465' title='bbox 407 3849 523 3903; x_wconf 89' lang='lat' dir='ltr'>sius</span> <span class='ocrx_word' id='word_1_466' title='bbox 561 3847 1008 3921; x_wconf 88' lang='lat' dir='ltr'>magniﬁcaretur</span> <span class='ocrx_word' id='word_1_467' title='bbox 1047 3849 1286 3904; x_wconf 89' lang='lat' dir='ltr'>nominis</span> <span class='ocrx_word' id='word_1_468' title='bbox 1315 3851 1435 3920; x_wconf 88' lang='lat' dir='ltr'>ejus</span> <span class='ocrx_word' id='word_1_469' title='bbox 1466 3852 1728 3926; x_wconf 85' lang='lat' dir='ltr'>cOgnitio.</span> <span class='ocrx_word' id='word_1_470' title='bbox 1764 3852 1898 3907; x_wconf 88' lang='lat' dir='ltr'>Filia</span> <span class='ocrx_word' id='word_1_471' title='bbox 1929 3869 2021 3908; x_wconf 94' lang='lat' dir='ltr'>co-</span> 
     </span>
    </p>
   </div>
   <div class='ocr_carea' id='block_1_71' title="bbox 410 3941 2022 4016">
    <p class='ocr_par' dir='ltr' id='par_1_71' title="bbox 410 3941 2022 4016">
     <span class='ocr_line' id='line_1_71' title="bbox 410 3941 2022 4016; baseline 0.003 -19"><span class='ocrx_word' id='word_1_472' title='bbox 410 3941 578 4007; x_wconf 90' lang='lat' dir='ltr'>mitis,</span> <span class='ocrx_word' id='word_1_473' title='bbox 619 3941 715 4012; x_wconf 91' lang='lat' dir='ltr'>qui</span> <span class='ocrx_word' id='word_1_474' title='bbox 747 3957 887 4013; x_wconf 87' lang='lat' dir='ltr'>pago</span> <span class='ocrx_word' id='word_1_475' title='bbox 925 3941 1224 3997; x_wconf 90' lang='lat' dir='ltr'>Santonico</span> <span class='ocrx_word' id='word_1_476' title='bbox 1257 3943 1689 4014; x_wconf 89' lang='lat' dir='ltr'>principabatur.</span> <span class='ocrx_word' id='word_1_477' title='bbox 1723 3962 1821 4016; x_wconf 91' lang='lat' dir='ltr'>per</span> <span class='ocrx_word' id='word_1_478' title='bbox 1852 3946 2022 4015; x_wconf 85' lang='lat' dir='ltr'>patris</span> 
     </span>
    </p>
   </div>
   <div class='ocr_carea' id='block_1_72' title="bbox 409 4030 2022 4103">
    <p class='ocr_par' dir='ltr' id='par_1_72' title="bbox 409 4030 2022 4103">
     <span class='ocr_line' id='line_1_72' title="bbox 409 4030 2022 4103; baseline 0.001 -16"><span class='ocrx_word' id='word_1_479' title='bbox 409 4031 494 4087; x_wconf 89' lang='lat' dir='ltr'>sui</span> <span class='ocrx_word' id='word_1_480' title='bbox 537 4030 857 4086; x_wconf 86' lang='lat' dir='ltr'>viridarium</span> <span class='ocrx_word' id='word_1_481' title='bbox 899 4045 1019 4083; x_wconf 91' lang='lat' dir='ltr'>cum</span> <span class='ocrx_word' id='word_1_482' title='bbox 1069 4031 1418 4103; x_wconf 89' lang='lat' dir='ltr'>pedissequis</span> <span class='ocrx_word' id='word_1_483' title='bbox 1468 4033 1583 4087; x_wconf 91' lang='lat' dir='ltr'>suis</span> <span class='ocrx_word' id='word_1_484' title='bbox 1637 4034 2022 4102; x_wconf 88' lang='lat' dir='ltr'>exercebatur;</span> 
     </span>
    </p>
   </div>
   <div class='ocr_carea' id='block_1_73' title="bbox 412 4117 2026 4193">
    <p class='ocr_par' dir='ltr' id='par_1_73' title="bbox 412 4117 2026 4193">
     <span class='ocr_line' id='line_1_73' title="bbox 412 4117 2026 4193; baseline 0.002 -18"><span class='ocrx_word' id='word_1_485' title='bbox 412 4119 506 4175; x_wconf 81' lang='lat' dir='ltr'>ubi</span> <span class='ocrx_word' id='word_1_486' title='bbox 538 4120 666 4173; x_wconf 91' lang='lat' dir='ltr'>dum</span> <span class='ocrx_word' id='word_1_487' title='bbox 690 4119 910 4172; x_wconf 90' lang='lat' dir='ltr'>incaute</span> <span class='ocrx_word' id='word_1_488' title='bbox 950 4117 1175 4181; x_wconf 90' lang='lat' dir='ltr'>incedit,</span> <span class='ocrx_word' id='word_1_489' title='bbox 1209 4134 1491 4175; x_wconf 90' lang='lat' dir='ltr'>venenoso</span> <span class='ocrx_word' id='word_1_490' title='bbox 1519 4121 1718 4176; x_wconf 89' lang='lat' dir='ltr'>occulti</span> <span class='ocrx_word' id='word_1_491' title='bbox 1751 4123 2026 4193; x_wconf 85' lang='lat' dir='ltr'>serpentis</span> 
     </span>
    </p>
   </div>
   <div class='ocr_carea' id='block_1_74' title="bbox 413 4210 2023 4286">
    <p class='ocr_par' dir='ltr' id='par_1_74' title="bbox 413 4210 2023 4286">
     <span class='ocr_line' id='line_1_74' title="bbox 413 4210 2023 4286; baseline 0.001 -19"><span class='ocrx_word' id='word_1_492' title='bbox 413 4212 522 4269; x_wconf 92' lang='lat' dir='ltr'>ictu</span> <span class='ocrx_word' id='word_1_493' title='bbox 553 4211 839 4268; x_wconf 89' lang='lat' dir='ltr'>vulnerata</span> <span class='ocrx_word' id='word_1_494' title='bbox 861 4210 1150 4284; x_wconf 88' lang='lat' dir='ltr'>ingemuit,</span> <span class='ocrx_word' id='word_1_495' title='bbox 1177 4220 1231 4266; x_wconf 92' lang='lat' dir='ltr'>et</span> <span class='ocrx_word' id='word_1_496' title='bbox 1255 4228 1507 4286; x_wconf 87' lang='lat' dir='ltr'>magnam</span> <span class='ocrx_word' id='word_1_497' title='bbox 1539 4214 1753 4269; x_wconf 90' lang='lat' dir='ltr'>cunctis</span> <span class='ocrx_word' id='word_1_498' title='bbox 1779 4214 2023 4284; x_wconf 88' lang='lat' dir='ltr'>ejulandi</span> 
     </span>
    </p>
   </div>
   <div class='ocr_carea' id='block_1_75' title="bbox 411 4299 2021 4379">
    <p class='ocr_par' dir='ltr' id='par_1_75' title="bbox 411 4299 2021 4379">
     <span class='ocr_line' id='line_1_75' title="bbox 411 4299 2021 4379; baseline 0.001 -21"><span class='ocrx_word' id='word_1_499' title='bbox 411 4301 761 4358; x_wconf 90' lang='lat' dir='ltr'>occasionem</span> <span class='ocrx_word' id='word_1_500' title='bbox 817 4299 987 4354; x_wconf 86' lang='lat' dir='ltr'>dedit.</span> <span class='ocrx_word' id='word_1_501' title='bbox 1040 4300 1200 4355; x_wconf 91' lang='lat' dir='ltr'>Pater</span> <span class='ocrx_word' id='word_1_502' title='bbox 1252 4301 1731 4358; x_wconf 90' lang='lat' dir='ltr'>inconsolabiliter</span> <span class='ocrx_word' id='word_1_503' title='bbox 1776 4304 2021 4379; x_wconf 85' lang='lat' dir='ltr'>lugebat,</span> 
     </span>
    </p>
   </div>
   <div class='ocr_carea' id='block_1_76' title="bbox 412 4368 2100 4466">
    <p class='ocr_par' dir='ltr' id='par_1_76' title="bbox 412 4368 2100 4466">
     <span class='ocr_line' id='line_1_76' title="bbox 412 4368 2100 4466; baseline 0.003 -20"><span class='ocrx_word' id='word_1_504' title='bbox 412 4400 585 4448; x_wconf 90' lang='lat' dir='ltr'>mater</span> <span class='ocrx_word' id='word_1_505' title='bbox 613 4398 861 4446; x_wconf 87' lang='lat' dir='ltr'>materno</span> <span class='ocrx_word' id='word_1_506' title='bbox 892 4390 1070 4446; x_wconf 91' lang='lat' dir='ltr'>dolori</span> <span class='ocrx_word' id='word_1_507' title='bbox 1112 4399 1418 4463; x_wconf 90' lang='lat' dir='ltr'>temperare</span> <span class='ocrx_word' id='word_1_508' title='bbox 1449 4393 1753 4463; x_wconf 88' lang='lat' dir='ltr'>nesciebat,</span> <span class='ocrx_word' id='word_1_509' title='bbox 1786 4368 1908 4466; x_wconf 55' lang='lat' dir='ltr'>quas</span> <span class='ocrx_word' id='word_1_510' title='bbox 1930 4396 2021 4451; x_wconf 87' lang='lat' dir='ltr'>vi-</span> <span class='ocrx_word' id='word_1_511' title='bbox 2041 4368 2100 4436; x_wconf 84' lang='lat' dir='ltr'><strong>D</strong></span> 
     </span>
    </p>
   </div>
   <div class='ocr_carea' id='block_1_77' title="bbox 408 4483 2018 4553">
    <p class='ocr_par' dir='ltr' id='par_1_77' title="bbox 408 4483 2018 4553">
     <span class='ocr_line' id='line_1_77' title="bbox 408 4483 2018 4553; baseline 0 -11"><span class='ocrx_word' id='word_1_512' title='bbox 408 4494 514 4542; x_wconf 89' lang='lat' dir='ltr'>tam</span> <span class='ocrx_word' id='word_1_513' title='bbox 553 4484 678 4540; x_wconf 63' lang='lat' dir='ltr'>ﬁlim</span> <span class='ocrx_word' id='word_1_514' title='bbox 718 4483 861 4538; x_wconf 91' lang='lat' dir='ltr'>inter</span> <span class='ocrx_word' id='word_1_515' title='bbox 898 4499 1053 4553; x_wconf 90' lang='lat' dir='ltr'>spem</span> <span class='ocrx_word' id='word_1_516' title='bbox 1109 4489 1163 4537; x_wconf 89' lang='lat' dir='ltr'>et</span> <span class='ocrx_word' id='word_1_517' title='bbox 1213 4491 1419 4539; x_wconf 91' lang='lat' dir='ltr'>metum</span> <span class='ocrx_word' id='word_1_518' title='bbox 1463 4485 1726 4542; x_wconf 88' lang='lat' dir='ltr'>ﬂuctuare</span> <span class='ocrx_word' id='word_1_519' title='bbox 1774 4487 2018 4544; x_wconf 91' lang='lat' dir='ltr'>videbat.</span> 
     </span>
    </p>
   </div>
   <div class='ocr_carea' id='block_1_78' title="bbox 407 4575 2021 4651">
    <p class='ocr_par' dir='ltr' id='par_1_78' title="bbox 407 4575 2021 4651">
     <span class='ocr_line' id='line_1_78' title="bbox 407 4575 2021 4651; baseline 0.001 -16"><span class='ocrx_word' id='word_1_520' title='bbox 407 4579 593 4635; x_wconf 91' lang='lat' dir='ltr'>Omnis</span> <span class='ocrx_word' id='word_1_521' title='bbox 623 4576 830 4632; x_wconf 88' lang='lat' dir='ltr'>familia</span> <span class='ocrx_word' id='word_1_522' title='bbox 878 4575 1304 4645; x_wconf 89' lang='lat' dir='ltr'>lamentabatur,</span> <span class='ocrx_word' id='word_1_523' title='bbox 1354 4585 1465 4635; x_wconf 89' lang='lat' dir='ltr'>tota</span> <span class='ocrx_word' id='word_1_524' title='bbox 1506 4578 1699 4636; x_wconf 88' lang='lat' dir='ltr'>civitas</span> <span class='ocrx_word' id='word_1_525' title='bbox 1748 4580 1902 4636; x_wconf 85' lang='lat' dir='ltr'>ferali</span> <span class='ocrx_word' id='word_1_526' title='bbox 1927 4581 2021 4651; x_wconf 83' lang='lat' dir='ltr'>ju-</span> 
     </span>
    </p>
   </div>
   <div class='ocr_carea' id='block_1_79' title="bbox 404 4670 2020 4732">
    <p class='ocr_par' dir='ltr' id='par_1_79' title="bbox 404 4670 2020 4732">
     <span class='ocr_line' id='line_1_79' title="bbox 404 4670 2020 4732; baseline 0.001 -2"><span class='ocrx_word' id='word_1_527' title='bbox 404 4674 555 4731; x_wconf 84' lang='lat' dir='ltr'>stitio</span> <span class='ocrx_word' id='word_1_528' title='bbox 585 4671 953 4729; x_wconf 87' lang='lat' dir='ltr'>afﬁciebatur.</span> <span class='ocrx_word' id='word_1_529' title='bbox 986 4670 1226 4726; x_wconf 88' lang='lat' dir='ltr'>Tandem</span> <span class='ocrx_word' id='word_1_530' title='bbox 1258 4673 1364 4728; x_wconf 91' lang='lat' dir='ltr'>hoc</span> <span class='ocrx_word' id='word_1_531' title='bbox 1393 4673 1572 4729; x_wconf 90' lang='lat' dir='ltr'>solum</span> <span class='ocrx_word' id='word_1_532' title='bbox 1611 4675 1768 4731; x_wconf 87' lang='lat' dir='ltr'>dolor</span> <span class='ocrx_word' id='word_1_533' title='bbox 1797 4675 2020 4732; x_wconf 90' lang='lat' dir='ltr'>admisit</span> 
     </span>
    </p>
   </div>
   <div class='ocr_carea' id='block_1_80' title="bbox 402 4764 2022 4838">
    <p class='ocr_par' dir='ltr' id='par_1_80' title="bbox 402 4764 2022 4838">
     <span class='ocr_line' id='line_1_80' title="bbox 402 4764 2022 4838; baseline 0.001 -14"><span class='ocrx_word' id='word_1_534' title='bbox 402 4767 714 4837; x_wconf 89' lang='lat' dir='ltr'>consilium,</span> <span class='ocrx_word' id='word_1_535' title='bbox 747 4772 805 4821; x_wconf 90' lang='lat' dir='ltr'>ut</span> <span class='ocrx_word' id='word_1_536' title='bbox 861 4764 991 4837; x_wconf 89' lang='lat' dir='ltr'>quia</span> <span class='ocrx_word' id='word_1_537' title='bbox 1038 4765 1175 4819; x_wconf 91' lang='lat' dir='ltr'>nihil</span> <span class='ocrx_word' id='word_1_538' title='bbox 1217 4766 1512 4821; x_wconf 91' lang='lat' dir='ltr'>humanum</span> <span class='ocrx_word' id='word_1_539' title='bbox 1565 4775 1786 4838; x_wconf 89' lang='lat' dir='ltr'>poterat</span> <span class='ocrx_word' id='word_1_540' title='bbox 1835 4770 2022 4825; x_wconf 88' lang='lat' dir='ltr'>valere</span> 
     </span>
    </p>
   </div>
   <div class='ocr_carea' id='block_1_81' title="bbox 405 4856 2018 4931">
    <p class='ocr_par' dir='ltr' id='par_1_81' title="bbox 405 4856 2018 4931">
     <span class='ocr_line' id='line_1_81' title="bbox 405 4856 2018 4931; baseline 0.002 -16"><span class='ocrx_word' id='word_1_541' title='bbox 405 4860 694 4926; x_wconf 85' lang='lat' dir='ltr'>auxilium,</span> <span class='ocrx_word' id='word_1_542' title='bbox 716 4874 747 4913; x_wconf 89' lang='lat' dir='ltr'>a</span> <span class='ocrx_word' id='word_1_543' title='bbox 777 4858 938 4914; x_wconf 90' lang='lat' dir='ltr'>beato</span> <span class='ocrx_word' id='word_1_544' title='bbox 975 4856 1240 4913; x_wconf 85' lang='lat' dir='ltr'>Maclovio</span> <span class='ocrx_word' id='word_1_545' title='bbox 1271 4858 1514 4914; x_wconf 89' lang='lat' dir='ltr'>divinum</span> <span class='ocrx_word' id='word_1_546' title='bbox 1549 4868 1890 4931; x_wconf 65' lang='lat' dir='ltr'>quaereretur</span> <span class='ocrx_word' id='word_1_547' title='bbox 1923 4877 2018 4918; x_wconf 85' lang='lat' dir='ltr'>so-</span> 
     </span>
    </p>
   </div>
   <div class='ocr_carea' id='block_1_82' title="bbox 404 4946 2021 5015">
    <p class='ocr_par' dir='ltr' id='par_1_82' title="bbox 404 4946 2021 5015">
     <span class='ocr_line' id='line_1_82' title="bbox 404 4946 2021 5015; baseline 0.002 -13"><span class='ocrx_word' id='word_1_548' title='bbox 404 4949 619 5004; x_wconf 90' lang='lat' dir='ltr'>latium.</span> <span class='ocrx_word' id='word_1_549' title='bbox 668 4946 752 5001; x_wconf 85' lang='lat' dir='ltr'>Uti</span> <span class='ocrx_word' id='word_1_550' title='bbox 800 4947 1112 5002; x_wconf 91' lang='lat' dir='ltr'>consultum</span> <span class='ocrx_word' id='word_1_551' title='bbox 1173 4957 1280 5015; x_wconf 85' lang='lat' dir='ltr'>est,</span> <span class='ocrx_word' id='word_1_552' title='bbox 1321 4947 1395 5002; x_wconf 88' lang='lat' dir='ltr'>ita</span> <span class='ocrx_word' id='word_1_553' title='bbox 1446 4955 1500 5003; x_wconf 90' lang='lat' dir='ltr'>et</span> <span class='ocrx_word' id='word_1_554' title='bbox 1538 4947 1740 5004; x_wconf 90' lang='lat' dir='ltr'>factum</span> <span class='ocrx_word' id='word_1_555' title='bbox 1783 4956 1886 5004; x_wconf 89' lang='lat' dir='ltr'>est.</span> <span class='ocrx_word' id='word_1_556' title='bbox 1942 4951 2021 5006; x_wconf 85' lang='lat' dir='ltr'>Ad</span> 
     </span>
    </p>
   </div>
   <div class='ocr_carea' id='block_1_83' title="bbox 405 5037 2024 5112">
    <p class='ocr_par' dir='ltr' id='par_1_83' title="bbox 405 5037 2024 5112">
     <span class='ocr_line' id='line_1_83' title="bbox 405 5037 2024 5112; baseline 0.002 -18"><span class='ocrx_word' id='word_1_557' title='bbox 405 5039 578 5110; x_wconf 89' lang='lat' dir='ltr'>pedes</span> <span class='ocrx_word' id='word_1_558' title='bbox 607 5037 854 5092; x_wconf 83' lang='lat' dir='ltr'>Maclovii</span> <span class='ocrx_word' id='word_1_559' title='bbox 884 5045 1106 5094; x_wconf 90' lang='lat' dir='ltr'>ventum</span> <span class='ocrx_word' id='word_1_560' title='bbox 1130 5045 1236 5110; x_wconf 89' lang='lat' dir='ltr'>est,</span> <span class='ocrx_word' id='word_1_561' title='bbox 1262 5045 1316 5094; x_wconf 91' lang='lat' dir='ltr'>et</span> <span class='ocrx_word' id='word_1_562' title='bbox 1335 5047 1524 5096; x_wconf 89' lang='lat' dir='ltr'>votum</span> <span class='ocrx_word' id='word_1_563' title='bbox 1556 5039 1794 5096; x_wconf 91' lang='lat' dir='ltr'>ﬁdeliter</span> <span class='ocrx_word' id='word_1_564' title='bbox 1833 5050 2024 5112; x_wconf 90' lang='lat' dir='ltr'>peten-</span> 
     </span>
    </p>
   </div>
   <div class='ocr_carea' id='block_1_84' title="bbox 403 5127 2022 5201">
    <p class='ocr_par' dir='ltr' id='par_1_84' title="bbox 403 5127 2022 5201">
     <span class='ocr_line' id='line_1_84' title="bbox 403 5127 2022 5201; baseline 0.004 -19"><span class='ocrx_word' id='word_1_565' title='bbox 403 5127 539 5182; x_wconf 92' lang='lat' dir='ltr'>tium</span> <span class='ocrx_word' id='word_1_566' title='bbox 596 5127 911 5182; x_wconf 88' lang='lat' dir='ltr'>frustratum</span> <span class='ocrx_word' id='word_1_567' title='bbox 962 5145 1071 5184; x_wconf 93' lang='lat' dir='ltr'>non</span> <span class='ocrx_word' id='word_1_568' title='bbox 1126 5137 1227 5184; x_wconf 92' lang='lat' dir='ltr'>est.</span> <span class='ocrx_word' id='word_1_569' title='bbox 1274 5130 1576 5201; x_wconf 85' lang='lat' dir='ltr'>Episcopus</span> <span class='ocrx_word' id='word_1_570' title='bbox 1630 5131 1699 5186; x_wconf 89' lang='lat' dir='ltr'>ad</span> <span class='ocrx_word' id='word_1_571' title='bbox 1755 5132 2022 5189; x_wconf 87' lang='lat' dir='ltr'>orationis</span> 
     </span>
    </p>
   </div>
   <div class='ocr_carea' id='block_1_85' title="bbox 401 5219 2015 5295">
    <p class='ocr_par' dir='ltr' id='par_1_85' title="bbox 401 5219 2015 5295">
     <span class='ocr_line' id='line_1_85' title="bbox 401 5219 2015 5295; baseline 0.005 -21"><span class='ocrx_word' id='word_1_572' title='bbox 401 5219 707 5275; x_wconf 89' lang='lat' dir='ltr'>subsidium</span> <span class='ocrx_word' id='word_1_573' title='bbox 737 5220 1001 5295; x_wconf 87' lang='lat' dir='ltr'>confugit,</span> <span class='ocrx_word' id='word_1_574' title='bbox 1044 5239 1244 5294; x_wconf 90' lang='lat' dir='ltr'>aquam</span> <span class='ocrx_word' id='word_1_575' title='bbox 1281 5225 1644 5280; x_wconf 87' lang='lat' dir='ltr'>exorcizatam</span> <span class='ocrx_word' id='word_1_576' title='bbox 1698 5227 2015 5294; x_wconf 82' lang='lat' dir='ltr'>benedixit;</span> 
     </span>
    </p>
   </div>
   <div class='ocr_carea' id='block_1_86' title="bbox 402 5310 2019 5384">
    <p class='ocr_par' dir='ltr' id='par_1_86' title="bbox 402 5310 2019 5384">
     <span class='ocr_line' id='line_1_86' title="bbox 402 5310 2019 5384; baseline 0.004 -18"><span class='ocrx_word' id='word_1_577' title='bbox 402 5326 467 5366; x_wconf 85' lang='lat' dir='ltr'>ex</span> <span class='ocrx_word' id='word_1_578' title='bbox 499 5327 564 5366; x_wconf 91' lang='lat' dir='ltr'>ea</span> <span class='ocrx_word' id='word_1_579' title='bbox 594 5310 785 5366; x_wconf 92' lang='lat' dir='ltr'>folium</span> <span class='ocrx_word' id='word_1_580' title='bbox 816 5311 1038 5369; x_wconf 63' lang='lat' dir='ltr'>hederae</span> <span class='ocrx_word' id='word_1_581' title='bbox 1078 5313 1340 5384; x_wconf 88' lang='lat' dir='ltr'>perfudit,</span> <span class='ocrx_word' id='word_1_582' title='bbox 1389 5315 1581 5371; x_wconf 87' lang='lat' dir='ltr'>folium</span> <span class='ocrx_word' id='word_1_583' title='bbox 1623 5316 1743 5372; x_wconf 92' lang='lat' dir='ltr'>loco</span> <span class='ocrx_word' id='word_1_584' title='bbox 1776 5317 2019 5374; x_wconf 87' lang='lat' dir='ltr'>vulneris</span> 
     </span>
    </p>
   </div>
   <div class='ocr_carea' id='block_1_87' title="bbox 400 5402 2015 5476">
    <p class='ocr_par' dir='ltr' id='par_1_87' title="bbox 400 5402 2015 5476">
     <span class='ocr_line' id='line_1_87' title="bbox 400 5402 2015 5476; baseline 0.004 -18"><span class='ocrx_word' id='word_1_585' title='bbox 400 5402 775 5476; x_wconf 89' lang='lat' dir='ltr'>superposuit.</span> <span class='ocrx_word' id='word_1_586' title='bbox 819 5403 1017 5460; x_wconf 85' lang='lat' dir='ltr'>Contra</span> <span class='ocrx_word' id='word_1_587' title='bbox 1072 5408 1182 5462; x_wconf 91' lang='lat' dir='ltr'>vim</span> <span class='ocrx_word' id='word_1_588' title='bbox 1237 5422 1406 5462; x_wconf 72' lang='lat' dir='ltr'>sacrae</span> <span class='ocrx_word' id='word_1_589' title='bbox 1451 5408 1865 5464; x_wconf 86' lang='lat' dir='ltr'>benedictionis</span> <span class='ocrx_word' id='word_1_590' title='bbox 1904 5426 2015 5466; x_wconf 92' lang='lat' dir='ltr'>non</span> 
     </span>
    </p>
   </div>
   <div class='ocr_carea' id='block_1_88' title="bbox 400 5494 2014 5570">
    <p class='ocr_par' dir='ltr' id='par_1_88' title="bbox 400 5494 2014 5570">
     <span class='ocr_line' id='line_1_88' title="bbox 400 5494 2014 5570; baseline 0.003 -18"><span class='ocrx_word' id='word_1_591' title='bbox 400 5495 578 5566; x_wconf 90' lang='lat' dir='ltr'>potuit</span> <span class='ocrx_word' id='word_1_592' title='bbox 628 5494 928 5552; x_wconf 89' lang='lat' dir='ltr'>subsistere</span> <span class='ocrx_word' id='word_1_593' title='bbox 975 5496 1058 5551; x_wconf 84' lang='lat' dir='ltr'>vis</span> <span class='ocrx_word' id='word_1_594' title='bbox 1103 5512 1396 5553; x_wconf 72' lang='lat' dir='ltr'>venenosa:</span> <span class='ocrx_word' id='word_1_595' title='bbox 1451 5500 1640 5570; x_wconf 89' lang='lat' dir='ltr'>pestis.</span> <span class='ocrx_word' id='word_1_596' title='bbox 1693 5501 1921 5558; x_wconf 89' lang='lat' dir='ltr'>Videres</span> <span class='ocrx_word' id='word_1_597' title='bbox 1951 5518 2014 5558; x_wconf 85' lang='lat' dir='ltr'>ex</span> 
     </span>
    </p>
   </div>
   <div class='ocr_carea' id='block_1_89' title="bbox 2126 3225 3756 3296">
    <p class='ocr_par' dir='ltr' id='par_1_89' title="bbox 2126 3225 3756 3296">
     <span class='ocr_line' id='line_1_89' title="bbox 2126 3225 3756 3296; baseline -0.001 -16"><span class='ocrx_word' id='word_1_598' title='bbox 2126 3235 2332 3291; x_wconf 91' lang='lat' dir='ltr'>rentes,</span> <span class='ocrx_word' id='word_1_599' title='bbox 2384 3226 2486 3281; x_wconf 85' lang='lat' dir='ltr'>flos</span> <span class='ocrx_word' id='word_1_600' title='bbox 2515 3226 2693 3280; x_wconf 65' lang='lat' dir='ltr'>aetatis</span> <span class='ocrx_word' id='word_1_601' title='bbox 2749 3225 3135 3280; x_wconf 90' lang='lat' dir='ltr'>delectabilis:</span> <span class='ocrx_word' id='word_1_602' title='bbox 3192 3232 3312 3281; x_wconf 90' lang='lat' dir='ltr'>erat</span> <span class='ocrx_word' id='word_1_603' title='bbox 3342 3225 3552 3296; x_wconf 89' lang='lat' dir='ltr'>quippe</span> <span class='ocrx_word' id='word_1_604' title='bbox 3612 3242 3756 3296; x_wconf 89' lang='lat' dir='ltr'>puer</span> 
     </span>
    </p>
   </div>
   <div class='ocr_carea' id='block_1_90' title="bbox 2123 3317 3753 3390">
    <p class='ocr_par' dir='ltr' id='par_1_90' title="bbox 2123 3317 3753 3390">
     <span class='ocr_line' id='line_1_90' title="bbox 2123 3317 3753 3390; baseline 0 -16"><span class='ocrx_word' id='word_1_605' title='bbox 2123 3320 2235 3389; x_wconf 86' lang='lat' dir='ltr'>jam</span> <span class='ocrx_word' id='word_1_606' title='bbox 2283 3318 2578 3374; x_wconf 89' lang='lat' dir='ltr'>duodenis.</span> <span class='ocrx_word' id='word_1_607' title='bbox 2612 3320 2786 3390; x_wconf 77' lang='lat' dir='ltr'>Auget</span> <span class='ocrx_word' id='word_1_608' title='bbox 2825 3319 3118 3374; x_wconf 89' lang='lat' dir='ltr'>tumultum</span> <span class='ocrx_word' id='word_1_609' title='bbox 3151 3317 3602 3374; x_wconf 88' lang='lat' dir='ltr'>concurrentium</span> <span class='ocrx_word' id='word_1_610' title='bbox 3637 3318 3753 3374; x_wconf 84' lang='lat' dir='ltr'>fre-</span> 
     </span>
    </p>
   </div>
   <div class='ocr_carea' id='block_1_91' title="bbox 2129 3407 3753 3482">
    <p class='ocr_par' dir='ltr' id='par_1_91' title="bbox 2129 3407 3753 3482">
     <span class='ocr_line' id='line_1_91' title="bbox 2129 3407 3753 3482; baseline -0.001 -18"><span class='ocrx_word' id='word_1_611' title='bbox 2129 3409 2356 3482; x_wconf 86' lang='lat' dir='ltr'>quentia</span> <span class='ocrx_word' id='word_1_612' title='bbox 2403 3407 2858 3464; x_wconf 89' lang='lat' dir='ltr'>innumerabilis:</span> <span class='ocrx_word' id='word_1_613' title='bbox 2915 3413 3032 3463; x_wconf 88' lang='lat' dir='ltr'>crat</span> <span class='ocrx_word' id='word_1_614' title='bbox 3072 3407 3217 3463; x_wconf 90' lang='lat' dir='ltr'>enim</span> <span class='ocrx_word' id='word_1_615' title='bbox 3263 3423 3402 3479; x_wconf 90' lang='lat' dir='ltr'>puer</span> <span class='ocrx_word' id='word_1_616' title='bbox 3443 3408 3753 3477; x_wconf 71' lang='lat' dir='ltr'>parentelae</span> 
     </span>
    </p>
   </div>
   <div class='ocr_carea' id='block_1_92' title="bbox 2130 3495 3753 3567">
    <p class='ocr_par' dir='ltr' id='par_1_92' title="bbox 2130 3495 3753 3567">
     <span class='ocr_line' id='line_1_92' title="bbox 2130 3495 3753 3567; baseline -0.001 -15"><span class='ocrx_word' id='word_1_617' title='bbox 2130 3498 2352 3554; x_wconf 92' lang='lat' dir='ltr'>nobilis.</span> <span class='ocrx_word' id='word_1_618' title='bbox 2390 3497 2652 3553; x_wconf 84' lang='lat' dir='ltr'>Leontius</span> <span class='ocrx_word' id='word_1_619' title='bbox 2683 3497 2848 3552; x_wconf 91' lang='lat' dir='ltr'>corde</span> <span class='ocrx_word' id='word_1_620' title='bbox 2877 3512 3133 3567; x_wconf 88' lang='lat' dir='ltr'>premens</span> <span class='ocrx_word' id='word_1_621' title='bbox 3163 3496 3436 3561; x_wconf 90' lang='lat' dir='ltr'>dolorem,</span> <span class='ocrx_word' id='word_1_622' title='bbox 3470 3496 3610 3549; x_wconf 90' lang='lat' dir='ltr'>etin</span> <span class='ocrx_word' id='word_1_623' title='bbox 3643 3495 3753 3550; x_wconf 90' lang='lat' dir='ltr'>Do-</span> 
     </span>
    </p>
   </div>
   <div class='ocr_carea' id='block_1_93' title="bbox 2128 3585 3755 3662">
    <p class='ocr_par' dir='ltr' id='par_1_93' title="bbox 2128 3585 3755 3662">
     <span class='ocr_line' id='line_1_93' title="bbox 2128 3585 3755 3662; baseline -0.004 -17"><span class='ocrx_word' id='word_1_624' title='bbox 2128 3591 2281 3646; x_wconf 93' lang='lat' dir='ltr'>mino</span> <span class='ocrx_word' id='word_1_625' title='bbox 2313 3591 2561 3646; x_wconf 92' lang='lat' dir='ltr'>retinens</span> <span class='ocrx_word' id='word_1_626' title='bbox 2589 3607 2744 3662; x_wconf 90' lang='lat' dir='ltr'>spem</span> <span class='ocrx_word' id='word_1_627' title='bbox 2775 3597 2830 3645; x_wconf 88' lang='lat' dir='ltr'>et</span> <span class='ocrx_word' id='word_1_628' title='bbox 2859 3590 3059 3645; x_wconf 90' lang='lat' dir='ltr'>bonam</span> <span class='ocrx_word' id='word_1_629' title='bbox 3104 3587 3294 3656; x_wconf 91' lang='lat' dir='ltr'>ﬁdem,</span> <span class='ocrx_word' id='word_1_630' title='bbox 3336 3589 3506 3657; x_wconf 90' lang='lat' dir='ltr'>jussit</span> <span class='ocrx_word' id='word_1_631' title='bbox 3546 3585 3755 3644; x_wconf 88' lang='lat' dir='ltr'>deferri</span> 
     </span>
    </p>
   </div>
   <div class='ocr_carea' id='block_1_94' title="bbox 2125 3681 3754 3756">
    <p class='ocr_par' dir='ltr' id='par_1_94' title="bbox 2125 3681 3754 3756">
     <span class='ocr_line' id='line_1_94' title="bbox 2125 3681 3754 3756; baseline -0.002 -18"><span class='ocrx_word' id='word_1_632' title='bbox 2125 3683 2342 3756; x_wconf 87' lang='lat' dir='ltr'>glebam</span> <span class='ocrx_word' id='word_1_633' title='bbox 2365 3683 2612 3739; x_wconf 90' lang='lat' dir='ltr'>defuncti</span> <span class='ocrx_word' id='word_1_634' title='bbox 2646 3683 2700 3737; x_wconf 92' lang='lat' dir='ltr'>in</span> <span class='ocrx_word' id='word_1_635' title='bbox 2759 3682 3048 3754; x_wconf 92' lang='lat' dir='ltr'>templum,</span> <span class='ocrx_word' id='word_1_636' title='bbox 3082 3681 3229 3753; x_wconf 92' lang='lat' dir='ltr'>quod</span> <span class='ocrx_word' id='word_1_637' title='bbox 3275 3682 3656 3736; x_wconf 89' lang='lat' dir='ltr'>destinaverat</span> <span class='ocrx_word' id='word_1_638' title='bbox 3685 3681 3754 3736; x_wconf 88' lang='lat' dir='ltr'>ad</span> 
     </span>
    </p>
   </div>
   <div class='ocr_carea' id='block_1_95' title="bbox 2124 3772 3753 3843">
    <p class='ocr_par' dir='ltr' id='par_1_95' title="bbox 2124 3772 3753 3843">
     <span class='ocr_line' id='line_1_95' title="bbox 2124 3772 3753 3843; baseline -0.002 -16"><span class='ocrx_word' id='word_1_639' title='bbox 2124 3773 2300 3828; x_wconf 91' lang='lat' dir='ltr'>sancti</span> <span class='ocrx_word' id='word_1_640' title='bbox 2340 3772 2587 3828; x_wconf 89' lang='lat' dir='ltr'>Maclovii</span> <span class='ocrx_word' id='word_1_641' title='bbox 2618 3781 2852 3843; x_wconf 85' lang='lat' dir='ltr'>partem.</span> <span class='ocrx_word' id='word_1_642' title='bbox 2887 3772 3070 3843; x_wconf 91' lang='lat' dir='ltr'>Usque</span> <span class='ocrx_word' id='word_1_643' title='bbox 3101 3772 3169 3825; x_wconf 89' lang='lat' dir='ltr'>ad</span> <span class='ocrx_word' id='word_1_644' title='bbox 3201 3786 3455 3826; x_wconf 89' lang='lat' dir='ltr'>auroram</span> <span class='ocrx_word' id='word_1_645' title='bbox 3513 3787 3753 3843; x_wconf 87' lang='lat' dir='ltr'>sequen-</span> 
     </span>
    </p>
   </div>
   <div class='ocr_carea' id='block_1_96' title="bbox 2127 3862 3756 3936">
    <p class='ocr_par' dir='ltr' id='par_1_96' title="bbox 2127 3862 3756 3936">
     <span class='ocr_line' id='line_1_96' title="bbox 2127 3862 3756 3936; baseline -0.003 -15"><span class='ocrx_word' id='word_1_646' title='bbox 2127 3865 2196 3921; x_wconf 89' lang='lat' dir='ltr'>tis</span> <span class='ocrx_word' id='word_1_647' title='bbox 2225 3865 2356 3928; x_wconf 89' lang='lat' dir='ltr'>diei,</span> <span class='ocrx_word' id='word_1_648' title='bbox 2395 3872 2654 3936; x_wconf 90' lang='lat' dir='ltr'>parentes</span> <span class='ocrx_word' id='word_1_649' title='bbox 2685 3865 2830 3920; x_wconf 90' lang='lat' dir='ltr'>circa</span> <span class='ocrx_word' id='word_1_650' title='bbox 2859 3880 3061 3935; x_wconf 86' lang='lat' dir='ltr'>corpus</span> <span class='ocrx_word' id='word_1_651' title='bbox 3101 3862 3363 3918; x_wconf 86' lang='lat' dir='ltr'>excubias</span> <span class='ocrx_word' id='word_1_652' title='bbox 3405 3862 3756 3918; x_wconf 91' lang='lat' dir='ltr'>celebrarunt</span> 
     </span>
    </p>
   </div>
   <div class='ocr_carea' id='block_1_97' title="bbox 2129 3954 3752 4026">
    <p class='ocr_par' dir='ltr' id='par_1_97' title="bbox 2129 3954 3752 4026">
     <span class='ocr_line' id='line_1_97' title="bbox 2129 3954 3752 4026; baseline -0.001 -15"><span class='ocrx_word' id='word_1_653' title='bbox 2129 3957 2234 4011; x_wconf 91' lang='lat' dir='ltr'>ritu</span> <span class='ocrx_word' id='word_1_654' title='bbox 2261 3956 2515 4012; x_wconf 90' lang='lat' dir='ltr'>solemni.</span> <span class='ocrx_word' id='word_1_655' title='bbox 2557 3959 2621 4012; x_wconf 88' lang='lat' dir='ltr'>At</span> <span class='ocrx_word' id='word_1_656' title='bbox 2649 3955 2791 4010; x_wconf 90' lang='lat' dir='ltr'>servi</span> <span class='ocrx_word' id='word_1_657' title='bbox 2839 3956 2932 4010; x_wconf 87' lang='lat' dir='ltr'>Dei</span> <span class='ocrx_word' id='word_1_658' title='bbox 2966 3961 3354 4026; x_wconf 90' lang='lat' dir='ltr'>pernoctantes</span> <span class='ocrx_word' id='word_1_659' title='bbox 3390 3954 3448 4008; x_wconf 90' lang='lat' dir='ltr'>in</span> <span class='ocrx_word' id='word_1_660' title='bbox 3504 3955 3752 4010; x_wconf 89' lang='lat' dir='ltr'>oratione</span> 
     </span>
    </p>
   </div>
   <div class='ocr_carea' id='block_1_98' title="bbox 2129 4045 3754 4116">
    <p class='ocr_par' dir='ltr' id='par_1_98' title="bbox 2129 4045 3754 4116">
     <span class='ocr_line' id='line_1_98' title="bbox 2129 4045 3754 4116; baseline 0 -14"><span class='ocrx_word' id='word_1_661' title='bbox 2129 4063 2237 4103; x_wconf 93' lang='lat' dir='ltr'>non</span> <span class='ocrx_word' id='word_1_662' title='bbox 2251 4046 2579 4103; x_wconf 89' lang='lat' dir='ltr'>difﬁdebant</span> <span class='ocrx_word' id='word_1_663' title='bbox 2607 4048 2675 4103; x_wconf 94' lang='lat' dir='ltr'>dc</span> <span class='ocrx_word' id='word_1_664' title='bbox 2698 4048 2818 4116; x_wconf 90' lang='lat' dir='ltr'>ejus</span> <span class='ocrx_word' id='word_1_665' title='bbox 2845 4047 3118 4103; x_wconf 88' lang='lat' dir='ltr'>bonitate.</span> <span class='ocrx_word' id='word_1_666' title='bbox 3155 4046 3310 4101; x_wconf 87' lang='lat' dir='ltr'>Mane</span> <span class='ocrx_word' id='word_1_667' title='bbox 3338 4045 3506 4111; x_wconf 90' lang='lat' dir='ltr'>facto,</span> <span class='ocrx_word' id='word_1_668' title='bbox 3530 4054 3754 4102; x_wconf 78' lang='lat' dir='ltr'>sanctus</span> 
     </span>
    </p>
   </div>
   <div class='ocr_carea' id='block_1_99' title="bbox 2128 4138 3749 4208">
    <p class='ocr_par' dir='ltr' id='par_1_99' title="bbox 2128 4138 3749 4208">
     <span class='ocr_line' id='line_1_99' title="bbox 2128 4138 3749 4208; baseline -0.001 -15"><span class='ocrx_word' id='word_1_669' title='bbox 2128 4139 2419 4194; x_wconf 83' lang='lat' dir='ltr'>Maclovius</span> <span class='ocrx_word' id='word_1_670' title='bbox 2459 4155 2652 4194; x_wconf 92' lang='lat' dir='ltr'>omnes</span> <span class='ocrx_word' id='word_1_671' title='bbox 2683 4139 2932 4194; x_wconf 91' lang='lat' dir='ltr'>eliminat</span> <span class='ocrx_word' id='word_1_672' title='bbox 2975 4155 3007 4193; x_wconf 90' lang='lat' dir='ltr'>a</span> <span class='ocrx_word' id='word_1_673' title='bbox 3062 4139 3291 4208; x_wconf 88' lang='lat' dir='ltr'>templo,</span> <span class='ocrx_word' id='word_1_674' title='bbox 3359 4138 3505 4194; x_wconf 91' lang='lat' dir='ltr'>duos</span> <span class='ocrx_word' id='word_1_675' title='bbox 3545 4147 3749 4193; x_wconf 89' lang='lat' dir='ltr'>tantum</span> 
     </span>
    </p>
   </div>
   <div class='ocr_carea' id='block_1_100' title="bbox 2126 4231 3753 4303">
    <p class='ocr_par' dir='ltr' id='par_1_100' title="bbox 2126 4231 3753 4303">
     <span class='ocr_line' id='line_1_100' title="bbox 2126 4231 3753 4303; baseline 0 -17"><span class='ocrx_word' id='word_1_676' title='bbox 2126 4231 2430 4288; x_wconf 88' lang='lat' dir='ltr'>monachos</span> <span class='ocrx_word' id='word_1_677' title='bbox 2459 4233 2707 4288; x_wconf 90' lang='lat' dir='ltr'>retinens</span> <span class='ocrx_word' id='word_1_678' title='bbox 2753 4248 2965 4298; x_wconf 91' lang='lat' dir='ltr'>secum,</span> <span class='ocrx_word' id='word_1_679' title='bbox 2997 4248 3120 4288; x_wconf 89' lang='lat' dir='ltr'>cum</span> <span class='ocrx_word' id='word_1_680' title='bbox 3170 4231 3372 4303; x_wconf 90' lang='lat' dir='ltr'>quibus</span> <span class='ocrx_word' id='word_1_681' title='bbox 3423 4231 3753 4286; x_wconf 84' lang='lat' dir='ltr'>familiarius</span> 
     </span>
    </p>
   </div>
   <div class='ocr_carea' id='block_1_101' title="bbox 2128 4322 3752 4395">
    <p class='ocr_par' dir='ltr' id='par_1_101' title="bbox 2128 4322 3752 4395">
     <span class='ocr_line' id='line_1_101' title="bbox 2128 4322 3752 4395; baseline -0.001 -17"><span class='ocrx_word' id='word_1_682' title='bbox 2128 4323 2504 4395; x_wconf 89' lang='lat' dir='ltr'>interpellaret</span> <span class='ocrx_word' id='word_1_683' title='bbox 2532 4323 2846 4379; x_wconf 90' lang='lat' dir='ltr'>Dominum.</span> <span class='ocrx_word' id='word_1_684' title='bbox 2892 4322 3021 4378; x_wconf 87' lang='lat' dir='ltr'>Cum</span> <span class='ocrx_word' id='word_1_685' title='bbox 3049 4322 3139 4377; x_wconf 90' lang='lat' dir='ltr'>his</span> <span class='ocrx_word' id='word_1_686' title='bbox 3169 4337 3299 4395; x_wconf 86' lang='lat' dir='ltr'>ergo</span> <span class='ocrx_word' id='word_1_687' title='bbox 3348 4323 3566 4393; x_wconf 89' lang='lat' dir='ltr'>septies</span> <span class='ocrx_word' id='word_1_688' title='bbox 3601 4323 3752 4378; x_wconf 86' lang='lat' dir='ltr'>ﬂexis</span> 
     </span>
    </p>
   </div>
   <div class='ocr_carea' id='block_1_102' title="bbox 2125 4414 3750 4489">
    <p class='ocr_par' dir='ltr' id='par_1_102' title="bbox 2125 4414 3750 4489">
     <span class='ocr_line' id='line_1_102' title="bbox 2125 4414 3750 4489; baseline -0.001 -19"><span class='ocrx_word' id='word_1_689' title='bbox 2125 4416 2383 4489; x_wconf 87' lang='lat' dir='ltr'>genibus,</span> <span class='ocrx_word' id='word_1_690' title='bbox 2412 4417 2586 4472; x_wconf 89' lang='lat' dir='ltr'>oravit</span> <span class='ocrx_word' id='word_1_691' title='bbox 2639 4416 2709 4471; x_wconf 90' lang='lat' dir='ltr'>ad</span> <span class='ocrx_word' id='word_1_692' title='bbox 2739 4417 2912 4471; x_wconf 91' lang='lat' dir='ltr'>Deum</span> <span class='ocrx_word' id='word_1_693' title='bbox 2964 4432 3131 4488; x_wconf 91' lang='lat' dir='ltr'>quam</span> <span class='ocrx_word' id='word_1_694' title='bbox 3165 4414 3344 4486; x_wconf 90' lang='lat' dir='ltr'>potuit</span> <span class='ocrx_word' id='word_1_695' title='bbox 3391 4414 3750 4472; x_wconf 72' lang='lat' dir='ltr'>affectuosius</span> 
     </span>
    </p>
   </div>
   <div class='ocr_carea' id='block_1_103' title="bbox 2125 4502 3751 4574">
    <p class='ocr_par' dir='ltr' id='par_1_103' title="bbox 2125 4502 3751 4574">
     <span class='ocr_line' id='line_1_103' title="bbox 2125 4502 3751 4574; baseline -0.002 -13"><span class='ocrx_word' id='word_1_696' title='bbox 2125 4506 2301 4561; x_wconf 91' lang='lat' dir='ltr'>donec</span> <span class='ocrx_word' id='word_1_697' title='bbox 2330 4505 2505 4560; x_wconf 90' lang='lat' dir='ltr'>sensit</span> <span class='ocrx_word' id='word_1_698' title='bbox 2541 4507 2782 4561; x_wconf 89' lang='lat' dir='ltr'>animam</span> <span class='ocrx_word' id='word_1_699' title='bbox 2814 4505 3129 4560; x_wconf 91' lang='lat' dir='ltr'>innocentis</span> <span class='ocrx_word' id='word_1_700' title='bbox 3163 4502 3320 4574; x_wconf 89' lang='lat' dir='ltr'>pueri</span> <span class='ocrx_word' id='word_1_701' title='bbox 3342 4502 3568 4558; x_wconf 89' lang='lat' dir='ltr'>refundi</span> <span class='ocrx_word' id='word_1_702' title='bbox 3588 4520 3751 4559; x_wconf 89' lang='lat' dir='ltr'>mem-</span> 
     </span>
    </p>
   </div>
   <div class='ocr_carea' id='block_1_104' title="bbox 2123 4591 3747 4668">
    <p class='ocr_par' dir='ltr' id='par_1_104' title="bbox 2123 4591 3747 4668">
     <span class='ocr_line' id='line_1_104' title="bbox 2123 4591 3747 4668; baseline -0.001 -20"><span class='ocrx_word' id='word_1_703' title='bbox 2123 4595 2237 4650; x_wconf 91' lang='lat' dir='ltr'>bris</span> <span class='ocrx_word' id='word_1_704' title='bbox 2274 4594 2601 4667; x_wconf 81' lang='lat' dir='ltr'>rigentibus.</span> <span class='ocrx_word' id='word_1_705' title='bbox 2639 4598 2972 4668; x_wconf 76' lang='lat' dir='ltr'>.tssurgente</span> <span class='ocrx_word' id='word_1_706' title='bbox 3041 4608 3240 4664; x_wconf 88' lang='lat' dir='ltr'>puero,</span> <span class='ocrx_word' id='word_1_707' title='bbox 3300 4599 3358 4648; x_wconf 92' lang='lat' dir='ltr'>et</span> <span class='ocrx_word' id='word_1_708' title='bbox 3414 4600 3639 4648; x_wconf 89' lang='lat' dir='ltr'>astante</span> <span class='ocrx_word' id='word_1_709' title='bbox 3683 4591 3747 4646; x_wconf 89' lang='lat' dir='ltr'>ad</span> 
     </span>
    </p>
   </div>
   <div class='ocr_carea' id='block_1_105' title="bbox 2127 4686 3751 4761">
    <p class='ocr_par' dir='ltr' id='par_1_105' title="bbox 2127 4686 3751 4761">
     <span class='ocr_line' id='line_1_105' title="bbox 2127 4686 3751 4761; baseline -0.005 -15"><span class='ocrx_word' id='word_1_710' title='bbox 2127 4689 2505 4747; x_wconf 89' lang='lat' dir='ltr'>testimonium</span> <span class='ocrx_word' id='word_1_711' title='bbox 2557 4690 2831 4753; x_wconf 89' lang='lat' dir='ltr'>miraculi,</span> <span class='ocrx_word' id='word_1_712' title='bbox 2889 4689 3024 4761; x_wconf 90' lang='lat' dir='ltr'>quid</span> <span class='ocrx_word' id='word_1_713' title='bbox 3077 4686 3374 4742; x_wconf 87' lang='lat' dir='ltr'>alacritatis</span> <span class='ocrx_word' id='word_1_714' title='bbox 3445 4686 3751 4742; x_wconf 88' lang='lat' dir='ltr'>habuerint</span> 
     </span>
    </p>
   </div>
   <div class='ocr_carea' id='block_1_106' title="bbox 2125 4775 3747 4852">
    <p class='ocr_par' dir='ltr' id='par_1_106' title="bbox 2125 4775 3747 4852">
     <span class='ocr_line' id='line_1_106' title="bbox 2125 4775 3747 4852; baseline -0.004 -18"><span class='ocrx_word' id='word_1_715' title='bbox 2125 4779 2396 4851; x_wconf 90' lang='lat' dir='ltr'>episcopi,</span> <span class='ocrx_word' id='word_1_716' title='bbox 2424 4779 2559 4852; x_wconf 91' lang='lat' dir='ltr'>quid</span> <span class='ocrx_word' id='word_1_717' title='bbox 2599 4779 2842 4850; x_wconf 87' lang='lat' dir='ltr'>stuporis</span> <span class='ocrx_word' id='word_1_718' title='bbox 2876 4778 3022 4850; x_wconf 88' lang='lat' dir='ltr'>passi</span> <span class='ocrx_word' id='word_1_719' title='bbox 3085 4775 3197 4831; x_wconf 89' lang='lat' dir='ltr'>sint</span> <span class='ocrx_word' id='word_1_720' title='bbox 3249 4783 3498 4830; x_wconf 88' lang='lat' dir='ltr'>astantes</span> <span class='ocrx_word' id='word_1_721' title='bbox 3539 4775 3747 4846; x_wconf 80' lang='lat' dir='ltr'>papuli,</span> 
     </span>
    </p>
   </div>
   <div class='ocr_carea' id='block_1_107' title="bbox 2125 4863 3747 4944">
    <p class='ocr_par' dir='ltr' id='par_1_107' title="bbox 2125 4863 3747 4944">
     <span class='ocr_line' id='line_1_107' title="bbox 2125 4863 3747 4944; baseline -0.006 -18"><span class='ocrx_word' id='word_1_722' title='bbox 2125 4886 2263 4942; x_wconf 88' lang='lat' dir='ltr'>quas</span> <span class='ocrx_word' id='word_1_723' title='bbox 2306 4880 2488 4944; x_wconf 84' lang='lat' dir='ltr'>grates</span> <span class='ocrx_word' id='word_1_724' title='bbox 2532 4885 2727 4925; x_wconf 88' lang='lat' dir='ltr'>omnes</span> <span class='ocrx_word' id='word_1_725' title='bbox 2761 4885 2870 4923; x_wconf 92' lang='lat' dir='ltr'>una</span> <span class='ocrx_word' id='word_1_726' title='bbox 2899 4883 3036 4923; x_wconf 91' lang='lat' dir='ltr'>voce</span> <span class='ocrx_word' id='word_1_727' title='bbox 3090 4863 3443 4921; x_wconf 88' lang='lat' dir='ltr'>reddiderint</span> <span class='ocrx_word' id='word_1_728' title='bbox 3487 4864 3747 4934; x_wconf 81' lang='lat' dir='ltr'>Omnipo-</span> 
     </span>
    </p>
   </div>
   <div class='ocr_carea' id='block_1_108' title="bbox 2125 4955 3745 5034">
    <p class='ocr_par' dir='ltr' id='par_1_108' title="bbox 2125 4955 3745 5034">
     <span class='ocr_line' id='line_1_108' title="bbox 2125 4955 3745 5034; baseline -0.006 -17"><span class='ocrx_word' id='word_1_729' title='bbox 2125 4962 2282 5030; x_wconf 84' lang='lat' dir='ltr'>lenti,</span> <span class='ocrx_word' id='word_1_730' title='bbox 2314 4961 2657 5034; x_wconf 92' lang='lat' dir='ltr'>superﬂuum</span> <span class='ocrx_word' id='word_1_731' title='bbox 2690 4969 2773 5016; x_wconf 91' lang='lat' dir='ltr'>est</span> <span class='ocrx_word' id='word_1_732' title='bbox 2801 4959 3078 5016; x_wconf 88' lang='lat' dir='ltr'>inculcare</span> <span class='ocrx_word' id='word_1_733' title='bbox 3133 4972 3391 5015; x_wconf 89' lang='lat' dir='ltr'>sermone</span> <span class='ocrx_word' id='word_1_734' title='bbox 3433 4955 3745 5027; x_wconf 80' lang='lat' dir='ltr'>multiplici.</span> 
     </span>
    </p>
   </div>
   <div class='ocr_carea' id='block_1_109' title="bbox 2123 5046 3745 5124">
    <p class='ocr_par' dir='ltr' id='par_1_109' title="bbox 2123 5046 3745 5124">
     <span class='ocr_line' id='line_1_109' title="bbox 2123 5046 3745 5124; baseline -0.005 -16"><span class='ocrx_word' id='word_1_735' title='bbox 2123 5053 2442 5108; x_wconf 86' lang='lat' dir='ltr'>Miraculum</span> <span class='ocrx_word' id='word_1_736' title='bbox 2501 5052 2650 5108; x_wconf 92' lang='lat' dir='ltr'>enim</span> <span class='ocrx_word' id='word_1_737' title='bbox 2703 5051 2874 5124; x_wconf 92' lang='lat' dir='ltr'>quod,</span> <span class='ocrx_word' id='word_1_738' title='bbox 2937 5066 3034 5122; x_wconf 89' lang='lat' dir='ltr'>pro</span> <span class='ocrx_word' id='word_1_739' title='bbox 3065 5048 3513 5105; x_wconf 87' lang='lat' dir='ltr'>commendanda</span> <span class='ocrx_word' id='word_1_740' title='bbox 3561 5046 3745 5102; x_wconf 87' lang='lat' dir='ltr'>famuli</span> 
     </span>
    </p>
   </div>
   <div class='ocr_carea' id='block_1_110' title="bbox 2122 5135 3743 5207">
    <p class='ocr_par' dir='ltr' id='par_1_110' title="bbox 2122 5135 3743 5207">
     <span class='ocr_line' id='line_1_110' title="bbox 2122 5135 3743 5207; baseline -0.005 -9"><span class='ocrx_word' id='word_1_741' title='bbox 2122 5145 2208 5199; x_wconf 90' lang='lat' dir='ltr'>sui</span> <span class='ocrx_word' id='word_1_742' title='bbox 2239 5142 2530 5198; x_wconf 90' lang='lat' dir='ltr'>sanctitate</span> <span class='ocrx_word' id='word_1_743' title='bbox 2581 5149 2984 5198; x_wconf 89' lang='lat' dir='ltr'>monstraverat</span> <span class='ocrx_word' id='word_1_744' title='bbox 3021 5140 3312 5207; x_wconf 88' lang='lat' dir='ltr'>Divinitas,</span> <span class='ocrx_word' id='word_1_745' title='bbox 3371 5139 3541 5194; x_wconf 89' lang='lat' dir='ltr'>latius</span> <span class='ocrx_word' id='word_1_746' title='bbox 3595 5135 3743 5191; x_wconf 74' lang='lat' dir='ltr'>ditia-</span> 
     </span>
    </p>
   </div>
   <div class='ocr_carea' id='block_1_111' title="bbox 2121 5223 3735 5303">
    <p class='ocr_par' dir='ltr' id='par_1_111' title="bbox 2121 5223 3735 5303">
     <span class='ocr_line' id='line_1_111' title="bbox 2121 5223 3735 5303; baseline -0.006 -15"><span class='ocrx_word' id='word_1_747' title='bbox 2121 5233 2309 5288; x_wconf 87' lang='lat' dir='ltr'>mabat</span> <span class='ocrx_word' id='word_1_748' title='bbox 2348 5230 2682 5287; x_wconf 87' lang='lat' dir='ltr'>ressuscitali</span> <span class='ocrx_word' id='word_1_749' title='bbox 2724 5231 2880 5302; x_wconf 88' lang='lat' dir='ltr'>pueri</span> <span class='ocrx_word' id='word_1_750' title='bbox 2911 5229 3194 5297; x_wconf 88' lang='lat' dir='ltr'>nobilitas,</span> <span class='ocrx_word' id='word_1_751' title='bbox 3249 5237 3305 5283; x_wconf 90' lang='lat' dir='ltr'>et</span> <span class='ocrx_word' id='word_1_752' title='bbox 3341 5227 3551 5303; x_wconf 88' lang='lat' dir='ltr'>gratius</span> <span class='ocrx_word' id='word_1_753' title='bbox 3599 5223 3735 5280; x_wconf 86' lang='lat' dir='ltr'>acci-</span> 
     </span>
    </p>
   </div>
   <div class='ocr_carea' id='block_1_112' title="bbox 2120 5317 3743 5397">
    <p class='ocr_par' dir='ltr' id='par_1_112' title="bbox 2120 5317 3743 5397">
     <span class='ocr_line' id='line_1_112' title="bbox 2120 5317 3743 5397; baseline -0.008 -17"><span class='ocrx_word' id='word_1_754' title='bbox 2120 5322 2625 5397; x_wconf 86' lang='lat' dir='ltr'>piebataﬂ&#39;ectuosa</span> <span class='ocrx_word' id='word_1_755' title='bbox 2655 5328 2944 5394; x_wconf 88' lang='lat' dir='ltr'>parentum</span> <span class='ocrx_word' id='word_1_756' title='bbox 2971 5320 3231 5376; x_wconf 81' lang='lat' dir='ltr'>Charitas.</span> <span class='ocrx_word' id='word_1_757' title='bbox 3285 5318 3323 5373; x_wconf 91' lang='grc' dir='ltr'><strong>Ο</strong></span> <span class='ocrx_word' id='word_1_758' title='bbox 3373 5317 3557 5372; x_wconf 88' lang='lat' dir='ltr'>virum</span> <span class='ocrx_word' id='word_1_759' title='bbox 3609 5329 3743 5386; x_wconf 70' lang='lat' dir='ltr'>prae-</span> 
     </span>
    </p>
   </div>
   <div class='ocr_carea' id='block_1_113' title="bbox 2120 5405 3742 5483">
    <p class='ocr_par' dir='ltr' id='par_1_113' title="bbox 2120 5405 3742 5483">
     <span class='ocr_line' id='line_1_113' title="bbox 2120 5405 3742 5483; baseline -0.007 -15"><span class='ocrx_word' id='word_1_760' title='bbox 2120 5413 2417 5469; x_wconf 88' lang='lat' dir='ltr'>dicabilem</span> <span class='ocrx_word' id='word_1_761' title='bbox 2450 5428 2549 5483; x_wconf 89' lang='lat' dir='ltr'>per</span> <span class='ocrx_word' id='word_1_762' title='bbox 2577 5412 2765 5468; x_wconf 89' lang='lat' dir='ltr'>omnia</span> <span class='ocrx_word' id='word_1_763' title='bbox 2794 5411 2807 5466; x_wconf 89' lang='lat' dir='ltr'>l</span> <span class='ocrx_word' id='word_1_764' title='bbox 2842 5411 2880 5467; x_wconf 91' lang='grc' dir='ltr'><strong>Ο</strong></span> <span class='ocrx_word' id='word_1_765' title='bbox 2913 5417 3160 5466; x_wconf 89' lang='lat' dir='ltr'>sanctum</span> <span class='ocrx_word' id='word_1_766' title='bbox 3191 5407 3402 5464; x_wconf 90' lang='lat' dir='ltr'>sanctis</span> <span class='ocrx_word' id='word_1_767' title='bbox 3453 5405 3742 5462; x_wconf 89' lang='lat' dir='ltr'>conferen-</span> 
     </span>
    </p>
   </div>
   <div class='ocr_carea' id='block_1_114' title="bbox 2118 5493 3738 5575">
    <p class='ocr_par' dir='ltr' id='par_1_114' title="bbox 2118 5493 3738 5575">
     <span class='ocr_line' id='line_1_114' title="bbox 2118 5493 3738 5575; baseline -0.008 -16"><span class='ocrx_word' id='word_1_768' title='bbox 2118 5504 2249 5559; x_wconf 92' lang='lat' dir='ltr'>dum</span> <span class='ocrx_word' id='word_1_769' title='bbox 2302 5503 2358 5558; x_wconf 91' lang='lat' dir='ltr'>in</span> <span class='ocrx_word' id='word_1_770' title='bbox 2425 5503 2812 5559; x_wconf 89' lang='lat' dir='ltr'>miraculorum</span> <span class='ocrx_word' id='word_1_771' title='bbox 2871 5495 3317 5575; x_wconf 78' lang='lat' dir='ltr'>magnificentia!</span> <span class='ocrx_word' id='word_1_772' title='bbox 3373 5495 3468 5568; x_wconf 91' lang='lat' dir='ltr'>qui</span> <span class='ocrx_word' id='word_1_773' title='bbox 3522 5502 3578 5550; x_wconf 89' lang='lat' dir='ltr'>et</span> <span class='ocrx_word' id='word_1_774' title='bbox 3630 5493 3738 5563; x_wconf 86' lang='lat' dir='ltr'>ipse</span> 
     </span>
    </p>
   </div>
   <div class='ocr_carea' id='block_1_115' title="bbox 472 5622 3506 5698">
    <p class='ocr_par' dir='ltr' id='par_1_115' title="bbox 472 5622 3506 5698">
     <span class='ocr_line' id='line_1_115' title="bbox 472 5622 3506 5698; baseline -0.001 -19"><span class='ocrx_word' id='word_1_775' title='bbox 472 5623 614 5696; x_wconf 80' lang='lat'>(968)</span> <span class='ocrx_word' id='word_1_776' title='bbox 643 5622 922 5688; x_wconf 89' lang='lat' dir='ltr'>Leontius,</span> <span class='ocrx_word' id='word_1_777' title='bbox 960 5622 1387 5696; x_wconf 70' lang='lat' dir='ltr'>Burdegalansis</span> <span class='ocrx_word' id='word_1_778' title='bbox 1436 5626 1750 5698; x_wconf 88' lang='lat' dir='ltr'>episcopus.</span> <span class='ocrx_word' id='word_1_779' title='bbox 1784 5629 1856 5683; x_wconf 91' lang='lat' dir='ltr'>De</span> <span class='ocrx_word' id='word_1_780' title='bbox 1908 5632 2011 5686; x_wconf 92' lang='lat' dir='ltr'>hoc</span> <span class='ocrx_word' id='word_1_781' title='bbox 2051 5631 2282 5688; x_wconf 89' lang='lat' dir='ltr'>Venant.</span> <span class='ocrx_word' id='word_1_782' title='bbox 2318 5631 2597 5689; x_wconf 87' lang='lat' dir='ltr'>Fortunat.</span> <span class='ocrx_word' id='word_1_783' title='bbox 2621 5646 2787 5688; x_wconf 91' lang='lat' dir='ltr'>carm.</span> <span class='ocrx_word' id='word_1_784' title='bbox 2827 5628 2926 5684; x_wconf 91' lang='lat' dir='ltr'>lib.</span> <span class='ocrx_word' id='word_1_785' title='bbox 2958 5635 3050 5682; x_wconf 80' lang='lat' dir='ltr'>iet</span> <span class='ocrx_word' id='word_1_786' title='bbox 3074 5643 3130 5681; x_wconf 79' lang='lat' dir='ltr'>iv</span> <span class='ocrx_word' id='word_1_787' title='bbox 3171 5640 3332 5682; x_wconf 55' lang='lat' dir='ltr'>novae</span> <span class='ocrx_word' id='word_1_788' title='bbox 3365 5623 3506 5679; x_wconf 89' lang='lat' dir='ltr'>edit.</span> 
     </span>
    </p>
   </div>
  </div>
