3960 6198
191 310 303 365 745
1552 303 1697 357 VlTA
1740 303 1793 356 Β.

1841 301 2172 361 MACLOVII.

3422 325 3528 380 746

190 437 451 509 exemplo
498 437 630 493 Iesu
683 435 908 494 Domini'
941 436 1026 492 sui
1075 442 1185 492 tres
1205 433 1489 492 suscitavit
1544 438 1809 498 mortuos,
1838 434 1889 503 Α
1916 434 2103 491 utilem
2135 437 2443 494 severitatis
2473 440 2943 514 benevolentiam,
2998 454 3058 503 ut
3111 465 3210 520 per
3250 466 3389 507 nanc
3423 467 3529 507 ne-

194 535 253 589 in
284 533 570 590 Trinitatis
610 533 959 589 invocatione
987 531 1388 589 efﬁcacissima.

811 665 1018 722 CAPUT
1048 667 1221 722 XXIV.

272 781 382 837 Nec
406 778 543 835 illud
573 780 887 835 subtraham
944 780 1013 835 de
1045 786 1315 835 tantarum
1369 779 1631 833 virtutum
1664 782 1814 832 cata-

197 873 351 948 logo,
390 871 540 943 quod
597 871 778 927 adhuc
829 880 1043 944 gestum
1076 880 1158 926 est
1196 870 1252 925 in
1312 884 1453 944 pago
1495 868 1812 924 Santonico.

196 967 402 1022 Mulier
421 967 696 1039 quaedam,
725 966 953 1022 nomine
977 967 1150 1035 Bona,
1179 982 1300 1039 quae
1323 966 1488 1021 vitam
1517 981 1668 1019 suam
1699 965 1819 1019 lau—

198 1060 461 1114 dabiliter
488 1059 687 1131 agebat
716 1058 771 1112 in
798 1058 1080 1114 viduitatis
1121 1058 1462 1115 continentia
1491 1057 1653 1112 annis
1677 1072 1817 1128 qua-

202 1150 509 1205 tuordecim
561 1148 738 1203 fuerat
789 1147 1035 1204 caecitate
1087 1148 1302 1203 obruta.
1347 1148 1475 1213 Quae
1530 1146 1819 1202 obtutibus

200 1239 382 1295 sancti
417 1238 518 1294 viri
539 1237 780 1294 fideliter
801 1246 1151 1310 praesentata,
1181 1238 1287 1294 luci
1317 1237 1559 1309 pristina)
1579 1243 1662 1292 est
1690 1236 1821 1291 red-

202 1329 336 1384 dita.

822 1437 1030 1493 LAPUT
1057 1435 1207 1493 XXV.

277 1551 447 1607 Porro
481 1549 734 1606 homines
762 1550 868 1620 illi,
900 1551 993 1623 qui
1049 1552 1105 1606 in
1163 1550 1440 1605 Britannia
1488 1548 1672 1603 virum
1726 1547 1823 1602 Dei

205 1642 698 1709 exacerbaverunt,
722 1648 775 1697 et
796 1642 1148 1713 improbitate
1173 1639 1565 1696 obstinationis
1589 1654 1820 1705 suae,se,

1916 527 2224 583 cessitatem
2278 530 2471 585 saltem
2529 533 2685 589 inviti
2733 537 3083 594 traherentur
3119 542 3186 595 ad
3244 544 3527 612 poeniten-

1917 618 2068 672 tiam.
2113 619 2356 675 Britanni
2396 622 2640 695 denique
2691 634 2978 698 compotes
3034 631 3145 685 voti
3188 633 3272 686 sui
3326 633 3527 701 effecti,

1917 714 2026 763 tam
2072 708 2330 781 princeps
2386 719 2441 767 et
2485 713 2781 784 eptimates
2810 716 2990 790 regni,
3047 735 3212 789 quam
3264 720 3444 776 clerus
3474 730 3529 778 et

1919 799 2165 872 episcopi
2215 801 2268 855 in
2298 818 2468 857 unum
2523 806 2824 874 conjuncti,
2886 807 3101 864 felicem
3132 811 3308 865 virum
3342 828 3531 883 posce-

1918 887 2052 943 bant
2079 891 2291 959 cernui,
2332 899 2391 947 ut
2434 893 2707 967 reliquum
2766 897 2891 951 vitm
2936 914 3050 953 suae
3101 899 3421 972 dignaretur
3449 918 3532 957 se-

1919 997 2041 1037 cum
2081 999 2266 1057 agere,
2303 992 2363 1040 ut
2394 1002 2496 1057 per
2524 987 2643 1055 ejus
2675 990 2986 1045 convictum
3032 990 3126 1045 Dei
3160 991 3391 1067 gratiam
3423 1009 3533 1047 me-

1920 1083 2172 1132 rerentur
2208 1079 2513 1151 acquirere.
2561 1081 2655 1136 Ille
2689 1083 2790 1139 hoc
2847 1081 2967 1139 fieri
3010 1100 3175 1156 posse
3228 1086 3438 1153 abnuit,
3481 1094 3535 1141 et

1920 1172 2083 1227 simul
2133 1173 2595 1244 impossibilitatis
2661 1193 2775 1233 suae
2830 1194 3055 1235 causam
3113 1181 3194 1235 eis
3258 1180 3537 1236 humiliter

1921 1267 2157 1338 aperuit,
2193 1273 2246 1323 et
2295 1269 2598 1325 vocationis
2643 1286 2756 1326 suae
2795 1278 3014 1344 tempus
3061 1273 3167 1329 sibi
3215 1274 3536 1344 impendere

1923 1360 2196 1432 praedixit,
2254 1372 2309 1419 et
2340 1363 2445 1420 hoc
2500 1365 2647 1435 apud
2712 1365 2984 1423 Santonas
3030 1368 3137 1423 sibi
3183 1386 3307 1426 esse
3344 1389 3376 1427 a
3424 1371 3536 1427 Deo

1926 1452 2374 1524 determinatum,
2411 1474 2479 1513 ex
2517 1458 2704 1515 verbis
2741 1461 2925 1533 angeli
2964 1478 3025 1517 se
3076 1462 3335 1519 didicisse
3378 1462 3535 1519 dixit.

1928 1546 2173 1603 Britanni
2206 1548 2400 1605 ﬂentes
2434 1559 2488 1606 et
2514 1551 2774 1608 timentes
2820 1553 3001 1610 adhuc
3028 1556 3271 1611 caelestis
3322 1555 3416 1612 irae
3446 1572 3539 1613 ve-

1926 1635 2088 1709 stigia
2118 1644 2343 1705 restare,
2375 1641 2467 1710 qui
2499 1656 2601 1696 nec
2630 1641 2689 1696 in
2727 1642 2858 1711 vita,
2919 1659 3023 1699 nec
3064 1645 3118 1699 in
3175 1652 3351 1701 morte
3384 1645 3537 1718 digni

206 1742 524 1806 terramque
553 1750 730 1800 suam,
761 1734 829 1788 ab
860 1712 925 1789 eo
952 1733 1207 1789 maledici
1241 1730 1614 1805 pertulerunt,
1647 1728 1823 1783 male—
1850 1712 1901 1778 Β
1926 1732 2113 1781 essent
2141 1727 2303 1782 talem
2333 1734 2621 1799 patronum
2651 1731 2877 1799 habere,
2910 1748 3033 1788 cum
3071 1735 3275 1809 gaudio
3302 1712 3538 1806 pacisnet

205 1820 468 1878 dictionis
504 1823 803 1879 vindictam
844 1822 1090 1898 effugere
1135 1838 1247 1877 non
1288 1824 1584 1892 potuerunt
1658 1818 1825 1873 Terra

206 1916 355 1970 enim
392 1915 445 1969 in
475 1930 646 1986 opere
668 1915 962 1986 impiorum
989 1914 1299 1981 maledicta,
1330 1920 1437 1968 tam
1462 1911 1518 1966 in
1550 1910 1822 1985 frugibus,

206 2025 373 2081 quam
407 2010 463 2063 in
504 2009 681 2081 pomis
705 2011 950 2065 omnium
982 2025 1272 2082 generum,
1324 2007 1531 2063 sterilis
1561 2011 1616 2061 et
1645 2002 1824 2058 infru-

204 2112 398 2160 ctuosa
452 2110 534 2159 est
581 2104 813 2160 reddita.
879 2104 1221 2161 Habitatores
1291 2118 1421 2159 vero
1498 2101 1620 2171 ejus
1669 2097 1821 2152 mille

203 2198 388 2253 modis
420 2198 737 2254 morborum
772 2198 1041 2266 devorati,
1085 2198 1177 2254 alii
1216 2198 1589 2254 membrorum
1630 2191 1823 2248 debili-

200 2297 311 2345 tate
358 2296 650 2361 coeperunt
703 2289 975 2357 contrahi,
1031 2288 1121 2345 alii
1152 2290 1304 2361 lepra
1342 2288 1692 2360 squalebant,
1727 2285 1820 2340 alii

200 2380 319 2435 visu
353 2382 553 2451 privari
608 2381 905 2437 dolebant:
963 2380 1051 2435 isti
1084 2380 1196 2435 oris
1248 2378 1432 2436 ofﬁcio
1472 2395 1532 2434 se
1572 2378 1822 2444 destitui,

197 2473 289 2526 alii
322 2489 384 2528 se
411 2474 602 2528 auditu
633 2473 975 2547 plangebant
1012 2472 1274 2527 diminui.
1307 2472 1419 2527 Nec
1467 2470 1669 2542 aliquis
1716 2477 1831 2526 erat

203 2562 478 2630 omnium,
511 2562 604 2634 qui
632 2562 875 2618 caelestis
904 2561 1195 2617 vindicatae
1236 2559 1504 2635 effugeret
1532 2560 1824 2629 judicium,

201 2657 450 2712 Tandem
478 2674 575 2728 per
602 2658 779 2729 culpae
806 2657 1104 2712 vindictam
1139 2664 1538 2729 cognoscentes
1555 2673 1679 2713 sero
1708 2658 1826 2712 cul-

205 2767 330 2820 pam
374 2766 552 2816 suam,
587 2766 689 2806 nec
716 2750 985 2818 volentes,
1019 2766 1123 2805 nec
1152 2751 1399 2807 valentes
1434 2750 1575 2805 ultra
1597 2748 1827 2804 sufferre

205 2839 615 2895 maledictionis
662 2847 717 2895 et
763 2840 993 2895 ultionis
1048 2840 1375 2906 molestiam,
1416 2840 1824 2895 communicato

202 2931 439 2988 consilio
470 2932 920 2987 deliberaverunt
958 2948 988 2986 a
1018 2941 1208 2988 sancto
1249 2931 1365 2986 viro
1398 2931 1682 2986 humiliter
1722 2931 1826 2984 im-

201 3023 422 3093 plorare
453 3021 691 3077 veniam.
723 3021 883 3077 Missa
923 3021 1108 3093 itaque
1135 3022 1204 3076 ad
1229 3038 1354 3076 eum
1383 3021 1685 3096 legatione,
1721 3036 1824 3092 po-

198 3122 363 3170 scunt
392 3131 516 3169 cum
545 3114 728 3169 cordis
777 3114 1106 3170 contritione
1139 3123 1198 3169 ut
1245 3113 1602 3169 absolvantur
1628 3112 1696 3167 ab
1728 3113 1823 3167 illa

202 3208 622 3274 maledictione,
651 3209 1012 3280 spondentes,
1040 3208 1086 3263 si
1133 3224 1230 3264 eos
1254 3208 1576 3283 dignaretur
1603 3223 1704 3262 sua
1731 3223 1822 3262 re-

199 3297 480 3364 versione,
512 3296 777 3368 deinceps
811 3313 870 3352 se
898 3298 950 3352 ei
977 3297 1457 3368 obtemperaturos
1487 3312 1607 3351 srne
1638 3297 1824 3367 aliqua

201 3384 667 3441 contradictione.
695 3386 917 3441 Amator
941 3385 1163 3457 pietatis
1188 3392 1243 3441 et
1281 3384 1677 3440 misericordiae
1708 3384 1816 3439 Ma-

199 3478 436 3545 clovius,
470 3478 562 3533 ubi
604 3478 985 3549 paenitentiam
1018 3478 1371 3550 patriotarum
1403 3478 1635 3549 accepit,
1670 3493 1822 3533 sum-

205 3585 353 3623 mam
412 3568 631 3623 consilii
686 3568 756 3623 ad
812 3568 1100 3625 Leontium
1156 3567 1530 3624 venerabilem
1590 3566 1817 3623 detulit:

208 3661 478 3718 Leontius
506 3661 648 3717 hanc
677 3662 745 3717 ad
787 3661 967 3733 ipsum
1002 3663 1172 3717 Deum
1210 3661 1562 3717 referendum
1585 3659 1818 3715 censuit.

211 3753 477 3826 Uterque,
508 3754 716 3810 indicto
754 3753 859 3809 sibi
893 3754 1149 3810 triduano
1192 3754 1431 3826 jejunio,
1464 3758 1689 3808 exorant
1716 3751 1824 3805 sibi

208 3842 443 3899 revelari
476 3859 508 3897 a
560 3843 795 3899 Domino
833 3843 965 3915 quid
1013 3860 1181 3914 super
1231 3844 1336 3899 hoc
1368 3842 1475 3898 sibi
1513 3847 1659 3897 esset
1687 3856 1828 3912 opus

211 3937 377 3994 facto.
414 3937 563 3993 Inter
590 3938 855 3994 orandum
896 3938 1127 4013 angelus
1170 3938 1387 3994 Domini
1432 3936 1699 3993 Maclovio
1731 3935 1827 3990 ad-

206 4030 374 4097 stitit,
407 4029 571 4101 eique
620 4046 685 4085 ex
716 4046 812 4086 ore
851 4030 947 4086 Dei
990 4031 1107 4087 haec
1159 4029 1465 4107 suggessit:
1505 4028 1748 4101 Oportet,
1797 4043 1830 4084 ο

208 4120 387 4175 amice
416 4118 531 4188 Dei,
561 4119 894 4175 Britanniam
925 4121 1180 4189 revisere,
1241 4137 1462 4177 omnem
1494 4120 1832 4176 maledictio-

214 4225 343 4263 nem
395 4206 635 4276 auferre,
686 4208 942 4265 homines
988 4208 1270 4265 salutifera
1325 4209 1714 4266 benedictione
1745 4225 1832 4263 sa-

216 4315 379 4365 nare,
426 4308 585 4354 terrae
623 4299 928 4356 ubertatem
988 4301 1306 4356 restituere.
1351 4301 1621 4371 Deinceps
1662 4298 1835 4354 debes

1926 1813 2238 1871 dilectionis
2277 1833 2400 1872 eum
2432 1821 2729 1889 prosecuti,
2768 1821 2855 1876 vix
2883 1823 3103 1879 tandem
3136 1823 3280 1894 passi
3312 1833 3441 1880 sunt
3470 1824 3538 1879 ab

1926 1926 1993 1966 eo
2010 1913 2275 1984 separari.

2479 2026 2489 2035 ’
2529 2026 2736 2083 CAPUT
2774 2028 2953 2086 XXVI.

1994 2128 2165 2201 Igitur
2193 2131 2461 2188 Santonas
2491 2150 2793 2207 regressus,
2834 2143 2890 2191 et
2914 2142 3078 2192 noctu
3112 2144 3166 2194 et
3194 2137 3438 2195 interdiu
3464 2139 3536 2195 ob

1921 2218 2006 2273 sui
2046 2222 2349 2278 custodiam
2379 2239 2445 2280 eo
2494 2223 2786 2282 laborabat
2817 2227 3159 2299 vigilantius,
3195 2244 3306 2299 quo
3350 2229 3540 2283 Domi-

1924 2323 2053 2363 num
2082 2310 2138 2365 in
2179 2312 2428 2381 proximo
2458 2328 2581 2368 esse
2618 2315 2888 2371 didicerat
2914 2316 3138 2384 certius,
3165 2326 3246 2383 ut,
3280 2332 3534 2388 quacun-

1931 2413 2036 2468 que
2082 2401 2215 2455 hora
2252 2401 2484 2466 veniret,
2517 2402 2753 2479 vigilans
2782 2413 2838 2460 et
2877 2414 3099 2476 paratus
3128 2405 3368 2476 pulsanti
3398 2421 3537 2476 ape-

1930 2486 2063 2542 riret
2111 2489 2211 2554 Qui
2263 2491 2409 2545 enim
2439 2501 2546 2546 tam
2593 2486 2759 2568 longo
2816 2495 2994 2549 aetatis
3029 2502 3275 2565 tempore
3329 2494 3534 2549 bonum

1929 2586 2208 2637 certamen
2232 2589 2553 2653 certaverat,
2592 2592 2647 2640 et
2685 2585 2903 2641 tandem
2940 2602 3159 2641 cursum
3190 2600 3541 2641 consumma-

1928 2683 2106 2743 vcrat,
2158 2676 2228 2731 de
2294 2676 2562 2748 religione
2603 2693 2861 2734 coronam
2908 2678 3142 2749 justitiaa
3187 2678 3533 2749 reposcebat,

1929 2785 2092 2842 quam
2120 2771 2226 2825 sibi
2265 2771 2447 2840 justus
2484 2772 2656 2841 judex
2704 2780 3044 2844 reposuerat.
3098 2773 3355 2828 Reddidit
3405 2788 3538 2847 ergo

1928 2869 2083 2919 terrae
2132 2866 2281 2937 quod
2311 2873 2427 2922 erat
2465 2883 2662 2921 suum:
2702 2867 2829 2922 coeli
2873 2883 2994 2922 cum
3028 2867 3269 2938 tripudio
3325 2877 3539 2922 sancto-

1926 2970 2044 3009 rum
2075 2956 2196 3025 ejus
2234 2966 2572 3028 exceperunt
2598 2958 2871 3029 spiritum.
2925 2959 3270 3030 Recepturus
3324 2973 3540 3013 merce-

1924 3043 2047 3099 dem
2074 3044 2347 3116 laborum,
2380 3047 2650 3103 deductus
2680 3056 2762 3103 est
2793 3048 2849 3102 in
2888 3048 2974 3103 via
3005 3047 3240 3102 mirabili
3284 3046 3539 3102 manibus

1922 3138 2240 3210 angelorum
2295 3139 2393 3205 Qui
2427 3139 2572 3194 enim
2598 3140 2654 3194 in
2683 3140 2844 3195 terris
2874 3140 3187 3215 angelicam
3223 3139 3390 3195 vitam
3431 3138 3532 3193 du-

1922 3239 2094 3300 xerat,
2153 3232 2318 3288 modo
2360 3232 2416 3287 in
2467 3232 2624 3288 coelis
2661 3233 2743 3288 eis
2801 3232 3146 3289 convivendo
3203 3232 3537 3287 zeternaliter

1920 3326 2174 3381 exsultat.
2205 3325 2351 3382 Vixit
2376 3333 2599 3382 centum
2626 3326 2845 3402 triginta
2897 3324 3080 3395 annis,
3126 3324 3263 3381 obiit
3291 3341 3402 3380 xvn
3443 3323 3542 3379 Ka-

1919 3418 2112 3474 lendas
2140 3418 2496 3489 Septembris.

2507 3550 2715 3606 CAPUT
2746 3550 2950 3606 XXVII.

1996 3663 2254 3719 Leontius
2283 3662 2578 3734 epi500pus
2615 3664 2864 3739 gaudens
2900 3679 3070 3734 super
3118 3663 3378 3719 thesauro
3428 3661 3538 3717 sibi

1926 3758 2142 3813 coalitus
2171 3756 2468 3820 destinato,
2509 3763 2563 3811 et
2604 3756 2848 3828 posteris
2876 3757 2991 3811 suis
3043 3756 3377 3811 :eternaliter
3415 3771 3547 3827 pro—

1927 3849 2109 3905 futuro
2167 3847 2414 3904 decrevit
2459 3864 2583 3903 eum
2643 3846 2951 3922 gloriﬁcare
3016 3846 3324 3904 honoriﬁco
3381 3863 3547 3918 sepe-

1929 3942 2101 3998 liendi
2132 3941 2344 3998 ofﬁcio:
2389 3947 2811 4012 constructaque
2854 3956 2996 3996 nova
3034 3939 3288 4005 ecclesia,
3344 3954 3547 4010 corpus

1931 4034 2072 4104 ejus,
2105 4039 2165 4088 ut
2194 4032 2427 4104 Spiritus
2476 4033 2651 4089 sancti
2694 4048 2985 4105 organum,
3040 4033 3096 4087 in
3138 4031 3231 4085 illa
3288 4029 3547 4102 sepelivit

1931 4138 2054 4178 cum
2084 4122 2301 4177 decenti
2331 4120 2656 4176 reverentia.
2700 4120 2811 4176 Nec
2840 4121 3017 4193 potuit
3044 4118 3312 4175 abscondi
3344 4118 3400 4172 in
3434 4124 3547 4174 ter-

1934 4213 2032 4278 ris,
2083 4212 2172 4268 cui
2210 4211 2392 4267 meriti
2423 4209 2590 4267 modo
2619 4218 2767 4267 esset
2822 4210 2877 4265 in
2921 4209 3096 4267 caelis.
3140 4207 3342 4264 Eodem
3396 4208 3545 4262 enim

1937 4303 2026 4358 die
2056 4318 2166 4374 quo
2211 4302 2268 4356 in
2306 4302 2593 4357 mausoleo
2632 4301 2844 4372 positus
2871 4308 2976 4367 est,
3008 4298 3228 4355 duobus
3266 4297 3429 4351 czecis
3466 4296 3552 4351 vi-

215 4363 493 4450 Santonas
547 4400 800 4465 repetere
827 4434 842 4462 ,
902 4393 1032 4465 quia
1096 4392 1209 4449 illic
1275 4392 1447 4448 habes
1506 4363 1832 4471 prepediem
1860 4363 2032 4450 Dsus
2071 4363 2319 4450 redditus
2345 4401 2450 4463 est,
2499 4363 2910 4469 energumenus
2947 4363 2978 4447 a
3018 4389 3285 4446 daemonis
3312 4388 3547 4443 infesta-

215 4489 397 4546 obire.
465 4488 701 4544 Sanctus
748 4488 935 4561 itaque
1003 4488 1088 4545 vir
1155 4488 1461 4544 secundum
1529 4487 1834 4560 angelicam
1936 4476 2365 4546 tieneliberatus
2393 4494 2497 4543 est.
2517 4487 2615 4543 Die
2646 4493 2767 4558 post
2796 4486 3176 4542 humationem
3212 4482 3554 4547 tertia,con-

216 4580 615 4638 revelationem
657 4581 993 4652 repatriavit,
1050 4588 1251 4637 terram
1313 4580 1681 4651 hominesque
1737 4594 1837 4634 sua
1936 4575 3116 4641 tractocuidamrestitutaestmedela,muto
3136 4568 3372 4642 loquela.
3397 4568 3553 4624 Post-

212 4670 611 4727 benedictione
655 4668 1020 4726 sanctiﬁcavit
1048 4710 1063 4737 ,
1120 4670 1345 4742 Deoque
1410 4670 1653 4745 largitori
1708 4685 1831 4725 om-
1931 4671 2157 4726 modum
2186 4685 2315 4725 vero
2355 4668 2566 4723 meritis
2592 4667 2768 4723 sancti
2808 4665 3059 4722 Maclovii
3092 4669 3242 4719 tanta
3281 4660 3550 4715 Dominus

213 4764 367 4819 nium
430 4762 703 4818 bonorum
753 4777 850 4818 eos
896 4762 1106 4818 orando
1162 4761 1587 4817 commendavit.
1633 4761 1832 4833 Sicque
1932 4761 2103 4836 gessit
2140 4760 2347 4815 ibidem
2380 4758 2663 4825 miracula,
2694 4764 2901 4828 quanta
2950 4772 3056 4813 nec
3084 4768 3309 4810 narrare
3338 4751 3549 4825 lingua,

211 4855 396 4912 omnis
450 4861 596 4910 terra
633 4854 843 4926 repleta
898 4861 983 4910 est
1037 4853 1255 4926 dapsilii
1294 4854 1547 4909 ubertate
1578 4869 1677 4925 per
1715 4854 1837 4923 ejus

212 4946 692 5016 benedictionem,
723 4962 846 5019 quae
883 4955 1046 5003 antea
1075 4946 1334 5003 damnata
1375 4945 1553 5001 fuerat
1593 4962 1687 5018 per
1717 4947 1837 5018 ejus

214 5042 694 5099 maledictionem.
723 5042 801 5097 Ita
839 5042 1041 5098 factum
1062 5051 1147 5099 est
1170 5042 1433 5098 omnibus
1456 5042 1658 5113 palam,
1687 5042 1836 5113 quod

214 5131 469 5203 pontifex
520 5128 649 5201 pius
691 5129 836 5186 hanc
886 5131 1330 5187 maledictionem
1371 5146 1484 5186 non
1527 5130 1711 5185 intulit
1740 5145 1836 5201 per

209 5218 456 5290 aliquam
505 5216 912 5274 malevolentia
963 5219 1441 5291 intemperantiam
1478 5259 1493 5286 ,
1566 5219 1677 5274 imo
1735 5236 1836 5291 per

618 5829 909 5890 PATROL.
958 5830 1153 5894 CLX.

1936 4868 2039 4909 nec
2064 4853 2350 4908 continere
2380 4851 2525 4908 valet
2552 4850 2894 4906 membrana.
2927 4844 3327 4919 Multiplicibus
3352 4860 3416 4899 ac
3446 4844 3557 4899 fre-

1937 4941 2237 5014 quentibus
2281 4940 2456 4996 sancti
2531 4940 2695 5009 hujus
2732 4935 3226 4994 intercessionibus
3264 4932 3557 4987 subveniat

1938 5034 2100 5090 nobis
2127 5034 2482 5106 omnipotens
2533 5034 2696 5098 Deus,
2737 5031 3061 5103 cunctisque
3101 5026 3224 5096 ejus
3276 5024 3557 5095 praeconia

1938 5124 2375 5180 celebrantibus:
2415 5123 2508 5194 qui
2538 5121 2671 5178 vivit
2708 5127 2764 5176 et
2799 5128 2996 5195 regnat
3021 5134 3124 5190 per
3171 5121 3379 5170 aeterna
3403 5128 3558 5168 secu—

1937 5220 2112 5276 lorum
2138 5218 2361 5275 saecula.
2394 5219 2587 5273 Amen.

3033 5822 3113 5881 24
