3960 6198
1611 284 1958 340 SlGEBERTl
2003 283 2523 339 GEMBLACENSIS.

1220 476 1585 482 .—.-_—_———..__
1606 474 2889 483 w—*‘_——————

950 629 1353 753 VITA
1440 626 2047 754 SANCTI
2130 625 3168 753 THEODARDI

1462 864 1757 919 EPISCOPI
1804 862 2277 918 TRAJECTENSIS
2327 862 2661 917 MARTYRIS

688 1028 1370 1120 AUCTORE
1459 1023 2287 1115 SIGEBERTO
2379 1022 3431 1117 GEMBLACENSI

1162 1236 1465 1305 (BOLLAND,
1505 1239 1637 1291 Acta
1672 1238 1994 1289 Sanctorum
2058 1232 2208 1302 Sept.
2255 1237 2294 1284 t.
2340 1231 2432 1296 Ill,
2475 1230 2567 1285 die
2606 1247 2655 1289 κ.
2700 1247 2755 1301 p.
2799 1231 2948 1300 380.)

2673 1507 2702 1525 ο

2033 1595 2080 1660 Α
2109 1586 2147 1640 ti
2182 1586 2324 1657 (974)
2359 1594 2610 1656 tempore
2649 1586 2989 1653 invaserant;
3024 1586 3203 1642 Asiam
3237 1602 3367 1642 vero
3402 1593 3457 1641 et
3503 1586 3750 1643 Africam

2109 1680 2274 1734 modo
2306 1678 2505 1745 Persis,
2547 1679 2713 1733 modo
2767 1678 3056 1733 Saracenis
3098 1679 3533 1745 incursantibus,
3585 1682 3748 1745 solae,

2108 1790 2243 1845 quas
2272 1774 2459 1827 Franci
2480 1773 2814 1835 incolebant,
2846 1774 3030 1828 Gallia:
3060 1774 3213 1830 ﬁrma
3238 1792 3371 1845 pace
3390 1774 3756 1849 gaudebant,

2108 1874 2164 1920 et
2190 1866 2409 1920 creteris
2448 1865 2710 1937 gentibus
2751 1882 2847 1935 pro
2878 1867 3055 1921 salute
3086 1867 3483 1940 pugnantibus,
3536 1867 3736 1923 Franci

2110 1970 2210 2023 pro
2240 1954 2416 2028 gloria
2444 1955 2788 2027 pugnabant.

940 1592 1146 1647 CAPUT
1176 1589 1453 1647 PRIMUM.

398 1694 513 1746 Vita
537 1695 666 1745 ante
687 1689 1051 1757 episcopatum
1084 1688 1499 1754 Trajectcnsem;
1540 1685 1786 1749 virtutes,
1814 1681 2007 1749 quibus

828 1759 1101 1814 ecclesiam
1128 1772 1287 1811 suam
1316 1757 1567 1809 illustrat.

468 1868 667 1921 Beatus
695 1863 1071 1929 Theodardus,
1115 1868 1271 1915 natus
1302 1861 1357 1914 in
1409 1860 1598 1927 Gallia,
1640 1859 1879 1913 clarebat
1910 1873 2006 1929 pro

396 1954 567 2010 nobili
596 1961 885 2024 parentum
934 1950 1211 2022 prosapia,
1258 1950 1412 2022 regni
1443 1950 1613 2003 decus
1656 1956 1711 2003 et
1750 1947 2006 2001 Ecclesiae

395 2045 570 2120 gloria
602 2044 814 2099 futurus
889 2044 961 2097 Eo
991 2051 1237 2113 tempore
1279 2057 1508 2114 regnum
1570 2040 1895 2094 Francorum
1928 2056 2009 2093 re-

396 2138 563 2209 gebat
589 2136 881 2206 Cbilperici
915 2134 1060 2189 ﬁlius
1093 2135 1378 2189 Lotharius
1406 2133 1674 2201 (969-70),
1708 2132 1928 2186 nomine
1956 2138 2009 2185 et

397 2225 719 2281 fortitudine
747 2224 994 2279 referens
1034 2242 1192 2282 avum
1242 2240 1397 2278 suum
1457 2222 1793 2288 Lotharium,
1834 2220 2005 2274 ﬁlium

396 2318 656 2373 Ludovici
714 2318 869 2383 971),
924 2318 1017 2389 qui
1076 2326 1298 2389 gentem
1357 2317 1707 2379 Francorum,
1760 2330 2009 2368 secuma

397 2411 560 2465 beato
617 2410 870 2483 Remigio
929 2410 1070 2479 (972)
1131 2409 1484 2479 baptizatam,
1518 2408 1647 2461 fecit
1686 2407 1885 2461 ascribi
1940 2406 2007 2459 ad

396 2504 585 2559 aeterni
627 2503 773 2576 regis
802 2502 1072 2556 militiam.
1110 2502 1277 2572 Igitur
1317 2500 1420 2554 sub
1462 2499 1721 2554 Lothario
1762 2497 2008 2552 secundo

393 2594 770 2660 Theodardus,
805 2610 835 2647 a
864 2593 1097 2664 pueritia
1137 2608 1313 2663 usque
1340 2592 1407 2645 ad
1437 2590 1643 2644 bivium
1671 2590 2001 2644 adolescen-

391 2682 481 2737 tia:
512 2689 825 2753 provectus,
859 2681 1191 2751 contempsit
1222 2682 1381 2735 latam
1423 2679 1587 2744 viam,
1624 2679 1677 2732 in
1706 2694 1814 2749 qua
1854 2677 2003 2731 mul-

2178 2042 2230 2097 2.
2276 2043 2383 2097 Sed
2416 2044 2517 2097 hoc
2556 2060 2666 2098 non
2697 2050 2903 2099 tantum
2932 2044 3189 2099 humanae
3218 2045 3430 2110 virtuti,
3465 2053 3741 2116 quantum

2109 2132 2313 2186 divina:
2343 2133 2530 2202 pietati
2565 2141 2647 2187 est
2684 2133 3097 2197 ascribendum,
3145 2151 3267 2205 qua:
3295 2142 3426 2190 tunc
3469 2137 3746 2206 temporis

2109 2237 2370 2290 proceres
2405 2222 2560 2295 regni
2602 2228 2656 2275 et
2712 2222 2963 2276 Ecclesiae
2994 2231 3301 2279 armaverat
3358 2223 3656 2295 prudentia
3688 2231 3749 2278 et

2111 2309 2461 2379 fortitudine,
2486 2312 2775 2366 sanctitate
2808 2318 2861 2365 et
2890 2312 3184 2381 sapientia,
3219 2319 3277 2367 ut
3307 2329 3407 2383 per
3445 2329 3544 2368 eos
3573 2314 3747 2388 longe

2109 2400 2330 2471 lateque
2384 2409 2802 2471 prosperaretur
2872 2417 3103 2473 regnum
3158 2409 3212 2455 et
3264 2401 3527 2456 Ecclesia.
3591 2402 3743 2466 Quos

2111 2494 2299 2563 quanti
2353 2494 2555 2548 faceret
2599 2495 2743 2547 Deus
2798 2499 2940 2549 totus
2972 2509 3113 2563 pene
3178 2494 3419 2547 mundus
3447 2494 3642 2558 sensit,
3676 2494 3739 2548 in

2109 2582 2215 2637 hoc
2247 2585 2480 2638 maxime
2531 2585 2681 2655 quod
2715 2600 2781 2639 eo
2814 2591 3065 2654 tempore
3109 2584 3389 2639 Heraclius
3430 2585 3740 2654 imperator

2110 2670 2499 2741 Romanorum,
2544 2674 2703 2729 victis
2760 2673 2954 2741 Persis,
3011 2689 3231 2728 crucem
3293 2673 3511 2742 Christi,
3556 2691 3725 2746 quam

392 2776 478 2826 tos
506 2779 730 2827 vocatos
766 2771 1140 2826 sinistrorsum
1189 2770 1405 2845 evagari
1446 2769 1702 2833 videbat;
1755 2774 1808 2821 et
1839 2766 2005 2838 elegit
2104 2769 2279 2823 Persen
2311 2768 2535 2823 incensa
2580 2768 2915 2822 Hierusalem
2972 2776 3305 2839 asportatam
3353 2785 3532 2825 annos
3558 2771 3726 2842 quin-

391 2870 595 2915 arctam
618 2860 784 2927 viam,
810 2877 908 2931 per
928 2876 1090 2932 quam
1126 2860 1286 2931 pauci
1317 2859 1475 2915 electi
1516 2859 1864 2914 dextrorsum
1884 2864 2006 2911 ten-
2034 2892 2080 2932 ρ
2105 2862 2285 2916 decim
2338 2867 2648 2926 tenuerant,
2692 2862 2899 2916 revexit
2960 2862 3015 2915 in
3076 2862 3439 2930 Hierusalem,
3491 2872 3543 2919 et
3584 2864 3734 2919 diem

390 2952 546 3007 dunt.
590 2953 663 3007 Ex
690 2954 983 3007 devotione
1014 2952 1221 3025 quippe
1257 2958 1543 3023 parentum
1576 2967 1800 3006 suorum
1851 2950 2078 3009 man-7'
2110 2951 2465 3005 Exaltationis
2511 2951 2630 3019 ejus
2682 2950 2950 3005 celebrari
3017 2950 3214 3005 indixit
3270 2952 3435 3021 (975).
3485 2953 3550 3007 Ut
3583 2954 3736 3009 scia-

388 3042 604 3112 cipatus
633 3042 1007 3097 monasteriali
1051 3042 1381 3111 disciplinae,
1418 3040 1723 3096 voluntarie
1754 3037 2005 3109 portabat
2106 3060 2229 3098 mus
2265 3050 2471 3106 autem,
2498 3043 2606 3114 Equi
2656 3042 2864 3098 fuerint
2905 3043 3007 3110 illi,
3063 3058 3296 3114 quorum
3346 3046 3606 3116 exemplo
3646 3047 3735 3101 vel

386 3133 719 3208 levejugum
747 3133 963 3189 Christi.
1016 3134 1077 3187 Et
1104 3133 1233 3204 quia
1258 3134 1410 3201 juxta
1439 3148 1630 3187 vocem
1664 3131 2000 3185 Dominicam
2105 3132 2350 3187 instituto
2384 3133 2742 3187 Theodardus
2772 3132 3001 3187 meliora
3033 3132 3363 3187 charismata
3420 3134 3732 3190 aemulaba-

385 3241 495 3281 non
524 3234 735 3296 poterat
758 3227 919 3282 arbor
957 3227 1091 3282 bona
1126 3228 1340 3293 fructus
1369 3227 1535 3281 malos
1582 3227 1761 3292 facere
1789 3225 1996 3290 (Matth.
2101 3228 2209 3286 tur,
2243 3238 2272 3275 a
2305 3221 2495 3292 paucis
2529 3221 2751 3286 multos,
2795 3237 2826 3275 a
2855 3220 3054 3276 vicinis
3106 3221 3465 3293 longinquos,
3495 3239 3527 3276 a
3580 3225 3732 3279 notis

383 3334 479 3385 vn,
505 3321 617 3387 18),
647 3320 980 3375 ostendebat
1012 3320 1066 3374 in
1107 3320 1245 3375 ﬂore
1293 3320 1593 3375 crescentis
1626 3318 1803 3373 aetatis
1834 3335 1995 3389 quam
2098 3312 2423 3385 colligamus
2456 3314 2687 3383 ignotos.
2746 3312 2804 3366 ln
2846 3311 2913 3366 iis
2956 3311 3360 3381 prmeminebat
3406 3314 3728 3386 Arnulphus

382 3422 605 3463 suavem
637 3415 690 3462 et
721 3425 884 3479 quam
929 3409 1153 3463 uberem
1204 3408 1439 3463 fructum
1468 3408 1621 3461 daret
1650 3408 1704 3460 in
1747 3414 1997 3477 tempore
2099 3420 2162 3458 ex
2203 3405 2410 3473 majore
2443 3405 2641 3459 domus
2672 3405 2993 3459 Metensium
3054 3404 3353 3475 episcopus
3384 3407 3554 3476 (976).
3607 3407 3722 3462 Eli-

381 3515 506 3554 suo.
568 3500 777 3570 lVempe
832 3500 1006 3574 gratia
1058 3499 1175 3565 Dei,
1232 3515 1352 3570 qua!
1391 3515 1515 3554 eum
1568 3505 1912 3569 praevenerat
1936 3507 1996 3553 ut
2096 3493 2218 3566 gius
2248 3510 2313 3547 ex
2347 3491 2575 3548 auriﬁce
2606 3501 2731 3563 post
2770 3493 3152 3549 Noviomensis
3181 3496 3502 3566 episcopus,
3555 3496 3726 3552 Joan-

382 3590 530 3646 bona
560 3591 746 3658 vellet,
777 3591 1224 3663 subsequebatur
1252 3593 1417 3646 etiam
1468 3599 1526 3646 ut
1560 3589 1827 3662 perﬁcere
1866 3606 1993 3659 pos-
2096 3600 2192 3639 nes
2213 3584 2377 3639 etiam
2405 3585 2741 3659 Tungrensis
2770 3602 2833 3640 ex
2861 3586 3001 3641 laico
3051 3587 3105 3640 in
3146 3587 3472 3658 episcopum
3521 3590 3720 3644 eodem

377 3686 478 3734 set.
512 3680 661 3736 Sicut
690 3682 859 3743 enim,
909 3680 1190 3735 arridente
1230 3680 1464 3750 tempori
1497 3680 1641 3735 bona
1681 3679 1826 3734 aeris
1854 3686 1992 3733 tem-
2092 3674 2273 3747 signo,
2307 3690 2419 3745 quo
2452 3674 2662 3744 primus
2690 3676 2887 3741 Aaron,
2920 3690 2951 3729 a
2992 3675 3103 3729 Deo
3147 3676 3396 3742 electus;
3444 3678 3573 3731 dum
3619 3679 3722 3732 bu-

376 3772 549 3843 perie,
581 3773 810 3829 uberius
828 3784 972 3829 terra
988 3774 1308 3838 fructilicat;
1338 3773 1409 3828 ita
1430 3781 1678 3844 tempore
1713 3774 1858 3846 regis
1888 3772 1989 3827 Lo-
2086 3764 2179 3832 jus
2200 3780 2422 3837 quoque
2473 3765 2645 3839 virga,
2679 3782 2843 3837 quam
2869 3781 3036 3820 manu
3096 3767 3370 3840 gestabat,
3404 3768 3461 3822 in
3510 3776 3712 3824 terram

374 3865 537 3921 tharii
568 3866 735 3937 (973),
776 3867 1053 3921 arridente
1112 3883 1295 3921 rerum
1345 3866 1763 3937 tranquillitate,
1803 3872 1991 3919 sancta
2084 3860 2242 3928 jussu
2281 3862 2464 3935 angeli
2494 3860 2672 3915 deﬁxa
2701 3861 2948 3928 reviruit,
2978 3861 3246 3928 fronduit,
3275 3860 3484 3927 ﬂoruit,
3529 3862 3714 3918 fructi-

374 3954 616 4010 Ecclesia
649 3957 704 4010 in
742 3956 948 4011 sanctis
998 3955 1092 4010 Dei
1148 3955 1377 4010 uberius
1421 3954 1816 4019 fructificabat;
1847 3969 1989 4025 quos
2090 3950 2289 4007 ﬁcavit.
2322 3951 2480 4007 Tales
2498 3952 2854 4007 Theodardus
2893 3952 3161 4007 imitando
3190 3952 3245 4005 in
3276 3953 3505 4025 gemina
3531 3955 3713 4009 scien-

372 4044 611 4099 exterius
642 4044 793 4099 nulla
831 4052 924 4099 aut
967 4060 1087 4099 rara
1127 4061 1309 4099 rerum
1352 4044 1592 4115 procella
1623 4044 1982 4115 inquietabat.

2087 4043 2162 4097 tia
2212 4043 2574 4114 proﬁciebat;
2631 4045 2824 4099 borum
2867 4044 3025 4099 lateri
3082 4044 3394 4112 adhaerens,
3452 4044 3708 4115 palatinis

371 4133 502 4188 Nam
535 4134 876 4191 ferventibus
914 4135 1075 4190 bellis
1096 4152 1197 4206 per
1235 4142 1406 4190 totum
1433 4152 1576 4206 pene
1594 4137 1781 4190 orbem
1811 4143 1984 4191 terra-
2020 4206 2050 4210 ᾼ
2086 4138 2434 4210 principibus
2456 4148 2620 4194 notus
2647 4147 2702 4194 et
2727 4140 2929 4195 charus
2970 4148 3088 4194 erat
3118 4138 3279 4207 (977).

370 4242 512 4294 rum,
536 4227 911 4303 Langobardis
967 4227 1175 4283 ltaliam
1210 4227 1557 4293 vexantibus,
1592 4244 1753 4298 quam
1787 4206 2055 4282 recen-C
2088 4206 2101 4209 —
2154 4227 2204 4284 3.
2246 4206 2364 4282 J'am
2406 4228 2550 4283 fama
2579 4227 2649 4283 de
2682 4230 2906 4283 nomine
2965 4228 3085 4296 ejus
3134 4206 3464 4283 ascenderat
3491 4228 3563 4283 ad
3614 4244 3701 4284 so-

440 4395 689 4471 (969-70)
715 4397 902 4471 sancti
921 4398 1049 4471 Acta
1071 4413 1101 4451 a
1129 4397 1417 4471 Sigeberto
1443 4397 1714 4471 monacho
1734 4397 1984 4452 Gembla-

369 4468 522 4522 censi
564 4467 896 4539 conscripta,
950 4470 1043 4540 qui
1085 4467 1217 4523 sub'
1247 4467 1411 4523 ﬁnem
1469 4470 1656 4524 saeculi
1714 4485 1765 4523 xI
1807 4475 1861 4523 et
1890 4485 1980 4524 se-

406 4540 590 4595 uenlis
618 4540 838 4595 initium
872 4540 1079 4604 ﬂoruit,
1120 4540 1208 4595 hic
1264 4540 1602 4595 recuduntur
1631 4557 1696 4594 ex
1734 4540 1979 4596 editione

407 4612 538 4683 urii,
572 4628 733 4683 quam
765 4628 828 4666 ex
871 4612 1093 4667 duobus
1124 4627 1235 4665 mss
1306 4612 1435 4667 hinc
1466 4612 1592 4667 inde
1646 4612 1973 4667 emendabo.

365 4681 457 4736 Sic
518 4681 606 4737 ex‘
625 4701 739 4739 mss
794 4683 902 4738 illis
927 4684 1033 4739 hoc
1065 4684 1184 4739 loco
1218 4682 1375 4753 posui
1401 4685 1681 4753 Chilperici
1714 4684 1861 4748 ﬁlius
1888 4688 1981 4738 Lo-

366 4755 588 4828 tharius
634 4772 734 4826 pro
799 4756 1259 4828 Childericiﬁtius
1312 4756 1597 4825 Clotarius,
1621 4754 1731 4828 _uti_
1782 4755 1981 4828 legitur

366 4824 511 4898 apud
561 4824 800 4882 Surium.
845 4827 1129 4898 imprimis
1181 4836 1390 4881 certum
1444 4824 1588 4892 est,’
1620 4824 1875 4898 Lothario
1935 4828 1977 4881 ll

364 4894 699 4970 [raucorum
739 4897 878 4970 regi,
913 4894 979 4953 de
1019 4914 1130 4970 quo
1170 4898 1261 4952 hic
1297 4899 1513 4970 agitur,
1556 4907 1763 4967 patrem
1810 4896 1977 4951 fuisse

366 4966 725 5039 Suessionum
759 4966 967 5039 regem,
996 4966 1222 5025 nomine
1276 4966 1662 5039 Chilpericum,
1705 4983 1815 5022 non
1847 4984 1976 5024 vero

366 4987 725 5022 aucssmnum
759 4987 816 5024 re
859 4987 967 5036 em,
996 4987 1222 5025 nomine
1276 4987 1662 5039 enupericum,
1705 4987 1815 5022 non
1847 4987 1976 5024 vero

366 5036 756 5095 Childericum.
813 4987 978 5096 ξηιιυὶ
1026 5048 1207 5096 autem
1253 5056 1317 5095 ex
1345 5041 1507 5095 dictis
1550 5056 1663 5094 mss
1732 5039 1976 5095 scribere

364 5109 649 5183 Latitarius
675 5127 839 5183 quam
880 5114 1163 5179 Ctotarius,
1224 5114 1352 5183 quia
1392 5113 1541 5182 prior
1587 5111 1751 5166 lectio
1792 5111 1979 5181 primi-

361 5178 527 5302 genia
564 5178 710 5236 mihi
742 5183 979 5248 videtur,
1013 5178 1525 5258 cumin'Sigeberti
1564 5178 1977 5237 Gemblacensis

404 5250 636 5302 hronico
664 5262 718 5302 et
747 5254 868 5302 aliis
896 5256 1015 5302 eius
1042 5256 1514 5302 lucubrationibus
1552 5254 1761 5302 ubinue
1819 5254 1973 5302 inve-

404 5250 636 5326 bronico
664 5262 718 5307 et
747 5254 868 5308 aliis
896 5256 1015 5324 ejus
1042 5250 1514 5311 lucubrationibus
1552 5254 1761 5326 ubique
1817 5254 1973 5308 inve-

361 5321 875 5398 nerimtotharius.
916 5321 1178 5398 Regnavit
1208 5327 1277 5381 ab
1315 5342 1461 5382 anno
1507 5327 1632 5391 584,
1667 5321 1776 5397 quo
1817 5333 1975 5396 pater

360 5392 482 5469 ejus
509 5392 874 5469 Chilpericusg
905 5392 1227 5453 interfectus
1257 5398 1377 5464 fuit,
1426 5414 1603 5469 usque
1656 5392 1725 5451 ad
1764 5392 1968 5469 annum

357 5462 641 5540 928,_non'
659 5483 788 5540 vero
830 5467 898 5540 ab
943 5485 1091 5524 anno
1120 5469 1222 5524 587
1254 5462 1432 5540 usque
1483 5462 1549 5523 ad
1580 5470 1705 5535 631,
1758 5478 1817 5523 ut
1856 5468 1972 5523 vult

356 5534 680 5611 Sigebertus
729 5538 785 5611 in
840 5539 1140 5605 Chronico;
1191 5540 1282 5611 qui
1342 5534 1504 5594 etiam
1563 5534 1785 5603 fallitur,
1838 5540 1966 5594 dum

354 5607 612 5663 eumdem
644 5609 958 5666 Lotharium
1000 5612 1044 5666 ll
1076 5607 1222 5666 anno
1239 5611 1344 5667 610
1383 5611 1546 5666 totius
1580 5611 1819 5665 Francia:
1848 5626 1971 5666 mo—

355 5679 640 5737 narchium
683 5689 1042 5738 consecutum
1066 5681 1235 5737 fuisse
1261 5682 1364 5748 ait;
1397 5682 1452 5736 id
1486 5682 1632 5737 enim
1674 5697 1820 5738 anno
1861 5683 1967 5738 613

2082 4396 2333 4469 contigit.

2177 4470 2302 4538 971)
2334 4470 2439 4524 Seu
2464 4470 2721 4524 Clodevei
2748 4470 2788 4524 Ι.

2174 4542 2300 4596 972i
2330 4541 2557 4594 Dabitur
2586 4542 2609 4594 1
2642 4540 2910 4596 Octobris.

2155 4612 2301 4682 (973)
2329 4612 2628 4683 Sequentia
2677 4612 2745 4665 ad
2779 4610 3019 4667 Lotbarii
3052 4611 3454 4678 monarchiam,
3498 4629 3599 4668 seu
3629 4612 3694 4668 ad

2080 4690 2317 4754 tempus,
2361 4682 2511 4754 quod
2541 4682 2610 4737 ab
2640 4698 2786 4738 anno
2825 4683 2929 4738 613
2958 4699 3136 4754 usque
3161 4685 3230 4739 ad
3270 4686 3375 4741 628
3396 4684 3576 4752 ﬂuxit,
3613 4701 3697 4740 re-

2079 4753 2307 4809 ferenda
2338 4753 2484 4809 sUnt.

2151 4826 2291 4895 (974)
2360 4825 2701 4898 Langobardi
2757 4825 2813 4880 in
2880 4824 3090 4881 Italiam
3161 4827 3486 4896 irruperunt
3551 4843 3696 4884 anno

2077 4898 2200 4951 568.

2148 4969 2284 5037 (975)
2312 4966 2546 5023 Consule
2577 4967 2772 5023 obvios
2810 4983 2993 5023 rerum
3021 4966 3526 5024 ecclesiasticarum
3558 4969 3696 5025 scri-

2078 5046 2295 5182 νίῗὲῗιῗδ)
2339 5110 2523 5182 Sancti
2564 5108 2727 5177 hujus
2797 5111 2926 5166 Acta
2979 5109 3245 5182 illustrata
3315 5119 3448 5165 sunt
3513 5070 3583 5166 ad
3636 5111 3692 5168 l8

2074 5182 2226 5250 Julii,
2256 5181 2350 5236 ubi
2385 5183 2439 5235 in
2488 5181 2893 5237 Commentario
2948 5181 3200 5252 praevio§
3229 5182 3265 5234 2
3306 5182 3593 5251 probatur,
3629 5184 3696 5237 il-

2076 5254 2186 5308 lum
2245 5262 2371 5308 ante
2410 5253 2788 5323 episcopatum
2845 5253 3103 5320 majorem
3149 5254 3347 5307 domus
3387 5255 3552 5323 regia:
3585 5269 3691 5309 non

2073 5324 2264 5380 fuisse.
2334 5325 2390 5378 S.
2444 5324 2727 5393 Arnulpho
2778 5324 2867 5378 hic
2923 5324 3294 5394 subjuguntur
3357 5324 3414 5379 S.
3454 5324 3689 5395 ‘Eligius,

2072 5397 2288 5451 dandus
2317 5396 2385 5450 ad
2416 5395 2614 5468 diem}
2645 5395 2986 5462 Decembris,
3020 5401 3073 5449 et
3101 5397 3153 5449 S.
3179 5395 3466 5450 Johannes
3484 5398 3689 5468 Agnus,

2072 5468 2236 5523 datus
2264 5468 2330 5521 ad
2362 5468 2431 5520 25
2450 5466 2600 5521 Julii.

2144 5540 2285 5610 (977)
2314 5538 2627 5610 Admodum
2657 5546 2912 5608 suspecta
2952 5537 3085 5593 mihi
3129 5541 3277 5600 sunt,
3323 5552 3453 5607 quae
3496 5536 3586 5593 hic
3622 5537 3691 5592 de

2070 5610 2124 5667 S.
2141 5608 2468 5665 Theodardo
2498 5616 2843 5665 asseruntur.

2334 4469 2439 4524 Seu
2464 4467 2721 4524 Clodevei
2748 4469 2788 4524 Ι.
