3960 6198
193 317 303 374 749

1521 311 1666 366 νιΤΑ
1710 311 1765 366 S.
1806 311 2207 374 THEODARDI.

3427 338 3530 395 750

194 452 333 507 lium
374 447 667 522 Dagoberti
701 444 872 520 (978),
928 451 1052 519 post
1094 451 1307 517 patrem
1359 439 1670 496 Lotharium
1731 454 1818 495 re-
1839 444 2063 515 Acitur
2126 449 2602 506 Malmundarium.
2673 454 2781 522 Hi,
2840 463 3243 520 communicato
3298 468 3528 525 οοηείιίο

193 544 448 621 gnantis:
479 550 534 599 et
563 548 687 614 post
714 539 913 594 famam
944 536 1148 591 veritas
1180 534 1278 605 |rei
1308 533 1377 588 ad
1408 533 1650 586 animum
1676 546 1819 602 quo-

196 656 308 711 que
339 639 489 713 regis
518 637 672 693 illum
700 632 1045 691 admittebat.
1087 630 1318 700 Jamque
1369 629 1527 693 Deus,
1582 625 1676 696 qui
1720 640 1822 696 po-

199 737 326 784 tens
354 735 493 794 erat,
529 733 585 783 ut
632 727 690 780 in
720 738 878 780 servo
918 735 1020 775 suo
1066 717 1393 772 Theodardo
1438 730 1657 770 omnem
1703 729 1821 787 gra-

199 823 330 878 tiam
389 820 672 877 abundare
725 817 950 880 faceret,
1004 811 1230 883 parabat
1286 824 1527 874 causam,
1570 816 1630 861 ut
1674 806 1822 862 inter

197 918 359 974 multi
385 916 630 973 nominis
659 914 807 969 viros
834 912 983 966 hunc
1013 922 1233 979 quoque
1263 905 1436 959 multo
1467 901 1691 958 nomine
1731 901 1818 955 di-

196 1028 369 1086 gnum
392 1010 613 1066 faceret.
645 1006 928 1078 Siquidem
973 1001 1075 1056 sub
1108 998 1415 1074 Dagoberto
1455 1010 1553 1066 pro
1585 992 1816 1048 feliciori

201 1084 471 1172 temporis
524 1099 673 1153 illius
728 1109 988 1151 successu
1034 1090 1207 1145 multo
1248 1086 1433 1158 plures
1477 1084 1819 1139 accendebat

200 1195 381 1271 gratia
410 1192 645 1264 Spiritus
692 1188 892 1255 sancti,
926 1192 985 1240 ut
1018 1199 1113 1255 pro
1163 1178 1441 1235 lucrandis
1469 1177 1581 1231 Deo
1616 1176 1822 1231 anima-

203 1268 311 1342 bus
341 1301 566 1357 operam
586 1284 783 1338 darent
804 1281 862 1334 in
885 1273 1187 1332 fundandis
1216 1269 1584 1327 monasteriis.
1612 1268 1823 1321 Primus

203 1383 404 1437 horum
459 1377 694 1435 occurrit
724 1374 888 1432 nobis
920 1370 1276 1434 Landelinus,
1335 1365 1429 1437 qui
1454 1381 1519 1420 ex
1559 1364 1822 1435 praedone

204 1474 261 1527 in
294 1484 606 1542 praeconem
633 1466 762 1521 fidei
792 1465 1075 1528 alteratus,
1107 1459 1376 1515 Lobiense
1397 1455 1707 1511 coenobium
1744 1452 1826 1508 fe-

206 1566 282 1619 cit
312 1578 436 1617 esse
476 1560 896 1616 fundamentum
955 1569 1068 1609 suae
1114 1548 1444 1606 devotionis.
1487 1544 1826 1619 Aldegundis

208 1656 508 1710 thalamum
561 1667 677 1707 suae
727 1645 1059 1723 virginitatis
1110 1656 1317 1714 sponso
1362 1654 1462 1694 suo
1504 1637 1714 1694 Christo
1768 1636 1826 1689 in

1920 562 2041 602 cum
2088 549 2342 607 Remaclo
2374 553 2775 627 Tungrensium
2830 561 3093 632 episc0po
3154 572 3208 619 et
3267 566 3531 623 Cuniber-

1919 645 1972 693 to
2001 640 2141 709 (981)
2189 641 2501 699 Coloniensi
2548 647 2833 719 episcopo,
2884 652 2952 705 ad
2993 669 3226 724 quorum
3258 659 3531 714 dioeceses

1918 728 2039 783 loca
2098 730 2191 786 illa
2246 735 2657 803 appendebant,
2707 738 2915 794 nullum
2983 745 3158 817 magis
3207 746 3531 805 Tlieodardo

1921 819 2180 877 idoneum
2213 823 2566 893 invenerunt,
2600 844 2762 898 quem
2786 830 2921 885 locis
2945 831 3051 887 illis
3079 836 3446 904 prrelicerent,
3476 850 3534 894 ut

1918 922 2322 984 superponeret
2348 916 2630 987 spirituale
2655 921 3079 987 fundamentum
3106 929 3165 980 in
3189 944 3398 984 summa
3428 946 3535 984 an-

1917 1003 2100 1071 gulari
2127 1004 2300 1072 lapide
2328 1007 2529 1060 Christo
2549 1011 2674 1061 Jesu
2707 1010 2908 1078 (Ephes.
2934 1029 2991 1079 η,
3025 1013 3131 1079 10).

1989 1094 2043 1159 5,
2085 1095 2443 1151 Theodardus
2468 1114 2598 1154 vero
2616 1100 2797 1155 sciens
2827 1105 2973 1173 quod
3012 1121 3176 1173 onus,
3207 1123 3318 1163 non
3336 1109 3533 1177 honor,

1923 1193 2228 1257 imponitur
2247 1206 2485 1260 praeesse
2514 1193 2808 1258 nescienti,
2833 1198 3076 1253 malebat
3106 1216 3227 1254 esse
3254 1219 3414 1272 quam
3440 1219 3541 1259 vo-

1923 1279 2033 1333 cari
2074 1280 2266 1345 abbas,
2301 1289 2378 1349 ut,
2422 1284 2606 1339 omnia
2637 1287 2898 1342 omnibus
2928 1290 3119 1357 lactus,
3154 1307 3348 1348 omnes
3371 1295 3539 1350 lucri-

1926 1369 2151 1426 faceret.
2186 1373 2467 1430 Postremo
2502 1378 2660 1431 talem
2706 1395 2766 1433 se
2794 1381 3061 1449 exhibuit,
3098 1392 3157 1438 ut
3197 1401 3225 1437 a
3274 1402 3445 1459 regno
3488 1394 3542 1441 et

1927 1461 1995 1515 ab
2013 1462 2245 1516 ecclesia
2270 1466 2465 1521 merito
2496 1466 2771 1522 diceretur
2798 1469 2885 1523 ei:
2935 1470 3104 1542 Major
3146 1480 3227 1527 est
3269 1476 3541 1544 sapientia

1928 1558 2021 1607 tua
2052 1561 2107 1608 et
2145 1555 2352 1625 majora
2396 1571 2565 1627 opera
2596 1566 2709 1626 tua,
2757 1577 2919 1631 quam
2958 1579 3147 1619 rumor
3175 1582 3339 1637 quam
3381 1567 3449 1620 de
3489 1574 3539 1622 te

1929 1643 2257 1699 audivimus.
2302 1646 2591 1703 Remaclus
2623 1665 2721 1720 pro
2754 1653 3025 1722 regimine
3056 1656 3389 1728 Tungrensis
3419 1660 3540 1729 epi-

209 1745 577 1803 Malbodiensi
625 1736 1132 1837 coenobio-locavit.
1153 1736 1334 1837 "Soror
1373 1731 1492 1830 ejus
1520 1728 1827 1837 Waldetru-
1859 1769 1908 1837 B
1931 1743 2189 1806 scopatus
2216 1745 2444 1807 paterna
2470 1741 2694 1810 quidem
2720 1743 3416 1815 sollicitudinelaborabat,
3442 1728 3541 1805 sed

209 1838 297 1893 dis
325 1835 728 1911 sexagesimum
762 1827 1119 1886 continentiae
1151 1824 1383 1879 fructum
1407 1821 1463 1874 in
1495 1821 1827 1914 monasterio
1860 1821 1908 1837 ν
1930 1832 2037 1886 hoc
2057 1848 2182 1886 eum
2204 1832 2347 1887 male
2368 1834 2627 1905 habebat,
2651 1838 2800 1907 quod
2825 1840 2970 1895 male
3000 1841 3109 1895 sibi
3138 1845 3540 1914 responderem

208 1907 595 1981 Castrilocvensi
644 1918 958 1976 seminavit.
1010 1914 1173 1985 Cujus
1208 1927 1445 1983 sponsus
1507 1907 1830 1963 Vincentius

211 2023 554 2093 triumphato
605 2016 851 2078 mundo,
913 2013 1171 2068 vexillum
1226 2010 1335 2063 Deo
1384 2008 1439 2061 in
1496 2003 1828 2060 Alta-Monte

207 2112 406 2168 erexit.
454 2107 660 2180 Ecquid
700 2121 829 2161 vero
867 2119 1009 2175 Opus
1033 2108 1114 2157 est
1148 2098 1450 2172 praedicare
1482 2095 1825 2151 nobilitatem

209 2196 495 2252 Gertrudis
543 2192 888 2255 Nivellensis,
924 2191 1081 2259 cujus
1120 2187 1362 2243 nominis
1390 2184 1565 2259 gloria
1604 2190 1687 2239 est
1723 2181 1827 2237 dif-

206 2283 403 2352 fusior,
444 2299 609 2354 quam
641 2290 751 2337 tota
782 2280 954 2335 Gallia
974 2278 1002 2332 ?
1033 2278 1123 2332 llis
1153 2275 1458 2332 cultoribus
1488 2272 1616 2328 ﬁdei
1638 2271 1827 2327 Domi-

202 2395 334 2434 num
370 2378 567 2433 messis
594 2375 939 2451 rogantibus,
963 2382 1024 2429 ut
1062 2373 1119 2427 in
1149 2371 1371 2426 multam
1416 2384 1650 2424 messem
1683 2366 1828 2421 mul-

204 2478 291 2525 tos
330 2469 613 2541 operarios
643 2468 904 2532 mitteret,
940 2464 1266 2540 peregrinos
1299 2461 1584 2532 operarios
1632 2459 1829 2514 direxit

201 2577 234 2614 a
291 2557 674 2614 transmarinis
733 2556 980 2627 partibus
1047 2553 1392 2617 Bertuinum,
1463 2550 1711 2605 Ettonem
1774 2556 1829 2603 et

205 2654 368 2722 alios,
396 2652 699 2707 Foillanum
740 2667 863 2706 cum
907 2648 1169 2704 fratribus
1193 2647 1309 2702 suis
1350 2646 1571 2700 Ultrano
1602 2655 1656 2698 et
1687 2642 1826 2698 Fur-

206 2758 327 2810 seo,
360 2758 426 2797 ex
473 2741 674 2813 quibus
704 2739 978 2796 Foillanus
1032 2738 1294 2793 Fossense
1334 2734 1648 2791 ccenobium
1676 2735 1830 2805 fiun-

209 2838 366 2894 davit
396 2846 450 2892 et
481 2836 742 2907 martyrio
765 2851 864 2890 suo
892 2833 1123 2889 sacravit
1160 2831 1329 2903 (9'79).

283 2928 339 2981 4.
388 2925 641 2980 Praevidit
667 2939 796 2980 vero
818 2924 1020 2979 divinae
1051 2918 1484 2992 dispensationis
1514 2918 1730 2984 oculus,
1760 2932 1830 2971 ne

216 3020 368 3074 inter
408 3025 484 3074 tot
514 3024 569 3072 et
590 3018 730 3072 tales
760 3017 908 3071 viros
934 3014 1135 3069 dilecto
1164 3029 1264 3068 suo
1315 3013 1352 3066 Τ
1361 3010 1640 3066 heodardo
1669 3009 1831 3064 dees-

207 3118 296 3164 set
325 3108 502 3174 locus,
534 3106 589 3160 in
621 3120 731 3177 quo
771 3112 825 3160 et
850 3104 989 3175 ipse,
1040 3108 1223 3157 erecto
1248 3100 1456 3156 fornice
1490 3099 1826 3170 triumphali,
1856 3144 1905 3213 Ο

245 3201 255 3211 .
304 3210 311 3213 .
393 3200 403 3209 .
660 3198 674 3213 ι
758 3197 801 3213 μ
934 3204 968 3213 κ.
1035 3193 1264 3213 At“..-
1390 3192 1640 3213 ιῃημη
1677 3198 1824 3213 μη,

205 3200 472 3258 victorias
489 3215 618 3254 suas
644 3197 996 3270 depingeret,
1027 3201 1082 3249 et
1096 3193 1274 3264 spolia
1294 3194 1363 3247 de
1390 3192 1644 3247 hostibus
1671 3198 1830 3262 capta

201 3288 475 3362 aftigeret.
511 3287 835 3361 Sigebertus
865 3290 990 3355 post
1020 3291 1232 3355 patrem
1266 3298 1427 3337 suum
1460 3281 1827 3353 Dagobertum

208 3397 454 3457 regnans
485 3380 541 3434 in
572 3378 812 3445 Austria,
840 3375 1142 3449 potentiam
1165 3374 1406 3449 regalem
1436 3372 1834 3429 lionorilicabat

203 3474 407 3531 aﬁ‘ectu
457 3473 659 3529 divinae
681 3470 992 3546 religionis,
1022 3479 1082 3525 ut
1107 3469 1368 3540 probaret
1400 3483 1509 3523 non
1536 3484 1659 3521 esse
1690 3467 1832 3522 otio-

201 3586 355 3635 sum,
386 3565 532 3638 quod
573 3565 715 3620 Deus
743 3564 813 3619 de
862 3578 929 3619 eo
960 3562 1294 3629 ostenderat,
1325 3560 1671 3614 miraculum.
1700 3559 1830 3612 Nam

210 3677 341 3716 cum
380 3664 606 3714 sanctus
637 3656 919 3711 Amandus
974 3654 1337 3710 catechizaret
1384 3669 1531 3717 eum,
1580 3652 1667 3706 vix
1705 3667 1834 3723 qua-

204 3749 464 3824 draginta
495 3747 617 3802 dies
646 3763 677 3801 a
704 3744 986 3801 nativitate
1018 3744 1333 3809 habentem,
1368 3741 1521 3795 ﬁnita
1559 3740 1831 3809 oratione,

208 3859 339 3899 cum
412 3854 576 3895 nemo
636 3836 1104 3894 circumstantium
1168 3834 1548 3905 responderet.
1640 3834 1832 3898 Amen,

205 3934 453 4007 aspcruit
474 3934 617 3988 Deus
641 3947 703 3987 os
733 3930 873 4002 ejus,
906 3935 981 3997 et,
1019 3928 1234 3984 cunctis
1264 3925 1642 3990 audientibus,
1684 3925 1828 3978 clara

204 4045 344 4087 voce
390 4026 700 4097 respondit:
762 4025 936 4079 Amen
994 4023 1168 4093 (980).
1212 4022 1307 4078 Hic
1344 4023 1513 4076 Deum
1559 4021 1830 4091 adeptans

207 4124 317 4181 sibi
354 4138 534 4179 rerum
588 4136 812 4176 suarum
874 4119 1175 4185 haeredem,
1207 4116 1500 4172 duodecim
1550 4115 1833 4172 constituit

208 4211 586 4277 monasteria;
625 4210 725 4265 sed
784 4210 839 4264 in
890 4207 1173 4263 fundendo
1220 4205 1533 4261 Stabulensi
1577 4204 1832 4261 emnobio

212 4304 502 4377 mpensius
532 4301 794 4366 instabat,
838 4304 1176 4371 cooperante
1219 4297 1327 4352 sibi
1382 4297 1589 4367 majore
1634 4297 1833 4352 domus

213 4394 532 4452 Grimoaldo
581 4394 637 4449 in
668 4391 996 4449 aediﬁcando
1028 4389 1363 4447 monasterio
1394 4390 1451 4444 in
1483 4390 1602 4445 loco
1633 4388 1725 4460 qui
1758 4388 1836 4443 di-

291 4564 455 4637 (978)
492 4564 619 4637 Post
671 4560 1069 4637 bothanumll
1098 4559 1378 4637 ωηο-628
1420 4567 1696 4637 mortuum
1745 4574 1834 4613 re-

254 4630 618 4715 navit'ipsius
667 4633 816 4715 filius
853 4633 1195 4715 D‘a'gobertus
1236 4631 1255 4685 Ι
1291 4630 1830 4715 ιιὲίιιιθὶειόηδῐὶηωη

212 4656 408 4764 gnava
446 4656 618 4716 lpSll_lS
667 4656 816 4689 Illlus
853 4656 1195 4715 ua'guuertus
1236 4656 1255 4685 1
1296 4656 1468 4702 usque
1506 4656 1572 4684 du
1629 4656 1830 4684 uuuulu

254 4709 348 4776 38,
398 4724 510 4779 quo
543 4712 792 4779 _lneunte
846 4704 983 4760 obnt
1055 4704 1278 4779 Mortem
1327 4700 1837 4779 Dagobert_i__Sige-

212 4772 496 4835 bertus'iu
530 4777 798 4832 Chronico
838 4791 1124 4846 perperam
1168 4774 1340 4847 illigat
1380 4772 1525 4827 anno
1550 4772 1674 4828 645.

289 4850 434 4921 (979)
477 4850 772 4921 Plerosque
810 4847 1177 4921 sanct_os_hoc
1234 4848 1838 4921 numero_mem_oAra_tos

219 4915 498 4977 dederunt
527 4915 765 4988 majores
798 4918 1000 4984 nostri;
1043 4918 1306 4972 Furseum
1356 4916 1438 4988 ad?
1462 4915 1705 4988 diem_16
1736 4915 1834 4988 Ja-_

216 4993 427 5054 nuarii,
462 4986 839 5057 Aldegundem
876 4989 946 5043 ad
1002 4989 1072 5042 3O
1101 4988 1372 5057 ejusdem.
1407 4986 1728 5041 Gertrudem
1770 4986 1839 5039 ad

222 5065 290 5121 17
336 5064 530 5129 Martii,
575 5057 983 5115 Waldelrudem
1024 5060 1090 5114 ad
1145 5061 1178 5113 9
1217 5058 1439 5129 Aprilis,
1483 5058 1736 5129 Ultanum
1756 5057 1839 5129 ad

224 5136 245 5188 1
297 5136 441 5189 Maii.
474 5128 838 5188 Landelinum
870 5131 938 5186 ad
968 5132 1037 5184 15
1072 5130 1241 5192 Junii,
1278 5130 1525 5184 Ettonem
1558 5128 1623 5181 ad
1653 5130 1713 5182 lO
1745 5128 1840 5182 Ju-

220 5206 304 5267 lii,
336 5205 582 5276 denique
629 5203 975 5276 Vincentium
1017 5202 1089 5276 ad
1127 5202 1196 5276 l4
1225 5200 1473 5276 ejusdem
1502 5198 1728 5276 mensis,
1767 5199 1840 5276 l_)e

222 5278 469 5332 Foillano
491 5270 705 5348 'agetur
730 5274 797 5329 ad
828 5276 891 5329 3t
942 5273 1215 5348 octobris,
1256 5270 1340 5348 de
1377 5271 1633 5348 Bertuino
1664 5270 1742 5348 ad_
1773 5270 1833 5323 H

220 5342 574 5404 Novembris:
614 5347 685 5399 lix
715 5343 1086 5417 monasteriis,
1116 5359 1240 5417 quae
1291 5343 1612 5417 §igebertus
1642 5342 1837 5417 eodem

223 5421 329 5476 hoc
361 5434 593 5473 numero
624 5417 728 5491 sub
768 5412 1384 5491 Dagobcrtolcondita
1416 5413 1584 5491 fuisse
1626 5412 1841 5491 scribit,

223 5491 435 5545 nullum
492 5496 597 5551 est,
639 5487 797 5554 cujus
836 5484 1140 5558 primordia
1192 5484 1542 5558 tutogercdas
1573 5484 1845 5558 anteriora

221 5578 345 5618 esse
379 5568 553 5615 morte
598 5558 759 5631 istius
804 5555 950 5631 regis
981 5572 1081 5610 seu
1125 5572 1269 5611 anno
1308 5556 1413 5631 638
1442 5555 1845 5631 ineunte:_imo

218 5632 338 5689 fere
391 5631 569 5686 ausim
631 5627 843 5699 dicere,
867 5626 969 5682 'tot
1004 5641 1224 5699 errores
1263 5626 1547 5699 comisisse
1587 5626 1845 5699 Sigeber-

222 5712 365 5770 tum,
396 5709 534 5774 quot
566 5700 656 5753 hic
680 5698 873 5753 asserit
898 5698 1232 5751 monasteria
1259 5699 1363 5752 sub
1393 5697 1540 5751 dicto
1572 5697 1699 5769 rege
1730 5697 1848 5751 fun-

225 5776 356 5829 data
386 5773 585 5828 fuisse.

1861 4471 1914 4539 D

1929 1933 2228 1993 proventus
2258 1925 2550 1981 fructuum.
2583 1928 2735 1983 Unde
2759 1940 3021 1999 pertaesus
3046 1931 3312 2001 laborum,
3350 1951 3540 1989 recur-

1927 2016 2084 2071 rebat
2121 2017 2308 2073 animo
2338 2018 2405 2073 ad
2439 2027 2655 2090 portum
2698 2022 2963 2079 solitaria:
2994 2025 3148 2091 vitae;
3181 2027 3329 2083 unde
3351 2045 3381 2082 a
3411 2044 3538 2103 rege

1927 2103 2235 2177 Dagoberto
2276 2106 2421 2177 (982)
2453 2116 2748 2178 extractus,
2782 2113 2963 2169 navim
2997 2114 3248 2170 Ecclesiae
3270 2133 3538 2188 suscepe-

1926 2200 2008 2248 rat
2035 2196 2351 2267 regendam.
2387 2197 2589 2270 Regem
2611 2199 2957 2272 Sigebertum
3008 2204 3141 2270 adit,
3173 2215 3227 2260 et
3278 2207 3533 2276 impossi-

1928 2282 2158 2337 bilitatis
2183 2300 2296 2338 sua:
2314 2301 2505 2340 causas
2527 2289 2901 2357 praetendens,
2923 2292 3242 2348 missionem
3257 2295 3362 2348 sibi
3395 2296 3536 2361 dari,

1929 2380 1984 2427 et
2005 2373 2251 2428 ecclesias
2280 2376 2545 2430 canonica
2574 2378 2898 2433 auctoritate
2957 2390 3231 2452 pastorem
3282 2384 3536 2439 substitui

1928 2465 2083 2535 petit.
2120 2466 2220 2521 Res
2260 2484 2289 2520 a
2320 2468 2521 2537 palatio
2573 2470 2639 2524 ad
2673 2471 2928 2526 Ecclesiae
2962 2474 3233 2541 judicium
3266 2476 3534 2533 defertur.

1931 2555 2168 2610 Ecclesia
2201 2556 2400 2625 palatio
2428 2559 2742 2615 assentitur.
2789 2561 3077 2616 Remaclus
3120 2579 3289 2618 onere
3313 2564 3533 2635 episco-

1930 2646 2069 2716 palis
2097 2646 2325 2701 sarcinae
2378 2649 2689 2719 expeditus,
2725 2658 2780 2706 et
2827 2652 2896 2706 de
2927 2652 3212 2727 naufragio
3253 2657 3445 2711 mundi
3476 2674 3533 2713 se

1929 2750 2181 2795 enatasse
2210 2740 2443 2807 laetatus,
2471 2751 2686 2813 portum
2719 2744 3059 2802 Stabulensis
3089 2750 3330 2805 coeuobii
3366 2768 3538 2822 expe-

1929 2831 2033 2898 tiit,
2066 2840 2119 2885 et
2149 2832 2601 2902 contemplationi
2644 2851 2867 2903 vacans,
2900 2836 3165 2895 habitavit
3194 2857 3402 2895 secum.
3465 2842 3539 2897 De

1931 2922 2191 2992 episcopo
2220 2923 2607 2980 subslituendo
2652 2925 2705 2979 in
2747 2942 3040 2983 commune
3096 2929 3236 2985 facta
3267 2931 3537 2986 delibera-

1933 3013 2102 3080 tione,
2147 3013 2216 3067 ad
2265 3013 2652 3070 Theodardum
2704 3018 3021 3084 recurritur,
3079 3027 3135 3075 et
3167 3036 3232 3074 ex
3280 3021 3541 3076 omnibus

1932 3104 2083 3158 solus
2123 3102 2326 3173 placet,
2381 3104 2475 3175 qui
2528 3105 2695 3178 digne
2752 3108 3011 3163 omnibus
3040 3125 3276 3179 praeesse
3316 3111 3539 3166 debeat.

1932 3196 2067 3261 Quia
2100 3195 2269 3263 enim,
2307 3197 2615 3252 secundum
2650 3199 2993 3270 Apostolum,
3027 3200 3171 3256 bene
3203 3202 3543 3258 ministrave-

1933 3294 2035 3354 rat,
2067 3289 2268 3342 bonum
2298 3288 2529 3362 gradum
2583 3289 2687 3344 sibi
2749 3291 3081 3363 acquisierat
3111 3293 3256 3364 (983)
3307 3300 3348 3359 (Ι
3406 3299 3537 3349 Tim.

1932 3382 2150 3449 111,181.
2210 3382 2326 3436 Pari
2357 3398 2488 3456 ergo
2543 3400 2817 3440 consensu
2866 3386 3118 3443 Ecclesia:
3169 3393 3223 3442 et
3262 3389 3449 3459 palatii
3492 3395 3545 3443 et

1931 3470 2180 3525 unanimi
2240 3472 2505 3541 applausu
2539 3472 2670 3527 cleri
2710 3480 2764 3527 et
2804 3474 2990 3544 populi
3022 3474 3381 3530 Theodardus
3428 3475 3546 3530 ele-

1933 3566 2075 3626 ctus,
2107 3566 2161 3613 et
2190 3575 2219 3612 a
2255 3557 2551 3614 Cuniberto
2590 3561 2852 3631 episcOpo
2886 3562 2939 3615 in
2998 3562 3321 3634 episCOpum
3353 3579 3547 3620 conse-

1933 3660 2133 3719 cratus,
2164 3653 2425 3723 praesedit
2442 3654 3037 3722 EcelesizeTrajectensi
3061 3658 3358 3714 vicesimus
3386 3668 3534 3716 octa-

1934 3759 2033 3798 vus
2063 3759 2093 3797 a
2123 3742 2367 3797 Materno
2399 3744 2537 3812 (934)
2583 3745 2759 3814 primo
2798 3746 3203 3818 Tungrensium
3250 3750 3539 3822 episcOpo.

2005 3839 2056 3895 6.
2089 3838 2187 3903 Qui
2221 3838 2484 3909 quoniam
2512 3838 2654 3894 sicut
2698 3840 2767 3895 de
2798 3840 2997 3896 virtute
3029 3842 3086 3896 in
3111 3843 3366 3898 virtutem
3409 3846 3544 3914 ibat,

1928 3931 2003 3986 ita
2042 3930 2111 3985 de
2141 3931 2351 3985 honore
2381 3931 2449 3985 ad
2478 3932 2743 3987 honorem
2790 3940 3075 4004 promotus
3102 3941 3236 4000 erat,
3284 3952 3381 4007 pro
3421 3955 3551 4009 spe-

1932 4020 2056 4076 culo
2107 4019 2433 4092 prreferebat
2482 4021 2537 4075 in
2570 4021 2754 4077 animo
2786 4037 2885 4077 suo
2940 4022 3167 4078 Paulum
3207 4026 3544 4096 apostolum,

1934 4116 2028 4187 qui
2066 4115 2247 4187 qualis
2275 4115 2471 4171 debeat
2510 4132 2632 4172 esse
2682 4119 3001 4189 episcopus,
3041 4118 3162 4174 viva
3192 4119 3371 4175 adhuc
3408 4138 3545 4178 voce

1933 4206 2230 4277 eloquitur.
2267 4205 2376 4261 Hoc
2416 4206 2753 4281 magisterio,
2801 4208 2932 4280 quia
2956 4224 3014 4263 se
3045 4209 3302 4264 omnibus
3330 4210 3553 4266 confor-

1935 4296 2138 4361 mabat,
2162 4295 2408 4350 omnium
2436 4295 2661 4352 affectus
2685 4298 2739 4352 in
2766 4313 2823 4353 se
2856 4299 3221 4354 transferebat
3244 4317 3256 4353 :
3281 4310 3552 4371 etquam-

1934 4386 2018 4442 vis
2055 4400 2247 4441 omnes
2301 4384 2478 4459 gloria
2523 4387 2777 4455 anteiret,
2820 4388 3080 4444 omnibus
3129 4396 3312 4445 tamen
3353 4391 3550 4445 charus

1966 4553 2149 4638 "(989)
2182 4554 2252 4635 De
2373 4556 2617 4638 {\mando
2636 4556 2949 4638 actum‘fuit
2977 4558 3212 4638 addiem
3308 4559 3553 4638 Februa-

1936 4627 2036 4708 rii,
2056 4626 2151 4708 ubi
2202 4626 2259 4679 in
2292 4626 2465 4708 ipsius
2487 4628 2663 4708 Vitaa
2694 4628 3391 4708 Eandemundodiscipulo
3419 4648 3552 4687 con-

1934 4700 2137 4769 scripta
2164 4712 2264 4768 cap
2318 4700 2352 4751 4
2383 4714 2531 4753 num.
2595 4700 2661 4754 17
2703 4700 2848 4754 idem
2884 4702 3206 4757 miraculum
3262 4700 3546 4769 refertur;

1935 4770 2084 4895 quod
2142 4769 2475 4857 Sigebertus'
2518 4770 2933 4852 Gemblacensis
3004 4774 3167 4855 etiam
3248 4784 3433 4855 narrat
3495 4776 3551 4829 in

1982 4849 2055 4895 tta
2095 4840 2150 4895 S.
2208 4841 2477 4895 btgcbertt
2504 4858 2647 4895 rems
2677 4842 2744 4895 ad
2797 4842 2818 4895 1
2860 4842 3139 4895 Februarii
3170 4845 3319 4895 edita
3367 4862 3487 4895 ean-
3517 4848 3551 4895 2

1982 4842 2055 4896 ita
2095 4840 2170 4916 δέ-
2207 4840 2477 4916 Sigeberti
2504 4842 2744 4916 re_gis_ad
2797 4842 2827 4916 i
2860 4842 3139 4916 Februarii
3170 4845 3319 4901 edita
3367 4862 3487 4916 cap.
3517 4848 3553 4901 2

1939 4928 2090 4967 num.
2139 4912 2193 4974 ὅ,
2242 4912 2323 4967 υῖὶ
2354 4913 2516 4967 etiam
2552 4912 2605 4968 in
2635 4912 2902 4968 Chronico
2934 4915 3002 4969 ad
3042 4932 3244 4971 annum
3269 4918 3405 4982 633;
3437 4912 3553 4973 sed

1939 4983 2093 5058 illud;
2115 4984 2358 5058 triennio
2388 4985 2554 5058 citius
2575 4984 2871 5058 contigisse
2889 4987 3187 5041 tenendum
3232 4996 3332 5043 est.

2011 5054 2574 5129 (_981)lli_artyrologio
2631 5054 3233 5129 Romanolinscribitur
3283 5059 3349 5114 ad
3406 5059 3554 5115 diem

1941 5126 2362 5182 HNovembris.

2014 5197 2156 5273 (989.)
2213 5199 2270 5251 In
2319 5214 2419 5253 suo
2459 5205 2671 5273 tamen_
2694 5197 3316 5273 ChronicoSigebertus
3355 5202 3409 5257 S.
3446 5195 3558 5273 lle—

1942 5269 2175 5351 maclum
2222 5277 2346 5338 post
2378 5277 2606 5351 mortem
2650 5269 3369 5351 Diagoberti‘lepiscomm
3404 5272 3558 5351 ,Τυδ-

1939 5342 2243 5407 jectensem
2282 5356 2425 5395 anno
2456 5342 2562 5397 646
2600 5342 2914 5396 ordinatum
2950 5342 3119 5397 fuisse
3163 5342 3376 5400 scribit.
3404 5343 3569 5400 Utro-

1946 5410 2390 5491 bique‘aherral;
2450 5429 2574 5491 nam
2593 5423 2839 5491 _sanctus
2893 5413 2987 5469 ille
3031 5418 3228 5484 praesul
3261 5433 3370 5472 non
3414 5417 3565 5488 prius

1949 5484 2000 5555 in
2036 5483 2295 5536 cathedra
2323 5483 2555 5555 Tungris
2593 5483 2900 5552 Trajectum
2932 5483 3193 5542 translata
3232 5483 3430 5542 sedere
3461 5502 3569 5542 cu:-

1950 5554 2044 5625 pit,
2080 5570 2242 5622 quam
2284 5570 2429 5607 anno
2457 5554 2564 5608 630
2593 5556 2676 5607 vel
2719 5563 3007 5625 sequente.

2018 5624 2163 5694 (983)
2197 5625 2250 5676 ln
2304 5641 2403 5678 ms.
2438 5625 2638 5678 nubere
2686 5624 2850 5679 Vallis
2905 5628 3023 5681 inec
3053 5630 3364 5682 adduntur:
3401 5633 3455 5679 et
3512 5625 3566 5676 in

1951 5710 2122 5765 pauca
2163 5694 2360 5761 fidelis,
2393 5695 2593 5767 dignus
2617 5703 2731 5767 erat
2761 5712 2928 5766 super
2958 5700 3129 5752 multa
3153 5696 3429 5753 constitui.

2021 5766 2168 5834 (98l)
2199 5766 2269 5821 De
2307 5782 2373 5822 eo
2405 5775 2600 5839 agetur
2625 5766 2690 5819 ad
2722 5767 2785 5820 14
2817 5767 3175 5837 Septembris.
