3960 6198
403 305 498 357 7ὕ1

1615 298 1956 352 διαιςιιιῖιίτι
2000 297 2502 351 ΟΕΜΙΒῐιεῒιζΙΞΝδιὸ,

3630 301 3736 356 ’752

398 435 534 486 erat.
585 431 772 482 Potens
809 433 926 480 erat
973 426 1251 479 exhortari
1301 427 1360 478 in
1400 423 1644 478 doctrina
1683 431 1734 478 et
1785 431 2008 478 contra-
2043 429 2086 494 Α
2115 431 2301 478 ctuum
2357 429 2655 494 proventus
2710 421 3021 478 alleviabat.
3075 423 3206 478 Cum
3259 438 3390 498 ergo
3429 423 3608 480 multa
3647 441 3749 494 per

399 521 646 576 dicentes
693 517 1026 590 redarguere
1084 516 1201 586 (Tit.
1246 513 1393 584 1.9);
1464 516 1594 586 quia
1645 517 1793 586 quod
1856 515 2016 569 doce-

399 609 493 662 bat
527 606 714 671 verbo,
747 603 1076 659 ostendebat
1107 601 1382 672 exemplo.
1443 602 1722 672 Praecepto
1768 603 1912 656 enim
1963 607 2016 655 et

398 697 653 768 exemplo
680 695 894 750 Domini
926 694 1076 754 Jesu.
1107 695 1235 765 quia
1269 695 1441 762 major
1463 700 1578 747 erat
1599 693 1866 758 omnium,
1901 702 2016 748 erat

398 792 643 848 omnium
697 807 886 847 servus
933 799 987 845 et
1019 791 1300 845 minister:
1368 800 1495 844 ante
1554 791 1738 846 omnia
1795 791 2017 844 indutus

398 889 746 937 armaturam
784 884 894 948 Dei,
921 881 1238 935 succinctus
1265 881 1470 935 lumbos
1509 897 1642 934 suos
1673 883 1732 934 in
1769 883 2014 944 veritate,

401 970 629 1043 indutus
655 973 878 1026 loricam
896 972 1146 1040 justitim,
1195 969 1468 1023 calceatus
1505 971 1658 1038 pedes
1711 973 1771 1024 in
1810 986 2018 1040 praepa-

397 1061 610 1115 ratione
631 1059 906 1126 Evangelii
932 1061 1116 1128 pacis;
1167 1057 1322 1129 galea
1373 1061 1566 1112 salutis
1597 1065 1651 1112 et
1685 1066 1840 1113 scuto
1889 1057 2017 1111 fidei

401 1158 456 1206 et
507 1149 692 1224 gladio
728 1153 970 1218 spiritus,
1036 1151 1174 1219 quod
1223 1157 1299 1204 est
1347 1151 1570 1205 verbum
1609 1154 1718 1217 Dei,
1779 1150 2020 1204 munitus

402 1243 814 1300 confortabatur
864 1247 924 1298 in
951 1247 1173 1298 Domino
1201 1250 1253 1298 et
1300 1247 1360 1298 in
1391 1247 1635 1314 potentia
1664 1247 1860 1299 virtuti
1881 1247 2017 1312 ejus,

402 1341 462 1388 ut
481 1340 664 1404 posset
690 1339 834 1388 stare
859 1335 1110 1388 adversus
1136 1335 1361 1388 insidias
1407 1335 1626 1392 diaboli.
1655 1343 1707 1386 et
1739 1333 2020 1388 debellare

400 1427 712 1498 spirituatia
768 1429 1022 1494 nequitiae
1067 1429 1126 1480 in
1174 1427 1468 1480 cce-testibus
1516 1427 1723 1497 (Ephes.
1784 1443 1855 1491 γι,
1907 1425 2015 1496 10).

404 1517 573 1584 Quem
607 1518 838 1591 urgebat
866 1518 1130 1572 instantia
1163 1534 1262 1573 sua
1309 1518 1653 1590 quotidiana,
1707 1518 2020 1573 sollicitudo

402 1621 611 1675 scilicet
639 1620 888 1676 omnium
920 1619 1279 1675 ecclesiarum
1326 1619 1466 1673 nihil
1498 1619 1716 1673 remissi
1771 1618 2022 1689 patieba-

407 1717 516 1780 tur,
547 1712 757 1766 nullum
789 1711 970 1766 locum
1003 1710 1169 1765 dabat
1199 1711 1450 1776 desidias,
1483 1711 1580 1764 sed
1615 1717 1774 1765 nocte
1823 1727 1886 1765 ac
1935 1711 2024 1766 die

403 1803 637 1858 salutem
688 1820 844 1857 suam
902 1803 1237 1875 Operabatur
1310 1802 1612 1856 Atlendens
1659 1802 1822 1856 etiam
1876 1803 2023 1872 quod

404 1893 550 1948 Deus
597 1911 698 1965 per
727 1895 1070 1963 Ezechielem
1103 1894 1425 1966 prephetam
1455 1894 1822 1948 comminatur
1852 1902 2032 1964 pasto-

411 1987 585 2053 ribus,
615 1991 710 2057 qui
727 1991 1028 2057 semetipsos
1057 1994 1109 2042 et
1132 2003 1238 2042 non
1256 2003 1434 2056 regem
1453 1990 1542 2042 Dei
1566 1993 1802 2057 pascunt
1818 1986 2024 2054 (Ezech.

407 2094 586 2144 xxxw,
617 2079 701 2146 2);
737 2079 1002 2150 pascebat
1055 2095 1282 2153 gregem
1333 2078 1427 2133 Dei
1479 2079 1780 2133 secundum
1833 2079 2025 2142 Deum,

407 2185 518 2225 non
549 2170 724 2241 turpis
749 2170 886 2226 lucri
919 2171 1114 2246 gratia,
1170 2170 1268 2226 sed
1309 2171 1651 2226 voluntarie:
1696 2186 1803 2226 non
1846 2169 2026 2225 domi-

406 2275 544 2314 nans
583 2260 636 2314 in
695 2261 844 2315 clero
884 2261 980 2314 sed
1015 2259 1188 2315 forma
1245 2260 1420 2314 factus
1476 2260 1661 2334 gregis
1709 2277 1774 2314 ex
1837 2259 2022 2315 animo

405 2352 454 2422 (Ι
481 2358 620 2408 Petr.
643 2353 730 2422 v):
770 2359 824 2407 tu
856 2369 980 2408 cum
1035 2352 1248 2408 veniret
1296 2368 1553 2422 pl'lﬂCCpS
1586 2359 1859 2422 pastorum
1897 2367 2021 2422 per-

403 2443 616 2515 ciperet
645 2443 1166 2499 immarccscibilem
1198 2442 1389 2516 gloriae
1417 2459 1695 2498 coronam.

1043 2553 1250 2609 CAPUT
1289 2553 1355 2608 ll.

400 2649 628 2704 Instruit
645 2650 699 2704 S.
733 2647 1115 2715 Lambertum;
1170 2662 1268 2716 pro
1291 2647 1605 2715 recipiendis
1651 2646 1808 2700 rebus
1859 2648 2021 2701 eccle-

467 2723 697 2776 siasticis
724 2735 901 2790 regem
934 2721 1086 2784 adit;
1131 2719 1199 2773 ab
1237 2721 1438 2787 iniquis
1487 2734 1680 2773 caram
1717 2721 2018 2787 possessori-

471 2792 565 2847 bus
589 2795 853 2861 martyrio
893 2793 1044 2859 afﬁci
1055 2796 1164 2844 tur.

467 2903 524 2957 7.
551 2901 870 2956 Lambertus
897 2901 1057 2957 bonae
1084 2899 1288 2955 indolis
1306 2901 1410 2956 hoc
1446 2907 1694 2970 tempore
1717 2899 1771 2954 in
1804 2900 2004 2956 bonam

395 3006 552 3061 spem
578 2989 947 3057 adolescebat,
973 3005 1134 3061 quem
1155 2996 1311 3060 pater
1341 2989 1462 3058 ejus
1484 2988 1568 3042 vir
1594 2988 2006 3044 illustrissimus

395 3081 540 3151 Aper
577 3079 929 3135 commiserat
955 3079 1071 3134 viro
1098 3078 1190 3132 Dei
1233 3078 1548 3134 Landoaldo
1581 3079 1759 3149 (985),
1810 3081 2010 3133 Aman-

393 3167 448 3222 di
489 3168 738 3240 episcopi
771 3167 1271 3238 archipresbytero,
1315 3173 1374 3221 ut
1411 3167 1532 3233 ejus
1569 3167 1812 3240 pueriles
1837 3183 2012 3224 annos

393 3255 686 3326 disciplina
715 3255 953 3327 regulari
978 3263 1033 3310 et
1061 3254 1317 3310 doctrina
1343 3255 1555 3309 liberali
1587 3255 1862 3310 imbueret
1911 3259 2012 3311 Pa-

391 3355 475 3403 ter
511 3347 760 3422 gaudens
784 3346 956 3401 tilium
1009 3346 1339 3401 rudimentis
1370 3346 1652 3419 utriusque
1701 3349 1948 3406 scicntia:
1979 3367 2010 3406 a

392 3441 710 3497 Landoaldo
737 3441 804 3495 ad
860 3449 1045 3496 votum
1087 3457 1243 3496 suum
1293 3457 1413 3496 esse
1447 3441 1740 3509 initiatum,
1779 3447 2009 3500 commi-

388 3534 602 3590 siteum
634 3534 798 3589 etiam
829 3533 1136 3590 Theodardi
1168 3534 1509 3610 magisterio,
1545 3542 1608 3591 ut
1637 3553 1746 3608 quo
1773 3539 2010 3610 amplius

389 3625 458 3680 de
490 3625 788 3680 multorum
824 3625 1065 3681 hauriret
1104 3626 1356 3690 scientia,
1388 3642 1454 3681 co
1482 3629 1736 3698 ampliori
1777 3630 2010 3701 prolice-

386 3721 468 3770 ret
496 3713 689 3788 gratia.
726 3711 970 3780 Qualiter
994 3725 1278 3788 argentum
1313 3718 1657 3785 melioratur,
1687 3721 1910 3792 quando
1939 3723 2008 3776 ab

385 3803 609 3860 auriﬁce
639 3805 953 3874 deauratur,
1014 3807 1198 3862 taliter
1239 3809 1561 3863 Lambertus
1616 3811 1879 3866 naturalis
1910 3813 2003 3866 in-

384 3894 534 3969 genii
589 3902 816 3969 argento
870 3895 1260 3966 resplendens,
1300 3897 1428 3950 dum
1471 3912 1535 3951 ex
1590 3898 1778 3953 addito
1829 3899 2002 3954 Theo-

385 3981 539 4036 dardi
592 3981 912 4056 magisterio
944 3983 1288 4050 melioratur,
1321 3985 1478 4056 quasi
1535 4002 1604 4040 ex
1655 3988 2004 4058 superposita

384 4072 502 4127 auri
532 4073 763 4129 materia
787 4074 1026 4145 amplius
1065 4075 1376 4131 decoratur.
1423 4075 1777 4132 Theodardus
1805 4077 1858 4131 in
1907 4095 1998 4134 se-

385 4163 508 4236 ipso
539 4172 818 4235 expertus,
842 4170 1100 4236 quoniam
1137 4169 1480 4236 diligentibus
1504 4174 1670 4224 Deum
1702 4173 1885 4225 omnia
1914 4187 2000 4226 co-
2029 4225 2040 4243 ,

383 4261 682 4325 operantur
710 4273 770 4310 τη
795 4257 996 4311 bonum
1021 4256 1188 4328 (Rom.
1222 4273 1338 4324 vnt,
1365 4257 1480 4328 28},
1510 4259 1784 4331 gaudebat
1815 4261 2000 4315 omnia

383 4361 644 4417 prospere
676 4345 781 4400 sibi
833 4346 1056 4412 cedere,
1089 4353 1144 4400 et
1172 4345 1418 4402 laborem
1450 4363 1610 4402 suum
1663 4348 1843 4404 bonus
1880 4349 1999 4406 fru-

2121 511 2211 566 Dei
2243 511 2474 586 gratiam
2515 518 2571 566 et
2627 527 2783 565 suam
2829 510 3154 565 industriam
3215 518 3584 578 restauraret;
3629 513 3750 566 haec

2119 615 2246 653 cura
2273 615 2398 652 eum
2432 599 2781 654 remordebat
2821 599 3020 659 acrius,
3057 598 3206 670 quod
3248 599 3538 669 passiones
3569 601 3748 656 eccle-

2119 695 2213 750 sim
2243 711 2354 750 suto
2385 713 2414 748 a
2459 694 2779 749 domesticis
2810 695 3060 749 hostibus
3091 703 3144 750 et
3197 695 3404 766 iniquis
3432 695 3756 767 raptoribus

2119 783 2364 854 direptas
2404 791 2650 850 noverat,
2683 791 2736 837 et
2765 783 2936 838 multo
2962 783 3076 852 jam
3114 790 3366 854 tempore
3397 785 3466 839 ab
3499 785 3756 840 ecclesiae

2119 877 2386 931 alienatas
2407 877 2530 946 jure
2560 877 2614 930 in
2636 877 2728 944 jus
2751 875 3070 947 iniquorum
3105 875 3364 932 cessisse.

2187 970 2241 1022 2.
2285 968 2395 1022 lloc
2442 969 2708 1022 accidisse
2760 968 2984 1023 dolebat
3037 985 3100 1024 ex
3160 978 3291 1024 nota
3334 979 3654 1042 temporum
3697 979 3755 1025 et

2121 1061 2386 1129 majorum
2412 1076 2635 1114 suorum
2677 1059 3047 1133 negligentia:
3091 1077 3170 1122 ,ex
3204 1069 3334 1116 nota
3399 1069 3756 1133 temporum,

2121 1151 2250 1220 quia
2277 1151 2541 1204 securitas
2581 1165 2645 1203 ex
2669 1153 2832 1224 longo
2856 1149 3009 1220 pacis
3041 1149 3156 1204 otio
3183 1156 3463 1205 contracta
3499 1151 3711 1206 multos
3730 1167 3759 1204 a

2120 1251 2373 1316 respectu
2419 1243 2590 1299 divini
2645 1243 2860 1298 timoris
2898 1250 3190 1310 averterat,
3235 1254 3290 1298 et
3329 1260 3392 1298 ex
3455 1260 3641 1299 rerum
3674 1243 3760 1298 af-

2123 1341 2352 1394 ﬂuentia
2383 1341 2678 1410 irrepserat
2709 1339 2980 1394 bonorum
3024 1354 3240 1394 morum
3293 1339 3664 1414 negligentia,
3707 1346 3760 1392 rt

2123 1436 2466 1491 cessantibus
2505 1434 2749 1489 externis
2783 1433 2966 1499 bellis,
3015 1433 3299 1507 intestinis
3328 1433 3496 1488 bellis
3535 1433 3760 1490 animo-

2123 1545 2242 1582 rum
2276 1526 2749 1597 periclitabantur.
2794 1527 2927 1580 lnde
2970 1525 3170 1596 passim
3228 1531 3419 1580 contra
3448 1525 3757 1580 Ecclesiam

2125 1617 2214 1672 Dei
2248 1617 2569 1672 dominante
2601 1614 2895 1682 injustitia,
2927 1630 3051 1686 quin
3081 1629 3302 1684 semper
3325 1613 3536 1684 primos
3568 1613 3752 1683 impe—

2127 1718 2214 1768 tus
2239 1711 2412 1766 exerit
2449 1718 2638 1766 contra
2659 1709 2932 1764 bonorum
2977 1707 3374 1766 innocentiam.
3409 1723 3520 1763 non
3563 1706 3755 1778 cpitu-

2129 1803 2344 1858 labatur
2363 1803 2617 1857 Ecclesiae
2641 1801 2736 1856 Dei
2759 1799 2990 1870 alicujus
3015 1800 3251 1870 justitia,
3281 1799 3432 1854 nulla
3463 1799 3514 1854 ei
3542 1799 3762 1872 princi-

2128 1915 2259 1970 pum
2289 1897 2740 1970 patrocinabatur
2772 1895 3036 1966 potentia.
3095 1893 3190 1948 Hic
3216 1893 3375 1948 dolor
3405 1909 3516 1948 non
3551 1911 3763 1964 parvus

2127 1989 2452 2046 Theodardo
2491 1987 2711 2060 praesuli
2768 1985 3152 2052 incumbebat,
3207 1985 3618 2052 Trajectcnsem
3653 1985 3762 2040 Ec-

2127 2079 2349 2136 clesiam
2405 2095 2603 2148 magna
2635 2118 2649 2143 ,
2696 2077 3106 2147 possessionum
3167 2091 3390 2130 suarum
3441 2075 3756 2146 quantitate

2125 2186 2247 2224 esse
2287 2167 2614 2227 mutilatam,
2657 2173 2711 2220 et
2740 2181 2837 2236 per
2876 2164 3100 2238 triginta
3159 2163 3380 2219 circiter
3409 2179 3594 2218 annos
3625 2165 3758 2218 nul-

2125 2264 2234 2318 lum
2262 2279 2358 2334 pro
2390 2261 2644 2317 Ecclesiae
2679 2251 2770 2316 Dei
2797 2261 2922 2328 jure
2951 2275 3289 2331 repugnasse
3319 2257 3406 2314 vel
3431 2259 3628 2314 saltem
3662 2275 3758 2314 re-

2123 2357 2412 2411 clamasse.
2472 2353 2755 2408 Amandus
2795 2352 2966 2417 enim,
3020 2351 3179 2418 cujus
3235 2350 3500 2406 sanctitas
3559 2352 3760 2422 paucis

2123 2446 2332 2502 laudari
2367 2462 2476 2500 non
2517 2445 2706 2511 debet,
2738 2459 2838 2515 pro
2867 2459 2932 2498 eo
2965 2443 3112 2514 quod
3149 2459 3334 2516 regem
3388 2442 3750 2516 Sigebertum

2123 2535 2497 2605 baptizavitet
2527 2534 2594 2588 de
2654 2531 2802 2588 fonte
2857 2533 3124 2602 suscepit,
3168 2538 3391 2587 coactus
3449 2537 3536 2586 est
3573 2532 3758 2599 Dago-

2124 2625 2264 2680 berti
2295 2627 2438 2699 regis
2469 2625 2724 2697 precibus
2760 2634 2840 2692 ut,
2869 2625 3120 2680 Johanne
3159 2624 3424 2694 episcopo
3456 2623 3750 2690 defuncto,

2122 2715 2500 2787 episcopatum
2541 2715 2945 2783 Trajectensem
2997 2713 3306 2783 susciperet
3359 2711 3494 2776 Sed,
3537 2712 3752 2767 irruen-

2125 2807 2269 2863 tibus
2294 2806 2538 2877 undique
2577 2805 2631 2859 in
2664 2805 2920 2860 Ecclesiae
2965 2805 3145 2859 navim
3181 2811 3570 2874 tempestatum
3619 2822 3751 2876 pro-

2115 2898 2290 2965 cellis,
2330 2897 2578 2971 cogitans
2609 2898 2756 2969 quod
2787 2897 2862 2951 ait
2891 2897 3204 2968 Apostolus,
3247 2897 3377 2968 quia
3405 2913 3563 2952 nem)
3600 2902 3679 2952 mi
3694 2902 3746 2953 ’ἰ-

2115 2993 2240 3046 tans
2289 2995 2389 3045 Deo
2417 2991 2659 3060 implicat
2709 3005 2764 3046 se
2817 2993 3040 3058 negotiis
3081 2990 3434 3044 sazcataribus
3482 2990 3555 3061 (lt
3613 2994 3725 3045 Tim

2112 3100 2172 3150 tt,
2205 3085 2278 3148 4),
2331 3090 2453 3154 post
2495 3083 2816 3148 triennium,
2858 3082 3181 3152 episcOpatu
3235 3081 3452 3144 relicto,
3527 3082 3583 3136 in
3624 3098 3753 3154 por-

2115 3183 2225 3232 tum
2253 3183 2453 3246 optatae
2480 3175 2685 3246 quietis
2713 3191 2771 3230 se
2801 3173 3030 3244 recepit.
3075 3173 3237 3241 Cujus
3277 3173 3430 3229 vices
3455 3173 3744 3230 Landoal—

2113 3266 2216 3320 dus
2243 3265 2686 3336 archipresbyter
2739 3280 2874 3319 suus
2906 3271 3218 3335 opportune
3273 3279 3372 3333 per
3419 3279 3620 3320 novem
3654 3282 3751 3320 an-

2112 3371 2214 3410 nos
2242 3364 2554 3419 exsecutus,
2589 3370 2686 3424 pro
2719 3353 2954 3410 ecclesia
3004 3363 3150 3408 stare
3199 3369 3310 3407 non
3360 3354 3564 3424 potuit,
3613 3355 3746 3426 quia

2115 3446 2250 3500 nihil
2285 3443 3058 3517 pontiﬁcalisjurishabebat.
3095 3443 3165 3496 Ea
3197 3441 3386 3498 omnia
3417 3442 3742 3512 raptoribus

2113 3534 2513 3606 Opportuniora
2565 3539 2738 3588 erant.
2773 3533 2846 3587 De
2881 3531 3161 3594 Remaclo,
3194 3531 3326 3602 quia
3380 3547 3492 3587 non
3535 3540 3742 3602 polue-

2114 3636 2194 3681 rat
2224 3624 2447 3679 brachia
2486 3623 2716 3678 tendere
2755 3628 2946 3677 contra
2986 3628 3289 3676 torrentem
3344 3620 3737 3676 inundantium

2111 3718 2400 3784 malorum,
2432 3714 2790 3770 'l‘heodardus
2819 3713 2936 3769 suis
2973 3713 3150 3768 oculis
3195 3719 3252 3767 et
3281 3713 3510 3767 auribus
3539 3713 3736 3768 crede-

2108 3806 2202 3862 bat
2239 3806 2399 3874 t986).
2444 3806 2567 3876 lpse
2606 3810 2862 3874 suscepto
2932 3801 3231 3858 Dominicee
3299 3801 3460 3856 navis
3519 3801 3733 3875 guber-

2107 3895 2326 3961 naculo,
2355 3891 2738 3948 inconstantia:
2771 3897 2956 3946 notam
2981 3889 3226 3957 timebat,
3257 3889 3302 3944 si
3334 3889 3604 3960 periculis
3633 3889 3731 3945 im—

2105 3987 2301 4058 pulsus
2341 3985 2462 4040 loco
2497 3983 2739 4039 cederet.

2171 4079 2204 4132 9
2265 4078 2342 4132 Ne
2371 4091 2504 4148 ergo
2545 4075 2758 4130 diutina
2805 4073 3094 4142 injuslitia:
3140 4071 3440 4144 impunitas
3485 4073 3726 4145 amplius

2099 4167 2447 4232 inolesceret,
2478 4164 2716 4220 accinxit
2745 4179 2803 4218 se
2833 4163 3067 4218 viriliter
3101 4171 3156 4218 et
3195 4169 3346 4217 stans
3385 4177 3485 4234 pro
3531 4165 3724 4219 castris

2099 4258 2348 4314 ecclesias
2375 4258 2612 4312 clamare
2643 4271 2754 4311 non
2783 4254 3066 4310 cessabat:
3101 4253 3260 4326 quasi
3309 4253 3442 4309 tuba
3475 4255 3722 4310 exaltans

2098 4369 2288 4410 vocem
2320 4367 2474 4406 suam
2524 4349 2886 4406 annuntiabat
2924 4347 3131 4421 populo
3177 4347 3390 4403 scelera
3422 4363 3640 4416 eorum,
3667 4358 3720 4404 et

2014 4431 2072 4500 D

2095 4523 2336 4597 goberti_
2364 4522 2531 4597 regis,
2553 4535 2719 4597 anno
2749 4519 2876 4585 658,
2930 4517 3130 4574 mortui
3152 4515 3472 4597 nprgscibus
3523 4533 3714 4574 susce-

2095 4588 2248 4666 ptum
2305 4588 2458 4650 (Σεξτιό
2498 4593 2785 4666 ΐδιεξιᾉὶιξεα
2808 4597 2964 4645 sunt:
2998 4589 3202 4666 nam
3241 4588 3534 4666 bemaclus
3570 4605 3714 4645 anno

2093 4660 2199 4722 650
2227 4667 2312 4722 vel
2351 4683 2466 4737 seq.
2505 4664 2753 4737 proxime
2811 4661 3079 4737 successit
3134 4660 3190 4714 S.
3231 4661 3710 4737 Amando,__quem

2094 4749 2329 4792 exeunte
2383 4733 2530 4792 anno
2573 4735 2678 4790 6-i9
2730 4733 2941 4787 sedisse
2995 4737 3228 4797 constat,
3286 4747 3469 4802 neque
3503 4733 3710 4787 diutius

2093 4826 2254 4886 quam
2299 4809 2411 4886 fere
2438 4824 2535 4886 per
2562 4804 3065 4886 trienniumnsubAS.
3091 4803 3384 4886 Sigebcrtq
3403 4818 3533 4886 rege
3565 4819 3706 4874 prae-

2092 4873 2278 4934 fuisse.
2316 4882 2374 4934 In
2407 4873 2606 4934 eodem
2647 4893 2799 4931 num.
2850 4876 2918 4930 27
2959 4883 3014 4930 et
3067 4890 3232 4945 seqq.
3267 4873 3521 4944 probavi.
3566 4873 3707 4931 anno

2090 4953 2194 5005 668
2221 4953 2301 5004 vel
2342 4953 2447 5007 669
2478 4965 2698 5020 passum
2719 4947 2890 5003 fuisse
2923 4947 2976 5000 S.
3008 4946 3418 5020 Theodardum,
3451 4946 3710 5020 quod,Si-

2087 5023 2435 5096 gebertus_in
2467 5016 2736 5096 Chronico
2765 5034 3052 5096 perperam
3093 5031 3239 5096 anno
3404 5016 3706 5096 contigisse

2087 5087 2286 5148 asserit
2343 5094 2468 5148 Tam
2500 5093 2555 5146 in
2587 5087 2778 5146 nostra
2806 5087 3060 5162 quamin
3093 5087 3401 5162 aberrantis
3441 5087 3703 5162 Sige’berf

2087 5165 2126 5220 ti
2156 5165 2435 5220 sententia
2490 5163 2557 5220 30
2609 5162 2740 5217 anni
2772 5158 2882 5216 non
2941 5161 3279 5216 efﬂuxcrunt
3323 5158 3472 5213 inter
3503 5158 3704 5214 'sancti

2086 5236 2263 5290 nostri
2295 5235 2622 5306 martyrium
2641 5242 2696 5288 et
2721 5233 2930 5306 obitum
2946 5233 3010 5306 β.
3037 5229 3305 5306 Johannis
3330 5230 3491 5306 Agni.
3521 5233 3702 5306 Itaque

2085 5313 2138 5361 et
2195 5307 2284 5362 hic
2314 5301 2700 5380 adju'ngendus
2755 5310 2850 5380 est
2899 5303 2991 5358 SS.
3038 5301 3390 5380 A_mando_et_’
3424 5301 3698 5380 llemaclo.

2083 5393 2312 5451 quorum
2339 5371 2691 5451 negligentiae
2719 5375 3012 5447 nimiazque
3050 5371 3492 5451 dissimulationi
3515 5382 3698 5444 aperte

2082 5443 2314 5522 imputat
2353 5443 2873 5522 ide'm"Sigebertus,
2917 5443 3063 5518 quod
3106 5447 3159 5499 S.
3202 5443 3566 5522 Theodardus
3608 5460 3697 5499 cc-

2080 5513 2538 5600 clesiammagna
2570 5513 2978 5600 possessionum
3020 5524 3192 5600 parte
3229 5513 3522 5600 spoliatam
3555 5516 3698 5596 inve-

2081 5593 2245 5646 nerit.
2304 5594 2367 5646 At
2411 5585 2798 5646 u'nde'auctor
2847 5590 2947 5644 iste
3001 5585 3214 5652 didicit,
3271 5585 3325 5638 id
3382 5587 3698 5642 memoratis

451 4513 598 4581 {985)
630 4513 788 4569 Hunc
824 4519 1075 4570 sanctum
1107 4514 1362 4570 dedimus
1393 4515 1460 4570 ad
1499 4515 1560 4571 l9
1594 4517 1786 4573 Martii.

449 4565 595 4657 (9ἑῶ
633 4565 1786 4651 iis;'n*uaa~a"'n3;rgaaa“fastigat
1829 4591 1990 4646 etiam

377 4658 585 4731 sanctis
613 4657 1162 4731 injuriosaiobtrudit
1199 4657 1522 4731 Sigebertus
1562 4661 1992 4717 Gemblacensis.

376 4727 631 4801 Doluisse
663 4727 738 4784 ait
765 4728 818 4783 S.
849 4727 1437 4801 Theodarduquuod
1479 4731 1673 4800 partim
1733 4752 1757 4782 α
1784 4749 1847 4787 ex
1877 4751 1996 4790 ma-

371 4798 554 4866 jorum
605 4815 836 4876 suorum
870 4801 1207 4876 negligentia
1240 4821 1264 4851 »
1308 4798 1693 4876 acciderit,_ut
1738 4821 1990 4876 magnam

377 4871 790 4940 possessionum
851 4871 1072 4926 suarum
1125 4873 1396 4942 jacturam
1457 4872 1648 4928 fecerit
1693 4883 1746 4928 et
1803 4871 1991 4932 multis

373 4942 546 5013 annis
566 4942 750 4996 tulerit
790 4943 1030 4998 Ecclesia
1059 4943 1438 5013 Trajectcasis.
1483 4944 1598 5008 Quo
1629 4960 1757 5000 vero
1789 4946 1990 5002 diffici-

375 5011 482 5066 lius
534 5011 832 5137 intelligas,
883 5014 1008 5068 illos
1041 5011 1202 5095 culpa
1249 5015 1396 5070 omni
1427 5031 1674 5080 vacasse,
1716 5016 1986 5074 bonorum

375 5096 652 5136 sacrorum
685 5100 712 5137 a
742 5084 1071 5137 ienationem
1115 5087 1306 5137 iisdem
1348 5093 1530 5137 notam
1573 5085 1740 5137 fuisse
1787 5105 1986 5137 summ.

371 5096 652 5160 sacrorum
685 5084 1086 5160 alienationem
1115 5084 1322 5160 iisdem
1348 5093 1530 5160 notam
1573 5085 1740 5142 fuisse
1787 5105 1989 5160 suppo-

371 5152 472 5217 nit,
503 5162 568 5232 εει
596 5160 842 5232 t_am_en__«
870 5172 996 5232 _p_er
1024 5158 1246 5232 triginta
1279 5157 1493 5213 circiter
1526 5174 1746 5232 annos,
1776 5152 1983 5216 nullum

371 5238 471 5291 pro
503 5223 756 5280 Ecclesiae
791 5223 1416 5301 Dci’jurer'épugnasse
1453 5229 1538 5283 vel
1585 5231 1776 5301 saltem
1810 5235 1985 5288 recla-

367 5309 548 5349 masse
583 5319 637 5372 -_
665 5298 1007 5372 pronuntiat.
1050 5298 1236 5356 Tantae
1275 5300 1735 5355 dissimulationis
1765 5319 1983 5372 causas,

366 5380 506 5446 quas
555 5367 862 5494 sulijunggt,
917 5385 1028 5424 non
1083 5387 1303 5426 omnem
1339 5372 1581 5442 penitus.
1623 5381 1682 5426 ut
1721 5367 1982 5432 conside;

366 5443 506 5490 rant]
542 5447 711 5494 natet.
754 5457 782 5494 ει
825 5447 1074 5494 sternunt
1102 5443 1452 5494 negligentia}
1484 5443 1780 5494 nimiasque
1811 5445 1978 5494 animi

365 5443 506 5518 nanti
532 5447 711 5518 patet,
754 5443 1074 5518 abstergunt
1102 5443 1780 5518 negligi-tilia:_nimiteque
1811 5445 1980 5518 animi

363 5506 692 5584 dejectionis
721 5506 1015 5578 maculam,
1057 5506 1220 5584 quam
1251 5506 1426 5584 “prius
1453 5506 1850 5584 S.,Theo'dardi
1879 5519 1980 5572 de-

361 5580 671 5652 cessoribus
722 5580 1204 5652 asperseratfilis
1261 5580 1311 5639 S.
1391 5583 1759 5640 Landoaldum
1800 5589 1980 5644 archi-

356 5650 1076 5726 presbyterumg‘acccnset,
1133 5671 1295 5726 quem
1334 5654 1593 5710 vicariam
1642 5673 1739 5726 per
1786 5675 1975 5716 novem

355 5737 528 5800 annos
575 5724 831 5800 Ecclesia:
885 5723 1250 5800 Trajectensis
1304 5740 1522 5800 curam_
1573 5723 1809 5796 gessisse
1873 5732 1968 5800 ait,

356 5799 648 5864 postquam
681 5795 732 5849 S.
778 5794 1058 5849 Amandus
1087 5795 1398 5851 abdicasset
1433 5794 1832 5865 episcOpatum.
1867 5794 1968 5858 Da;

2077 5663 2282 5718 sanctis
2313 5662 2589 5733 episcOpis
2630 5661 2776 5733 vitio
2818 5661 3059 5733 dandum
3093 5655 3456 5733 esse_?_C_erte
3488 5675 3694 5730 anony-

2072 5751 2204 5810 ξῃιλιεΔ
2227 5727 2362 5789 νὶιξέ
2391 5727 2782 5810 S_._Theodardi
2820 5732 3050 5810 scriptor
3087 5729 3228 5810 nihil
3270 5727 3472 5810 habet,
3494 5745 3560 5784 ex
3586 5727 3694 5801 quo

2070 5805 2206 5860 illud
2236 5804 2462 5861 extundi
2513 5804 2704 5875 possit.
2754 5823 2784 5856 α
2830 5801 2942 5858 Ηίς
2973 5801 3250 5868 omnibus,
3294 5801 3479 5870 inquit
3529 5815 3692 5872 supra

3539 5949 3598 5980 »ο
