3960 6198
322 330 435 385 753

1649 331 1799 385 Vl'l‘.\
1843 333 1895 385 ὃ.
1942 332 2020 385 Tli
2036 331 2344 386 EODARDI.

3554 330 3662 383 ’754

319 460 640 532 raptoribus
680 461 905 528 peccata
935 466 1148 506 eorum.
1184 451 1346 516 Quasi
1368 452 1559 523 aquila
1587 460 1739 507 stans
1777 458 1945 523 super
1970 460 2019 525 Α
2047 453 2275 507 arrectis
2316 452 2547 516 lanceis,
2595 453 2650 506 in
2684 468 2873 507 necem
2909 453 3221 508 innocentis
3276 453 3489 524 proruit
3565 452 3659 506 Ille

320 554 552 609 domum
582 548 678 604 Dei
709 543 963 602 acumine
1003 541 1286 596 oculorum
1326 542 1594 597 versutias
1633 542 1942 614 iniquorum

320 641 687 714 praevidcbat,
721 643 776 692 et
815 633 1095 709 unguibus
1117 649 1176 687 se
1207 632 1562 688 defendebat.
1593 635 1653 688 Et
1683 635 1811 705 quia
1829 641 1945 689 erat

323 737 376 792 ei
402 735 692 808 integritas
721 732 870 795 vitae,
902 736 957 783 et
994 726 1220 782 verbum
1270 743 1462 782 sanum
1504 736 1559 782 et
1590 728 1942 798 irreprehen-

318 829 518 893 sibile;
549 827 615 893 is,
648 825 742 898 qui
772 839 838 878 ex
858 821 1092 877 adverso
1114 826 1250 886 erat,
1280 820 1634 875 reverebatur
1672 836 1819 888 eum,
1848 821 1939 875 ni-

322 918 401 974 hil
434 916 646 972 habens
678 912 807 968 mali
837 912 908 966 de
938 925 1004 964 eo
1039 909 1242 964 dicere.
1274 909 1571 964 Tutabatur
1597 926 1719 964 eum
1753 918 1942 965 contra

320 1029 523 1070 omnes
562 1010 715 1066 favor
751 1004 1022 1082 Sigeberti
1051 1003 1191 1075 (987)
1240 1003 1406 1074 regis,
1456 1004 1548 1075 qui
1599 1013 1813 1060 amator
1858 1004 1942 1059 di-

320 1109 469 1163 vinze
500 1103 784 1178 religionis
804 1100 994 1157 oculos
1026 1098 1269 1153 habebat
1306 1098 1637 1153 columbinae
1677 1099 1942 1171 simplici-

320 1197 474 1253 tatis.
534 1194 649 1258 Quo
686 1190 969 1255 defuncto,
1021 1202 1251 1261 regnum
1301 1186 1617 1253 Austrasiae,
1658 1188 1807 1257 quod
1862 1194 1944 1243 te-

328 1296 549 1355 nuerat,
603 1285 757 1342 dedit
786 1284 952 1338 frater
1001 1280 1121 1349 ejus
1170 1280 1484 1336 Clodoveus
1536 1280 1651 1336 ﬁlio
1681 1297 1781 1337 suo
1832 1281 1947 1335 Hil-

321 1382 480 1437 drico
513 1378 683 1450 (988).
736 1377 869 1431 Tum
912 1388 1043 1430 vero
1099 1373 1278 1429 omnis
1333 1373 1538 1427 malitia
1584 1379 1637 1427 et
1680 1373 1947 1442 injustitia

323 1474 384 1528 in
427 1487 599 1546 regno
630 1467 942 1541 praevaluit,
972 1472 1027 1520 et
1058 1471 1249 1519 contra
1288 1464 1585 1519 Ecclesium
1617 1466 1801 1539 gravis
1846 1466 1945 1520 do-

325 1564 573 1619 mesticae
635 1558 982 1630 tempestatis
1045 1557 1204 1611 turbo
1272 1556 1530 1610 intonuit.
1589 1556 1947 1611 Theodardus

326 1664 538 1721 autem,
593 1653 724 1725 quia
790 1649 1164 1705 mercenarius
1202 1664 1311 1703 non
1374 1656 1511 1716 erat,
1569 1665 1676 1704 non
1731 1648 1865 1722 fugit
1918 1667 2027 1752 aB

326 1748 475 1804 facie
517 1748 771 1817 luporum
804 1761 818 1809 ;
859 1742 957 1797 sed
997 1757 1095 1812 pro
1126 1741 1320 1795 ovibus
1350 1741 1467 1795 suis
1502 1743 1846 1800 constantius
1884 1758 1950 1797 ex

337 1838 577 1893 adverso
637 1833 803 1888 stetit.
841 1832 902 1886 Et
951 1830 1081 1902 quia
1119 1838 1306 1900 pastor
1357 1830 1727 1886 essentialiter
1776 1833 1953 1888 bonus

329 1926 575 1980 dixerat:
630 1925 883 1992 Majorem
931 1922 1032 1974 hac
1060 1921 1389 1974 dilectionem
1453 1934 1609 1974 nemo
1659 1920 1835 1986 habet,
1889 1927 1952 1975 ut

332 2021 585 2074 animum
607 2030 762 2071 suam
811 2018 980 2082 ponat
1007 2014 1124 2081 quis
1147 2025 1243 2081 pro
1287 2013 1475 2065 amicis
1500 2014 1612 2066 suis
1641 2014 1816 2078 (Joan.
1859 2028 1947 2077 xv,

330 2110 427 2178 13)
452 2126 467 2166 :
501 2123 605 2163 nec
646 2106 701 2160 in
734 2106 837 2159 hoc
858 2103 1061 2158 surdus
1080 2102 1299 2158 auditor
1320 2100 1439 2168 fuit,
1469 2110 1691 2172 paratus
1708 2117 1808 2173 pro
1838 2102 1955 2159 ovi-

327 2200 436 2254 bus
467 2196 706 2251 animam
748 2208 978 2265 ponere.

400 2289 472 2344 10
527 2288 635 2342 Sed
659 2302 727 2342 ne
749 2285 881 2357 quid
909 2285 1254 2354 inexpertum
1280 2282 1636 2354 relinqueret,
1657 2284 1945 2351 deliberat,

330 2394 520 2453 regem
562 2375 861 2430 Hildricum
883 2373 1035 2427 adire
1067 2378 1121 2427 et
1149 2378 1277 2427 ante
1306 2388 1432 2426 eum
1460 2388 1629 2444 super
1660 2373 1949 2442 injustitiis

328 2465 585 2522 ecclesiae
626 2463 794 2518 illatis
851 2460 1102 2536 legaliter
1135 2459 1506 2530 expostulare,
1563 2461 1608 2514 si
1643 2460 1784 2517 forte
1849 2478 1950 2532 per

327 2571 622 2613 censuram
662 2553 903 2628 regalem
946 2551 1179 2607 ecclesia
1222 2551 1605 2621 possessiones
1642 2569 1769 2607 suas
1810 2553 1953 2607 reci-

328 2656 521 2721 peret;
555 2654 608 2702 et
655 2645 920 2700 divinitus
959 2644 1188 2699 edoctus
1227 2660 1257 2697 a
1311 2643 1514 2698 mentis
1554 2660 1665 2699 sua:
1704 2646 1949 2713 oraculo,

328 2737 626 2793 imminere
676 2734 784 2788 sibi
837 2741 1053 2804 tempus
1101 2733 1393 2803 passionis,
1445 2733 1719 2804 disposuit
1762 2736 1951 2791 domui

330 2849 474 2899 suae,
504 2837 558 2886 et
586 2827 845 2886 omnibus
874 2828 1128 2883 ultimum
1169 2828 1291 2882 vale
1314 2827 1526 2890 dicens,
1554 2843 1795 2899 ovesque
1825 2846 1952 2884 suas

331 2925 416 2980 illi
444 2922 840 2979 commendans
869 2921 963 2992 qui
1007 2919 1115 2974 sibi
1158 2919 1279 2974 illas
1333 2922 1759 2985 commendavit,
1811 2922 1950 2978 duce

331 3014 542 3071 mentis
572 3013 902 3078 constantia,
935 3028 1058 3067 cum
1102 3013 1290 3083 paucis
1341 3012 1443 3068 iter
1495 3013 1746 3084 arripuit.
1779 3014 1945 3071 Porro

329 3103 434 3159 ﬁlii
467 3102 659 3168 Belial,
686 3101 781 3173 qui
815 3117 924 3171 prze
957 3100 1159 3154 duritia
1191 3100 1588 3171 impmnitentis
1615 3103 1796 3158 cordis
1823 3105 1946 3158 the-

326 3197 690 3255 saurizabant
714 3196 819 3250 sibi
846 3196 1002 3261 iram,
1046 3195 1196 3250 nullo
1227 3196 1394 3251 modo
1428 3199 1946 3267 potueruntadduci

327 3292 399 3347 ad
440 3290 679 3361 aliquam
722 3287 1084 3358 resipiscendi
1113 3288 1275 3342 viam.
1308 3289 1407 3353 Qui
1440 3289 1697 3356 scientes,
1734 3292 1863 3363 quia
1893 3294 1947 3348 in

328 3379 486 3435 nullo
513 3377 618 3433 sibi
660 3376 1018 3447 responderet
1041 3375 1253 3444 justitia
1284 3378 1331 3432 si
1361 3378 1429 3432 de
1463 3382 1814 3451 praesumptis
1859 3400 1948 3437 re-

326 3470 440 3524 bus
488 3465 743 3522 Ecclesize
782 3480 964 3520 coram
1026 3465 1282 3536 palatinis
1315 3473 1572 3539 ageretur
1623 3476 1948 3526 controver-

327 3558 437 3624 sia,
478 3554 621 3610 mala
650 3553 807 3608 malis
832 3554 1201 3619 accumulant,
1228 3561 1283 3608 et
1313 3570 1379 3608 ex
1425 3554 1825 3625 desperationis
1857 3577 1955 3631 pe-

328 3647 511 3704 riculo
550 3647 619 3701 de
646 3651 821 3700 morte
848 3645 1163 3700 innocentis
1204 3646 1456 3716 praesulis
1487 3654 1738 3717 tractant,
1772 3658 1825 3706 et
1854 3652 1957 3707 iter

329 3741 456 3808 ejus
486 3738 783 3813 diligenter
834 3738 1137 3807 explorant.
1186 3738 1278 3792 Vir
1331 3749 1555 3794 sanctus
1587 3740 1720 3808 justi
1754 3759 1953 3815 pr0po-

329 3827 425 3883 siti
453 3833 632 3891 tenax,
658 3840 821 3896 quem
849 3824 1098 3879 armabat
1140 3825 1295 3880 vivus
1336 3835 1391 3880 et
1415 3825 1607 3881 efﬁcax
1634 3843 1815 3884 sermo
1859 3830 1951 3885 Dei

331 3920 606 3977 dicentis:
657 3921 822 3975 Nolite
861 3923 1049 3975 timere
1085 3936 1168 3976 eos
1220 3925 1313 3991 qui
1350 3924 1600 3977 occidunt
1625 3923 1801 3978 solum
1835 3941 1954 3981 cor-

325 4026 434 4081 pus
479 4009 685 4080 (Matth.
742 4025 804 4075 x,
861 4009 974 4080 28),
1028 4009 1140 4077 jam
1200 4011 1459 4067 dioecesis
1514 4028 1627 4067 suae
1688 4015 1952 4070 terminos

328 4098 500 4170 longe
548 4103 876 4163 excesserat,
909 4102 963 4151 et
994 4096 1049 4151 in
1082 4115 1246 4173 pago,
1283 4116 1445 4171 quem
1478 4101 1756 4156 Alisatiam
1790 4103 1951 4175 vulgo

329 4191 547 4253 dicunt,
577 4187 738 4243 bonis
762 4188 942 4244 adhuc
993 4191 1352 4260 proventibus
1382 4194 1611 4264 gradum
1641 4192 1865 4259 ﬁxerat;
1897 4204 1951 4251 et

330 4295 466 4335 ecce
498 4293 708 4333 cuneus
750 4277 1099 4334 inimicorum
1137 4280 1229 4335 Dci
1263 4282 1333 4337 de
1372 4282 1592 4338 insidiis
1631 4299 1945 4359 emergens,

2047 548 2293 602 munitus
2327 555 2440 602 tuto
2483 547 2764 617 patientiae
2801 548 3016 618 clypeo,
3051 564 3147 602 eos
3177 549 3243 603 ad
3278 549 3428 618 pacis
3459 549 3662 603 bonum

2045 637 2277 692 invitare
2309 636 2552 701 volebat;
2580 637 2678 691 sed
2711 637 2840 708 quia
2871 653 2981 691 non
3012 646 3167 691 erant
3198 637 3295 691 ﬁlii
3326 638 3496 708 pacis,
3536 655 3661 709 pax,

2045 743 2155 782 non
2200 725 2494 780 inveniens
2527 726 2582 779 in
2615 726 2695 780 eis
2738 725 2833 780 ubi
2890 726 3281 796 requiesceret,
3315 726 3381 780 ad
3425 727 3661 781 amicum

2043 819 2195 890 pacis
2224 834 2443 872 reversa
2477 826 2576 873 est.
2612 818 2675 872 Ut
2730 817 2842 889 lupi
2886 833 3088 890 agnum
3122 816 3273 886 impii
3305 816 3666 871 circumstant

2043 910 2216 981 pium,
2244 908 2508 980 illumque
2540 908 2731 963 oculos
2757 908 2823 961 ad
2844 910 3045 962 emtum
3068 906 3353 961 tollentem
3386 914 3441 961 et
3465 921 3564 976 pro
3587 906 3667 960 cis

2042 1004 2288 1055 orantem
2329 996 2582 1067 exemplo
2636 996 2766 1051 Jesu
2806 996 2861 1049 in
2913 1010 3073 1050 cruce
3128 993 3425 1065 pendentis
3465 1002 3666 1049 contu-

2042 1089 2224 1144 meliis
2252 1088 2522 1155 afficiunt,
2577 1087 2728 1142 humi
2758 1092 3151 1158 prosternunt;
3192 1091 3246 1140 et
3295 1085 3424 1157 quia
3475 1084 3669 1156 nequit

2048 1178 2183 1233 iram
2224 1178 2445 1248 explere
2476 1183 2744 1247 potestas.
2776 1183 2942 1247 caput
2963 1181 3152 1230 sancto
3184 1174 3308 1230 oleo
3338 1181 3665 1244 perunctum

2048 1270 2103 1324 in
2137 1269 2335 1325 frustra
2373 1276 2584 1337 secant,
2626 1283 2829 1339 corpus
2874 1275 3123 1323 sanctum
3154 1266 3500 1321 membratim
3534 1266 3669 1321 dila-

2048 1362 2223 1416 niant.

2118 1451 2205 1504 11.
2238 1450 2402 1505 Terra
2448 1449 2672 1521 quidem
2703 1448 2783 1503 sic
2813 1448 2938 1502 data
2965 1457 3048 1503 est
3100 1447 3155 1502 in
3215 1463 3411 1502 manus
3466 1447 3670 1518 impio-

2049 1559 2207 1600 rum:
2241 1542 2465 1613 Spiritus
2520 1548 2703 1595 autetn
2760 1540 2828 1593 ab
2872 1539 3024 1595 omni
3066 1548 3221 1594 teme
3261 1539 3458 1593 rudere
3498 1555 3667 1594 exco-

2051 1642 2169 1690 ctus
2199 1634 2505 1707 perignem
2556 1632 2829 1703 passionis
2868 1640 2923 1686 et
2975 1638 3034 1685 ut
3088 1648 3283 1686 aurum
3348 1632 3403 1685 in
3446 1630 3668 1686 fornace

2055 1727 2317 1798 probatus
2347 1724 2512 1779 rediit
2551 1725 2619 1777 ad
2650 1724 2965 1788 Dominum,
2995 1723 3090 1794 qui
3119 1723 3248 1778 fecit
3290 1724 3464 1778 illum.
3510 1724 3669 1778 Fides

2054 1815 2338 1880 nimirum,
2368 1829 2489 1884 quae
2519 1819 2903 1883 protomartyrt
2922 1812 3202 1881 Stephano
3229 1811 3445 1882 aperuit
3473 1812 3666 1878 caelos,

2052 1916 2113 1965 ut
2140 1909 2354 1964 videret
2379 1913 2562 1964 Iesum
2588 1924 2619 1962 a
2660 1909 2862 1962 dextris
2887 1910 2979 1961 Dei
3004 1912 3242 1962 stantem
3273 1907 3413 1977 (Act.
3453 1924 3547 1972 vn,
3579 1907 3665 1976 35)

2053 2001 2122 2056 ad
2149 2000 2526 2056 auxiliandum
2576 1998 2703 2062 sibi,
2736 1999 2858 2053 haec
2899 2014 3121 2070 quoque
3167 1997 3493 2052 Theodardo
3522 2014 3669 2053 mar-

2054 2089 2160 2161 tyri
2184 2089 2354 2144 ccelos
2391 2088 2628 2159 aperuit,
2661 2102 2898 2159 eumque
2941 2086 3208 2141 ferentem
3248 2086 3506 2160 stigmata
3534 2086 3667 2142 Jesu

2048 2180 2105 2235 in
2138 2179 2279 2235 libro
2331 2180 2452 2234 vitm
2493 2195 2615 2235 cum
2666 2178 2997 2249 martyribus
3048 2176 3248 2233 ascribi
3302 2176 3450 2231 fecit.
3502 2178 3665 2244 Deus,

2049 2272 2143 2343 qui
2174 2272 2381 2327 notavit
2401 2270 2839 2326 incredulitatem
2872 2270 3209 2336 Judzeorum,
3240 2268 3463 2340 quando
3489 2269 3661 2324 dixit:

2050 2364 2161 2415 Nisi
2205 2364 2363 2429 signa
2400 2366 2451 2415 et
2484 2360 2726 2429 prodigia
2772 2360 3029 2425 videritis,
3084 2374 3193 2413 non
3245 2359 3456 2413 creditis
3489 2358 3660 2428 (Ioan.

2052 2468 2127 2517 tv,
2157 2451 2269 2516 48),
2300 2457 2451 2505 notat
2490 2460 2730 2505 nostram
2793 2466 3018 2521 quoque
3058 2448 3519 2512 incredulitatem,
3571 2449 3665 2521 qui

2054 2541 2249 2595 merita
2288 2541 2397 2595 Deo
2451 2540 2783 2610 placentium
2818 2555 2929 2594 non
2983 2539 3320 2593 aestimamus
3369 2553 3435 2594 ex
3464 2540 3665 2595 virtute

2053 2648 2305 2703 operum,
2336 2632 2432 2686 sed
2492 2647 2558 2685 ex
2590 2631 2912 2687 ostensione
2952 2632 3268 2704 signorum:
3328 2631 3487 2706 signa
3518 2631 3664 2687 enim

2054 2740 2164 2780 non
2208 2723 2417 2779 faciunt
2456 2724 2737 2779 hominem
2783 2724 3001 2778 beatum
3045 2724 3141 2777 sed
3173 2739 3297 2778 eum
3330 2724 3504 2779 beata:
3542 2724 3666 2779 vitae

2054 2814 2224 2869 fuisse
2254 2814 2574 2878 ostendunt,
2608 2821 2662 2867 et
2690 2829 2756 2867 ex
2782 2813 3021 2867 novitate
3050 2829 3232 2867 rerum
3270 2828 3372 2867 nos
3401 2813 3470 2867 ad
3499 2829 3668 2868 vene-

2050 2908 2323 2962 rationem
2375 2916 2689 2962 sanctorum
2750 2906 3052 2961 adducunt.
3108 2906 3243 2960 Ecce
3291 2906 3664 2968 Theodardus,

2051 3003 2146 3073 qui
2177 3002 2355 3057 fuerat
2393 3017 2660 3073 organum
2692 3001 2929 3072 Spiritus
2968 3001 3143 3056 sancti
3181 3001 3249 3055 ab
3279 3000 3463 3071 impiis
3487 3002 3666 3056 inter-

2050 3094 2246 3162 fectus,
2301 3093 2523 3165 jacebat
2557 3094 2713 3165 quasi
2760 3094 2887 3150 vilis
2945 3100 2998 3148 ct
3047 3094 3361 3163 despectus,
3418 3100 3472 3148 et
3511 3096 3667 3165 quasi

2051 3204 2346 3258 percussus
2402 3205 2432 3242 a
2484 3187 2595 3242 Deo
2649 3196 2704 3241 et
2744 3185 3079 3241 humiliatus.
3125 3186 3235 3240 Sed
3278 3186 3462 3241 divina
3493 3186 3670 3256 pietas

2052 3270 2226 3331 totum
2257 3278 2325 3331 de
2356 3291 2421 3332 eo
2449 3275 2772 3331 scandalum
2808 3274 3130 3330 hominibus
3159 3274 3407 3343 abstulit,
3438 3274 3568 3329 dum
3599 3276 3668 3329 ad

2053 3368 2428 3424 testimonium
2476 3368 2785 3423 sanctitatis
2825 3368 2946 3437 ejus
2976 3367 3250 3423 evidentia
3283 3368 3443 3442 signa
3479 3374 3670 3424 osten-

2052 3459 2156 3514 dit.
3694 3452 3697 3455 ‘

2685 3529 2892 3584 CAPUT
2926 3530 3015 3585 Ill.

2056 3620 2245 3673 Mulier
2268 3621 2507 3673 excitate
2531 3621 2731 3687 punita
2755 3625 2806 3672 et
2835 3621 2980 3673 visus
3024 3622 3075 3674 ei
3100 3618 3376 3683 redditus;
3407 3622 3671 3689 exsequiaz

2126 3707 2161 3744 (ι
2207 3692 2485 3757 frequente
2521 3691 2711 3757 pupula
2754 3689 3067 3755 celebratae;
3118 3692 3391 3744 miracula
3442 3694 3503 3744 in
3562 3693 3671 3747 loco

2122 3764 2316 3901 ﬁgam:
2368 3761 2694 3829 sepultum;
2738 3774 2927 3828 corpus
2956 3762 3080 3815 inde
3133 3766 3380 3814 avectam
3412 3767 3465 3815 et
3500 3763 3673 3818 Leodii

2228 3834 2444 3886 ositum.

2125 3922 2213 3977 12.
2245 3922 2385 3976 Puer
2423 3937 2452 3976 e
2511 3920 2782 3975 famulitio
2817 3920 2993 3975 sancti
3040 3919 3316 3990 praesulis,
3353 3921 3449 3990 qui
3492 3920 3667 3988 solus,

2054 4010 2269 4066 caeteris
2302 4010 2357 4063 in
2384 4009 2567 4085 fugam
2608 4009 2806 4073 versis,
2852 4008 3157 4063 excubabat
3183 4007 3250 4062 ad
3298 4023 3499 4080 corpus
3537 4026 3670 4065 exa-

2055 4100 2222 4167 nime,
2252 4100 2448 4155 dolens
2479 4114 2602 4154 esse
2636 4098 2866 4167 disjecta
2896 4114 2928 4152 a
2957 4113 3017 4152 se
3048 4097 3193 4151 beati
3226 4097 3474 4168 corporis
3503 4114 3671 4154 mem-

2052 4195 2169 4263 bra,
2202 4194 2481 4250 nitebatur
2519 4202 2578 4249 ut
2607 4210 2670 4248 ea
2702 4207 2927 4265 quoquo
2959 4193 3124 4248 modo
3166 4191 3375 4247 uniret:
3415 4201 3471 4247 et
3493 4209 3672 4248 mem-

2052 4287 2208 4343 brum
2242 4287 2466 4359 quidem
2515 4287 2765 4343 membro
2797 4293 2889 4340 aut
2941 4295 3153 4356 partem
3202 4286 3340 4356 parti
3382 4295 3667 4358 coaptans,

334 4499 457 4553 cap.
494 4481 536 4554 1Δ
557 4495 708 4554 num.
739 4478 797 4541 8,
836 4492 902 4531 ex
926 4475 1123 4531 ordine
1149 4477 1483 4554 prosecutis,
1518 4477 1793 4548 rebusque
1845 4493 1940 4548 pa-
1969 4487 2024 4554 Ι)
2046 4480 2173 4535 dum
2206 4480 2413 4554 estde
2443 4477 2834 4554 S_.__Rem_aclo,
2885 4478 2999 4549 qui,
3030 4493 3152 4532 cum
3205 4478 3261 4531 S.
3315 4476 3666 4554 Sigebertttm

335 4547 471 4609 riter
510 4551 856 4620 fideliterque
886 4547 1214 4620 supputatis,
1246 4555 1584 4620 compertum
1627 4547 1727 4611 est,
1771 4547 1940 4620 ques-

337 4626 463 4680 dam
496 4622 696 4677 fundos
728 4619 901 4675 a’suis
949 4619 1192 4688 patribus
1224 4619 1407 4672 minus
1433 4620 1578 4686 justo
1620 4619 1950 4675 obtinnisse.

340 4697 449 4750 llac
480 4709 609 4749 vero
633 4709 763 4748 cura
791 4706 888 4762 pro
915 4690 1058 4744 male
1083 4689 1327 4762 multatis
1359 4691 1605 4745 ecclesia}
1639 4692 1954 4761 possessio-

338 4767 506 4822 nibus
545 4765 688 4819 infra
743 4761 827 4817 sai
868 4777 1068 4816 arcana
1114 4761 1298 4816 cordis
1353 4778 1660 4827 recursans,
1702 4764 1955 4817 dubitare

336 4838 529 4908 coepit,
564 4836 697 4907 quid
740 4834 944 4898 mallet,
997 4841 1202 4908 utrum,
1253 4839 1311 4886 ut
1349 4841 1549 4908 nactus
1597 4840 1701 4899 est,
1738 4835 1959 4908 Asineret

338 4904 703 4982 permanere;
735 4922 802 4960 an
843 4917 1012 4982 super
1043 4904 1147 4982 ho_c
1177 4904 1400 4982 negotio
1448 4915 1705 4982 pergeret
1735 4905 1813 4958 ire
1853 4921 1955 4959 au-

340 4975 431 5036 res
476 4979 660 5053 regias
699 4975 1053 5046 compellare.
1103 4975 1340 5028 Tandem
1388 4976 1714 5053 in‘Dnomino
1772 4987 1957 5053 prote-

339 5062 493 5109 ctore
521 5047 784 5111 cenfisus,
819 5062 1001 5117 neque
1034 5053 1303 5117 metuens,
1350 5047 1480 5117 quid
1515 5048 1716 5102 faceret
1754 5048 1804 5102 ei
1859 5050 1957 5102 ho-

342 5139 455 5190 mo,
482 5122 631 5178 stetit
662 5116 983 5190 sententiae,
1024 5136 1049 5167 »
1072 5117 1165 5190 ad
1192 5116 1563 5190 Childerieum
1591 5119 1633 5172 ll
1664 5119 1956 5173 Austrasiaz

341 5188 532 5269 regem
565 5191 847 5269 profectus
876 5196 930 5244 et
975 5189 1030 5242 in
1070 5188 1267 5242 itinere
1315 5205 1491 5269 caesus
1517 5189 1670 5269 “fuit.
1722 5190 1958 5269 Exndata

344 5260 607 5331 anbnynii
641 5261 908 5316 relatione
951 5269 1005 5315 et
1037 5276 1101 5313 ex
1137 5275 1225 5331 eo,
1258 5261 1404 5331 quod
1438 5260 1777 5315 Childericus
1802 5262 1834 5314 6
1862 5262 1960 5316 Se-

344 5282 490 5321 anon
535 5282 607 5318 ml
641 5282 908 5316 ΙῸΙὶΙῐΙΟΠΟ
951 5282 1005 5315 Cl.
1037 5282 1101 5313 (3X
1137 5282 1225 5326 ευ,
1258 5282 1404 5331 (μιυα
1438 5282 1777 5315 ιιιιιιαθωυιιδ
1802 5282 1834 5314 υ
1862 5282 1959 5316 ὃθ-

340 5282 615 5408 ρὶοηῖζΐίδ
644 5331 775 5408 anni
945 5330 1179 5399 Trajecti
1228 5331 1280 5383 in
1324 5348 1423 5385 suo
1470 5333 1673 5401 palatio
1712 5343 1959 5408 versatus

339 5402 528 5471 fuerit,
556 5404 701 5477 satis
739 5402 1326 5477 colligitur,__sanctum
1379 5411 1623 5457 nostrum
1668 5404 1958 5474 praesulem

341 5476 566 5535 nonnisi
611 5480 734 5545 post
777 5473 978 5528 dictum
1027 5473 1175 5545 diem
1228 5480 1281 5545 et
1336 5491 1537 5528 annum
1599 5473 1958 5545 comperisse,

342 5553 489 5606 bona
536 5542 789 5615 ecclesia:
830 5562 941 5599 suae
981 5545 1049 5599 al)
1103 5542 1307 5615 iniquis
1350 5542 1765 5615 possessoribus
1819 5547 1963 5600 deti-

346 5622 486 5676 neri.
524 5620 624 5672 Pro
678 5614 991 5687 officiosno
1020 5613 1170 5687 haud
1202 5613 1370 5687 dubie
1404 5617 1562 5670 citius
1610 5635 1674 5671 ea
1708 5617 1960 5687 repotiis-

343 5701 448 5761 set,
476 5691 522 5747 si
565 5687 735 5743 citius
762 5684 895 5741 illud
925 5686 1031 5757 ipsi
1064 5683 1412 5741 innotuisset.
1439 5688 1587 5742 ldcm
1622 5683 1961 5759 praesumen-

2056 4551 2374 4625 regem_sibi
2410 4549 2860 4625 addictissimum
2887 4556 3078 4604 nactus
3110 4558 3278 4625 esset,
3306 4549 3671 4625 quemadmo-

2055 4620 2185 4677 dtﬁn
2254 4621 2545 4687 beneficia,
2606 4620 2806 4691 quibus
2863 4637 2986 4675 eum
3046 4621 3361 4685 cumulavit,
3412 4627 3669 4675 testatum

2056 4693 2285 4757 faciunt,
2336 4693 2572 4746 alienata
2622 4692 2781 4746 facile
2844 4691 2990 4746 bona
3042 4692 3666 4763 rccuperasse.7Neque

2056 4764 2214 4818 aliter
2243 4764 2595 4818 sentiendum
2630 4763 2699 4816 de
2726 4763 2778 4816 S.
2820 4763 3087 4827 Amando,
3121 4763 3213 4833 qui
3250 4780 3279 4816 a
3305 4762 3534 4818 Martino
3566 4762 3664 4818 PP.

2058 4838 2075 4890 ι
2127 4835 2508 4909 liberationem
2553 4834 2621 4887 ab
2657 4850 2825 4909 onere
2886 4835 3190 4909 episcOpali
3220 4833 3551 4909 efﬂagitans,
3599 4852 3670 4909 ne

2056 4908 2224 4962 verbo
2270 4907 2493 4977 quidem
2534 4905 3045 4977 meutioneml‘ecit
3089 4906 3157 4959 de
3207 4905 3377 4960 rebus
3418 4906 3668 4962 ecclesiae

2057 4995 2169 5033 suae
2221 4976 2421 5046 injuste
2459 4976 2763 5045 occu,iatis,
2807 4976 2902 5030 sed
2955 4986 3242 5045 corruptos
3287 4980 3670 5032 tantummodo

2058 5050 2188 5104 cleri
2226 5065 2406 5122 mores
2433 5047 2767 5122 attigit.»_Ets_i
2797 5046 2939 5101 forte
2970 5064 2999 5101 a
3025 5048 3077 5122 S.
3115 5048 3363 5122 Johanne
3394 5052 3544 5122 Agno
3571 5052 3673 5122 gni-

2057 5137 2161 5175 nus
2184 5125 2331 5190 juste
2360 5118 2560 5174 fundos
2591 5118 2757 5189 aliqui
2789 5119 3122 5189 acceperint,
3150 5136 3213 5173 ac
3237 5120 3365 5175 dein
3390 5118 3530 5174 mala
3560 5118 3671 5174 fide

2061 5192 2433 5263 posscderint,
2454 5207 2567 5263 non
2593 5191 2717 5263 ideo
2752 5197 2932 5244 tamen
2973 5199 3195 5263 sanctus
3224 5190 3316 5245 ille
3364 5191 3672 5261 culpandus

2059 5261 2172 5327 est;
2234 5280 2356 5317 nam
2417 5262 2645 5333 fraude;
2670 5261 3053 5315 circumveniri
3111 5263 3308 5332 potuit,
3359 5279 3523 5333 quam
3560 5270 3674 5317 tan-

2059 5335 2182 5389 dem
2218 5334 2487 5388 detexerit
2510 5334 2563 5386 S.
2609 5331 2984 5387 Theodardus.

2133 5406 2268 5467 (987)
2301 5407 2533 5458 Sanctus
2562 5414 2748 5458 noster
2802 5420 2910 5459 non
2939 5403 3083 5457 sedit
3124 5403 3225 5457 sub
3264 5420 3388 5477 rege
3420 5404 3675 5474 Sigeber-

2060 5487 2137 5542 to,
2175 5477 2276 5529 nisi
2311 5477 2451 5530 forte
2484 5477 2630 5529 brevi
2657 5477 2723 5530 ad
2765 5476 2985 5529 modum
3017 5483 3281 5545 tempore.

2134 5552 2278 5617 (1'88)
2309 5549 2437 5601 l'ost
2463 5548 2792 5601 Clodoveum
2824 5549 2867 5600 ll
2902 5543 3229 5601 Francorum
3266 5546 3563 5617 monarclia
3596 5543 3675 5596 fa-

2061 5614 2180 5672 ctus
2211 5614 2291 5670 est
2317 5620 2436 5688 ejus
2476 5619 2622 5671 illius
2656 5618 2926 5671 Clotarius
2968 5620 3057 5679 ιιι,
3100 5618 3191 5687 qui
3238 5614 3527 5688 Austrusiat
3584 5629 3673 5664 re-

2063 5706 2230 5761 gnum
2266 5686 2414 5743 fratri
2449 5705 2547 5744 suo
2580 5689 2885 5745 liltilderico
2918 5690 2959 5743 ll
2990 5686 3153 5742 cessit
3175 5702 3320 5741 anno
3345 5686 3467 5738 660.
