3960 6198
406 288 507 340 755

1629 278 1970 333 SIGEBERTI
2012 277 2531 335 GEMBLACENSIS.

3651 305 3765 361 756

404 435 513 475 non
552 419 792 472 habebat
827 418 974 472 unde
998 432 1062 471 ea
1091 416 1395 489 colligaret.
1429 416 1635 484 Nempe
1668 411 1870 504 inimici
1897 410 2023 504 ju-s-
2050 413 2103 481 Α
2127 410 2404 483 colligata,
2438 414 2691 487 agnoscit
2719 418 2938 473 tandem
2971 428 3240 490 quantum
3287 431 3610 494 peccaverit
3639 450 3763 504 qua:

406 509 538 564 litim
568 508 778 562 scelere
818 513 1134 578 perpetrato
1165 521 1358 560 omnes
1385 504 1549 558 etiam
1596 502 1839 557 sarcinas
1878 500 2017 555 diri-

404 609 664 673 puerant.
700 601 856 664 Quod
888 600 1062 654 solum
1096 598 1277 670 potuit
1316 613 1454 668 puer
1484 596 1633 661 fecit,
1667 603 1721 650 et
1751 600 2020 666 quotquot

404 691 654 746 membra
677 690 837 745 unire
866 689 1266 760 potuitinstitis
1283 689 1398 743 suis
1424 686 1737 761 colligabat.
1764 686 1891 740 Cum
1921 685 2019 739 ad-

403 784 508 839 huc
540 783 591 839 ei
616 799 730 838 sua:
764 797 871 837 non
900 781 1222 837 sufﬁcerent
1250 781 1472 847 institae,
1508 780 1675 849 coepit
1706 779 1888 833 animo
1919 778 2017 832 de—

403 877 589 944 ﬁcere,
625 886 681 932 et
712 878 882 932 multa
912 892 1097 931 secum
1127 875 1439 938 revolvens,
1484 890 1548 928 ex
1587 873 1820 929 consilio
1847 872 2013 926 animi

402 973 485 1028 sui
550 972 735 1029 villam
791 988 912 1044 quae
961 971 1207 1042 proxima
1247 978 1363 1024 erat
1429 969 1606 1040 petiit,
1647 984 1877 1038 sperans
1922 967 2015 1021 Dei

400 1064 666 1121 auxilium
694 1064 801 1119 sibi
829 1080 939 1119 non
967 1063 1314 1119 defuturum:
1349 1079 1451 1118 nec
1476 1078 1603 1133 spes
1634 1077 1758 1115 eum
1793 1059 2013 1125 fefellit;

404 1173 531 1212 nam
559 1156 700 1211 inter
723 1156 966 1212 eundum
1000 1154 1230 1211 oﬁ‘endit
1259 1155 1660 1220 mulierculam,
1692 1150 1747 1206 in
1770 1168 1899 1207 cura
1916 1168 2015 1222 pa-

404 1251 734 1306 seendarum
773 1251 958 1306 ovium
989 1256 1311 1321 occupatam
1350 1257 1406 1304 et
1444 1248 1626 1303 ncndo
1657 1246 2011 1301 diducentem

405 1344 475 1398 de
492 1343 613 1398 colo
645 1341 757 1396 ﬁla.
778 1341 1060 1397 Mulierem
1085 1342 1399 1412 compellat,
1423 1347 1477 1395 et
1504 1340 1606 1394 sibi
1632 1338 1720 1393 ﬁla
1737 1337 1853 1392 dari
1881 1354 2015 1409 sup-

402 1437 526 1508 plex
553 1436 815 1507 postulat,
847 1443 901 1491 et
930 1451 1028 1491 cur
1065 1436 1307 1506 postulet
1336 1451 1553 1491 causam
1588 1434 1747 1497 dicit;
1789 1448 2015 1504 remque

403 1540 623 1581 omnem
656 1524 850 1579 ordine
879 1524 1086 1596 pandit.
1120 1524 1472 1579 Audiensilla
1498 1523 1814 1579 exsecrandi
1841 1524 2016 1577 scele-

404 1618 479 1671 ris
524 1616 906 1682 acerbitatem,
950 1616 1128 1687 primo
1168 1617 1498 1672 horrescens
1537 1615 1746 1685 stupuit
1805 1615 2013 1671 Deinde

410 1709 763 1765 humanitatis
780 1708 977 1764 aﬂeetu
1005 1725 1149 1780 pene
1171 1709 1239 1763 ad
1270 1710 1536 1781 lacrymas
1567 1709 1831 1763 adducta:
1860 1708 2011 1772 Quod

405 1797 568 1869 petis,
603 1798 805 1868 inquit,
848 1813 887 1852 0
936 1813 1091 1868 puer,
1132 1798 1314 1853 libens
1355 1798 1563 1865 darem,
1597 1798 1695 1853 sed
1727 1806 1809 1853 est
1866 1806 2015 1854 certa

405 1903 570 1943 causa
593 1893 652 1942 ut
684 1888 976 1962 denegem.
1011 1886 1405 1942 Matrifamilias
1452 1888 1681 1958 quippe,
1715 1887 1799 1941 cui
1840 1888 2016 1943 ancil-

405 1977 507 2043 lor,
541 1976 798 2031 diurnum
843 1992 1075 2047 pensum
1108 1976 1315 2041 debeo;
1359 1976 1507 2047 quod
1538 1976 1583 2030 si
1636 1976 1803 2031 fuerit
1834 1977 2012 2032 mino-

403 2075 602 2136 ratum,
660 2084 771 2124 non
803 2067 1027 2139 impune
1065 2068 1259 2137 feram,
1304 2083 1406 2123 nec
1442 2068 1703 2123 damnum
1732 2067 2010 2143 effugiam.

406 2159 564 2225 Dixit,
588 2165 641 2213 et
662 2158 829 2213 animi
862 2158 1298 2229 compassionem
1324 2173 1656 2229 praeponens
1686 2158 1889 2222 timori,
1914 2159 2015 2212 de-

405 2251 484 2305 dit
512 2252 820 2307 voluntarie
850 2250 942 2305 ﬁla
966 2251 1197 2322 petenti.

472 2340 561 2394 13.
605 2339 837 2411 Campos
860 2341 970 2395 voti
994 2358 1133 2413 puer
1159 2341 1457 2412 repedabat
1476 2341 1832 2412 quantocius;
1862 2348 1915 2396 et
1945 2359 2014 2397 ne

404 2445 528 2483 eum
570 2430 783 2503 pigeret
821 2430 1044 2497 laboris,
1102 2431 1361 2500 majorem
1406 2440 1533 2487 voto
1581 2432 2014 2487 consolationem

403 2520 615 2591 accepit
645 2520 927 2574 divinitus.
967 2522 1179 2575 Invenit
1208 2539 1443 2592 namque
1476 2523 1585 2577 duo
1620 2523 1907 2576 luminaria
1947 2524 2014 2577 ad

402 2622 568 2685 caput
597 2623 650 2668 et
696 2615 867 2684 pedes
907 2615 1159 2685 martyris
1215 2616 1542 2671 altrinsecus
1584 2616 1855 2671 lucentia:
1887 2617 2016 2681 Quis

404 2723 512 2763 non
572 2708 802 2762 miretur
856 2716 969 2773 tua,
1017 2707 1244 2772 Christe,
1293 2708 1607 2779 magnalia?
1653 2709 1788 2773 Quia
1834 2709 2014 2765 Theo-

403 2805 607 2859 dardus
648 2805 737 2858 lux
780 2805 833 2858 in
867 2805 1095 2859 Domino
1136 2805 1334 2871 fuerat,
1371 2812 1424 2859 et
1454 2812 1511 2859 ut
1551 2805 1696 2859 ﬁlius
1723 2806 1857 2860 lueis
1907 2824 2016 2861 am-

401 2896 713 2960 bulaverat;
742 2905 794 2949 tu
827 2895 916 2948 lux
948 2912 1094 2960 vera,
1127 2911 1347 2950 omnem
1375 2897 1652 2951 hominem
1680 2897 2013 2961 illuminans,

402 2988 727 3059 obsequium
760 2986 984 3041 luminis
1027 3004 1124 3057 per
1152 2988 1460 3061 angelicum
1494 2990 1857 3044 ministerium
1889 3008 2016 3061 pro-

402 3077 602 3133 curasti
636 3076 913 3146 exsequiis
945 3075 1113 3137 illius,
1146 3093 1309 3146 quem
1344 3078 1410 3130 de
1442 3079 1633 3131 mundi
1678 3080 1924 3133 tenebris
1948 3082 2027 3135 ad.

2126 505 2379 560 ancillam
2440 507 2794 565 innocentem
2855 519 2909 567 et
2949 520 3144 570 sancto
3211 519 3437 590 martyri
3496 523 3757 584 devotam

2122 597 2476 663 percusserit.
2526 597 2709 652 Fletur
2765 599 2834 654 ab
2887 602 3145 658 omnibus
3194 620 3306 675 prae
3363 607 3580 681 laetitia,
3650 617 3761 674 Deo

2118 686 2329 750 laudes,
2378 688 2487 743 Deo
2537 690 2739 763 gratias
2796 693 3163 751 clamantibus
3225 700 3475 757 cunctis:
3543 711 3752 765 crescit

2119 776 2308 831 debita
2335 779 2560 850 martyri
2592 783 2931 850 reverentia;
2965 784 3110 841 fama
3137 788 3288 844 volat
3319 807 3419 861 per
3458 801 3635 853 totam
3670 801 3763 857 vi-

2119 872 2354 940 ciniam;
2386 875 2645 932 discurrit
2677 877 2894 953 longius
2920 896 3020 951 per
3052 889 3223 939 totam
3254 902 3484 961 quoque
3511 896 3749 963 provin-

2118 965 2277 1019 ciam.
2326 967 2774 1038 Quaquaversum
2824 973 3016 1029 oculos
3068 974 3345 1048 ﬂecteres,
3395 997 3756 1043 concurren-

2116 1059 2251 1114 tium
2287 1060 2478 1115 turbas
2541 1078 2821 1119 cerneres.
2853 1065 3283 1139 Materfamilias,
3327 1090 3453 1145 quae
3493 1093 3665 1136 causa
3702 1092 3761 1138 et

2117 1156 2272 1250 testis
2301 1163 2415 1212 erat
2437 1158 2581 1250 tanti
2615 1161 2886 1229 miraculi,
2927 1170 3093 1220 totam
3126 1182 3187 1222 se
3223 1169 3509 1238 rejiciebat
3538 1174 3597 1230 in
3628 1195 3761 1250 gra-

2117 1246 2241 1300 tiam
2275 1247 2450 1302 sancti
2480 1250 2758 1321 martyris,
2787 1251 2959 1308 verbo
2999 1260 3053 1309 et
3082 1260 3335 1329 exemplo
3363 1277 3463 1318 suo
3506 1246 3760 1323 invitans

2115 1353 2309 1393 omnes
2365 1339 2433 1393 ad
2478 1341 2807 1413 obsequium
2863 1346 3183 1403 celebrandi
3222 1349 3452 1409 funeris.
3505 1355 3759 1415 Docebat

2116 1444 2297 1484 rerum
2331 1430 2654 1489 vicissitudo
2695 1434 2884 1490 dolere
2912 1453 3015 1507 pro
3047 1446 3342 1511 extraneo;
3377 1454 3433 1500 at
3459 1446 3626 1503 insita
3651 1450 3761 1506 ho-

2116 1518 2249 1572 mini
2279 1526 2485 1575 naturae
2515 1523 2690 1592 pietas
2712 1524 2969 1581 eliciebat
3007 1537 3061 1583 et
3098 1530 3388 1602 lacrymas.
3422 1535 3554 1600 Quis
3586 1539 3751 1593 enim

2114 1618 2300 1680 posset
2350 1613 2540 1669 videre
2589 1616 2711 1670 sine
2750 1617 3008 1689 laerymis
3057 1623 3207 1693 quod
3247 1625 3417 1697 etiam
3455 1630 3755 1700 sepultura

2116 1708 2305 1774 egeret
2321 1702 2403 1757 vir
2428 1705 2575 1773 apud
2601 1706 2861 1762 saeculum
2894 1714 3056 1763 tantae
3087 1713 3368 1783 quondam
3402 1717 3743 1787 nobilitatis,

2118 1798 2280 1845 tanta:
2312 1791 2368 1845 in
2395 1792 2637 1850 Ecclesia
2670 1795 2955 1868 dignitatis
2986 1806 3149 1856 tanta
3200 1805 3347 1874 apud
3376 1806 3551 1862 Deum
3594 1824 3747 1864 san-

2115 1880 2336 1936 ctitatis.

2188 1974 2273 2027 15.
2308 1975 2549 2030 lnstatur
2591 1993 2723 2050 ergo
2761 1979 2830 2035 ab
2872 1983 3154 2056 omnibus,
3193 1994 3252 2043 ut
3279 1988 3545 2047 decenter
3590 1994 3750 2063 justa

2116 2066 2414 2154 sepulturae
2446 2070 2786 2139 expleantur.
2849 2074 2942 2128 lsti
2975 2075 3203 2133 vulnera
3232 2080 3490 2137 mollibus
3535 2087 3746 2154 pannis

2116 2153 2420 2218 exsiccant;
2483 2156 2570 2211 isti
2602 2166 2783 2215 vestes
2820 2164 3095 2236 sanguine
3140 2176 3329 2223 saneto
3381 2153 3618 2227 infectas
3671 2176 3747 2230 ad

2116 2243 2199 2297 sui
2233 2246 2599 2314 patrocinium
2631 2261 2944 2320 reservant;
2990 2257 3238 2313 membra
3263 2260 3398 2315 satis
3443 2262 3645 2319 deﬂeta
3686 2265 3747 2320 in

2116 2337 2415 2407 gestatorio
2474 2350 2705 2409 ponunt,
2754 2350 2809 2399 et
2852 2345 3095 2415 pretiosa
3135 2350 3411 2407 velamina
3458 2370 3742 2427 superpo-

2121 2435 2278 2481 nunt.
2317 2429 2723 2487 Materfamilias
2789 2434 2968 2492 locum
3023 2440 3322 2511 sepultura:
3372 2446 3640 2511 condicit,
3686 2455 3745 2504 et

2112 2519 2260 2610 juxta
2287 2536 2442 2575 suum
2478 2526 2794 2581 condictum
2830 2528 2884 2582 in
2919 2529 3036 2586 loco
3069 2534 3162 2603 qui
3196 2534 3398 2590 dicitur
3428 2536 3540 2593 Nec
3572 2540 3743 2610 (989),

2118 2608 2361 2663 tumbam
2398 2611 2618 2682 disponi
2648 2613 2788 2670 facit.
2828 2617 3023 2673 Levato
3055 2623 3306 2691 corporis
3336 2623 3541 2694 loculo,
3595 2608 3743 2684 nunc

2118 2695 2207 2750 isti
2242 2713 2386 2753 nunc
2409 2699 2486 2752 illi
2516 2702 2763 2775 gaudent
2799 2708 3100 2763 succedere
3132 2710 3374 2766 vicissim
3409 2715 3565 2770 oneri
3609 2733 3745 2772 eor-

2118 2786 2269 2856 poris
2300 2787 2511 2842 ferendi
2569 2791 2671 2844 Alii
2705 2809 2833 2848 vero
2866 2797 3230 2865 praeeedendo
3261 2801 3457 2871 planas
3500 2806 3619 2861 vias
3640 2807 3742 2861 ba-

2112 2877 2245 2946 julis
2270 2881 2589 2938 ostendunt.
2634 2881 2764 2938 Cum
2822 2892 2971 2942 tanta
3001 2891 3182 2945 omnis
3210 2893 3426 2949 ordinis
3477 2903 3533 2951 ct
3563 2901 3743 2955 astatis

2119 2979 2171 3023 et
2198 2971 2497 3041 promiscui
2525 2990 2687 3029 sexus
2728 2976 3057 3049 frequentia,
3092 2998 3217 3037 cum
3250 2985 3343 3040 tali
3366 2987 3745 3054 ,‘humanitatis

2119 3070 2167 3112 et
2203 3060 2511 3116 devotionis
2532 3066 2837 3121 reverentia
2876 3069 3226 3127 celebrantur
3254 3077 3428 3131 sancti
3486 3082 3742 3151 martyris

403 3123 602 3133 πω--.
639 3123 912 3146 ν.--ν.,--.ν.
1150 3123 1309 3146 γε---
1347 3123 1409 3130 --ν
1443 3123 1633 3131 "mw.
1679 3123 1924 3133 .υ..ν.,...,
2977 3123 2980 3124 ν
3038 3123 3214 3127 mn-—
3487 3123 3741 3151 ..ω-,ευρ

400 3184 582 3223 veram
614 3174 990 3236 aeternamque
1042 3165 1217 3219 lucem
1278 3180 1586 3220 voeaveras.
1640 3167 1749 3223 lloc
1778 3169 2011 3224 miracu-
2039 3123 2406 3226 (δεκεοίιυίδθ,
2454 3166 2507 3211 el
2537 3174 2739 3230 corpus
2767 3161 3073 3219 honoriﬁce
3120 3170 3441 3224 lumnlalm‘.
3488 3172 3607 3228 Jam
3659 3176 3741 3230 la-

402 3264 512 3317 lum
544 3260 737 3329 majori
770 3259 1031 3314 miraculo
1076 3259 1247 3313 virtus
1292 3260 1475 3315 divina
1506 3260 1811 3329 conﬁrmat,
1846 3271 1902 3318 ut
1931 3266 2012 3319 ci-

400 3353 509 3407 tius
555 3358 610 3406 et
640 3350 891 3405 (litlusius
923 3365 1121 3405 nomen
1153 3360 1207 3404 et
1251 3351 1504 3405 meritum
1560 3354 1811 3423 martyris
1858 3355 2012 3410 inno-

401 3450 592 3498 tescat.
622 3441 834 3506 Mulier,
860 3456 980 3511 qum
1014 3456 1240 3510 pensum
1288 3457 1444 3495 suum
1491 3458 1588 3512 pro
1618 3443 1887 3515 obsequio
1942 3444 2009 3498 il-

400 3533 509 3587 lius
538 3530 850 3597 minoravit,
884 3530 1098 3600 vesperi
1134 3531 1404 3584 revocatis
1442 3532 1508 3585 ad
1554 3531 1737 3586 caulas
1789 3533 2007 3599 Ovibus,

400 3638 633 3694 pensum
667 3620 923 3674 diurnum
956 3619 1195 3674 dominae
1239 3619 1497 3674 reddidit.
1530 3621 1683 3685 Quod
1731 3622 1859 3693 quia
1903 3624 2009 3677 mi-

397 3718 646 3766 noratum
702 3710 875 3764 sensit
913 3709 1160 3776 domina,
1203 3708 1409 3764 fraudis
1446 3711 1697 3765 ancillam
1748 3729 2006 3787 arguens,

393 3813 556 3878 caput
584 3805 732 3859 illius
764 3805 911 3877 gravi
965 3805 1075 3859 ictu
1108 3804 1398 3876 percussit.
1434 3804 1541 3859 Sed
1574 3807 1667 3861 Dei
1700 3807 1873 3877 pictas
1902 3824 2004 3862 an-

392 3898 572 3954 cillam
608 3897 814 3952 fraudis
845 3904 1095 3952 excusat:
1155 3896 1379 3951 domina
1423 3896 1572 3950 enim
1614 3898 1792 3953 subita
1822 3900 2005 3955 oculo-

395 4004 512 4042 rum
542 3987 788 4042 ea‘eitate
822 4002 1083 4056 percussa
1122 3986 1389 4038 exclamat
1420 4000 1541 4039 cum
1580 3985 1782 4056 ejulatu
1824 3988 1888 4040 ad
1924 3989 2003 4041 fa-

390 4078 621 4142 mulam,
663 4077 933 4132 exclamat
965 4085 1018 4131 et
1052 4076 1252 4130 famula
1291 4093 1443 4129 suam
1479 4077 1791 4132 miserando
1824 4079 2001 4132 domi-

390 4185 537 4223 nam.
570 4170 675 4223 Res
709 4168 1023 4239 publicatur
1054 4185 1151 4237 per
1183 4168 1480 4232 familiam;
1515 4167 1657 4222 fama
1715 4170 1791 4223 rei
1834 4177 1999 4225 totam

387 4259 571 4312 villam
606 4258 735 4312 facit
766 4258 1068 4312 attonitam.
1100 4257 1307 4312 Ancilla
1336 4273 1514 4311 coram
1539 4259 1752 4313 cunctis
1779 4276 1999 4315 causam

388 4348 648 4403 eaecitatis
676 4347 837 4401 illatzc
871 4347 1117 4417 exponit,
1152 4354 1204 4400 et
1233 4354 1290 4401 ut
1317 4348 1477 4417 culpa
1507 4347 1598 4401 ﬁat
1623 4349 1853 4403 venialis
1880 4351 2001 4405 Ιιοτο

389 4447 530 4494 tatur
560 4446 620 4494 ut
646 4441 934 4508 praesulem
966 4438 1072 4492 sibi
1109 4438 1449 4504 reconciliet,
1493 4449 1551 4493 ut
1582 4439 1788 4504 lumen,
1852 4443 1998 4513 quod

386 4529 597 4587 offensa
627 4529 736 4585 sibi
785 4529 1106 4599 abstulerat,
1140 4529 1428 4601 impetrata
1466 4545 1496 4585 a
1526 4529 1638 4585 Deo
1677 4530 1884 4600 veniat,
1916 4548 2004 4589 re-

388 4629 615 4679 stauret.

459 4719 542 4772 14.
596 4716 752 4793 Cogit
787 4717 1066 4773 dominam
1116 4716 1387 4789 angustia,
1446 4723 1505 4771 ut
1544 4714 1731 4771 verbis
1786 4718 2000 4775 ancillae

383 4807 609 4862 credula
639 4807 888 4863 consulat
931 4823 1044 4862 suae
1083 4805 1337 4860 miseriae.
1397 4805 1539 4859 Duce
1568 4806 1788 4873 ancilla,
1849 4809 1998 4863 venit

383 4900 611 4954 domina
653 4901 719 4953 ad
768 4900 945 4956 locum
978 4900 1072 4954 ubi
1124 4900 1344 4969 jacebat
1393 4916 1593 4970 corpus
1646 4899 1991 4965 venerabile;

382 4988 530 5061 quod
558 4989 633 5043 ita
662 4988 850 5043 videre
891 4990 1180 5058 disjeetum
1214 4997 1329 5044 erat
1359 4990 1617 5046 omnibus
1649 4989 1987 5046 miserabile.

381 5079 614 5136 Domina
647 5096 742 5151 pro
770 5097 909 5136 caesa
948 5082 1147 5150 injuste
1178 5082 1378 5137 ancilla
1407 5083 1621 5154 culpam
1673 5083 1891 5147 fatetur,
1939 5092 1992 5140 et

381 5183 441 5228 ut
471 5180 746 5229 mereatur
772 5173 1065 5244 impetrare
1114 5175 1329 5230 veniam
1356 5176 1497 5231 votis
1546 5182 1599 5230 et
1625 5176 1784 5230 donis
1813 5177 1991 5247 placat

380 5266 556 5323 sancti
604 5268 857 5337 martyris
885 5267 1133 5342 gratiam.
1186 5270 1411 5335 Quando
1468 5269 1571 5325 fuit
1627 5270 1853 5326 difﬁcile
1886 5273 1994 5330 Deo

383 5355 645 5411 exaudire
687 5371 880 5428 preces
907 5356 1228 5413 miserorum
1263 5358 1498 5414 ﬁdeliter
1522 5359 1589 5413 ad
1643 5376 1703 5414 se
1751 5360 1992 5416 claman-

382 5448 560 5503 tium?
586 5449 802 5512 Mulier,
850 5448 1139 5519 impetrata
1165 5450 1346 5517 venia,
1378 5451 1583 5525 gaudet
1624 5451 1867 5506 redivivo
1908 5454 1990 5507 lu-

382 5537 552 5607 mine,
582 5547 637 5595 et
687 5537 886 5593 videns
933 5537 1181 5592 membra
1208 5540 1382 5593 sancti
1435 5540 1687 5611 corporis
1736 5541 1853 5596 suis
1881 5541 1987 5597 ﬁlis

2111 3258 2324 3313 crymas
2356 3246 2603 3300 omnium
2659 3264 2722 3302 ea
2753 3265 2918 3306 causa
2954 3256 3236 3324 repressit,
3281 3260 3432 3329 quod
3470 3264 3725 3336 gauden-

2112 3333 2240 3387 dum
2272 3334 2380 3389 sibi
2409 3351 2530 3391 esse
2578 3338 2903 3407 credebant,
2944 3358 3001 3397 se
3060 3346 3195 3400 tanti
3250 3350 3398 3418 apud
3432 3333 3602 3407 Deum
3636 3356 3735 3410 ba-
3778 3409 3793 3421 ,

2112 3426 2252 3491 beri,
2293 3429 2440 3498 quod
2483 3429 2761 3499 insperato
2806 3434 2888 3488 eis
2919 3441 3212 3504 patronum
3246 3441 3379 3495 tanti
3410 3444 3593 3500 meriti
3626 3447 3731 3501 mi-

2111 3516 2295 3583 sisset,
2329 3519 2422 3589 qui
2457 3519 2560 3573 sibi
2616 3530 2804 3577 eontra
2836 3526 3024 3581 omnia
3077 3529 3306 3585 adversa
3347 3535 3607 3603 praesidio
3648 3540 3731 3592 vel

2112 3610 2357 3665 remedio
2389 3619 2550 3667 esset.
2589 3612 2797 3670 Coeunt
2822 3617 3067 3690 undique
3101 3618 3449 3679 inﬁrmorum
3482 3628 3725 3702 agmina,

2110 3715 2210 3768 per
2261 3704 2457 3755 merita
2515 3704 2640 3758 novi
2700 3707 2954 3778 martyris
3008 3712 3348 3780 sperantium
3401 3719 3729 3789 consequia

2109 3792 2221 3846 Deo
2254 3794 2569 3849 morborum
2604 3798 2987 3855 medicamina.
3039 3803 3178 3866 Quot
3235 3804 3309 3858 ibi
3351 3807 3575 3876 pietatis
3603 3826 3730 3882 ope-

2107 3901 2185 3952 ra,
2220 3886 2366 3957 quod
2395 3886 2691 3943 sanitatum
2715 3890 3023 3961 jbeneﬁeia,
3054 3910 3217 3964 quam
3274 3896 3599 3969 frequentes
3623 3916 3729 3958 ca:-

2105 3995 2291 4032 eorum
2341 3978 2790 4047 illuminationes,
2824 3985 2971 4054 quod
3009 3985 3441 4042 febricitantium
3474 3993 3722 4046 curatio-

2107 4086 2204 4124 nes
2257 4071 2331 4124 ibi
2383 4072 2737 4141 provenerint
2768 4091 2866 4144 per
2911 4076 3219 4132 'l‘heodardi
3281 4081 3613 4148 patrocinia,
3641 4089 3719 4138 te-

2103 4170 2317 4216 stantur
2364 4164 2533 4218 multa
2592 4165 3012 4236 paralyticorum
3068 4169 3331 4224 subsellia
3382 4181 3435 4226 et
3488 4173 3722 4243 plurima

2106 4272 2287 4310 rerum
2318 4266 2694 4322 monumenta,
2726 4276 2849 4329 quae
2903 4261 3151 4331 pendent
3209 4262 3283 4316 ibi
3316 4263 3387 4317 ab
3420 4264 3618 4321 incolis
3647 4266 3725 4321 af-

2107 4345 2230 4413 ﬁxa,
2292 4355 2348 4401 ut
2389 4363 2487 4416 per
2528 4347 2642 4401 hzee
2699 4357 2983 4403 recenseat
3032 4352 3297 4406 memoria
3356 4364 3723 4423 posterorum,

2105 4442 2311 4509 quanta
2350 4435 2426 4490 ibi
2487 4453 2585 4507 per
2635 4452 2833 4492 nomen
2867 4438 3177 4494 Tlteodardi
3236 4440 3498 4498 claruerit
3553 4444 3721 4519 gratia

2027 4496 2086 4567 Β
2105 4496 2222 4584 Dei.

2177 4622 2260 4677 16,
2296 4621 2459 4677 Fama
2488 4621 2651 4697 longe
2678 4621 2898 4695 lateque
2927 4625 3213 4698 evagando
3245 4624 3525 4683 subintrat
3560 4628 3721 4685 Wan-

2102 4711 2330 4787 gionum
2372 4712 2584 4779 urbem,
2626 4728 2749 4783 qua:
2798 4728 2947 4767 nunc
3004 4713 3305 4769 Wormatia
3343 4727 3720 4789 nuncupatur;

2099 4809 2153 4857 et
2205 4810 2491 4873 postquam
2566 4801 2913 4873 popularium
2971 4819 3134 4858 aures
3177 4815 3233 4859 et
3278 4804 3501 4880 linguas
3551 4807 3720 4862 multo

2098 4895 2345 4966 implevit
2366 4894 2628 4957 susurrio,
2661 4894 2730 4948 ad
2759 4895 2938 4965 ipsum
2969 4911 3196 4967 quoque
3239 4897 3393 4951 urbis
3425 4901 3714 4968 praesulem

2098 4988 2234 5044 viam
2255 4988 2360 5042 sibi
2394 4986 2537 5043 fecit.
2583 4987 2810 5054 Prresul,
2844 5003 3070 5043 excessu
3117 4989 3266 5044 beati
3299 4990 3476 5045 Patris
3510 4991 3716 5057 audito,

2093 5088 2216 5152 post
2240 5080 2402 5153 longa
2431 5079 2500 5133 ab
2555 5078 2663 5132 imo
2710 5086 2932 5148 pectore
2972 5080 3136 5134 ducta
3170 5080 3413 5150 suspiria
3458 5081 3710 5137 diversus

2090 5173 2195 5229 sibi
2243 5171 2581 5243 agitabatur:
2628 5188 2867 5243 namque
2913 5171 3237 5226 tristabatur
3288 5178 3343 5227 et
3401 5173 3706 5230 laetabatur.

2094 5262 2431 5316 Tristabatur
2482 5266 2706 5331 propter
2759 5267 3131 5331 perpetratum
3183 5260 3327 5315 intra
3375 5277 3532 5317 suam
3572 5262 3705 5317 dice-

2092 5356 2260 5411 cesim
2292 5355 2528 5408 immane
2558 5353 2772 5418 scelus;
2806 5368 2967 5423 porro
3018 5352 3307 5408 laetabatur
3348 5365 3578 5426 propter
3602 5355 3713 5410 eol-

2092 5446 2260 5500 latum
2299 5443 2515 5498 emlitus
2560 5441 2919 5498 dimcesisure
2953 5441 3321 5512 patrocinium
3366 5444 3495 5498 novi
3519 5450 3710 5513 marty-

2090 5541 2186 5596 ris.
2217 5539 2512 5613 Progressa
2540 5537 2770 5592 ulterius
2815 5536 2976 5605 fama,
3029 5535 3212 5610 attigit
3247 5538 3439 5593 urbem
3481 5538 3705 5609 Spiram,

451 5705 589 5776 (989)
612 5705 763 5761 Circa
786 5700 1135 5767 Laudaviam,
1162 5702 1445 5771 imperiale
1477 5705 1742 5775 Oppidum
1775 5705 2032 5761 dimcesis
2055 5703 2354 5777 Spirensis.
