3960 6198
286 339 399 394 757

1615 332 1769 388 νιΤΑ
1806 331 1857 386 8.
1902 330 2300 386 THEODARDI.

3517 325 3623 381 ⁸758

278 482 447 539 quam
479 464 775 537 antiquitas
800 464 1088 519 Nemetum
1115 462 1459 534 appellabat;
1490 476 1594 516 nec
1633 460 1905 516 subtraxit
1929 469 1979 534 Α
2008 473 2154 525 cum,
2193 457 2289 511 ubi
2316 472 2518 528 corpus
2539 456 2784 512 defuncti
2818 457 2987 527 patris
3013 456 3484 530 peregrinabatur.
3523 455 3623 511 Ubi

280 556 485 626 pedem
527 553 595 608 ab
647 552 786 608 urbe
825 552 1147 624 Argentina,
1171 568 1335 623 quam
1369 552 1692 607 Strazborch
1725 551 1907 605 nomi-

278 655 377 702 nat
404 645 709 701 Teutonica
738 644 952 717 lingua.
992 642 1181 699 Totam
1216 644 1521 717 regionem,
1554 660 1717 715 quam
1749 643 1907 698 alluit

284 740 536 804 Rhenus,
571 736 877 808 perlabitur
915 734 1058 790 fama
1096 742 1260 791 vento
1302 736 1577 801 velocius;
1611 751 1712 791 nec
1755 734 1905 791 cele-

277 831 396 886 rius
426 840 519 885 aut
544 828 765 904 longius
790 827 982 882 deﬂuit
1021 827 1171 882 unda
1208 828 1404 894 Rheni,
1453 845 1618 900 quam
1661 828 1906 883 decurrit

279 924 426 980 fama
463 923 626 992 hujus
658 922 767 989 rei;
801 936 904 975 nec
929 920 1201 975 citerioris
1258 921 1391 992 ripae
1423 923 1602 992 spatio
1648 929 1906 978 contenta

280 1013 488 1086 vagari,
541 1011 845 1067 Germaniae
886 1009 1150 1065 terminos
1195 1010 1454 1081 utrinque
1506 1011 1700 1085 attigit.
1733 1011 1904 1067 Wan-

278 1103 512 1175 gionum
548 1101 747 1173 praesul
780 1117 891 1172 prae
922 1100 1139 1157 cunctis
1167 1117 1335 1172 super
1357 1102 1458 1157 hac
1489 1118 1547 1157 re
1578 1116 1902 1175 suspensos,

282 1193 578 1248 invitat'ad
616 1209 677 1247 se
706 1191 1008 1248 vicinarum
1041 1191 1259 1246 urbium
1315 1193 1602 1263 praesules,
1639 1201 1905 1250 convocat

286 1288 457 1344 totius
482 1286 789 1358 provinciae
802 1286 1065 1357 primates
1093 1293 1147 1341 et
1172 1286 1500 1357 optimates;
1532 1288 1665 1359 quid
1696 1288 1900 1344 facien-

283 1381 420 1435 dum
450 1379 555 1434 sibi
597 1378 668 1434 sit
705 1394 872 1449 super
910 1379 1014 1433 hoc
1060 1378 1251 1444 verbo,
1302 1379 1449 1451 quod
1482 1381 1746 1436 Dominus
1777 1380 1904 1436 fecit

280 1481 337 1529 et
379 1472 621 1529 ostendit
669 1471 772 1537 eis,
827 1486 1017 1527 eorum
1058 1471 1293 1527 consilio
1334 1472 1628 1528 committit
1665 1472 1902 1529 liceatne

277 1566 390 1621 sibi
431 1579 634 1635 corpus
663 1563 839 1618 sancti
893 1565 1143 1634 praesulis
1185 1579 1443 1619 amovere
1502 1565 1570 1618 ab
1600 1565 1902 1639 indigniori

277 1658 426 1724 loco,
458 1663 512 1711 et
539 1656 608 1711 ad
639 1655 903 1723 majorem
950 1657 1240 1711 ecclesiam
1289 1662 1678 1727 tranSportarc.
1726 1656 1904 1712 Facile

281 1754 369 1803 est
398 1762 464 1801 eo
504 1744 801 1800 transferre
843 1745 1160 1812 consilium,
1191 1745 1286 1800 ubi
1322 1745 1377 1798 in
1410 1761 1580 1800 unum
1610 1746 1906 1816 transpirat

278 1837 539 1893 voluntas
595 1835 865 1890 omnium.
908 1835 948 1889 A
979 1835 1261 1890 communi
1295 1835 1527 1891 consilio
1569 1852 1739 1890 unum
1770 1852 1904 1892 con-

278 1929 418 2001 cipit
448 1944 733 1984 assensum
776 1926 997 1982 devotio
1048 1928 1317 1994 omnium,
1358 1928 1426 1983 ad
1468 1929 1728 1998 majorem
1761 1945 1902 1983 mar-

280 2021 416 2093 tyris
473 2020 703 2095 gloriam
755 2034 958 2090 corpus
1021 2018 1142 2089 ejus
1197 2035 1319 2075 esse
1369 2020 1498 2075 inde
1560 2019 1901 2076 transferen-

281 2114 435 2169 dum.
1881 2130 1886 2134 δ

358 2210 444 2264 16.
482 2207 578 2263 Die
620 2207 689 2262 ad
720 2208 827 2262 hoc
857 2206 1114 2263 condicto
1145 2207 1214 2262 ab
1244 2208 1502 2263 omnibus
1529 2208 1895 2275 concurritur,

279 2312 337 2361 et
370 2320 632 2359 numerus
663 2302 994 2358 conﬂuentis
1018 2303 1209 2374 populi
1245 2319 1357 2359 non
1397 2311 1515 2359 erat
1563 2304 1763 2360 certior
1792 2320 1897 2358 nu-

277 2408 437 2450 mero
461 2394 741 2449 stellarum
782 2393 904 2447 coeli
953 2392 1072 2447 Jam
1104 2408 1163 2447 se
1190 2393 1556 2464 occingebant
1581 2393 1759 2462 operi,
1784 2393 1896 2465 jam

277 2484 530 2540 tumulus
561 2481 737 2537 sancti
779 2481 1034 2552 martyris
1073 2481 1312 2537 debebat
1350 2482 1569 2554 aperiri.
1624 2483 1731 2537 Sed
1786 2497 1898 2537 non

278 2585 369 2635 est
409 2579 564 2646 ratio,
598 2594 711 2633 non
744 2584 823 2633 est
859 2580 1143 2633 comitium
1181 2584 1370 2633 contra
1408 2581 1696 2634 Dominum
1725 2581 1897 2644 (Prov.

274 2686 391 2735 χχι,
421 2667 533 2739 30),
588 2668 715 2739 quia
746 2673 943 2723 natura
994 2683 1200 2733 rerum,
1243 2668 1485 2722 militans
1531 2683 1629 2738 pro
1669 2667 1901 2723 Domino

281 2775 495 2825 rerum,
519 2756 742 2813 obsistit
764 2757 908 2828 ipsis
922 2757 1343 2812 obsistentibus.
1380 2756 1585 2812 Caelum
1610 2757 1794 2812 subito
1814 2756 1902 2811 in-

282 2849 520 2914 horruit,
554 2857 607 2903 et
638 2848 868 2903 horrore
915 2863 1016 2902 suo
1039 2854 1237 2901 terram
1277 2846 1614 2915 tremefecit;
1643 2863 1906 2918 praenun-

280 2938 423 2994 tiant
454 2944 834 3008 tempestatem
876 2937 1272 3008 prmcurrentia
1309 2944 1598 2993 ventorum
1651 2955 1906 2993 murmu-

283 3046 383 3096 ra;
444 3029 783 3103 prmstringit
831 3029 1019 3084 oculos
1067 3044 1315 3099 praesens
1343 3027 1620 3103 fulgurum
1662 3045 1913 3085 corusca-

2009 556 2299 621 postquam
2355 548 2519 604 solvit
2557 548 2844 618 lacrymas,
2881 564 3017 618 quas
3072 548 3312 603 debebat
3342 546 3488 603 ﬁlius
3516 563 3620 619 pa-

2006 641 2096 707 tri,
2131 640 2325 711 pandit
2375 639 2573 694 incolis
2629 646 2789 694 terrae
2836 654 3057 693 causam
3107 638 3192 692 sui
3228 639 3515 703 adventus,
3573 645 3627 693 et

2008 729 2167 800 petit,
2203 745 2270 783 ne
2311 728 2437 800 quis
2493 743 2687 783 eorum
2730 743 2829 782 suo
2880 726 3159 781 desiderio
3190 726 3531 780 contradicat
3555 726 3625 780 de

2009 817 2300 873 referendo
2346 832 2577 888 corpore
2636 816 2826 887 patris.
2883 816 3000 871 Uno
3050 814 3299 870 omnium
3348 829 3441 869 ore
3489 828 3627 868 con-

2008 907 2296 964 tradicitur
2361 907 2682 974 Lamberto;
2733 904 3151 962 conclamabant
3225 903 3373 959 enim
3434 918 3628 958 omnes

2005 1018 2127 1059 esse
2154 1020 2312 1059 suum
2343 1003 2469 1072 jure
2499 1002 2904 1069 Theodardum,
2944 1017 3109 1073 quem
3127 999 3237 1055 sibi
3268 1013 3367 1071 pro
3395 1005 3626 1070 patrono

2004 1092 2148 1148 Deus
2196 1091 2340 1147 ultro
2373 1092 2603 1157 miserit,
2649 1091 2849 1163 quibus
2906 1107 3005 1162 per
3060 1106 3185 1145 eum
3245 1096 3325 1144 tot
3362 1087 3629 1143 miracula

2003 1186 2333 1252 ostenderit,
2377 1194 2432 1240 et
2472 1200 2670 1259 magno
2714 1200 2896 1239 rerum
2944 1183 3208 1238 miraculo
3253 1181 3511 1248 vetuerit,
3558 1196 3629 1234 ne

2004 1281 2073 1335 ab
2099 1281 2377 1352 episc0pis
2405 1280 2702 1352 proyinciae
2751 1295 2956 1351 corpus
3007 1284 3257 1334 sanctum
3310 1276 3418 1332 alio
3450 1285 3627 1331 trans-

2008 1382 2337 1445 portaretur.

2075 1464 2164 1518 19.
2219 1465 2298 1519 lta
2346 1464 2667 1519 Lambertus
2718 1464 2900 1535 impos
2946 1464 3059 1519 voti
3106 1463 3413 1533 Trajectum
3463 1460 3625 1528 redit,

2005 1561 2065 1608 ut
2110 1568 2236 1608 cum
2266 1552 2417 1607 clero
2450 1559 2503 1607 et
2543 1553 2749 1624 populo
2779 1568 2846 1607 ea
2874 1552 2944 1605 de
2983 1567 3041 1606 re
3099 1557 3243 1624 agat.
3280 1549 3466 1605 Clerus
3496 1565 3628 1605 vero

2006 1652 2060 1700 et
2084 1645 2322 1715 populus
2346 1646 2513 1700 totius
2530 1646 2748 1717 pondus
2776 1643 3162 1700 reiLamberto
3194 1643 3448 1714 imponit.
3479 1641 3630 1697 Lam-

1931 1768 1982 1836 B
2006 1736 2198 1792 bertus
2223 1736 2331 1791 alia
2369 1736 2455 1790 via
2508 1737 2730 1791 vincere
2771 1752 3082 1810 aggressus,
3134 1736 3338 1790 multos
3375 1744 3630 1807 sumptus

2007 1837 2064 1885 et
2101 1836 2442 1886 commeatus
2469 1831 2573 1885 viae
2613 1839 2862 1901 apparat,
2911 1830 3145 1885 multum
3179 1829 3296 1884 auri
3324 1836 3379 1884 et
3416 1831 3627 1902 argenti

2006 1929 2061 1977 et
2086 1923 2316 1977 aliarum
2354 1924 2666 1994 specierum
2697 1932 3018 1996 congregat,
3052 1930 3106 1978 et
3132 1922 3348 1993 jactans
3380 1938 3535 1993 spem
3566 1922 3623 1976 in

2004 2014 2259 2080 Domino,
2293 2021 2539 2085 optatum
2575 2015 2756 2070 locum
2789 2015 3007 2086 repetit.
3037 2016 3224 2087 Itaque
3255 2013 3498 2086 indignae
3527 2030 3625 2086 pro

2001 2114 2109 2162 tam
2143 2107 2306 2163 celeri
2336 2107 2457 2175 ejus
2522 2108 2703 2162 reditu
2750 2108 3027 2178 suspensi,
3065 2107 3351 2177 excipiunt
3380 2121 3507 2161 eum
3549 2106 3626 2161 fa-

1997 2195 2231 2251 vorabili
2252 2194 2467 2263 affectu,
2495 2203 2552 2250 et
2575 2212 2641 2250 ex
2667 2196 2821 2251 vultu
2856 2202 2910 2249 et
2953 2196 3141 2251 habitu
3172 2195 3293 2264 ejus
3318 2194 3622 2250 attenden-

1998 2296 2103 2355 tes,
2125 2303 2247 2358 quaa
2273 2286 2582 2343 reverentia
2612 2286 2911 2341 deberetur
2939 2287 3009 2348 ei,
3045 2285 3294 2341 ofﬁciose
3322 2284 3401 2338 illi
3432 2285 3619 2339 adhae-

2001 2384 2139 2432 rent.
2187 2377 2510 2432 Lambertus
2538 2392 2666 2431 vero
2720 2392 2786 2431 eo
2817 2375 3034 2446 pietatis
3077 2373 3275 2429 affectu
3329 2373 3436 2428 sibi
3486 2389 3621 2429 con-

1999 2465 2167 2532 ciliat,
2197 2480 2531 2536 causamque
2566 2465 2667 2518 via)
2701 2464 2783 2518 eis
2812 2464 3179 2535 ingeminans,
3213 2462 3367 2516 addit
3399 2478 3616 2532 preces,

2001 2567 2061 2611 ut
2083 2573 2284 2627 corpus
2304 2557 2472 2628 patris
2502 2556 2590 2611 sui
2624 2572 2732 2611 non
2762 2555 2906 2611 ultra
2935 2555 3041 2609 sibi
3078 2555 3376 2627 dcnegent,
3407 2553 3623 2622 dicens,

2005 2649 2301 2705 absurdum
2346 2665 2468 2704 esse
2511 2655 2721 2719 patrem
2775 2647 2904 2701 ﬁliis
2953 2655 3007 2702 et
3044 2646 3371 2717 episcopum
3412 2645 3627 2701 civibus

2007 2743 2303 2813 denegari;
2332 2741 2587 2797 sufficere
2618 2742 2699 2795 eis
2730 2741 2881 2813 quod
2906 2747 3103 2795 terram
3138 2755 3330 2795 eorum
3353 2739 3626 2811 sanguine

2006 2846 2107 2886 suo
2138 2830 2577 2894 consecraverit;
2614 2846 2725 2885 non
2754 2829 3071 2884 defuturum
3114 2828 3248 2900 ipsis
3297 2827 3471 2883 sancti
3530 2827 3627 2882 Pa-

2011 2919 2110 2974 tris
2137 2919 2520 2990 patrocinium,
2567 2935 2731 2991 quem
2771 2919 2906 2974 tanti
2935 2918 3246 2977 habuerint.
3289 2926 3349 2971 ut
3405 2916 3629 2972 honori-

2015 3007 2116 3063 ﬁce
2144 3008 2507 3063 tumularent.
2547 3008 2663 3062 Jam
2699 3008 2849 3080 rigor
2894 3022 3085 3062 eorum
3127 3005 3470 3072 ﬂectebatur,
3499 3006 3628 3076 quia

282 3120 383 3186 tio,
416 3136 577 3175 aures
606 3127 660 3175 et
684 3120 899 3175 animos
939 3120 1184 3174 omnium
1217 3126 1496 3174 exterrent
1534 3120 1775 3176 tonitrua
1805 3137 1903 3177 so-
1928 3145 1977 3214 Ο
2015 3101 2098 3214 νξτ
2122 3099 2837 3214 δηὲιίξιίουδξυοιηιθυίίῖυο
2879 3114 3117 3214 οῖ’θίξθοῗ
3156 3098 3449 3214 millieth
3481 3099 3627 3163 Quos

278 3210 381 3264 lito
455 3208 732 3280 graviora;
796 3209 1007 3279 proruit
1065 3214 1173 3262 tam
1220 3209 1526 3280 procellosa
1586 3210 1895 3267 nimborum

281 3301 594 3367 inundatio,
626 3308 703 3368 ut,
751 3300 796 3355 si
830 3300 1022 3356 fuisset
1048 3301 1284 3369 diutina,
1317 3309 1499 3373 posset
1530 3302 1785 3359 sufﬁcere
1823 3303 1900 3358 fa-

277 3392 481 3448 ciendo
511 3391 737 3446 diluvio.
762 3391 862 3446 Tot
889 3390 1055 3446 rebus
1094 3400 1426 3461 prmsentem
1453 3401 1681 3449 mortem
1713 3393 1901 3448 inten-

277 3480 552 3547 tantibus,
584 3478 920 3553 diffugerunt
962 3494 1183 3546 omnes;
1212 3480 1488 3536 desistunt
1536 3482 1604 3535 ab
1655 3482 1898 3552 incepto,

281 3570 435 3643 quod
463 3570 532 3625 de
554 3571 719 3625 corde
749 3586 850 3626 suo
879 3570 1154 3625 faciebant
1178 3588 1192 3637 ;
1222 3586 1390 3641 super
1417 3587 1525 3642 quo
1548 3572 1676 3643 quia
1701 3588 1763 3628 os
1791 3574 1900 3627 Do-

281 3661 423 3716 mini
456 3677 566 3716 non
593 3662 1079 3734 interrogaveram,
1139 3678 1199 3717 se
1230 3669 1421 3717 contra
1460 3664 1630 3718 Deum
1661 3664 1901 3719 sensisse

282 3750 691 3805 intellexerunt.
714 3754 838 3814 Quis
864 3766 1109 3819 unquam
1126 3752 1468 3807 consiliarius
1485 3756 1576 3807 Dei
1603 3754 1713 3819 fuit
1738 3754 1764 3806 ?
1797 3758 1903 3813 {Isa

282 3861 373 3913 XL,
424 3844 536 3915 13.)
596 3845 660 3900 Ut
707 3846 812 3901 hoc
867 3860 1090 3916 quoque
1145 3845 1409 3901 miraculo
1467 3845 1631 3920 longe
1684 3846 1902 3917 lateque

284 3937 620 3993 claresceret
655 3936 965 3992 Theodardi
1009 3936 1206 4009 gloria,
1248 3936 1316 3992 de
1364 3936 1527 4013 longe
1558 3946 1614 3993 et
1662 3938 1765 3993 late
1826 3945 1903 3994 tot

286 4036 620 4107 populorum
651 4035 826 4090 millia
857 4036 911 4090 in
943 4052 1114 4090 unum
1147 4042 1511 4099 contraxerat,
1539 4042 1598 4091 ut
1627 4037 1756 4090 dum
1788 4051 1904 4091 om-

283 4141 387 4181 nes
415 4125 580 4180 unius
606 4125 802 4180 merita
855 4125 1242 4196 praedicarent,
1276 4140 1374 4196 per
1413 4140 1616 4180 nomen
1656 4125 1777 4192 ejus
1802 4124 1902 4179 be-

284 4217 639 4271 nediceretur
663 4215 731 4270 ab
763 4214 1025 4271 omnibus
1054 4216 1217 4269 Deus.

360 4307 449 4360 18.
490 4305 854 4374 Trajectensis
883 4304 1168 4360 certiticati
1208 4304 1276 4360 de
1334 4321 1469 4361 nece
1522 4306 1607 4361 sui
1647 4305 1907 4360 antistitis

284 4394 659 4452 ostendebant
715 4411 782 4449 ex
821 4395 1126 4467 quantitate
1158 4396 1243 4451 sui
1275 4397 1501 4464 doloris,
1556 4412 1664 4469 quo
1720 4413 1907 4453 amore

287 4498 425 4557 erga
455 4499 583 4538 eum
614 4483 914 4540 ferverent.
950 4484 1229 4539 insidebat
1262 4486 1408 4541 enim
1453 4485 1616 4540 altius
1638 4486 1694 4539 in
1743 4485 1906 4541 corde

295 4583 623 4632 cunctorum
666 4575 758 4647 pia
809 4576 928 4644 ejus
968 4577 1299 4648 paternitas;
1344 4577 1662 4633 recurrebat
1703 4579 1772 4632 ad
1822 4593 1920 4633 eos

286 4681 489 4741 magna
547 4665 715 4736 patris
758 4679 857 4735 pro
914 4664 1293 4721 ecclesiastica
1333 4666 1573 4721 utilitate
1629 4666 1917 4737 sedulitas,

289 4772 393 4828 pro
452 4771 561 4827 qua
607 4770 785 4826 usque
832 4754 901 4809 ad
955 4755 1280 4829 sanguinem
1322 4755 1596 4810 restiterat
1658 4755 1916 4811 inimicis.

292 4850 403 4903 Sua
441 4849 639 4920 cuique
684 4863 851 4903 causa
909 4848 1120 4915 aderat,
1154 4864 1254 4920 pro
1307 4865 1415 4919 qua
1452 4849 1519 4903 de
1551 4855 1726 4903 morte
1769 4864 1911 4920 prae-

289 4943 427 4997 sulis
470 4941 826 5015 singulariter
851 4940 1113 5015 plangere
1161 4940 1419 4997 habebat.
1453 4941 1517 4995 At
1563 4940 1911 5008 Lambertus,

290 5037 409 5109 qui,
440 5036 662 5091 vivente
691 5035 1038 5100 Theodardo,
1072 5043 1189 5090 erat
1221 5052 1350 5106 spes
1388 5036 1558 5091 altera
1587 5035 1909 5107 ’l‘rajecten-

292 5126 371 5181 sis
399 5124 682 5191 Ecclesiae,
723 5140 789 5179 ex
815 5131 1085 5196 proventu
1112 5124 1271 5180 home
1301 5124 1507 5180 indolis
1537 5140 1604 5180 eo
1643 5140 1913 5195 pervene-

292 5221 376 5269 rat
420 5219 503 5279 ut,
535 5211 796 5268 defuncto
838 5212 1073 5283 pmsule
1125 5228 1247 5276 suo,
1279 5211 1391 5268 vota
1427 5212 1662 5268 ecclesia
1694 5213 1747 5266 in
1788 5229 1913 5267 eum

292 5301 560 5357 inclinata
611 5294 974 5356 recumberet.
1046 5301 1141 5358 Hic
1194 5302 1320 5372 plus
1387 5302 1643 5357 omnibus
1676 5308 1909 5356 mortem

291 5393 545 5468 magistri
581 5392 841 5460 deﬂebat,
875 5394 1003 5466 quia
1036 5394 1158 5464 plus
1196 5393 1456 5449 omnibus
1493 5392 1756 5467 magister
1783 5409 1908 5447 eum

288 5491 588 5541 amaverat.
644 5484 751 5539 Sed
782 5493 905 5555 post
933 5476 1132 5539 vulnus
1172 5485 1379 5541 doloris
1434 5483 1700 5539 inﬂictum
1733 5484 1907 5550 cordi,

287 5589 586 5629 assumens
628 5580 843 5628 scutum
874 5574 1219 5640 constantiae,
1253 5581 1399 5629 totus
1430 5574 1497 5627 ad
1549 5575 1655 5629 hoc
1690 5573 1911 5628 fereba-

292 5674 378 5721 tur
431 5675 490 5720 ut
541 5664 735 5719 saltem
778 5680 976 5736 corpus
1029 5664 1272 5737 magistri
1334 5664 1621 5734 reciperet.
1672 5665 1907 5737 Longam

292 5758 438 5813 viam
471 5754 641 5812 celeri
672 5756 967 5813 voluntatis
1005 5756 1188 5812 volatu
1239 5772 1527 5821 emensus,
1555 5757 1706 5812 venit
1736 5758 1803 5811 ad
1836 5757 1911 5813 lo-

2006 3201 2066 3248 ut
2095 3193 2332 3264 amplius
2370 3192 2439 3247 ad
2469 3192 2716 3247 animum
2746 3208 2905 3246 suum
2946 3191 3267 3258 attraheret,
3299 3196 3489 3261 aperto
3512 3206 3626 3245 sua:

1999 3285 2267 3363 largitatis
2295 3287 2442 3354 sinu,
2477 3286 2729 3361 singulos
2758 3301 2949 3342 eorum
3003 3286 3237 3341 honorat
3265 3284 3458 3355 {donis
3481 3300 3628 3340 com-

2002 3382 2354 3453 petentibus:
2390 3397 2494 3436 nec
2524 3381 2592 3435 ab
2624 3380 2875 3452 invalida.
2895 3379 3054 3451 plebe
3087 3395 3312 3433 manum
3347 3394 3503 3433 suam
3535 3393 3627 3433 re-

2003 3476 2204 3542 trahit;
2242 3483 2297 3530 et
2336 3474 2566 3530 senibus
2595 3481 2646 3530 et
2679 3475 2866 3546 pueris
2895 3473 3164 3548 singulos,
3214 3471 3629 3544 praegnantibus

2002 3583 2133 3622 vero
2172 3566 2515 3621 mulierculis
2544 3567 2800 3641 geminos
2832 3566 3063 3641 porrigit
3085 3580 3356 3620 nummos.
3392 3564 3505 3619 Tali
3535 3564 3625 3619 af-

2004 3658 2147 3714 fectu
2171 3666 2225 3714 et
2252 3658 2521 3713 industria
2546 3658 2742 3724 victos,
2776 3664 2835 3713 ut
2873 3673 2972 3713 eos
3004 3656 3135 3712 fecit
3179 3672 3301 3712 esse
3341 3672 3494 3721 suos,
3529 3672 3626 3727 pro

2006 3746 2168 3801 libitu
2197 3761 2295 3800 suo
2328 3761 2458 3799 usus
2487 3752 2572 3801 est
2598 3761 2790 3800 eorum
2813 3744 3099 3800 cordibus.

2073 3841 2162 3897 20.
2191 3841 2360 3915 Igitur
2390 3840 2498 3894 illis
2522 3840 2636 3908 jam
2671 3855 2781 3894 non
2817 3836 3241 3904 obsistentibus,
3273 3837 3374 3891 sed
3405 3837 3474 3891 ad
3496 3853 3623 3893 om-

2004 3933 2095 3988 nia
2120 3932 2517 3998 ofﬁciantibus,
2560 3930 2795 3985 amabile
2826 3930 2996 3985 Patris
3025 3944 3225 3999 corpus
3255 3927 3402 3995 tulit,
3421 3934 3475 3982 et
3501 3944 3626 3983 cum

2006 4025 2222 4096 hymnis
2250 4032 2304 4079 et
2335 4023 2592 4078 laudibus
2625 4021 2854 4088 revexit,
2882 4026 2935 4075 et
2964 4020 3020 4074 in
3049 4019 3176 4075 villa
3216 4018 3435 4089 publica
3467 4020 3629 4093 Legia

2003 4118 2290 4173 tumulavit
2331 4133 2455 4172 cum
2512 4117 2746 4182 honore,
2798 4113 2978 4186 qualis
3030 4112 3262 4167 decebat
3309 4119 3623 4182 martyrem.

2008 4209 2139 4274 Quis
2170 4225 2280 4264 non
2322 4208 2507 4263 videat
2538 4207 2626 4262 hic
2672 4205 2765 4260 Dei
2797 4200 3318 4275 dispensationem?
3348 4200 3629 4271 Operaba-

2008 4310 2096 4359 tur
2134 4303 2190 4358 in
2236 4302 2525 4358 Lamberto
2563 4302 2657 4356 Dei
2691 4298 3057 4371 providentia,
3106 4297 3328 4369 quando
3357 4295 3628 4368 praeordi-

2009 4394 2157 4448 navit
2187 4392 2434 4448 decorari
2469 4391 2684 4466 Legiam
2709 4389 2916 4445 tumulo
2934 4387 3273 4444 Theodardi;
3319 4386 3450 4459 quia
3479 4386 3625 4441 enim

2011 4485 2299 4540 Lamberto
2337 4484 2410 4537 ibi
2441 4483 2760 4554 designatus
2790 4486 2905 4536 erat
2931 4481 3083 4536 locus
3110 4478 3404 4550 passionis,
3435 4484 3489 4533 et
3509 4478 3629 4549 ipsa

2015 4573 2179 4647 Legia
2221 4590 2309 4643 per
2349 4570 2696 4625 Lambertum
2728 4568 2783 4622 in
2815 4569 3006 4623 urbem
3042 4567 3292 4639 ampliari
3320 4574 3375 4622 et
3411 4566 3628 4637 episco-

2013 4659 2153 4730 palis
2181 4658 2329 4713 sedis
2357 4658 2565 4712 honore
2599 4657 2835 4711 habebat
2857 4657 3106 4725 exaltari,
3132 4658 3309 4713 noluit
3336 4657 3479 4711 Deus
3504 4655 3629 4712 lon-

2011 4769 2080 4824 ge
2110 4768 2140 4805 a
2178 4766 2236 4804 se
2257 4749 2496 4820 disjungi
2532 4748 2763 4815 tumulo,
2797 4765 2938 4820 quos
2977 4749 3126 4805 solos
3152 4765 3182 4804 a
3222 4763 3453 4804 numero
3478 4748 3628 4803 Tun-

2013 4840 2303 4914 grensium'
2333 4838 2718 4909 episcoporum
2776 4838 2880 4891 sibi
2939 4838 3183 4910 aequales
3235 4854 3334 4909 per
3383 4836 3625 4910 martyrii

2012 4934 2239 5007 gloriam
2262 4932 2623 5003 praevidebat,
2656 4931 2895 5002 aequales
2929 4931 3046 4987 fore
3072 4933 3236 4987 etiam
3267 4948 3365 5003 per
3397 4932 3629 4988 merito-

2015 5039 2132 5077 rum
2183 5022 2434 5096 gratiam.
2496 5019 2786 5091 Prasripuit
2839 5020 3221 5076 tantummodo
3270 5020 3631 5076 Theodardus

2014 5115 2325 5181 Lamberto,
2360 5130 2431 5169 ne
2457 5113 2670 5184 primus
2707 5112 2763 5166 in
2793 5112 2893 5168 hac
2946 5113 3184 5169 ecclesia
3225 5121 3372 5168 esset
3400 5119 3626 5184 martyr,

2018 5210 2303 5282 praeripuit
2346 5209 2665 5263 Lambertus
2713 5208 3060 5274 Theodardo,
3111 5225 3180 5262 ne
3224 5208 3375 5263 solus
3421 5208 3475 5263 in
3528 5209 3631 5263 hac

2012 5302 2248 5358 ecclesia
2279 5300 2420 5355 foret
2446 5306 2669 5371 martyr.
2705 5301 2743 5355 Ο
2777 5307 2850 5366 te,
2882 5300 3067 5373 Legia,
3091 5298 3340 5355 felicem!
3391 5315 3627 5372 quorum

2015 5394 2132 5466 pari
2162 5392 2441 5449 decoraris
2463 5393 2748 5463 martyrio,
2785 5409 2977 5448 eorum
3017 5391 3134 5463 pari
3165 5399 3290 5447 ante
3311 5393 3489 5447 ‘Deum
3529 5393 3630 5448 ad-

2008 5486 2219 5554 juvaris
2275 5484 2598 5555 patrocinio.
2665 5486 2772 5539 Nos
2836 5486 3005 5538 Deum
3064 5483 3483 5557 magniﬁcemus
3530 5499 3629 5554 per

2012 5586 2325 5633 sanctorum
2378 5592 2601 5631 suorum
2661 5577 2911 5650 gloriam,
2966 5583 3361 5631 etsanctorum
3412 5574 3625 5627 meritis

2015 5672 2160 5727 illius
2216 5672 2575 5741 impetremus
2628 5671 2879 5743 gratiam,
2931 5670 3023 5741 qui
3070 5669 3200 5725 vivit
3236 5673 3290 5721 et
3332 5672 3524 5736 regnat
3567 5662 3621 5715 in

2015 5759 2217 5814 saecula
2243 5758 2592 5814 saeculorum.
2620 5759 2807 5813 Amen.
