3960 6198
234 336 338 389 761

1479 340 1623 394 νιΤΑ
1667 340 1869 397 PRIOR
1907 343 1942 397 S
2006 344 2356 399 L'AMBERTI.

3471 347 3579 401 762

229 475 493 531 eminuit.
539 476 747 541 Quibus
789 477 1117 533 inconcussa
1158 478 1576 535 Christianitatis
1611 482 1856 538 custodia

1971 466 2094 520 sinu
2136 467 2470 538 suscipiens,
2521 468 2586 521 ad
2632 483 2875 522 normam
2909 474 3114 525 sancta
3144 470 3268 525 vita
3319 469 3583 526 informa-

231 568 382 624 inter
413 569 754 625 orthodoxos
775 572 1010 642 augebat
1040 574 1424 641 reverentiam,
1458 581 1513 630 et
1545 576 1726 631 carnis
1756 591 1860 632 no-

230 655 423 710 bilitas
473 674 571 728 per
609 657 949 729 epulentiam
994 676 1172 715 rerum
1225 663 1474 733 pariebat
1532 664 1856 739 dignitatem

234 748 448 811 saeculi,
482 756 537 804 et
566 748 709 804 inter
748 765 1009 820 proceres
1041 751 1195 822 regni
1226 753 1451 808 multam
1509 763 1854 825 potestatem.

238 840 392 895 Hanc
418 841 642 915 generis
663 840 987 908 claritatem,
1021 843 1090 898 ad
1118 860 1178 899 se
1208 844 1279 898 de
1308 845 1610 919 longinquo
1641 848 1858 904 deriva-

238 921 372 994 tam,
402 942 563 1003 pater
600 941 658 988 et
688 942 864 988 mater
895 934 1069 1005 ipsius
1118 937 1189 991 de
1228 937 1476 1007 proximo
1502 938 1867 997 illustrabant.

243 1025 297 1077 ls
328 1031 505 1094 pater,
549 1024 761 1079 scilicet
808 1026 953 1096 Aper
979 1027 1203 1082 nomine
1233 1027 1431 1095 dictus,
1459 1028 1515 1083 in
1546 1029 1748 1100 palatio
1781 1048 1868 1086 re-

1966 558 2061 613 bat
2093 559 2367 629 primaeva
2407 560 2583 614 atatis
2614 574 2816 614 mores.

2037 651 2101 707 At
2128 651 2212 706 vir
2241 650 2471 706 illustris
2510 653 2672 722 Aper,
2720 660 2780 705 ut
2820 650 2991 705 ﬁlium
3024 668 3182 706 suum
3236 653 3580 708 Lambertum

1966 741 2172 797 faceret
2204 743 2539 798 tenaciorem
2594 742 2883 813 proliositi.
2925 742 3151 797 fundum
3185 759 3299 797 sua
3334 744 3582 814 preprie-

1960 831 2109 896 tatis,
2140 831 2409 887 vocabulo
2468 832 2944 897 Wentershovum,
2991 832 3119 901 jure
3171 837 3438 901 perpetuo
3487 833 3586 887 dc-

1975 922 2177 997 legavit
2228 921 2331 987 illi,
2370 922 2625 994 illiusque
2658 922 2823 978 tutori
2849 921 3161 978 Landoaldo
3232 931 3310 984 ut,
3352 922 3587 977 ecclesia

1971 1016 2047 1071 ibi
2103 1021 2433 1077 constructa,
2486 1022 2638 1070 tanto
2689 1015 2979 1070 instantius
3024 1021 3300 1079 vacarent,
3348 1013 3440 1069 ille
3486 1015 3585 1071 do-

235 1112 327 1186 gis
356 1113 500 1167 inter
532 1113 771 1168 illustres
788 1113 937 1171 viros
971 1115 1241 1189 dignitate
1293 1117 1600 1174 nobilitatis
1630 1120 1856 1175 excelle-

1971 1107 2129 1163 cendi
2160 1107 2364 1173 studio,
2400 1108 2490 1162 ille
2527 1107 2802 1175 discendi,
2845 1114 3051 1180 quanto
3102 1108 3366 1163 remotius
3422 1108 3587 1183 dege-

234 1201 362 1265 bat;
396 1211 626 1257 matrem
652 1203 792 1272 ejus,
822 1203 967 1258 inter
997 1204 1325 1261 Francorum
1355 1206 1572 1263 nobiles
1593 1209 1859 1279 pernobi-

230 1296 369 1362 lem,
403 1297 616 1367 recepit
636 1313 668 1351 a
692 1298 939 1368 patribus
962 1300 1254 1370 posteritas
1285 1309 1533 1357 vocatam
1566 1303 1734 1359 fuisse
1757 1304 1861 1361 lle-

239 1387 592 1458 nisplindcm.

310 1476 562 1551 Regnum
604 1483 786 1532 autem
822 1478 1149 1535 Francorum
1179 1482 1403 1555 regebat
1443 1482 1588 1539 ﬁlius
1625 1485 1860 1542 Mediani

1966 1208 2086 1254 rent
2116 1215 2147 1253 a
2173 1198 2357 1253 saculi
2391 1198 2650 1253 vanitate.

2037 1295 2133 1350 Ubi
2167 1295 2296 1349 dum
2339 1296 2687 1350 insisteretur
2716 1296 2768 1350 in
2812 1295 3134 1351 adiﬁcanda
3162 1295 3418 1361 ecclesia,
3460 1295 3587 1351 arti-

1963 1381 2095 1438 ﬁces
2134 1399 2302 1454 super
2341 1384 2573 1454 penuria
2612 1384 2873 1455 potabilis
2902 1401 3061 1456 aqua
3102 1385 3587 1457 conquerebantur

1962 1475 2091 1546 quia
2132 1476 2205 1529 ibi
2251 1492 2413 1547 aqua,
2450 1491 2512 1530 ex
2554 1476 2781 1547 palustri
2824 1476 3061 1532 colluvie
3088 1478 3336 1543 collecta,
3368 1494 3465 1533 eos
3494 1478 3580 1532 bi-

239 1569 483 1624 Lotharii
514 1569 871 1644 Dagobertus,
912 1572 1005 1642 qui
1043 1589 1272 1647 regnum
1312 1576 1714 1632 Austrasiorum
1747 1578 1856 1634 ﬁlio

1971 1565 2161 1618 bentes
2199 1565 2375 1636 magis
2406 1565 2701 1635 torquebat
2753 1566 3119 1620 amaritudine
3178 1582 3340 1638 quam
3400 1566 3583 1638 aliqua

234 1673 341 1712 suo
396 1657 681 1731 Sigeberto
724 1660 1097 1728 commiserat,
1139 1662 1303 1734 eique
1353 1671 1560 1719 tutores
1612 1666 1859 1737 dederat,

1966 1655 2233 1711 suavitate
2266 1655 2626 1710 refocillabat.
2659 1656 2713 1708 S.
2750 1657 3012 1727 magister
3033 1656 3387 1726 sanctiorque
3405 1656 3583 1731 magi-

240 1748 602 1804 Cunibertum
660 1748 1045 1806 Coloniensem
1102 1754 1447 1825 episcopum,
1497 1766 1552 1811 et
1597 1759 1856 1827 majorem

1971 1755 2080 1803 stro
2110 1747 2435 1817 discipulus,
2469 1747 2632 1801 ﬁdem
2666 1748 2931 1801 habentes
2986 1748 3039 1801 in
3072 1764 3195 1801 eum
3241 1747 3333 1818 qui
3382 1747 3584 1802 amaris

235 1841 440 1895 domus
466 1839 762 1911 Pippinum
801 1842 1038 1912 primum
1073 1842 1247 1916 (990),
1290 1854 1497 1917 patrem
1547 1857 1858 1905 sanctarum

236 1928 529 1984 Gertrudis
561 1935 616 1984 et
657 1930 873 2003 Begga.

892 2021 1101 2077 CAPUT
1145 2026 1188 2079 ll

413 2114 556 2177 Quod
579 2117 823 2183 primum
847 2130 882 2169 a
903 2117 954 2168 S.
988 2117 1286 2172 Landoaldo
1317 2124 1561 2176 nutritus
1585 2125 1674 2176 sit.

308 2203 495 2271 Qualis
525 2203 615 2260 hic
648 2220 785 2276 puer
834 2205 889 2259 in
929 2206 1139 2263 mundo
1190 2208 1347 2275 foret,
1390 2211 1459 2265 ab
1501 2212 1858 2269 incunabulis

234 2296 332 2352 Dei
366 2296 703 2368 dispensatio
734 2299 1220 2368 pramonstrabat;
1251 2318 1486 2375 quaque
1517 2305 1662 2361 enim
1694 2307 1856 2365 bona

235 2386 446 2441 indolis
472 2386 806 2451 rudimenta,
839 2402 1075 2461 quaque
1128 2390 1466 2447 lineamenta
1498 2395 1860 2465 pulchritudi-

235 2476 347 2542 nis,
382 2476 438 2530 in
478 2475 638 2532 bona
665 2477 784 2547 spei
839 2493 1032 2548 puero,
1066 2478 1205 2534 solet
1236 2480 1584 2550 praformare
1630 2496 1852 2554 natura,

227 2568 342 2634 vel,
375 2568 523 2639 quod
550 2567 734 2622 verius
759 2577 865 2635 est,
906 2568 1080 2639 ipsius
1097 2578 1286 2625 auctor
1317 2581 1549 2639 natura,
1579 2577 1695 2631 hac
1724 2592 1849 2632 om-

232 2659 328 2713 nia
364 2658 475 2728 jam
529 2658 583 2713 in
628 2658 750 2727 ejus
791 2659 1022 2715 infantia
1070 2662 1433 2732 apparebant,
1477 2666 1605 2736 quia
1641 2668 1751 2735 jam
1799 2679 1853 2725 et

231 2752 500 2807 membris
532 2752 802 2808 formosus
840 2762 895 2808 et
946 2770 1044 2825 pro
1088 2762 1273 2824 atate,
1324 2757 1469 2813 inter
1507 2771 1772 2834 cognatos
1803 2774 1857 2819 et

231 2844 494 2910 famulos,
517 2845 667 2900 vultu
702 2855 756 2899 et
785 2845 980 2902 affectu
1010 2848 1285 2922 benignus
1308 2869 1427 2908 esse
1459 2855 1765 2923 videbatur,
1792 2874 1855 2913 ac

230 2952 334 3007 per
360 2936 467 2991 hoc
504 2936 750 2991 omnium
778 2937 1077 2995 dilectione
1108 2942 1330 3016 dignus.

309 3030 466 3085 Unde
523 3037 679 3100 pater
724 3032 864 3100 ejus,
914 3049 1025 3089 non
1056 3035 1304 3108 ingratus
1343 3039 1473 3106 Deo,
1508 3041 1598 3112 qui
1644 3048 1851 3097 tantum

224 3118 339 3173 sibi
359 3119 430 3173 de
459 3118 570 3174 ﬁlio
600 3120 968 3190 promittebat,
1011 3123 1211 3180 divina
1250 3127 1512 3183 voluntati
1544 3146 1697 3185 suam
1729 3148 1855 3186 con-
1887 3179 1928 3198 ,η

1965 1835 2122 1908 aquis
2153 1835 2222 1889 de
2269 1835 2406 1889 mari
2442 1835 2793 1890 dulcedinem
2830 1836 3031 1890 indidit
3060 1835 3226 1907 (Exod
3255 1853 3341 1899 xv,
3377 1837 3492 1907 23$),
3526 1848 3582 1892 et

1962 1928 2055 1999 qui
2088 1943 2261 1999 aquas
2292 1926 2456 1981 etiam
2490 1927 2557 1981 de
2604 1934 2757 1997 petra
2789 1927 3044 1998 produxit
3101 1928 3285 1995 (Exod.
3333 1944 3467 1991 xvn,
3499 1927 3575 1998 6),

1961 2022 2366 2078 communicato
2395 2030 2545 2088 voto,
2579 2022 2783 2094 pariter
2831 2031 3058 2078 exorant
3088 2022 3346 2092 pietatem
3389 2021 3576 2077 Omni-

1963 2113 2220 2185 potentis.
2251 2115 2506 2169 lnvocato
2529 2128 2661 2189 ergo
2692 2114 2747 2169 S.
2788 2113 3070 2169 Trinitatis
3096 2112 3343 2178 nomine,
3376 2112 3577 2170 baculo

1958 2202 2285 2277 designatur
2312 2202 2466 2257 locus
2494 2202 2551 2256 in
2584 2202 2806 2257 modum
2835 2203 2889 2258 S.
2923 2203 3122 2264 crucis,
3160 2208 3266 2263 (res
3288 2202 3443 2264 mira,
3476 2201 3575 2257 sed

1961 2296 2087 2352 ﬁdei
2107 2313 2216 2352 non
2250 2298 2510 2352 inusitata
2528 2298 2565 2367 l)
2596 2298 2719 2353 fons
2736 2299 2813 2353 ibi
2836 2299 3112 2354 emanavit
3134 2298 3573 2369 limpidissimus,

1959 2390 2053 2461 qui
2082 2396 2137 2445 et
2167 2390 2385 2461 aperuit
2411 2397 2675 2461 quantum
2724 2391 2900 2446 sancti
2941 2391 3086 2462 apud
3120 2391 3290 2445 Deum
3325 2398 3572 2460 possent,

1957 2489 2013 2538 et
2044 2483 2241 2539 incolis
2266 2500 2331 2539 ex
2358 2491 2557 2540 tuncet
2589 2486 2753 2541 modo
2785 2487 2934 2541 omni
2966 2504 3067 2541 usu
3097 2486 3299 2541 habilis
3322 2486 3441 2541 fuit.
3472 2485 3574 2541 Cu-

1950 2576 2040 2646 jus
2062 2575 2318 2631 beneﬁcii
2353 2577 2698 2641 memoriam,
2732 2578 2862 2632 dum
2893 2587 3076 2648 patres
3113 2578 3415 2650 generatim
3450 2594 3576 2632 nar-

1956 2664 2125 2720 rando
2166 2665 2543 2720 transmittunt
2580 2667 2646 2720 ad
2691 2665 2854 2733 ﬁlios,
2915 2668 3108 2721 merita
3139 2673 3449 2722 sanctorum
3481 2682 3574 2722 ac-

1957 2754 2257 2818 cumulant,
2291 2753 2419 2807 dum
2450 2770 2548 2824 per
2578 2771 2675 2811 eos
2717 2771 2919 2811 nomen
2951 2756 3163 2810 Domini
3191 2755 3451 2810 benedici
3494 2754 3577 2809 fa-

1958 2846 2125 2899 ciunt.
2164 2846 2240 2899 Ita
2270 2845 2556 2903 Lamberto
2581 2854 2637 2902 et
2670 2847 3005 2913 Landoaldo,
3037 2849 3381 2916 diligentibus
3411 2853 3576 2902 Deum

1955 2944 2135 2996 omnia
2150 2942 2576 3010 cooperabantur
2596 2946 2655 2997 z'n
2676 2944 2896 3010 bonum,
2919 2942 3035 3013 qui,
3059 2949 3139 3005 ut,
3166 2947 3356 2996 essent
3377 2940 3574 3008 sancti,

1955 3037 2248 3090 secundum
2270 3041 2603 3108 propositum
2633 3040 2723 3091 Dei
2755 3040 2930 3091 vocati
2954 3043 3083 3092 sunt
3116 3036 3281 3103 (Rom.
3317 3052 3435 3100 vni,
3465 3035 3573 3101 28).

2029 3128 2089 3182 Et
2120 3145 2259 3198 puer
2287 3131 2511 3201 quidem
2569 3134 2845 3192 strenuus,
2882 3128 2993 3195 jam
3053 3135 3181 3183 tunc
3211 3127 3392 3181 nitens
3448 3127 3576 3182 totis

229 3221 509 3285 temperat
533 3216 891 3283 voluntatem,
924 3225 979 3273 et
1009 3217 1179 3275 ﬁlium
1212 3222 1400 3279 divino
1430 3225 1704 3297 mancipat
1732 3245 1852 3282 ser-
1882 3182 1930 3247 (λ
1954 3217 2168 3273 viribus
2195 3217 2313 3274 ﬁeri
2340 3220 2422 3273 vir
2449 3218 2744 3289 perfectus,
2776 3225 3037 3289 quantum
3072 3216 3176 3271 sub
3207 3217 3383 3272 ferula
3400 3217 3575 3272 sancti

227 3306 474 3371 vitio,ad
499 3308 645 3378 quod
669 3324 793 3362 eum
813 3308 925 3378 jam
956 3312 1364 3382 quodammodo
1395 3316 1617 3373 videbat
1644 3321 1851 3390 aspira-

229 3414 309 3453 re.
342 3399 403 3453 Et
431 3399 823 3470 quiadoctrina
868 3402 976 3457 vim
1000 3414 1305 3474 promovet,
1334 3408 1578 3473 insitam,
1607 3413 1855 3485 rectique

222 3488 411 3543 cultus
440 3503 669 3559 corpora
700 3489 980 3558 roborant,
1009 3501 1259 3549 sanctum
1293 3504 1482 3553 sancto
1524 3498 1637 3554 ﬁlio
1680 3502 1854 3576 magi-

225 3591 402 3636 strum
431 3582 615 3656 elegit,
656 3600 726 3638 ne
764 3585 1070 3655 simplicem
1124 3588 1347 3644 oculum
1390 3591 1648 3662 discipuli
1693 3601 1849 3651 tene-

230 3671 419 3725 braret
448 3670 630 3741 aliqua
667 3672 828 3743 culpa
868 3674 1135 3747 magistri.

306 3760 645 3816 lnitiandum
715 3779 847 3839 ergo
905 3766 1089 3821 studio
1144 3766 1366 3822 litterali
1398 3771 1673 3827 commisit
1728 3788 1852 3828 eum

232 3850 575 3919 Landoaldo,
605 3851 723 3907 viro
749 3853 882 3908 satis
907 3861 1156 3925 Spectato
1196 3857 1471 3928 sapientia
1503 3868 1559 3914 et
1597 3860 1853 3929 scientia,

228 3946 530 4002 sanctitate
572 3954 626 4002 et
656 3947 947 4004 industria.
983 3949 1043 4005 Hi
1103 3951 1471 4021 Landoaldus,
1507 3963 1710 4013 sancta
1740 3958 1853 4013 Ro-

236 4055 421 4094 mana
454 4040 709 4097 Ecclesia
731 4043 1037 4115 f'presbyter
1064 4044 1188 4111 fuit,
1221 4055 1276 4103 et
1298 4048 1428 4119 quia
1458 4051 1769 4118 sanctitate,
1799 4062 1860 4109 ut

236 4130 448 4186 dictum
483 4140 586 4200 est,
614 4143 668 4189 et
694 4134 924 4191 scientia
956 4138 1366 4207 praeminebat,
1399 4157 1430 4196 a
1459 4141 1689 4200 Martino
1716 4161 1858 4217 papa

238 4221 617 4277 Romanorum
685 4231 875 4280 sancto
930 4226 1179 4283 Amando
1244 4229 1674 4300 Trajectensium
1728 4234 1856 4305 epi-

233 4325 412 4381 scopo
461 4311 529 4365 ad
559 4312 821 4368 auxilium
849 4316 1176 4372 exercenda
1216 4318 1627 4388 praedicationis
1679 4322 1858 4394 depu-

241 4406 407 4465 tatus,
447 4400 515 4456 ad
544 4400 743 4457 Gallias
768 4405 939 4471 venit,
967 4413 1023 4461 et
1061 4406 1350 4464 ordinatus
1374 4409 1738 4478 Trajectensis
1759 4412 1855 4469 Ec-

1957 3307 2204 3382 magistri
2235 3308 2492 3379 profecit,
2523 3324 2684 3379 quam
2701 3323 2836 3378 puro
2871 3315 3092 3378 pectore
3111 3305 3431 3362 adbibuerit
3459 3305 3577 3376 pie-

1959 3396 2087 3451 tatis
2117 3413 2181 3452 ac
2218 3397 2467 3453 scicntia
2506 3396 2694 3462 verba,
2748 3396 2982 3451 otiosum
3024 3407 3107 3450 est
3155 3394 3245 3450 hic
3298 3393 3577 3449 inculcare

1961 3485 2167 3549 verbis,
2210 3502 2332 3540 cum
2391 3485 2625 3540 fructum
2676 3492 2781 3539 tam
2829 3484 3056 3555 proiicui
3105 3484 3331 3550 laboris,
3396 3483 3579 3537 adhuc

1953 3573 2121 3628 hodie
2153 3574 2354 3643 passim
2383 3573 2685 3628 exuberare
2719 3573 3023 3627 videamus.

2025 3660 2136 3715 Sub
2169 3661 2482 3715 Landoaldo
2516 3661 2646 3715 felix
2685 3661 3015 3715 adolescens
3044 3676 3153 3715 non
3185 3660 3380 3714 leviter
3419 3676 3577 3715 exer-

1953 3750 2152 3805 citatus
2180 3751 2245 3804 ad
2288 3749 2598 3823 genitorem
2646 3765 2931 3823 regressus
2988 3755 3087 3803 est.
3152 3749 3262 3802 Nec
3301 3756 3385 3804 est
3416 3748 3578 3804 facile

1956 3840 2106 3894 dictu
2134 3852 2243 3909 quo
2274 3845 2505 3908 uterque
2538 3835 2764 3891 aﬁ’ectus
2790 3835 2865 3889 sit
2902 3835 3130 3907 gaudio,
3163 3836 3291 3889 dum
3326 3836 3374 3889 ei
3408 3836 3574 3903 ﬁlius,

1957 3938 2190 4001 paterno
2221 3926 2440 3995 affectu,
2474 3933 2528 3983 et
2566 3934 2722 3999 pater
2770 3943 2868 3998 pro
2915 3925 3013 3980 ﬁlii
3054 3925 3298 3996 profectu
3332 3928 3578 3999 gratula-

1958 4015 2138 4071 batur.

2615 4146 2821 4202 CAPUT
2853 4147 2934 4200 ιν.

2067 4284 2210 4348 Quod
2238 4301 2271 4337 α
2289 4287 2340 4338 S.
2387 4283 2680 4338 Theodardo
2708 4283 3020 4337 Lambertus
3050 4284 3348 4338 instructus
3376 4287 3464 4337 sit.

2032 4413 2231 4467 Sancto
2278 4410 2603 4466 Theodardo
2654 4409 3085 4480 Trajectensium
3147 4409 3410 4481 episeopo
3451 4410 3578 4465 sub-

236 4490 431 4545 clesia
489 4491 952 4565 archipresbyter,
1011 4496 1216 4553 ibidem
1267 4499 1375 4555 Deo
1431 4460 1722 4570 militabat,
1754 4460 2151 4563 susttitnto
2190 4505 2610 4561 commendatur
2638 4460 2800 4561 etiam
2854 4505 2982 4561 huic
3038 4460 3359 4559 Lambertns
3413 4522 3444 4559 a
3475 4519 3577 4560 suo

237 4585 435 4635 sancto
466 4581 711 4638 Amando
738 4583 1030 4655 episcopo;
1072 4593 1126 4642 et
1180 4587 1310 4659 quia
1350 4587 1496 4642 idem
1540 4591 1853 4662 episcopus,

238 4674 427 4730 studio
458 4676 820 4747 praedicandi,
852 4695 910 4734 se
936 4681 1255 4752 expedierat
1281 4684 1585 4757 episcopali
1621 4690 1855 4751 sarcina,

239 4763 363 4836 ipse
379 4762 529 4819 vices
549 4765 1111 4843 episcOpidiligenter
1138 4778 1520 4844 etopportune
1543 4774 1855 4846 supplebat,

240 4858 299 4908 et
344 4868 445 4922 per
471 4867 667 4908 novem
720 4871 897 4912 annos
944 4858 1085 4913 rexit
1124 4859 1421 4916 Ecclesiam
1464 4862 1729 4935 episcopo
1767 4881 1859 4920 va-

240 4946 493 5008 cantem,
546 4941 726 4998 donec
791 4944 1081 5002 Bemaclus
1127 4949 1442 5005 cathedram
1493 4949 1861 5024 Trajectensis

242 5032 502 5089 Ecclesia
539 5036 802 5108 suscepit.

889 5125 1097 5183 CAPUT
1123 5127 1222 5183 Ill.

385 5224 457 5275 De
482 5222 633 5288 fonte
650 5236 747 5291 per
771 5226 1072 5279 orationem
1106 5231 1423 5281 sanctorum
1443 5228 1716 5295 producto.

319 5309 670 5366 Landoaldus
719 5317 939 5367 teneros
988 5328 1167 5369 annos
1207 5315 1381 5371 sancti
1422 5315 1581 5387 pueri
1633 5323 1862 5389 paterno

317 5506 462 5575 (990)
515 5506 613 5591 Hic
662 5507 929 5581 Pippinus
974 5510 1141 5591 ﬁlius
1169 5512 1270 5591 fuit
1309 5513 1675 5591 Carlomanni,
1736 5521 1852 5591 qui,

235 5593 410 5655 uxore
459 5584 618 5655 capta
666 5594 730 5634 ex
766 5591 949 5655 gente
1007 5583 1329 5655 Aquitanica
1394 5587 1591 5648 Sueva.
1647 5583 1856 5646 Suevos

238 5650 497 5722 aliosque
529 5650 829 5722 Germania
883 5650 1140 5722 populos,
1173 5655 1318 5711 bello
1370 5656 1520 5713 vicit.
1570 5658 1703 5715 Huic
1746 5668 1856 5717 tres

240 5719 763 5792 fuere’liberiﬁlia,
795 5719 1003 5796 Begga:
1033 5730 1089 5779 et
1139 5724 1442 5797 Gertrudis,
1473 5745 1705 5802 quarum
1740 5733 1856 5790 hac

1961 4604 2134 4667 patre,
2163 4596 2307 4650 utad
2327 4595 2448 4663 ejus
2480 4596 2762 4666 exemplar
2782 4595 3087 4654 erudiatur.
3120 4595 3216 4666 qui
3251 4595 3306 4649 in
3341 4594 3578 4650 Ecclesia

1958 4692 2013 4741 et
2045 4685 2100 4740 in
2128 4684 2282 4739 curia
2308 4684 2543 4738 multum
2572 4684 2864 4740 videbatur
2880 4682 3287 4755 suspiciendus.

2033 4774 2106 4829 Ex
2145 4774 2302 4843 cujus
2329 4772 2431 4827 viri
2472 4772 2646 4829 latere
2699 4775 2839 4829 adeo
2893 4772 3127 4844 profecit
3166 4780 3224 4828 ut
3262 4773 3317 4827 in
3365 4774 3579 4830 cunctis

1965 4861 2221 4935 negotiis,
2255 4876 2367 4915 non
2408 4867 2614 4915 tantum
2665 4862 2943 4933 exemplo,
2976 4862 3075 4917 sed
3107 4863 3270 4917 etiam
3314 4863 3576 4919 miraculo

1963 4960 2111 5007 esset
2139 4949 2427 5017 omnibus;
2455 4958 2573 5006 erat
2599 4952 2745 5006 enim
2774 4937 2906 5007 vere
2937 4953 3157 5028 dignus,
3178 4964 3403 5025 aspectu
3428 4971 3579 5009 ama-

1965 5045 2115 5110 bilis,
2147 5044 2424 5116 colloquio
2471 5043 2730 5114 affabilis,
2765 5045 2819 5100 in
2861 5054 3008 5101 recta
3050 5041 3473 5105 conversatione
3524 5057 3579 5103 et

1966 5137 2223 5193 omnibus
2253 5135 2546 5204 conformi,
2580 5137 2669 5193 vix
2698 5138 2795 5193 ulli
2848 5138 3150 5195 imitabilis.
3208 5140 3577 5212 Parvipendc-

1966 5229 2058 5283 bat
2083 5228 2400 5300 praesentia,
2420 5228 2589 5284 veluti
2620 5229 2914 5284 devoverat
2938 5230 2990 5283 in
3025 5230 3277 5302 pueritia,
3300 5231 3579 5287 astimans

1965 5336 2064 5392 pro
2093 5319 2267 5376 nihilo
2298 5321 2504 5390 omnia,
2553 5329 2750 5392 prater
2787 5321 2935 5393 quod
2977 5331 3093 5377 erat
3125 5329 3345 5379 aterna
3384 5323 3578 5379 salutis

1959 5527 2043 5576 est
2073 5526 2265 5590 postea
2293 5520 2463 5576 relata
2491 5521 2544 5574 in
2578 5538 2867 5577 numerum
2901 5531 3244 5591 sanctarum;
3289 5522 3434 5577 ﬁlius
3456 5521 3577 5575 Gri-

1958 5593 2230 5663 moaldus,
2263 5591 2356 5662 qui
2390 5598 2595 5662 patrem
2626 5602 2844 5649 mortuo
2878 5594 2985 5648 dux
3020 5594 3215 5660 factus,
3251 5592 3572 5663 reipublica

1956 5662 2190 5734 prafuit.
2222 5663 2614 5719 Baaaannusln
2643 5663 2932 5732 Chronico,
2967 5682 3067 5736 cap
3120 5667 3170 5720 1.
