3960 6198
385 281 490 340 763

1603 272 1946 328 SlGEBERTl
1989 268 2476 326 GEMBLACENSIS

3621 259 3735 313 764

382 410 588 487 gratia;
642 408 964 464 coelestibus
1018 406 1203 462 animo
1235 405 1528 471 inhaerens,
1570 418 1694 459 sese
1732 404 2001 460 holocau-
2024 409 2071 475 Α
2099 406 2154 455 et
2184 398 2460 454 Lamberti
2488 401 2729 451 mentem
2771 395 2915 465 plus,
2959 394 3150 460 credo,
3183 392 3444 449 omnibus
3476 396 3733 446 conster-

386 512 528 558 stum
559 502 793 556 Domino
824 499 1115 554 mactabat.

458 594 711 666 Sedquid
741 609 881 664 opus
903 599 986 646 est
1027 590 1154 645 hinc
1184 590 1315 645 inde
1346 588 1595 661 quaesitis
1623 588 2000 643 laudationum

389 689 528 745 lucis
558 688 710 743 illum
757 686 1003 742 colorare
1049 701 1210 756 quem
1251 684 1522 756 sapientia
1567 683 1705 754 ipsis
1742 682 2005 738 coloravit

387 776 730 833 virtutibus?
761 774 1110 847 Superﬂuum
1143 781 1227 829 est
1257 782 1408 829 extra
1437 788 1686 844 quaerere
1714 772 2000 826 materiam

391 867 589 934 laudis,
610 883 732 922 cum
766 882 890 919 eum
927 863 1146 919 Creator
1171 863 1237 918 ad
1274 870 1477 917 tantam
1520 862 1837 917 formaverit
1867 877 1999 936 gra-

392 964 522 1018 tiam
567 969 626 1016 ut
667 962 729 1015 in.
750 967 861 1016 toto
902 974 1132 1029 corpore
1186 958 1307 1028 ejus
1345 957 1436 1011 vix
1465 956 1795 1028 surrepserit
1819 958 2005 1030 aliqua

392 1058 599 1107 natura:
638 1050 870 1114 menda;
905 1047 959 1102 in
983 1048 1170 1102 animo
1208 1062 1337 1102 vero
1384 1047 1523 1115 ejus,
1566 1046 1650 1101 vix
1684 1047 1869 1119 aliqua
1896 1063 2004 1105 no-

392 1144 512 1200 civa
541 1144 752 1198 macula
779 1140 1113 1211 apparuerit.

1033 1250 1240 1307 CAPUT
1278 1251 1340 1306 V.

392 1352 462 1401 De
512 1344 827 1399 habitudine
876 1344 1107 1412 corporis
1153 1344 1332 1426 sancti
1380 1342 1650 1398 Lamberti
1697 1350 1749 1399 et
1805 1343 2013 1400 dotibus

1094 1429 1270 1467 ant-m1
1278 1456 1288 1467 .

467 1504 602 1569 Quia
628 1511 808 1558 tamen
837 1509 1057 1574 Oportet
1086 1518 1211 1556 eum
1254 1502 1497 1568 laudare,
1531 1509 1591 1558 ut
1630 1519 1693 1558 ex
1726 1520 1859 1560 vero
1889 1521 2014 1560 eum

396 1598 683 1652 laudemus
714 1596 891 1650 decet.
929 1595 1018 1648 llis
1057 1594 1150 1665 qui
1205 1594 1590 1649 habitudinem
1619 1598 1867 1666 corporis
1897 1598 2017 1666 ejus

398 1697 490 1742 aut
520 1686 690 1751 novit,
714 1693 807 1740 aut
829 1685 897 1738 ab
928 1685 1013 1738 his
1044 1684 1137 1755 qui
1168 1700 1291 1738 eum
1325 1691 1593 1739 noverunt
1624 1686 1816 1741 didicit
1845 1687 2008 1757 (991),

2102 497 2359 557 naverat;
2416 489 2516 544 sed
2564 488 2684 559 ipse
2743 497 3060 557 temperans
3099 484 3371 546 dolorem,
3408 483 3648 555 quippe,
3680 483 3732 535 in

2102 601 2234 659 quo,
2288 589 2411 655 post
2449 583 2640 648 Deum,
2674 588 2790 635 tota
2846 577 2982 633 urbs
3038 577 3301 633 inclinata
3346 574 3733 640 recumbebat,

2102 679 2171 733 ad
2201 674 2565 748 repetendum
2595 672 2846 744 praesulis
2873 686 3074 742 corpus
3101 685 3160 724 se
3188 667 3445 723 accinxit.
3469 667 3534 722 Et
3552 667 3736 738 primo

2104 766 2414 831 frustratus,
2436 779 2547 819 non
2576 762 2803 827 destitit,
2837 761 2931 815 sed
2967 767 3079 815 toto
3109 758 3293 813 animo
3325 767 3380 812 et
3404 772 3577 813 sensu
3606 770 3737 820 suo,

2101 855 2172 912 ad
2226 854 2552 926 explendam
2612 866 2837 923 operam
2869 864 3021 904 suam
3063 864 3217 914 usus,
3276 863 3392 902 rem
3451 845 3642 902 effecit
3672 861 3742 899 ex

2103 948 2404 1006 sententia.

2178 1042 2430 1097 Relatum
2482 1040 2669 1111 itaque
2721 1036 2898 1092 sancti
2927 1050 3146 1106 corpus,
3189 1034 3244 1088 in
3299 1032 3433 1090 villa
3490 1031 3741 1103 publica,

2113 1135 2279 1209 Legia
2334 1132 2643 1199 tumulavit,
2705 1128 3006 1201 praesciens
3054 1127 3204 1200 quod
3266 1142 3387 1181 eam
3450 1124 3739 1184 divinitas.

2110 1229 2288 1301 ipsius
2337 1227 2505 1282 etiam
2538 1225 2811 1300 sanguine
2836 1230 2890 1278 et
2929 1222 3155 1277 nomine
3186 1219 3505 1292 specialiter
3534 1234 3743 1274 conse-

2113 1317 2394 1383 orandam,
2444 1315 2804 1387 przevidebat,
2837 1321 2892 1368 et
2929 1313 2994 1367 ad
3029 1312 3402 1383 ampliandam
3433 1317 3743 1382 martyrum

2114 1410 2343 1486 gloriam
2380 1408 2610 1481 parabat
2639 1408 2694 1462 in
2719 1406 2909 1461 urbem
2930 1404 3220 1476 ampliare.

2750 1497 2956 1553 CAPUT
2997 1497 3102 1551 Vll.

2434 1590 2577 1652 Quod
2611 1589 2681 1642 ad
2704 1591 3070 1656 episwpatum
3098 1586 3295 1640 electus
3320 1586 3413 1639 sit.

2182 1680 2311 1744 Quis
2352 1679 2780 1749 Trajectensium
2852 1676 3106 1732 Ecclesiae
3171 1673 3434 1728 substitui
3506 1671 3753 1728 deberet

399 1775 771 1846 scripsitcum
826 1773 994 1828 fuisse
1035 1772 1250 1837 fortem,
1291 1774 1560 1839 velocem,
1612 1775 1838 1829 multum
1894 1737 2083 1849 agi:B
2114 1770 2429 1842 episcopus,
2480 1769 2712 1823 multum
2761 1767 3174 1821 deliberabatur
3220 1765 3278 1819 iu
3324 1760 3571 1818 Ecclesia
3614 1761 3747 1827 Dei,

401 1868 531 1932 lem,
577 1864 794 1919 firmum
836 1865 892 1918 in
961 1864 1128 1929 bello,
1171 1863 1345 1919 forma
1391 1866 1748 1935 praecipuum,
1810 1873 2016 1921 statura
2116 1863 2347 1918 multum
2379 1878 2546 1932 super
2584 1861 2689 1915 hoc
2720 1859 2774 1913 in
2794 1860 2917 1913 aula
2934 1858 3081 1931 regis
3119 1856 3342 1912 Hildrici
3372 1854 3746 1921 tractabatur,

404 1974 712 2031 procerum,
761 1956 898 2011 facie
959 1958 1182 2022 decora,
1230 1957 1439 2012 cesarie
1489 1956 1749 2026 formosa,
1800 1959 2016 2031 inclytis
2117 1953 2211 2025 qui
2241 1960 2457 2006 mortuo
2486 1959 2640 2022 patro
2697 1964 2798 2004 suo
2861 1946 3174 2022 Sigeberto,
3216 1961 3447 2019 regnum
3500 1945 3747 2000 Austra-

402 2052 598 2116 oculis,
638 2049 894 2104 manibus
934 2049 1199 2115 honestis,
1234 2049 1422 2121 digitis
1462 2050 1659 2125 longis,
1683 2067 1848 2106 carne
1878 2068 2015 2107 can-

404 2147 554 2212 dida,
595 2154 651 2200 ut
694 2161 725 2199 a
759 2145 941 2214 planta
987 2143 1145 2213 pedis
1184 2160 1359 2215 usque
1412 2145 1481 2201 ad
1533 2146 1791 2202 verticem
1825 2148 2020 2218 capitis

405 2246 547 2295 esset
568 2236 1093 2308 irreprehensibi’is.

475 2330 555 2392 Et,
607 2336 665 2384 ut
714 2327 1004 2382 veniamus
1061 2326 1129 2380 ad
1162 2326 1307 2382 bona
1356 2328 1546 2395 animi,
1592 2338 1708 2385 erat
1760 2330 2020 2386 charitate

407 2419 621 2492 plenus,
663 2417 909 2473 castitate
965 2415 1314 2485 praecinctus,
1372 2416 1632 2473 fundatus
1691 2419 1746 2474 in
1797 2419 2021 2475 humili-

406 2515 535 2575 tate,
561 2514 872 2578 opportune
903 2505 1160 2571 orationi,
1190 2514 1499 2576 opportune
1533 2508 1780 2574 lectioni,
1816 2525 2022 2580 oppor-

408 2604 538 2653 tune
593 2595 815 2670 negotio
853 2594 1104 2649 saeculari
1159 2596 1247 2650 vel
1302 2596 1381 2650 rei
1440 2596 1694 2652 fami'iari
1755 2599 2021 2657 intentus.

412 2690 568 2755 Ecce,
599 2688 755 2743 vides
781 2685 1064 2741 hominem
1103 2687 1243 2743 adeo
1268 2687 1431 2743 donis
1459 2691 1670 2763 gratiae,
1700 2690 1839 2747 adeo
1862 2692 2024 2747 donis

411 2788 619 2834 naturae
650 2778 879 2832 ditatum
942 2783 1000 2830 ut
1050 2776 1202 2832 dicas
1249 2793 1374 2832 eum
1422 2778 1480 2833 in
1511 2778 1687 2834 virum
1723 2780 2022 2851 perfectum

412 2870 700 2925 formatum
742 2884 772 2922 a
819 2868 949 2921 Deo.
986 2867 1145 2934 Ecce,
1200 2867 1449 2939 inquam,
1510 2868 1682 2924 habes
1722 2870 2022 2938 hominem,

411 2962 586 3018 cuivis
621 2976 871 3032 personae
903 2960 1142 3015 habilem
1176 2961 1529 3031 conformari,
1562 2962 1618 3018 in
1671 2979 1802 3035 quo,
1844 2964 1891 3019 si
1943 2974 2027 3020 at-

412 3052 607 3108 tendas
627 3068 692 3107 ea
723 3066 847 3122 qua
877 3057 1003 3104 sunt
1033 3050 1182 3119 laici,
1224 3052 1358 3123 quid
1389 3052 1458 3107 de
1498 3053 1637 3109 laico
1686 3054 1736 3110 ei
1783 3053 2026 3111 defuisse

414 3143 603 3200 dicas?
627 3144 672 3199 si
718 3158 933 3215 quaeras
957 3158 1081 3214 quae
1136 3151 1266 3198 sunt
1303 3144 1509 3211 clerici,
1567 3150 1734 3201 totum
1769 3145 2026 3202 clericum

413 3235 685 3291 invenias.

490 3323 581 3377 His
604 3322 766 3378 rebus
797 3321 958 3379 facile
987 3330 1361 3396 comparatum
1390 3333 1508 3383 erat
1538 3333 1598 3383 ut
1635 3326 1789 3383 omni
1821 3329 2031 3384 honore

415 3412 777 3484 omniumque
808 3428 993 3469 amore
1051 3413 1251 3488 dignus
1274 3414 1636 3483 judicaretur.
1686 3416 1789 3472 Per
1827 3417 1931 3472 hoc
1959 3417 2030 3472 ita

415 3501 741 3557 Theodardo
770 3502 1033 3573 epiSCOpo
1089 3510 1206 3558 erat
1236 3504 1387 3559 cordi
1430 3511 1489 3559 ut
1542 3512 1875 3577 praeoptaret
1904 3522 2030 3561 eum

419 3593 525 3648 sibi
553 3592 760 3667 eligere
789 3608 1187 3658 successorem,
1238 3594 1344 3650 nisi
1381 3594 1547 3650 sciret
1591 3596 1892 3668 apostolica
1931 3613 2032 3651 au-

421 3685 672 3741 ctoritate
699 3701 820 3740 esse
845 3685 1125 3741 decretum
1156 3686 1304 3759 (992)
1336 3703 1407 3742 ne
1446 3689 1763 3743 sacerdotes
1793 3688 2035 3744 audeant

421 3776 559 3833 alios
589 3776 890 3851 designatis
928 3778 1269 3847 nominibus,
1310 3779 1415 3834 sibi
1455 3780 1776 3855 subrogare,
1808 3797 1877 3836 ne
1916 3782 2039 3852 epi-

420 3876 678 3940 scOpatus
701 3885 810 3924 non
838 3869 1084 3925 divinum
1112 3887 1335 3939 munus,
1368 3871 1465 3926 sed
1497 3872 1906 3927 haereditarium
1934 3889 2037 3943 pu-

420 3967 567 4017 tetur
606 3977 727 4016 esse
766 3963 1156 4032 compendium
1215 3972 1269 4018 et
1309 3978 1377 4018 ne
1418 3963 1708 4036 quisquam
1759 3964 1906 4036 quod
1939 3965 2033 4020 Dei

420 4060 503 4109 est
540 4061 692 4125 putet
747 4055 956 4111 homini
1013 4054 1224 4110 deberi.
1272 4055 1435 4111 Porro
1491 4056 1545 4110 in
1578 4056 1703 4112 aula
1744 4057 1889 4130 regis
1922 4073 2031 4113 non

421 4143 558 4199 levis
592 4150 708 4198 erat
737 4144 1026 4199 aestimatio
1073 4144 1143 4198 de
1185 4144 1454 4199 Lamberti
1485 4145 1733 4211 nomine,
1781 4162 1944 4218 quem
1978 4156 2033 4203 et

425 4233 628 4311 regalis
658 4234 977 4292 sollicitudo
1008 4243 1063 4291 et
1093 4251 1383 4307 procerum
1415 4236 1706 4293 multitudo
1742 4239 2036 4294 revereba-

423 4335 528 4382 tur.

1068 4398 1138 4454 CA
1150 4399 1274 4455 PUT
1311 4400 1397 4454 Vl.

704 4494 776 4544 De
800 4490 968 4546 relato
996 4505 1209 4561 corpore
1233 4494 1411 4548 sancti
1440 4493 1743 4550 Theodardi.

492 4601 817 4658 Theodardo
848 4604 1083 4674 praesule
1125 4620 1224 4674 per
1269 4604 1606 4661 innocentiae
1641 4605 1782 4661 viam
1823 4605 1892 4661 ad
1920 4605 2042 4679 glo-

424 4690 561 4746 riam
619 4696 918 4763 martyrum
976 4692 1265 4763 perducto,
1323 4693 1652 4768 Vangiones,
1712 4694 1767 4749 in
1810 4710 2041 4767 quorum

427 4779 705 4836 territorio
760 4789 992 4836 mortem
1044 4781 1376 4852 appetierat,
1438 4798 1547 4838 non
1604 4784 1908 4839 credebant
1939 4784 2045 4840 hoc

429 4872 655 4929 fortuito
698 4875 983 4944 accidisse,
1016 4876 1116 4931 sed
1155 4877 1273 4945 Dei,
1325 4892 1423 4933 sua
1459 4878 1606 4934 inter
1636 4879 1822 4935 omnia
1850 4879 2043 4950 dispo—

430 4965 629 5027 nentis,
665 4973 827 5033 nutu;
879 4985 1124 5039 praesens
1177 4971 1305 5026 novi
1353 4974 1609 5043 martyris
1652 4980 1896 5029 tutamen
1935 4971 2042 5027 sibi

2118 2047 2213 2101 size
2241 2062 2271 2099 a
2297 2051 2450 2116 patre
2486 2059 2585 2099 suo
2625 2042 2898 2098 Clodoveo
2930 2046 3240 2111 acceperat,
3280 2039 3511 2111 Jamque
3539 2039 3749 2110 paula-

2120 2136 2215 2190 tim
2247 2149 2451 2201 sermo,
2481 2133 2551 2189 de
2607 2131 2812 2204 palatio
2842 2130 2912 2186 ad
2943 2129 3259 2195 ecclesiam,
3305 2128 3375 2182 ab
3411 2129 3646 2184 ecclesia
3677 2129 3749 2183 ad

2124 2226 2313 2298 pepuli
2366 2224 2734 2296 frequentiam
2780 2222 3131 2278 discurrebat
3191 2220 3405 2275 nullum
3447 2220 3747 2276 Lamberto

2122 2318 2408 2374 meliorem
2437 2332 2581 2381 esse,
2607 2332 2670 2371 ac
2701 2332 2798 2386 per
2842 2316 2947 2370 hoc
2993 2313 3205 2369 nullum
3243 2314 3567 2385 episcopatu
3607 2313 3749 2367 Tra-

2118 2408 2451 2479 jectensium
2491 2392 2614 2463 esse
2645 2406 2977 2480 digniorem,
3007 2406 3058 2460 ei
3106 2410 3442 2475 competere,
3475 2420 3542 2459 ex
3583 2420 3755 2460 cano-

2126 2500 2247 2554 nica
2279 2496 2623 2562 auctoritate,
2665 2503 2724 2550 ut
2774 2495 2830 2550 in
2889 2495 3130 2551 Ecclesia
3174 2510 3275 2549 sua
3306 2494 3544 2550 fructum
3603 2495 3753 2549 mili-

2126 2594 2216 2649 tiae
2260 2608 2374 2647 sua:
2404 2592 2735 2662 perciperet.
2786 2590 2917 2646 Cum
2973 2590 3174 2662 palatio
3213 2590 3518 2646 concordat
3564 2591 3756 2647 Eccle-

2125 2686 2227 2752 sia,
2283 2685 2558 2741 consentit
2622 2684 2804 2739 clerus
2855 2699 2980 2739 cum
3037 2682 3274 2755 populo,
3329 2698 3504 2738 unum
3556 2691 3756 2753 aptant

2127 2778 2373 2833 omnium
2416 2775 2603 2843 corda,
2657 2775 2827 2831 millia
2876 2775 3064 2847 populi
3126 2791 3237 2831 uno
3266 2790 3363 2830 ore
3419 2774 3750 2831 acclamant.

2128 2871 2196 2925 Se
2229 2870 2306 2924 illi
2333 2869 2490 2925 oneri
2527 2876 2688 2939 negat
2711 2884 2830 2924 esse
2852 2884 3065 2940 parem,
3087 2884 3152 2924 ac
3178 2884 3275 2938 per
3295 2869 3402 2923 hoc
3423 2869 3603 2941 magis
3629 2869 3756 2942 cogi

2128 2970 2387 3018 meretur.
2422 2962 2665 3017 Tandem
2714 2961 2816 3027 vir,
2850 2961 3056 3017 ditatus
3087 2961 3392 3017 honoribus
3442 2961 3754 3016 sanctimo-
3808 2979 3817 2985 ·

2051 3089 2101 3159 0
2132 3058 2263 3128 nias,
2332 3057 2636 3113 illustratus
2691 3055 3041 3114 commerciis
3094 3056 3490 3127 parcimouiae,
3561 3056 3760 3110 annuit

2132 3166 2277 3206 unus
2320 3149 2578 3206 omnibus
2619 3149 2964 3223 morigerari,
2997 3154 3057 3204 ut
3093 3163 3287 3204 omnes
3316 3148 3386 3203 de
3445 3163 3506 3203 se
3538 3163 3652 3203 uno
3698 3148 3757 3202 in

2133 3238 2344 3295 Christo
2373 3237 2596 3311 gloriari
2641 3244 2892 3310 possent.

2204 3328 2447 3399 Adeptus
2500 3326 2722 3383 culmen
2785 3326 3073 3401 religionis
3142 3331 3426 3397 perpetua:
3462 3367 3476 3392 ,
3547 3324 3760 3380 studuit

2133 3421 2358 3494 pietatis
2410 3435 2616 3494 augere
2657 3435 2848 3491 opera,
2906 3419 3002 3490 qui
3045 3416 3347 3489 pontiﬁcali
3406 3426 3607 3473 auctus
3641 3424 3758 3472 erat

2133 3514 2325 3571 infula.
2373 3513 2643 3569 Mactabat
2663 3513 2814 3569 omni
2855 3513 2946 3568 die
2968 3512 3347 3568 holocaustum
3377 3511 3617 3567 Domino
3643 3527 3756 3567 non

2131 3623 2194 3662 ex
2248 3619 2451 3676 pecore
2479 3603 2680 3659 alieno.
2744 3602 3040 3659 Consilium
3068 3610 3125 3656 et
3169 3617 3310 3677 opus
3339 3617 3503 3656 suum
3537 3616 3761 3671 semper

2134 3698 2203 3754 ad
2242 3698 2415 3753 Deum
2455 3696 2832 3762 convertebat,
2874 3710 2969 3751 cor
3006 3702 3060 3750 et
3117 3694 3291 3766 pedes
3348 3692 3635 3765 dirigebat
3691 3693 3758 3747 ad

2136 3788 2624 3864 evangelizandam
2655 3804 2868 3859 pacem.
2900 3787 3121 3857 Septem
3162 3786 3370 3858 quippe
3409 3785 3560 3841 dona
3586 3784 3763 3857 Spiri-

2137 3884 2225 3934 tus
2262 3877 2436 3933 sancti
2471 3893 2594 3949 quaa
2634 3876 2843 3933 Christo
2897 3874 3335 3932 substantialiter
3386 3874 3600 3940 insunt,
3633 3873 3761 3929 huic

2137 3984 2379 4040 quoque,
2414 3982 2512 4039 pro
2542 3973 2708 4038 captu
2758 3966 3021 4031 humano,
3053 3964 3473 4020 accidentaliter
3502 3965 3757 4019 aderant.

2133 4057 2367 4128 Spiritus
2396 4055 2611 4111 consilii
2660 4056 2717 4109 in
2758 4070 2824 4110 eo
2855 4055 3071 4128 vigebat
3101 4053 3356 4129 egregie;
3389 4053 3461 4124 [et
3491 4052 3763 4125 quidquid

2133 4146 2351 4222 agebat,
2384 4146 2580 4216 spiritu
2617 4145 2907 4216 sapientiae
2954 4144 3295 4201 moderabat.
3331 4144 3443 4198 Rex
3483 4159 3617 4200 vero
3651 4143 3761 4197 Hil-

2135 4240 2343 4307 dricus,
2365 4239 2561 4294 videns
2589 4255 2715 4294 eum
2742 4239 2956 4294 cunctis
2983 4244 3268 4310 praestare,
3296 4236 3474 4309 pluris
3504 4252 3636 4291 eum
3666 4237 3761 4291 ha-

2135 4332 2301 4387 bebat
2326 4330 2539 4386 cunctis
2566 4329 2723 4403 regni
2770 4329 3107 4401 primoribus
3153 4328 3408 4401 ipsisque
3457 4329 3763 4400 episcopis,

2050 4414 2109 4484 D
2134 4420 2298 4493 eique
2337 4421 2485 4492 apud
2513 4420 2757 4475 animum
2788 4435 2970 4486 suum,
3005 4419 3150 4490 apud
3189 4435 3352 4475 aures
3389 4426 3447 4474 et
3488 4433 3554 4474 os
3582 4434 3760 4479 suum,

2143 4512 2381 4582 primum
2414 4510 2595 4566 locum
2636 4508 2819 4573 dabat,
2878 4517 2933 4565 et
2961 4510 3119 4579 cujus
3149 4523 3244 4564 cor
3290 4508 3558 4564 credebat
3586 4508 3758 4580 Spiri-

2143 4608 2230 4656 tus
2258 4600 2432 4656 sancti
2484 4599 2766 4656 oraculum
2799 4614 2943 4668 esse,
2975 4599 3245 4672 cujusque
3290 4598 3540 4672 linguam
3596 4598 3769 4653 habe-

2143 4695 2236 4750 bat
2276 4710 2374 4767 pro
2407 4692 2652 4749 veritatis
2677 4708 2911 4770 organo,
2961 4693 3013 4748 ei
3053 4693 3198 4749 ultro
3242 4690 3477 4747 dederat
3514 4691 3768 4747 amicitiae

2143 4801 2256 4842 suae
2282 4802 2574 4853 summam,
2605 4800 2847 4856 eumque
2894 4783 3000 4839 sibi
3041 4799 3073 4838 a
3109 4782 3339 4839 secretis
3366 4781 3602 4849 fecerat,
3654 4781 3765 4853 qui,

2150 4884 2212 4933 ut
2249 4876 2444 4943 fertur,
2489 4882 2607 4932 erat
2652 4876 2704 4931 ei
2746 4875 2913 4931 etiam
2950 4890 2984 4930 a
3030 4872 3477 4939 commentariis;
3538 4871 3688 4927 unde
3741 4887 3769 4924 a

2150 4970 2318 5027 corde
2348 4976 2402 5024 et
2430 4969 2499 5024 ab
2530 4960 2631 5025 ore
2679 4968 2849 5035 illius,
2899 4967 3082 5024 omnis
3130 4964 3412 5021 Austrasia
3470 4964 3766 5036 pendebat,

429 5062 780 5127 procuratum
826 5076 949 5116 esse
1007 5063 1323 5133 sperabant.
1378 5065 1508 5121 ldeo
1539 5080 1650 5121 non
1694 5064 2051 5137 patiebantur
2150 5080 2389 5136 eumque
2420 5070 2534 5120 tota
2551 5063 2754 5138 regalis
2774 5062 2929 5119 curia
2955 5061 3328 5117 reverebatur.

429 5163 630 5218 corpus
680 5149 800 5218 ejus
837 5155 1107 5223 asportari
1144 5173 1174 5211 a
1229 5173 1327 5212 sua
1384 5158 1669 5230 parochia,
1716 5158 1875 5227 cujus
1900 5175 2049 5229 pra:-

430 5237 606 5313 sentip
633 5241 896 5310 optabant
923 5246 1259 5303 aeternaliter
1295 5248 1539 5322 gloriari.

505 5329 629 5384 ΙΙωο
649 5331 919 5389 acerbitas
942 5335 1020 5389 rei
1039 5335 1267 5393 nimium
1303 5340 1613 5410 perculerat
1641 5338 2037 5409 Trajectenses,

505 5499 650 5571 (991)

435 5712 726 5784 Lamberti,
755 5733 874 5789 cap.
905 5716 962 5768 3.
1010 5720 1013 5721 '

704 5499 1137 5580 Godeschalcum
1170 5505 1449 5580 intelligit,
1482 5506 1577 5579 qui
1611 5522 1677 5563 ex
1713 5507 2056 5578 Thiedoeno,

433 5571 487 5653 S_.
528 5570 793 5653 Lamberti
848 5573 1080 5635 famulo,
1106 5580 1160 5653 et
1182 5570 1578 5653 habitudinem
1596 5570 2061 5653 corporisﬁillius',

434 5649 490 5725 et
526 5644 703 5725 apimi.
744 5646 980 5725 virtutes
1010 5644 1219 5721 scribit
1266 5664 1327 5703 se
1376 5644 1719 5725 cognovisse
1750 5650 1807 5705 in
1858 5651 1975 5707 Vita
2003 5644 2056 5708 S.

2222 5154 2408 5209 Frater
2452 5168 2695 5225 quoque,
2756 5151 2978 5208 Hildrici
3029 5150 3175 5224 regis
3223 5147 3625 5215 Theodericus,
3677 5144 3763 5218 qui

2142 5248 2200 5302 in
2250 5253 2406 5319 parte
2449 5246 2713 5314 Franciae,
2754 5261 2877 5318 qu:e
2909 5244 3162 5300 Neustria
3207 5242 3434 5308 dicitur,
3483 5241 3766 5314 regnabat,

2141 5340 2488 5412 praesentiam
2541 5338 2838 5411 appetebat
2881 5335 3182 5402 Lamberti,
3227 5340 3283 5391 et
3330 5333 3482 5390 inter
3519 5344 3768 5405 proceres

2231 5506 2585 5577 (992)}labes
2611 5508 2716 5563 hoc
2744 5507 3070 5577 decretum_:_
3090 5509 3160 5560 De
3186 5505 3316 5577 ﬁliis
3344 5503 3771 5577 presbyterorum

2160 5571 2471 5635 ordime
2495 5581 2577 5635 vel
2614 5595 2744 5645 non,
2777 5595 2897 5649 cap.
2946 5577 2996 5649 Ἰ.
3030 5575 3148 5649 Non
3189 5571 3393 5638 minus,
3425 5571 3650 5649 _inquit,
3681 5571 3772 5649 ob—

2160 5659 2376 5705 servato
2408 5650 2694 5720 apostolici
2727 5642 2977 5720 rescripti
3010 5648 3274 5720 decreto,
3290 5646 3440 5717 quod
3466 5642 3769 5700 successio-

2163 5668 2376 5705 servato
2408 5668 2438 5705 a
2480 5668 2694 5706 OSlOllCl
2727 5668 2977 5720 rescripti
3017 5668 3260 5711 (ιθστῡιυ,
3290 5668 3440 5717 quoa
3466 5668 3571 5700 suo

2163 5737 2288 5777 nem
2322 5721 2377 5775 in
2420 5668 2664 5778 Ecclesia
2695 5722 2790 5779 Dei
2818 5718 3219 5778 baereditariam
3245 5717 3571 5773 detestatur.
