3960 6198
222 339 327 395 765

1438 328 1589 384 νιΤΑ
1630 324 1831 382 PRIOR
1872 325 1926 378 S.
1974 324 2325 381 LAMBERTI.

3440 332 3551 388 766

219 473 273 523 et
311 464 518 520 amicos
548 477 698 529 suos,
730 461 781 516 ei
819 461 1075 517 servabat
1124 460 1314 535 gratia
1370 458 1609 530 copiam,
1640 462 1730 522 et;
1782 454 1827 509 si
1855 456 1909 526 Α
1932 460 2232 510 torrentem
2264 454 2486 511 brachia
2532 456 2762 511 tendere
2794 473 2904 513 non
2956 460 3156 530 potuit,
3217 476 3364 527 nam,
3423 461 3553 532 quia

219 558 350 630 quid
386 557 441 611 in
470 571 644 628 regno
673 570 774 610 suo
805 553 1256 610 auctorizandum
1290 558 1424 617 erat,
1459 566 1568 606 non
1603 549 1831 619 putaba—

222 662 310 708 tur
338 651 472 707 satis
501 657 676 705 ratum
726 649 864 716 fore,
899 648 1005 703 nisi
1038 648 1201 704 etiam
1257 645 1528 702 Lamberti
1558 643 1834 716 approba-

224 751 333 800 tum
370 748 517 798 esset
546 741 801 797 consilio.

838 831 1047 888 CAPUT
1078 830 1212 886 VIII.

291 925 395 991 Qui
448 924 661 990 fuerint
689 924 929 993 episcopi
964 925 1015 975 et
1072 920 1293 975 abbates
1339 917 1760 988 contemporales

835 994 891 1049 S.
920 993 1215 1048 Lamberti.

292 1087 399 1158 Ipsi
421 1103 555 1141 sane
588 1086 922 1141 Francorum
952 1099 1131 1157 reges,
1159 1081 1536 1138 Theodericus
1554 1089 1608 1136 et
1634 1080 1833 1135 Hildri-

218 1195 332 1244 cus,
367 1178 618 1249 quamvis
653 1190 751 1248 pro
789 1174 1138 1246 simplicitate
1182 1174 1367 1229 minus
1405 1189 1504 1245 per
1559 1187 1617 1227 se
1673 1187 1832 1242 sape-

216 1278 354 1335 rent,
392 1270 447 1323 in
499 1269 603 1323 hoc
649 1274 831 1322 tamen
883 1265 1192 1337 sapiebant,
1235 1264 1365 1336 quia
1410 1261 1711 1318 audiebant
1746 1277 1834 1316 sa-

216 1359 457 1429 pientes:
492 1358 700 1428 primus
734 1355 880 1435 enim
916 1354 1202 1426 sapientia
1233 1352 1436 1428 gradus
1468 1359 1572 1418 est,
1600 1365 1822 1423 sapere;

214 1450 510 1516 secundus,
564 1448 753 1503 audire
793 1448 1119 1518 sapientem.
1158 1446 1330 1510 Unde,
1387 1444 1515 1517 quia
1554 1443 1826 1498 Lamberti
1872 1438 1893 1456 '

217 1549 322 1596 tam
346 1540 524 1595 sancti
555 1546 609 1594 et
638 1546 745 1593 tam
771 1537 1060 1609 prudentis
1090 1536 1188 1590 viri
1230 1536 1574 1606 aliorumque
1603 1542 1824 1590 sancto-

216 1650 331 1687 rum
374 1634 764 1705 episcoporum
806 1632 1036 1688 consilio
1066 1630 1437 1702 disponebant
1467 1628 1622 1701 regni
1654 1643 1829 1701 nego-

214 1723 303 1789 tia,
341 1730 459 1777 erat
516 1723 570 1777 in
611 1730 846 1794 utroque
887 1736 1057 1796 regno
1123 1719 1348 1791 pulchra
1397 1734 1575 1773 rerum
1634 1717 1822 1783 facies,

213 1824 262 1871 et
292 1817 724 1888 prosperabatur
743 1815 881 1870 fides
908 1813 1183 1870 Ecclesia.

279 1910 443 1965 Erant
491 1911 698 1982 quippe
731 1915 861 1964 tunc
893 1908 1159 1980 temporis
1196 1905 1370 1960 sancti
1398 1903 1668 1975 episcopi,
1702 1903 1817 1975 qui,

207 2002 442 2057 scientia
499 2001 716 2074 praditi
758 2009 812 2055 et
851 2000 1143 2070 sapientia,
1183 2006 1369 2055 sancte
1424 2005 1478 2053 et
1515 1998 1663 2069 juste
1720 2013 1817 2051 se-

207 2097 417 2151 cundas
437 2095 591 2168 regni
620 2102 804 2165 partes
825 2093 1307 2148 administrabant.
1359 2091 1416 2144 In
1445 2090 1529 2144 his
1558 2089 1816 2160 praemi-

211 2185 420 2240 nebant
500 2185 801 2239 Andoenus
883 2180 1362 2254 Rothomagensis,
1442 2179 1819 2250 Austrigisilus

210 2276 593 2348 Biturigensis;
629 2275 836 2350 Eligius
877 2276 1275 2332 Noviomensis.
1335 2272 1693 2329 Vindicianus
1724 2271 1820 2326 Ca-

209 2364 569 2430 meracensis,
620 2364 962 2420 Audomarus
1012 2364 1391 2431 Tervanensis,
1460 2361 1826 2436 Leodegarius

211 2457 746 2533 Augustodunensis,
776 2456 910 2512 Faro
959 2456 1272 2511 Meldensis.
1307 2457 1458 2510 Inter
1488 2456 1587 2510 hos
1618 2454 1825 2509 emica-

209 2548 296 2603 bat
341 2545 687 2610 Lambertus,
715 2561 937 2599 aureum
976 2546 1129 2600 sidus
1162 2544 1438 2611 Ecclesia,
1490 2544 1640 2599 velut
1678 2542 1821 2598 inter

208 2639 362 2713 ignes
388 2639 521 2692 luna
550 2637 796 2691 minores
851 2636 1070 2691 emicat.
1126 2637 1233 2692 Hos
1264 2636 1585 2691 Lambertus
1631 2636 1816 2707 suspi-

203 2734 380 2791 ciebat
430 2740 493 2788 ut
521 2741 703 2803 patres
731 2740 785 2788 et
814 2742 945 2789 natu
990 2732 1246 2801 majores,
1303 2747 1509 2803 eosque
1550 2730 1816 2786 imitando

205 2825 497 2901 asingulis
550 2840 739 2880 eorum
784 2824 993 2896 alipuid
1045 2824 1235 2898 gratia
1275 2823 1580 2878 hauriebat.
1650 2823 1816 2879 Porro

207 2915 281 2970 illi
332 2913 688 2969 Lambertum
730 2912 1167 2984 pracordialiter
1218 2911 1496 2978 amabant,
1527 2920 1587 2966 ut
1642 2910 1817 2965 filium

200 3011 308 3079 jam
332 3010 400 3064 de
446 3008 582 3064 ﬂore
632 3008 808 3063 aetatis
836 3006 1046 3062 fructus
1094 3006 1456 3069 emittentem,
1488 3005 1650 3076 eique
1697 3012 1820 3076 post

207 3124 287 3174 se,
315 3107 471 3179 quasi
506 3123 570 3161 ex
602 3105 950 3161 hareditaria
1001 3104 1372 3187 successione,
1428 3102 1676 3178 regimen
1718 3101 1819 3156 Ec-

208 3203 386 3258 clesia
447 3209 770 3274 competere
824 3199 1160 3275 gaudebant,
1211 3213 1374 3269 quem
1420 3197 1629 3266 justum
1692 3203 1819 3252 ante

206 3294 369 3349 Deum
402 3301 460 3350 et
507 3293 764 3349 homines
793 3291 1076 3356 videbant,
1125 3290 1246 3345 sine
1277 3290 1526 3362 querela,
1560 3290 1616 3345 in
1644 3288 1820 3344 omni-

202 3386 302 3442 bus
324 3388 588 3443 incedere
617 3386 766 3458 (Luc.
802 3403 840 3454 ι,
880 3384 958 3457 6),
991 3391 1047 3440 et
1076 3384 1156 3439 ire
1191 3384 1246 3438 in
1278 3383 1401 3439 dies
1429 3383 1498 3439 de
1528 3383 1730 3439 virtute
1761 3381 1817 3436 in

200 3482 474 3538 virtutem.

270 3571 432 3627 Erant
489 3575 757 3641 praterea
810 3568 972 3624 etiam
1016 3568 1265 3632 abbates,
1308 3574 1366 3622 et
1419 3573 1549 3622 tunc
1579 3573 1631 3621 et
1670 3581 1822 3621 nunc

201 3660 579 3717 nominabilis
617 3659 931 3726 sanctitate,
960 3659 1239 3724 Bertinus,
1262 3656 1614 3717 Philibertus.
1657 3656 1823 3711 Wan-

199 3750 527 3821 dregisilus;
563 3748 851 3803 Ursmarus
908 3746 1201 3802 Lobiensis
1246 3746 1302 3800 in
1336 3746 1570 3802 tironem
1628 3743 1826 3802 Christi

199 3842 574 3897 adolescebat.
609 3840 671 3894 Ili
703 3848 860 3895 erant
885 3839 1152 3893 Lamberti
1185 3838 1646 3909 contemporales,
1683 3839 1820 3895 tales

198 3940 348 3988 erant
379 3935 505 4003 ejus
551 3932 995 3988 contubernales.
1052 3931 1137 3997 Hi,
1195 3937 1254 3984 ut
1300 3929 1596 3998 cherubin,
1645 3931 1820 3986 virtu-

202 4032 308 4080 tum
349 4041 576 4081 suarum
609 4024 722 4079 alas
768 4024 1178 4089 concutiebant,
1211 4024 1349 4079 alter
1377 4023 1445 4078 ad
1476 4023 1730 4085 alterum,
1764 4032 1820 4078 et

199 4119 252 4173 in
282 4119 506 4173 laudem
534 4117 651 4184 Dei,
695 4116 887 4172 orbem
917 4124 1072 4172 terra
1125 4115 1549 4173 commovebant
1602 4116 1811 4185 (Ezech.

199 4226 250 4276 χ,
277 4213 384 4281 11).
435 4211 638 4266 Ilorum
681 4208 894 4265 meritis
922 4208 1017 4264 diu
1056 4209 1406 4280 tranquillata
1447 4213 1531 4263 est
1577 4206 1818 4263 Ecclesia

200 4301 312 4365 Dei,
343 4301 557 4373 diuque
583 4310 759 4356 status
781 4300 937 4373 regni
968 4305 1325 4371 prosperatus
1352 4306 1456 4355 est.

268 4390 649 4457 Postmodum,
690 4397 916 4461 prepter
953 4390 1141 4461 populi
1166 4398 1470 4461 torporem,
1513 4389 1818 4445 dormiente

193 4485 323 4540 Jesu
355 4485 414 4541 in
447 4484 573 4538 navi
605 4492 806 4539 sancta
840 4483 1114 4549 Ecclesia,
1156 4498 1308 4549 ecce,
1358 4486 1533 4538 motus
1588 4499 1896 4590 magnusD

196 4575 376 4640 factus
403 4578 485 4629 est
512 4576 571 4627 in
598 4576 742 4628 mari
768 4573 930 4644 hujus
956 4573 1145 4628 mundi
1178 4574 1392 4639 (Matth.
1428 4590 1545 4641 vm,
1572 4574 1684 4645 24).
1717 4573 1818 4628 Fa-

197 4665 300 4720 cile
342 4673 428 4720 est
457 4680 678 4720 causam
709 4663 845 4719 tanti
879 4670 1062 4719 motus
1092 4662 1363 4719 ediscere.

842 4751 1051 4807 CAPUT
1096 4752 1178 4806 IX.

547 4844 620 4897 De
645 4844 1012 4909 interfectione
1041 4842 1282 4897 Hildriri
1308 4844 1470 4911 regis.

261 4935 641 4992 'I'beodoricus
680 4941 735 4989 et
767 4934 1040 4989 Hildricus
1070 4934 1269 4989 fratres
1300 4934 1617 5006 bipartitum
1660 4936 1821 4992 Fran-

194 5025 292 5080 cia
323 5040 560 5098 regnum
601 5025 889 5097 regebant,
944 5024 1042 5078 sed
1082 5023 1213 5096 quia
1249 5024 1622 5082 Theodericus
1659 5026 1824 5084 hebe-

192 5114 343 5169 tioris
373 5114 588 5189 ingenii
623 5121 760 5182 erat,
804 5113 1074 5169 Ebroinus
1117 5114 1294 5183 major
1338 5115 1555 5181 domus,
1610 5119 1824 5190 simpli-

192 5209 352 5266 citate
393 5210 520 5279 ejus
549 5209 776 5276 abusus,
816 5208 1113 5266 commovit
1140 5209 1194 5265 in
1254 5226 1441 5284 regem
1483 5211 1610 5266 odia
1650 5211 1815 5267 totius

193 5302 417 5372 pupuli;
456 5301 645 5356 Franci
675 5302 844 5364 enim,
888 5301 1126 5356 alienam
1161 5302 1425 5357 invidiam
1470 5304 1527 5358 in
1563 5304 1816 5360 Theodo-

186 5391 359 5448 ricum
391 5399 797 5465 retorquentes,
832 5393 1102 5465 dejiciunt
1131 5412 1255 5451 eum
1284 5411 1477 5470 regno,
1510 5404 1566 5452 et
1589 5395 1811 5452 fratrem

189 5483 308 5551 ejus
353 5481 658 5538 Hildricnm
710 5499 775 5538 ex
822 5486 1104 5540 Austrasia
1163 5487 1478 5554 invitantes,
1523 5502 1650 5543 eum
1705 5489 1812 5548 sibi

186 5586 371 5644 regem
416 5570 747 5643 praficiunt.
791 5575 938 5638 Quos
986 5575 1247 5645 quandiul
1278 5575 1471 5631 habuit
1518 5575 1809 5647 Hildricus,

185 5663 494 5726 moderate,
553 5668 806 5731 potenter
843 5664 1064 5736 utrique
1119 5682 1288 5739 regno
1342 5666 1564 5739 prafuit
1620 5668 1719 5723 Ubi
1758 5677 1812 5727 et

184 5751 302 5825 ipse
342 5752 574 5809 modum
606 5755 855 5820 excessit,
896 5754 1222 5815 insolentius
1256 5774 1449 5834 agens,
1481 5759 1580 5816 diu
1612 5768 1813 5816 contra

1935 542 2179 598 severior
2216 553 2386 613 justo,
2442 545 2734 616 quemdam
2786 545 3029 601 nobilem
3089 548 3415 606 Francorum
3448 551 3552 606 Bo-

1934 634 2180 691 dilonem
2197 642 2387 691 contra
2410 636 2588 709 legem
2616 636 2754 691 cadi
2784 637 2914 693 fecit
2940 638 3007 692 ad
3034 637 3277 709 stipitem
3304 642 3550 713 ligatum.

1935 725 2004 780 ab
2029 726 2225 781 eodem
2271 726 2534 781 Bodilone
2589 726 2645 781 in
2694 728 2949 782 venando
3000 737 3282 800 exceptus,
3324 731 3548 788 interiit.

1930 817 2304 873 Theodoricus
2336 824 2506 874 totum
2544 835 2774 893 regnum
2804 820 3020 892 recipit,
3064 823 3403 878 recrudescit
3430 841 3551 879 ma-

1930 907 2057 963 lieia
2098 908 2340 970 Ebroini,
2374 926 2755 983 quoscumque
2811 912 3097 983 reperiunt
3130 912 3353 975 .favisse
3380 916 3553 986 perti-

1932 1002 2123 1056 nacius
2149 1001 2399 1072 partibus
2433 1002 2672 1067 Hildrici,
2711 1004 2811 1059 hos
2842 1005 3226 1076 pessumdunt,
3257 1006 3551 1076 trucidant,

1936 1091 2151 1162 privant
2174 1091 2498 1160 honoribus,
2532 1093 2801 1148 mulctant
2840 1095 3271 1167 proscriptione,
3304 1096 3554 1170 relegant

1935 1182 2160 1240 exsiliis.

2589 1296 2795 1353 CAPUT
2833 1298 2894 1353 X.

2067 1386 2219 1453 Quod
2243 1388 2553 1456 episcopatu
2598 1386 2632 1440 S
2693 1388 3011 1442 L'vmbertus
3044 1389 3294 1457 privatus
3324 1391 3413 1443 sit.

2004 1498 2139 1563 Quia
2187 1499 2425 1554 llildrico
2482 1499 2666 1554 nullus
2722 1499 2961 1565 fidelior,
3018 1502 3101 1556 vel
3158 1503 3387 1559 amicior
3451 1504 3553 1560 fuit

1932 1606 2094 1660 quam
2137 1590 2479 1657 Lambertus,
2510 1598 2682 1646 totum
2716 1592 2935 1663 pondus
2985 1593 3357 1649 tribulationis
3385 1611 3553 1666 super

1930 1693 2055 1733 eum
2108 1678 2394 1742 incubuit;
2435 1679 2727 1734 videbatur
2783 1680 2930 1735 enim
2977 1682 3109 1735 nihil
3158 1690 3336 1737 actum
3378 1684 3547 1739 fuisse

1927 1777 2099 1824 morte
2150 1769 2397 1835 Hildrici,
2456 1769 2501 1824 si
2542 1770 2768 1826 intimus
2817 1772 3036 1830 Hildrici
3080 1776 3405 1833 Lambertus
3436 1780 3548 1833 im-

1925 1860 2153 1931 punitus
2184 1860 2381 1927 abiret,
2427 1862 2495 1916 de
2524 1878 2635 1933 quo
2667 1871 2875 1920 certum
2930 1867 3195 1923 tenebant
3228 1870 3374 1941 quod
3401 1887 3546 1926 nun-

1924 1968 2086 2024 quam
2118 1951 2344 2007 factioni
2378 1953 2683 2025 iniquitatis
2714 1971 2825 2012 sua
2857 1961 3238 2016 assentiretur.

1995 2044 2124 2099 Ideo
2154 2045 2383 2099 consilio
2430 2046 2676 2111 Ebroini,
2712 2065 2743 2103 a
2774 2066 2902 2122 rege
2942 2052 3305 2121 Theodorico,
3339 2070 3540 2111 convo-

1923 2140 2039 2187 cata
2098 2133 2166 2187 ad
2217 2133 2487 2204 synodum
2541 2133 2927 2206 episcoriorum
2981 2143 3162 2209 turba,
3208 2144 3324 2215 qui,
3385 2141 3540 2217 quasi

1922 2236 2077 2275 canes
2097 2224 2256 2286 muti,
2290 2237 2397 2276 non
2427 2222 2675 2275 valebant
2715 2224 2919 2278 latrare
2948 2225 3076 2294 (Isa.
3119 2241 3226 2291 va,
3257 2226 3368 2294 10),
3407 2242 3541 2281 con-

1923 2319 2005 2367 tra
2061 2311 2312 2367 falsitatis
2364 2312 2740 2368 testimonium
2794 2314 2932 2370 alios
2976 2316 3269 2387 episcOpos
3321 2320 3541 2374 exordi-

1924 2407 2055 2456 nant
2106 2400 2189 2467 Et,
2222 2417 2290 2455 ne
2323 2402 2447 2472 quis
2488 2401 2541 2455 in
2575 2418 2746 2477 regno
2776 2404 2860 2458 vel
2918 2405 3158 2461 Ecclesia
3186 2416 3415 2463 restaret
3444 2410 3539 2480 qui

1923 2487 2021 2561 pro
2048 2490 2291 2545 veritatis
2322 2490 2646 2546 defensione
2687 2490 2814 2547 ﬁdei
2869 2495 3121 2565 clypeum
3168 2498 3399 2553 auderet
3428 2500 3540 2554 eri-

1919 2598 2070 2654 gere,
2112 2583 2197 2637 vel
2238 2583 2490 2654 exemplo
2545 2584 2631 2639 vel
2665 2584 2926 2641 instinctu
2965 2588 3237 2645 Lamberti
3277 2592 3371 2662 qui
3428 2608 3538 2662 pra

1920 2674 2135 2729 cateris
2175 2680 2231 2729 et
2259 2691 2358 2746 pro
2403 2675 2619 2731 cateris
2658 2677 2887 2732 liberius
2931 2680 3211 2749 injustitia
3258 2683 3537 2738 adversari

1919 2762 2180 2830 audebat,
2245 2779 2438 2819 omnes
2495 2764 2703 2820 diaboli
2757 2768 3056 2838 complices
3132 2770 3423 2841 insurgunt
3476 2772 3534 2826 in

1921 2854 2292 2923 Lambertum,
2331 2856 2578 2912 veritatis
2617 2856 2877 2927 amicum,
2911 2869 2964 2915 et
3016 2862 3363 2918 concinnatis
3395 2864 3541 2933 inju-

1918 2947 2080 3003 stitia
2111 2948 2291 3003 causis
2320 2964 2444 3003 eum
2478 2951 2545 3004 ab
2585 2950 2907 3022 episcopatu
2941 2953 3249 3024 deponunt.

1996 3043 2186 3099 Fertur
2212 3044 2556 3100 Coloniensis
2576 3046 2874 3117 episc0pus
2890 3049 3238 3120 conspirasse
3262 3051 3391 3107 huic
3414 3068 3537 3123 pra-

1844 3152 2109 3221 Cvorum
2155 3135 2400 3203 factioni,
2448 3137 2565 3193 zelo
2620 3138 2839 3193 invidia
2894 3140 3110 3207 ductus,
3169 3150 3224 3197 et
3272 3142 3541 3214 primores

1921 3224 2110 3295 populi
2137 3225 2262 3281 data
2290 3225 2547 3297 pecunia,
2581 3227 2649 3280 ad
2671 3227 2860 3282 odium
2898 3228 3173 3286 Lamberti
3205 3233 3537 3299 concitasse,

1918 3318 2012 3388 qui
2039 3318 2199 3372 etiam
2233 3319 2490 3375 clericum
2532 3320 2792 3377 Ecclesia
2824 3339 2970 3390 sua,
3000 3324 3438 3382 I‘haramundum
3471 3329 3538 3382 ad

1920 3406 2297 3477 episcopatum
2328 3408 2753 3477 Trajectensem,
2790 3420 2979 3467 contra
3004 3413 3096 3482 jus
3127 3422 3181 3469 et
3213 3415 3311 3482 fas,
3350 3433 3542 3487 passus

1920 3504 2002 3553 est
2030 3500 2355 3570 promoveri.
2393 3503 2492 3567 Qui
2533 3503 2718 3569 miser,
2751 3504 2879 3574 quia
2909 3508 3048 3561 abiit
3084 3509 3143 3562 in
3175 3510 3401 3564 concilio
3433 3513 3542 3566 im-

1919 3595 2139 3661 piorum
2179 3597 2241 3648 in
2271 3594 2530 3648 cathedra
2557 3597 2875 3664 pestilentia:
2900 3598 3035 3652 sedit
3068 3601 3234 3666 (Psal.
3282 3618 3318 3665 ι,
3366 3604 3435 3672 1),
3469 3604 3540 3660 de

1926 3703 2035 3760 quo
2068 3683 2201 3757 quid
2226 3682 2376 3737 aliud
2400 3684 2601 3753 poterit
2619 3684 2749 3751 dici,
2778 3700 2941 3755 quam
2969 3688 3115 3757 quod
3142 3688 3351 3745 Veritas
3372 3691 3536 3748 dicit;

1928 3777 2033 3844 Qui
2060 3789 2167 3828 non
2186 3774 2356 3826 intrat
2376 3786 2473 3839 per
2486 3774 2681 3825 ostium
2707 3775 2764 3825 iu
2794 3774 2931 3828 ovile
2979 3777 3180 3841 ovium,
3208 3778 3303 3832 sed
3344 3795 3536 3835 ascen-

1921 3865 2003 3919 dit
2024 3862 2264 3925 aliunde,
2297 3861 2388 3914 ille
2410 3861 2504 3927 fur
2534 3865 2610 3915 est
2640 3867 2684 3914 et
2714 3863 2885 3928 latro;
2918 3865 3014 3933 qui
3039 3872 3215 3919 autem
3242 3869 3421 3923 intrat
3440 3885 3542 3939 per

1918 3958 2134 4023 ostium,
2162 3958 2353 4026 pastor
2373 3957 2451 4007 est
2474 3954 2651 4006 ovium
2679 3951 2854 4024 (Joan.
2886 3969 2940 4019 ι,
2974 3955 3027 4020 1,
3068 3955 3121 4024 9.)
3139 3974 3157 4021 ,-
3192 3962 3299 4010 Fur
3319 3974 3427 4014 non
3450 3975 3539 4014 υε-

1917 4052 2020 4118 nit,
2048 4051 2161 4104 nisi
2181 4052 2242 4103 ut
2266 4049 2505 4115 furatur,
2536 4050 2587 4100 et
2614 4050 2825 4112 mactet,
2858 4051 2908 4101 et
2929 4048 3124 4117 perdat
3144 4050 3323 4118 (ibid,
3357 4052 3467 4124 10.)

2560 4172 2768 4229 CAPUT
2808 4173 2894 4228 XI.

2109 4273 2262 4341 Quod
2290 4271 2587 4329 Stabulaus
2617 4272 3001 4325 monasterium
3030 4271 3339 4339 eapetierit.

1993 4384 2315 4441 Lambertus
2341 4388 2527 4453 pastor
2555 4381 2753 4448 bonus,
2786 4378 3040 4449 exemplo
3073 4378 3307 4434 Pastoris
3336 4396 3540 4435 essen—

1924 4479 2125 4536 tialiter
2164 4476 2317 4542 boni,
2362 4481 2584 4546 paratus
2613 4473 2746 4528 dare
2797 4472 3037 4527 animam
3078 4487 3232 4526 suam
3276 4488 3376 4542 pro
3424 4471 3546 4528 ovi-

1923 4570 2025 4624 bus
2056 4566 2192 4632 suis,
2250 4579 2362 4620 non
2393 4571 2453 4619 ut
2494 4562 2870 4618 mercenarius
2925 4560 3063 4636 fugit
3118 4562 3288 4630 (Joan.
3340 4577 3398 4629 ι,
3449 4561 3540 4622 11.

1921 4659 2033 4725 12),
2068 4656 2166 4711 sed
2197 4654 2496 4710 declinavit
2526 4651 2891 4724 procellosum
2920 4649 3236 4706 domestica
3276 4665 3546 4721 persecu-

1920 4746 2088 4804 tionis
2140 4743 2522 4818 naufragium;
2579 4748 2633 4797 et
2685 4741 2987 4796 clementer
3058 4738 3244 4794 ferens
3293 4746 3492 4795 cuncta
3525 4780 3541 4806 ,

1926 4839 2251 4913 prasulatus
2308 4835 2466 4906 liquit
2537 4841 2839 4906 sceptrum,
2895 4832 3294 4888 commendans
3352 4848 3541 4888 curam

1925 4932 2111 4988 ovium
2143 4931 2194 4986 ei
2220 4930 2315 5002 qui
2348 4927 2476 4981 lavit
2506 4926 2839 4998 baptismate
2880 4941 2945 4980 ac
2975 4925 3217 4981 redemit
3243 4925 3541 4998 sanguine.

1998 5025 2272 5096 Expetens
2317 5035 2450 5093 ergo
2491 5019 2785 5074 Stabulaus
2841 5018 3262 5084 monasterium,
3321 5034 3352 5072 a
3390 5018 3544 5089 Sige-

1924 5122 2080 5176 berto
2110 5132 2239 5191 rege
2271 5114 2557 5171 fundatum
2586 5121 2711 5168 ante
2734 5111 2944 5184 aliquot
2983 5128 3183 5179 annos,
3214 5119 3270 5167 et
3299 5126 3398 5183 pro
3430 5110 3545 5167 fer-

1919 5225 2047 5266 vore
2078 5214 2280 5263 sancta
2311 5203 2618 5277 religionis,
2677 5201 2885 5274 ubique
2927 5204 3292 5269 nominatum,
3351 5217 3548 5258 mona-

1915 5300 2064 5354 sticae
2092 5297 2297 5370 quietis
2329 5300 2545 5366 portum
2597 5290 2785 5364 elegit,
2828 5291 3017 5362 ibique
3050 5308 3149 5363 per
3176 5299 3392 5363 septem
3439 5307 3543 5345 an-

1918 5407 2019 5448 nos
2047 5391 2354 5468 angelicam
2385 5390 2594 5445 ducens
2623 5387 2813 5453 vitam,
2838 5386 3103 5441 habitavit
3131 5402 3342 5442 secum.
3374 5387 3438 5442 At
3469 5401 3535 5440 ex

1919 5487 2071 5542 omni
2131 5483 2521 5541 ecclesiastica
2580 5480 2802 5536 familia
2854 5494 3106 5542 numero,
3150 5478 3261 5534 duo
3330 5485 3543 5534 tantum

1917 5575 2073 5647 pueri
2145 5574 2266 5643 ejus
2318 5571 2588 5643 obsequio
2642 5570 3014 5634 adhaserunt,
3074 5581 3311 5639 quorum
3373 5567 3533 5630 alter,

1911 5666 2277 5722 Theodoenus
2308 5664 2555 5732 nomine,
2617 5661 2696 5717 illi
2736 5660 2830 5733 qui
2869 5660 3082 5732 primus
3116 5656 3341 5725 scripsit
3365 5655 3539 5709 Vitam

1913 5757 2088 5815 sancti
2128 5756 2253 5826 viri,
2286 5756 2489 5812 relator
2517 5769 2679 5811 verax
2735 5757 2791 5808 et
2821 5750 2979 5806 testis
3036 5749 3271 5802 idoneus
3303 5756 3533 5814 operum
