3960 6198
426 368 524 422 767

1641 361 1985 416 SIGEBERTI
2029 358 2518 415 GEMBLACENSIS

3637 352 3749 406 768

414 493 533 561 ejus
564 490 683 545 fuit.
719 490 873 556 Ecce,
906 490 1176 544 habemus
1199 490 1398 554 virum,
1441 489 1507 544 ad
1540 488 1823 560 exemplar
1848 488 2020 544 virtu-
2053 494 2101 560 Α
2125 501 2235 541 non
2260 485 2433 540 sensit
2461 485 2754 540 cruciatus.
2774 481 2977 538 Ccelum
3012 481 3132 550 ejus
3154 480 3331 551 patuit
3359 479 3639 549 precibus,
3698 489 3755 532 et

414 594 527 642 tum
576 585 835 641 omnibus
887 585 1255 656 pr0positum,
1309 584 1403 657 qui
1452 585 1635 639 sciens
1664 585 1810 657 quod
1848 586 2026 640 solum

414 691 661 730 summus
684 674 942 748 Magister
981 691 1011 728 a
1038 690 1097 728 se
1127 674 1342 729 discere
1374 673 1679 739 mandarat,
1721 674 1776 727 in
1805 674 2028 729 humili-

416 777 546 834 tate,
572 768 722 823 mitis
765 768 932 822 corde
960 775 1014 823 et
1073 768 1128 822 in
1161 768 1424 839 patientia
1459 785 1577 835 sua,
1637 769 1919 840 quaerebat
1948 786 2029 825 re—

419 862 606 934 quiem
658 862 855 916 animae
908 877 1020 915 suae
1062 863 1277 931 (Matth.
1312 879 1384 928 x1,
1444 862 1557 933 29),
1612 861 1667 916 in
1708 862 2028 918 obedientia

419 969 550 1009 vero
593 969 652 1008 se
708 952 1050 1009 cohaeredem
1083 968 1184 1007 suo
1242 953 1451 1008 Christo
1487 955 1883 1021 conformabat,
1935 955 2030 1026 qui

420 1045 665 1100 obedivit
694 1046 835 1100 Patri
873 1061 1048 1116 usque
1079 1045 1147 1098 ad
1178 1052 1406 1099 mortem
1431 1044 1661 1115 (Philip.
1697 1063 1755 1116 ιι,
1787 1048 1858 1116 8).

494 1138 681 1207 Quale,
716 1153 869 1212 rogo,
902 1144 1017 1192 erat
1046 1137 1231 1192 videre
1256 1138 1431 1192 virum
1474 1138 1716 1194 nobilem
1740 1147 1893 1207 natu,
1921 1156 2029 1197 no-

423 1227 743 1281 minabilcm
781 1226 1088 1288 sanctitate,
1131 1228 1421 1297 praesulem
1471 1227 1678 1295 officio,
1714 1231 1875 1285 rebus
1902 1230 2032 1285 olim

425 1322 704 1387 potentem
744 1315 800 1368 in
844 1314 1059 1369 tantillo
1092 1317 1355 1386 temporis
1406 1324 1658 1391 agentem
1690 1320 1801 1388 jam
1836 1321 2037 1391 proba-

2127 577 2303 633 oratio
2334 576 2404 631 ad
2441 590 2715 645 supernos
2756 573 3010 645 pervenit
3051 571 3293 626 auditus.
3354 570 3484 642 Ipso
3523 568 3752 624 interim

2128 672 2357 721 canente
2386 680 2603 720 versum
2627 662 2855 734 psalmi:
2889 661 3115 729 Quando
3144 663 3363 715 veniam
3408 664 3457 714 et
3478 675 3647 730 appar
3661 658 3757 713 cbo

2128 766 2250 815 ante
2274 762 2470 829 faciem
2508 759 2644 814 Dei?
2675 758 2842 827 (PsaI.
2896 773 3004 825 xu,
3038 755 3091 826 3)
3121 754 3286 810 solito
3335 754 3500 810 citius
3528 760 3757 808 cantum

2130 852 2335 907 dabant
2356 851 2508 926 galli.

2201 945 2415 999 Fratres
2441 947 2675 1018 surgunt
2713 941 2782 997 ad
2833 939 3154 1012 praescripta
3195 938 3508 1013 vigiliarum
3539 937 3762 1003 munia,

2134 1040 2189 1089 et
2236 1040 2360 1104 post
2412 1033 2529 1087 haec
2566 1031 2788 1087 domum
2837 1028 3184 1103 introgressi,
3220 1026 3534 1083 accendunt
3567 1026 3764 1101 ignem

2134 1124 2442 1197 COpiosum.
2492 1124 2637 1178 Inter
2680 1120 3117 1178 calefaciendum
3149 1160 3162 1186 ,
3218 1118 3391 1173 abbas
3472 1118 3767 1189 inquirit,

2136 1218 2361 1274 ubinam
2392 1218 2461 1271 sit
2488 1216 2826 1283 Lambertus,
2859 1217 2947 1286 qui
2979 1214 3208 1268 fratrum
3252 1210 3546 1267 conventui
3577 1208 3764 1264 desit!

2140 1311 2288 1366 Unus
2331 1309 2556 1364 fratrum
2604 1307 2739 1362 dixit
2793 1305 3144 1361 Lambertum
3206 1320 3347 1366 esse,
3393 1302 3489 1374 qui
3519 1301 3769 1374 regulari

425 1415 537 1461 tum
586 1407 937 1473 monachum,
966 1407 1115 1478 quod
1157 1407 1242 1462 vix
1274 1409 1506 1479 quilibet
1556 1411 1695 1464 alter
1727 1418 1910 1481 posset
1949 1429 2059 1473 as-.

2168 1401 2365 1466 adicio,
2417 1416 2514 1471 per
2560 1400 2945 1469 intempestam
2986 1402 3229 1461 noctem,
3286 1395 3436 1450 cruci
3488 1394 3560 1447 sit
3599 1392 3776 1447 addi-

423 1497 579 1568 sequi
608 1498 776 1551 multa
794 1514 1063 1552 annorum
1106 1500 1407 1570 quantitate
1430 1500 1457 1553 ?
1494 1502 1723 1566 Revera,
1754 1518 1865 1557 non
1910 1519 2035 1558 eum

426 1586 549 1657 plus
576 1586 747 1641 nimio
780 1603 865 1641 res
903 1587 1249 1643 delectavere
1305 1591 1562 1645 secundm
1617 1608 1783 1663 quem
1816 1600 2037 1649 mutatae

427 1692 535 1731 non
583 1686 1013 1747 quassaverunt;
1070 1694 1352 1749 nunquam
1386 1679 1535 1733 enim
1590 1681 1859 1737 amittitur
1912 1683 2034 1739 sine

2138 1501 2276 1549 ctus.
2307 1493 2489 1547 Abbas
2520 1491 2854 1563 expavescit,
2893 1498 2948 1545 et
2976 1490 3052 1544 ire
3090 1489 3285 1543 fratres
3335 1488 3404 1542 ad
3445 1503 3572 1541 eum
3608 1501 3773 1541 revo-

2139 1586 2373 1641 candum
2405 1593 2584 1659 urget.
2630 1584 2788 1649 Eunt,
2834 1598 3074 1654 eumque
3115 1588 3403 1637 canentem
3437 1578 3774 1634 offendunt:

2143 1681 2244 1736 Cor
2268 1683 2558 1735 contritum
2583 1683 2634 1734 et
2661 1679 3007 1732 humiliatum
3049 1680 3186 1731 Deus
3221 1691 3328 1731 non
3362 1677 3569 1746 spernit
3593 1673 3755 1744 (Psal

425 1764 617 1875 dplore
643 1767 790 1875 quod
822 1782 945 1821 cum
968 1782 1179 1866 .amore.
1217 1768 1548 1837 possidetur.
1605 1771 1705 1834 Qui
1744 1772 1916 1841 cupit,
1952 1772 2040 1827 ille
2072 1807 2123 1875 Β
2145 1791 2192 1839 1.,
2228 1774 2336 1843 19).
2373 1772 2447 1827 Eo
2490 1781 2765 1838 revocato,
2797 1769 3107 1826 advolvitur
3151 1770 3272 1840 ejus
3306 1767 3539 1839 genibus
3568 1765 3774 1838 abbas,

430 1854 593 1909 etiam
619 1855 837 1920 metuit;
885 1856 980 1927 qui
1013 1856 1228 1924 metuit,
1262 1874 1540 1930 nunquam
1581 1860 1722 1915 liber
1758 1863 1844 1917 vel
1874 1879 2040 1919 secu-

432 1959 523 1998 rus
548 1943 699 1999 vivit.
735 1944 1053 1999 Lambertus
1083 1954 1269 2000 noster
1302 1948 1442 2001 nihil
1490 1950 1682 2004 mundi
1715 1949 1891 2005 doluit
1920 1968 2045 2022 per-

433 2036 587 2100 dere,
619 2034 751 2104 quia
787 2034 927 2088 nihil
965 2035 1299 2106 concupivit,
1333 2053 1397 2092 ac
1426 2054 1523 2109 per
1556 2039 1661 2094 hoc
1697 2055 1917 2112 semper
1954 2058 2045 2097 sc-

433 2141 598 2180 curus
645 2125 727 2180 sui
752 2126 871 2194 fuit,
904 2134 958 2182 et
990 2126 1131 2182 liber
1186 2128 1241 2182 in
1284 2128 1512 2185 Christo.
1549 2133 1776 2186 Amotus
1806 2132 1875 2186 ab
1914 2134 2041 2205 epi-

434 2228 661 2291 scepatu
720 2238 819 2292 per
869 2222 1212 2293 injuslitiam,
1261 2227 1485 2297 quando
1543 2229 1908 2298 expostulavit
1974 2230 2045 2284 de

438 2313 677 2387 irrogata
709 2314 813 2368 sibi
851 2314 1066 2386 iujuria,
1097 2333 1259 2387 quam
1293 2318 1590 2389 appellavit
1612 2320 1945 2389 personam?
1976 2320 2052 2375 Ad

438 2402 595 2470 cujus
636 2419 696 2457 se
744 2403 1087 2459 audientiam
1129 2406 1384 2460 addixit?
1415 2406 1506 2462 Cui
1532 2408 1859 2479 jurispcrito
1900 2427 2053 2465 suam

440 2495 714 2549 commisit
753 2497 1013 2551 causam?
1034 2497 1249 2552 Nullum
1276 2515 1451 2574 regno
1482 2502 1569 2556 vel
1600 2502 1854 2557 Ecclesiae
1883 2520 2049 2558 scan-

442 2586 625 2641 dalum
666 2588 982 2656 concitavit,
1034 2606 1145 2644 suae
1180 2591 1351 2645 ruinae
1383 2593 1591 2648 nullius
1621 2595 1793 2649 voluit
1822 2596 2055 2650 miscere

445 2680 677 2743 ruinam,
722 2681 823 2736 soli
870 2682 978 2737 Deo
1027 2700 1247 2738 causam
1298 2702 1449 2740 suam
1516 2688 1797 2752 revelans;
1840 2688 2059 2743 dicebat

444 2769 590 2839 quod
625 2769 792 2823 Filius
825 2770 917 2825 Dei
963 2772 1030 2825 ad
1062 2772 1273 2828 Patrem
1307 2775 1530 2830 dicebat
1559 2793 1659 2846 per
1699 2778 2054 2848 l’roplietam:

443 2864 717 2928 Exsurge,
778 2865 996 2917 Domine
1029 2905 1043 2931 ,
1106 2871 1156 2919 et
1214 2868 1423 2921 intende
1462 2868 1675 2936 judicio
1713 2886 1827 2924 meo
1857 2912 1870 2935 ,
1920 2875 2059 2926 Deus

445 2968 590 3006 meus
644 2958 694 3007 et
750 2957 1006 3009 Dominus
1044 2972 1210 3022 meus,
1266 2962 1321 3013 in
1377 2976 1593 3016 causam
1655 2980 1822 3018 meam
1890 2965 2055 3030 (Psal.

448 3060 630 3109 xxxrv,
662 3044 771 3111 23).

1072 3119 1286 3176 CAPUT
1328 3122 1441 3179 Xll.

556 3214 632 3266 De
664 3213 998 3269 obsedientia
1036 3221 1085 3271 et
1113 3217 1417 3273 humilitate
1454 3222 1628 3275 sancti
1664 3223 1956 3279 Lamberti.

521 3320 638 3374 Jam
673 3338 822 3376 nunc
850 3322 1132 3379 videamus
1156 3325 1210 3379 in
1239 3341 1348 3381 uno
1381 3328 1692 3384 testimonio
1725 3331 2064 3385 obedientiee

454 3413 644 3483 quanti
676 3414 943 3469 aestimata
970 3417 1040 3471 sit
1080 3416 1353 3473 Lambcrli
1409 3420 1736 3477 caenobialis
1766 3439 2068 3478 conversa-

455 3502 549 3558 tio.
593 3501 848 3560 Tendens
886 3523 1107 3578 semper
1135 3510 1203 3563 ad
1236 3510 1654 3581 perfectionem,
1690 3515 1930 3589 augebat
1960 3516 2065 3569 ali-

457 3594 591 3665 quid
648 3596 716 3650 ad
765 3598 1043 3655 servitutis
1095 3618 1209 3657 sua:
1268 3619 1523 3674 pensum,
1580 3607 1763 3661 sciens
1799 3607 2067 3678 quidquid

460 3700 902 3761 supererogaret,
940 3709 972 3747 a
1028 3710 1161 3749 vero
1195 3696 1537 3753 Samaritano
1580 3699 1684 3754 sibi
1723 3701 2069 3756 reddendum

460 3792 609 3843 esse;
677 3780 825 3835 unde
861 3783 1115 3839 noctibus
1152 3787 1447 3841 canonicas
1476 3788 1692 3863 vigilias
1724 3791 2067 3861 praeveniens

458 3866 708 3924 solvebat
737 3869 846 3925 Deo
877 3871 1112 3941 privatas
1143 3874 1422 3931 excubias.

530 3963 611 4017 Ad
663 3964 768 4019 hoc
797 3981 907 4020 una
958 3968 1221 4035 noctium,
1270 3969 1594 4027 dormitorio
1637 3973 1830 4027 volens
1856 3975 2068 4047 egredi,

461 4054 788 4127 inquietavit
838 4057 1038 4115 fratres
1092 4052 1452 4128 dormientes,
1501 4064 1673 4121 altero
1736 4068 1986 4125 sandalio
2043 4087 2074 4125 a

461 4160 625 4200 manu
654 4145 761 4201 sibi
802 4148 1011 4219 elapso.
1049 4151 1148 4216 Qui
1202 4155 1384 4209 sciens
1422 4155 1570 4226 quod
1611 4172 1677 4210 ex
1722 4172 1955 4214 censura
1984 4176 2074 4215 re-

460 4233 604 4307 gulae
642 4235 792 4290 adire
839 4236 1067 4294 deberet
1120 4256 1337 4297 crucem
1390 4246 1483 4316 qui
1547 4245 1772 4301 fratrum
1832 4248 2072 4319 quietem

464 4323 758 4391 turbasset,
792 4326 998 4393 statim,
1026 4345 1136 4384 uno
1160 4338 1365 4386 tantum
1392 4349 1595 4405 aspero
1625 4335 1850 4391 indutus
1873 4338 2076 4405 cilicio,

463 4413 601 4469 clam
635 4415 775 4472 lecto
801 4418 1062 4483 exsilivit,
1098 4428 1154 4477 et
1190 4422 1337 4479 dicto
1376 4424 1563 4490 citius,
1599 4427 1665 4481 ad
1702 4435 1897 4483 nutum
1930 4429 2078 4485 indi-

464 4505 686 4580 gnantis
728 4507 967 4576 abbatis,
1000 4511 1265 4568 sandaliis
1306 4523 1362 4569 et
1402 4532 1525 4587 quae
1580 4517 1821 4573 habebat
1873 4520 1926 4574 in
1960 4536 2073 4576 ma-

465 4594 629 4650 nibus
675 4596 899 4666 relictis,
955 4599 1119 4655 nudis
1162 4601 1382 4672 plantis,
1435 4603 1778 4661 discalceatis
1816 4609 2074 4679 pedibus,

466 4712 607 4767 pene
642 4697 843 4766 nudus,
867 4714 1085 4755 crucem
1115 4701 1269 4766 adiit,
1305 4702 1493 4775 ibique
1525 4705 1751 4776 psalmis
1772 4713 1827 4762 et
1855 4704 2073 4777 hymnis

464 4784 728 4852 intentus,
745 4789 1088 4857 pernoctavit
1118 4789 1435 4848 immobilis.

541 4876 664 4932 Haec
695 4894 826 4934 crux
856 4879 1074 4952 lapidea
1103 4890 1239 4951 erat,
1281 4884 1423 4940 inter
1462 4885 1759 4942 oratorium
1790 4892 1843 4941 et
1873 4885 2080 4941 dormi-

468 4967 689 5031 torium,
720 4970 788 5023 ad
818 4972 926 5027 hoc
963 4981 1162 5029 statuta
1193 4982 1268 5042 ut,
1301 4985 1554 5048 respectu
1596 4976 1768 5047 ipsius
1798 4976 1997 5044 crucis,
2026 4976 2079 5031 hi

471 5058 568 5128 qui
595 5066 751 5114 erant
801 5060 1019 5130 Christi,
1064 5079 1283 5120 carnem
1315 5082 1469 5120 suam
1500 5066 1754 5121 devotius
1793 5064 2087 5141 crucifige-

473 5157 596 5205 rent
625 5167 748 5206 cum
779 5154 929 5210 vitiis
956 5162 1013 5211 et
1058 5158 1530 5228 concupiscentiis
1570 5158 1713 5227 (Gal.
1746 5175 1798 5225 v,
1838 5159 1947 5226 24),
2006 5165 2081 5222 et,

473 5242 520 5298 si
549 5244 772 5316 quando
797 5248 1160 5320 graviusculis
1198 5252 1590 5325 delinquerent
1623 5252 1960 5318 excessibus,
2018 5253 2083 5307 ad

474 5336 616 5391 hanc
645 5337 849 5393 addicti
878 5342 1201 5416 regulariter
1221 5344 1577 5416 poeniterent.

544 5428 738 5504 Frigus
766 5433 942 5488 noctis
972 5434 1119 5490 illius
1147 5437 1274 5510 gelu
1315 5437 1698 5509 eanperabat,
1729 5444 1785 5491 et
1815 5436 1930 5504 nix,
1962 5451 2086 5492 cum

476 5517 625 5591 large
644 5519 935 5589 deflueret,
958 5538 1073 5577 non
1098 5530 1278 5578 tamen
1300 5526 1439 5580 ultra
1463 5526 1599 5581 talos
1631 5525 1879 5596 praesulis
1901 5539 2090 5580 ascen-

476 5613 661 5672 debat.
700 5615 832 5672 Tota
862 5631 1087 5687 prorsus
1117 5619 1371 5675 hiemalis
1400 5620 1568 5676 facies
1602 5621 1769 5676 nimis
1795 5620 2088 5685 horrebat;

475 5707 573 5761 sed
622 5708 716 5763 ille
767 5706 1113 5774 mitissimus,
1174 5709 1304 5780 quia
1360 5711 1591 5766 ardebat
1640 5712 1806 5783 plane
1858 5710 2092 5766 interius

479 5803 702 5861 ﬂamma
727 5802 987 5873 paracleti
1037 5803 1298 5874 Spiritus,
1353 5805 1561 5861 idcirco
1592 5807 1834 5862 exterius
1872 5805 2092 5879 frigoris

2145 1871 2199 1919 et
2227 1864 2407 1919 omnis
2438 1863 2812 1938 congregatio.
2851 1860 3032 1916 Abbas
3077 1877 3138 1915 se
3169 1859 3406 1925 incusat,
3437 1867 3493 1914 et
3543 1857 3775 1927 culpam

2145 1973 2440 2023 excusans,
2483 1955 2700 2010 veniam
2737 1955 2806 2009 de
2857 1952 3167 2027 ignorantia
3214 1952 3301 2007 vel
3341 1949 3779 2020 intemperantia

2146 2046 2405 2117 postulat.
2460 2044 2780 2099 Lambertus
2841 2048 3160 2106 accusator,
3211 2040 3331 2107 sui,
3384 2039 3614 2110 imputat
3662 2036 3780 2091 sibi

2146 2136 2387 2205 culpam,
2416 2134 2554 2188 nihil
2587 2149 2707 2188 esse
2737 2132 2929 2187 dicens
2967 2131 3114 2202 quod
3142 2130 3223 2184 eis
3249 2130 3525 2204 ignoscat.
3553 2127 3785 2182 Fratres

2148 2226 2550 2281 benevolentiae
2599 2226 2720 2294 ejus
2778 2231 3203 2294 recompensant
3258 2222 3509 2297 gratiam,
3549 2227 3607 2275 et
3662 2219 3789 2273 bal-

2156 2331 2319 2369 neum
2371 2314 2447 2367 illi
2483 2320 2756 2384 parantes,
2799 2311 3130 2367 vestimenta
3182 2310 3302 2378 ejus
3356 2314 3589 2363 mutant.
3641 2307 3783 2361 inde

2156 2424 2352 2462 manus
2386 2406 2507 2477 ejus
2548 2406 2829 2477 pedesque
2869 2405 3276 2467 exosculantes,
3323 2400 3671 2475 gratulantur
3728 2399 3782 2452 ei

2154 2497 2469 2560 unanimes,
2512 2494 2760 2549 dicentes
2802 2494 2908 2548 hoc
2961 2493 3162 2547 factum
3218 2507 3339 2546 esse
3395 2505 3495 2561 pro
3526 2488 3651 2557 ejus
3679 2504 3783 2542 au-

2156 2586 2335 2659 genda
2367 2582 2563 2656 gloria.

2159 2677 2421 2753 Egregius
2451 2690 2579 2730 vero
2621 2674 2838 2745 praesul,
2862 2671 3122 2744 expansis
3168 2671 3225 2726 in
3248 2670 3455 2726 coelum
3494 2666 3778 2731 manibus,

2159 2766 2354 2821 fratres
2382 2766 2460 2820 sic
2491 2764 2811 2818 benedixit:

2231 2861 2273 2915 Ο
2305 2862 2442 2913 Deus
2470 2859 2822 2925 omnipotens,
2856 2855 3087 2909 caelestia
3125 2853 3328 2907 lumine
3355 2850 3643 2919 complens,

2234 2946 2340 3011 Qui
2370 2948 2573 3012 ccelum,
2605 2950 2801 3011 terras,
2839 2948 3065 3014 pontum
3091 2943 3297 2996 ditione
3322 2941 3617 3008 gubernas,

2243 3039 2308 3092 Ut
2333 3039 2443 3091 sint
2470 3040 2661 3090 cuncta
2687 3038 2795 3089 tuis
2821 3035 2884 3088 in
2902 3037 3132 3101 tempore
3160 3031 3380 3085 subdita
3409 3032 3547 3083 votis
3573 3045 3589 3093 ;

2240 3130 2370 3195 Hos,
2399 3141 2645 3197 exposco,
2677 3130 2791 3179 tuos
2819 3123 3033 3177 benedic
3049 3137 3149 3191 per
3168 3120 3383 3186 saecula,
3415 3133 3619 3181 servos,

2092 3188 2142 3256 Ο
2242 3188 2558 3285 Protegeab
2587 3188 2828 3282 insidiis,
2859 3228 3018 3268 serva
3047 3188 3345 3266 uirtutibus
3374 3210 3559 3274 almis,

2236 3314 2407 3367 Donec
2437 3315 2485 3364 te
2513 3311 2751 3377 videant,
2782 3312 2829 3360 et
2856 3306 2972 3359 caeli
3001 3319 3169 3372 regna
3188 3302 3552 3373 prehendunt,

2241 3407 2309 3458 Te
2338 3402 2622 3467 tribuente,
2651 3403 2815 3465 Deus,
2848 3401 2945 3468 qui
2968 3412 3112 3451 nunc
3140 3400 3190 3450 et
3216 3410 3425 3463 semper
3454 3395 3514 3446 in
3539 3407 3711 3447 meum

2237 3497 2301 3551 In
2322 3495 2529 3563 triplici
2555 3496 2754 3548 virtute
2782 3493 2863 3546 tui
2894 3490 3197 3545 benedictus
3223 3487 3465 3541 haberis.

2786 3599 2994 3654 CAPUT
3026 3596 3166 3652 Xlll.

2242 3693 2394 3761 Quod
2418 3692 2492 3745 ad
2513 3693 2876 3761 episcopatum
2894 3690 3172 3741 revocatus
3195 3688 3267 3739 sit
3291 3685 3348 3740 S.
3372 3683 3691 3738 Lambertus

2240 3789 2468 3844 Eveluto
2497 3785 2811 3857 septennio,
2845 3783 3063 3838 tandem
3108 3780 3386 3835 Altissimo
3418 3779 3677 3850 placebat
3708 3784 3783 3840 ut,

2168 3885 2293 3950 post
2327 3876 2603 3933 horridam
2637 3881 2691 3928 et
2734 3874 3051 3927 diuturnam
3083 3877 3494 3940 tempestatem,
3545 3868 3672 3923 coeli
3712 3867 3788 3921 fa-

2173 3970 2313 4025 ciem
2344 3974 2645 4023 serenaret.
2682 3965 2946 4036 Pippinus
2969 3963 3269 4026 secundus,
3292 3960 3536 4033 Ansigisi
3568 3969 3623 4014 et
3658 3961 3787 4031 Beg-

2175 4078 2257 4137 gie
2285 4061 2453 4126 filius,
2486 4060 2583 4115 ubi
2602 4065 2829 4115 cunctos
2856 4057 2949 4128 qui
2977 4056 3123 4111 inter
3142 4070 3202 4109 se
3220 4052 3595 4109 concertando
3621 4052 3787 4106 Fran~

2177 4151 2315 4206 ciam
2343 4147 2729 4203 discindebant
2764 4145 2997 4200 viriliter
3029 4144 3179 4210 vicit,
3212 4143 3366 4198 solus
3404 4142 3510 4196 sub
3537 4142 3790 4197 Theode-

2178 4239 2292 4294 rico
2348 4253 2495 4313 rege,
2541 4243 2687 4291 totus
2738 4234 2979 4289 Franciie
3022 4232 3391 4303 principatum
3449 4230 3715 4295 obtinuit,
3744 4238 3793 4284 et

2180 4327 2557 4400 perturbatum
2585 4325 2742 4400 regni
2771 4333 2826 4380 et
2848 4322 3106 4379 Ecclesia:
3135 4326 3333 4376 statum
3367 4320 3651 4391 disposuit
3690 4334 3793 4372 me-

2180 4422 2398 4477 liorare.

2249 4513 2366 4581 Cui,
2409 4514 2553 4568 inter
2610 4513 2738 4580 alia,
2790 4513 2911 4567 hzec
2964 4511 3145 4565 laudis
3205 4508 3465 4563 materies
3519 4507 3793 4562 occurrit:

2177 4605 2542 4675 Trajectensis
2603 4603 2981 4660 mercenarius
3028 4600 3446 4656 Pharamundus
3479 4641 3493 4665 ,
3580 4600 3793 4653 tandem

2168 4705 2317 4775 justa
2355 4695 2487 4752 cleri
2536 4704 2588 4750 rt
2635 4695 2827 4766 p0puli
2873 4692 3163 4747 abdicatus
3193 4688 3492 4755 sententia,
3524 4704 3639 4744 non
3674 4698 3792 4742 tan-

2176 4791 2293 4845 tum
2324 4789 2392 4845 ab
2426 4787 2668 4844 Ecclesia
2708 4785 3066 4856 Trajectensi,
3117 4783 3216 4839 sed
3259 4783 3426 4837 etiam
3460 4798 3491 4835 a
3532 4790 3651 4837 tota
3681 4796 3801 4851 pro-

2180 4881 2361 4938 vincia
2391 4879 2704 4952 expellitur.
2758 4878 2911 4932 lllico
2941 4874 3188 4931 omnium
3247 4872 3314 4926 ad
3361 4871 3565 4927 coelum
3603 4871 3800 4926 tollitur

2183 4971 2382 5037 oratio,
2406 4969 2653 5026 omnium
2685 4968 2751 5021 ad
2785 4967 3092 5039 principem
3140 4962 3435 5033 Pippinum
3469 4962 3647 5016 oratio
3674 4960 3797 5014 diri-

2186 5064 2351 5141 gitur,
2393 5079 2463 5117 ne
2511 5061 2747 5133 amplius
2774 5058 3158 5127 Trajectenses
3188 5055 3264 5126 pii
3314 5054 3489 5108 Patris
3530 5050 3793 5107 Lamberti

2188 5164 2410 5212 careant
2438 5153 2656 5210 solatio.
2696 5152 2877 5207 Placet
2912 5150 3059 5219 justa
3092 5148 3286 5219 petitio
3320 5145 3581 5218 principi,
3607 5155 3662 5199 et
3691 5143 3800 5199 edi—

2180 5246 2259 5301 cit
2287 5254 2557 5316 pastorem
2608 5241 2804 5298 ovibus
2832 5240 2947 5295 suis
3003 5237 3234 5293 restitui.
3278 5236 3357 5290 lta
3387 5236 3575 5290 milest
3612 5232 3797 5290 emeri-

2188 5356 2293 5406 tus,
2325 5339 2664 5413 permaxima
2701 5334 3059 5392 tribulatione
3089 5339 3378 5405 purgatus,
3401 5329 3653 5385 omnium
3682 5339 3795 5380 suo-

2188 5450 2308 5489 rum
2349 5430 2579 5487 vocibus
2623 5426 2911 5492 attollitur,
2952 5430 3008 5479 et
3061 5422 3117 5476 in
3175 5419 3440 5476 cathedra
3496 5418 3798 5486 Trajecten-

2188 5527 2331 5581 sium
2371 5526 2632 5580 decenter
2669 5521 2957 5575 rclocatur.
3008 5517 3067 5571 Et
3111 5513 3330 5579 merito,
3389 5511 3522 5583 quia
3554 5510 3610 5564 in
3644 5506 3797 5564 corde

2192 5620 2337 5674 illius
2363 5624 2479 5674 erat
2502 5615 2796 5671 sinceritas
2827 5619 2881 5667 et
2911 5609 3048 5685 legis
3086 5605 3407 5679 plenitudo:
3452 5603 3508 5657 in
3537 5619 3633 5657 ore
3670 5599 3799 5654 illius

2191 5710 2393 5769 veritas
2423 5715 2477 5763 et
2522 5703 2893 5779 pulchritudo.
3576 5760 3585 5767 ἠ

2266 5802 2477 5866 Quanta
2517 5776 2683 5869 super
2712 5796 2833 5865 ejus
2873 5792 3052 5849 reditu
3092 5789 3256 5845 fuerit
3318 5785 3614 5844 exsultatio
3659 5776 3792 5838 omni
