3960 6198
207 295 312 349 769

196 701 438 773 quisque
485 717 650 757 causa
706 702 911 760 fuerint
955 704 1266 773 jucundati,
1309 708 1607 777 cujuslibet
1651 709 1814 764 etiam

195 791 390 845 diserti
432 807 540 846 non
588 790 867 847 sufﬁceret
905 793 1113 866 lingua,
1160 792 1207 847 si
1258 795 1426 850 vellet
1456 811 1678 852 currere
1719 813 1817 868 per

194 883 436 957 singula.

268 976 576 1051 Regressus
605 978 772 1052 igitur
802 979 886 1034 vir
923 979 1262 1050 apostolicus
1291 981 1358 1036 ad
1401 982 1680 1053 propriam
1711 1000 1808 1038 ur-

194 1067 346 1135 bem,
387 1069 734 1140 depravatum
766 1087 797 1125 a
836 1064 1389 1141 pseudochristianis,
1424 1073 1815 1131 ecclesiasticas

195 1159 561 1215 institutionis
591 1162 862 1230 reparavit
889 1177 1157 1217 normam.

817 1277 1026 1336 CAPUT
1056 1280 1182 1335 XIV.

262 1372 419 1437 Quod
456 1371 513 1427 S.
547 1373 864 1428 Lambertus
913 1374 1291 1430 Toxandriam
1334 1376 1405 1431 ab
1431 1376 1744 1431 idololatria

836 1446 1163 1501 liberaverit.

259 1554 471 1609 Malens
510 1570 644 1631 ergo
673 1572 793 1611 esse
824 1573 986 1628 quam
1029 1556 1136 1612 dici
1187 1558 1502 1630 epiSCOpus,
1551 1560 1808 1631 superin-

186 1643 455 1698 tendebat
485 1644 779 1700 instantius
809 1645 933 1711 sibi,
981 1650 1032 1701 et
1058 1648 1309 1703 uniuerso
1346 1650 1523 1716 gregi,
1554 1664 1657 1704 non
1682 1651 1807 1704 sub-

183 1734 490 1801 terfugiens
516 1737 800 1804 quominus
829 1751 979 1790 omne
1004 1738 1286 1793 consilium
1315 1740 1412 1793 Dei
1452 1743 1805 1795 annuntiaret

182 1823 436 1875 omnibus
480 1823 621 1892 (Act.
654 1840 744 1889 xx,
772 1824 863 1890 ‘27,
914 1824 1025 1895 ‘28),
1062 1825 1373 1897 timensque
1402 1828 1547 1881 servi
1589 1828 1718 1882 mali
1749 1837 1804 1883 et

184 1911 330 1984 pigri
361 1918 566 1977 notam,
591 1912 683 1983 qui
714 1917 950 1983 reposuit
975 1918 1033 1969 in
1063 1915 1287 1970 sudario
1295 1919 1576 1985 pecuniam
1603 1918 1807 1972 domini

183 2004 277 2054 sui
330 2002 473 2072 (Luc.
510 2018 619 2065 χιχ,
672 2001 785 2074 ‘20),
827 2003 965 2057 nihil
996 2004 1211 2059 remissi
1267 2004 1503 2060 faciebat
1543 2006 1719 2074 cordi,
1751 2013 1805 2062 et

183 2094 407 2164 corpori
457 2110 579 2161 suo,
625 2094 722 2150 sed
755 2094 924 2150 urbes
955 2102 1008 2150 et
1057 2095 1359 2167 municipia
1410 2096 1696 2165 lustrabat,
1753 2104 1807 2153 et

184 2200 285 2253 per
301 2184 493 2254 corda,
516 2184 797 2255 ligonibus
813 2185 963 2239 verbi
979 2186 1213 2253 exculta,
1231 2202 1421 2241 semen
1439 2187 1563 2242 vitae
1587 2187 1642 2242 in
1666 2195 1805 2243 tem-

183 2291 319 2345 pore
347 2275 609 2343 jaciebat.
640 2276 945 2348 Aliquando
975 2277 1141 2345 etiam
1179 2277 1383 2333 limites
1409 2295 1522 2334 sua:
1550 2280 1810 2336 diuacesis

182 2364 511 2430 excedebat,
556 2381 626 2419 ne
658 2381 688 2418 a
744 2365 972 2420 Domino
1014 2365 1291 2420 diceretur
1326 2382 1518 2421 servus
1574 2366 1806 2434 inutilis,

179 2455 333 2528 quod
363 2457 417 2510 id
448 2457 625 2511 solum
650 2456 865 2522 fecerit,
906 2457 1049 2529 quod
1094 2458 1273 2512 facere
1302 2457 1575 2514 debuerit.

255 2552 386 2606 Erat
432 2552 489 2606 in
546 2551 797 2621 proximo
847 2550 1126 2622 provincia
1191 2550 1650 2615 ’l‘essandrorum,
1708 2551 1804 2607 ubi

178 2644 367 2697 adhuc
421 2641 642 2716 vigebat
678 2640 1008 2695 idololatria.
1056 2639 1117 2694 Et
1155 2640 1353 2694 dolens
1405 2640 1558 2694 fortis
1608 2639 1804 2696 Christi

179 2732 412 2796 athleta,
444 2730 629 2784 hostes
658 2728 945 2784 Christiani
980 2728 1223 2783 nominis
1251 2729 1318 2782 de
1372 2734 1480 2782 tam
1513 2729 1804 2801 contiguos

180 2822 468 2877 adversari
485 2837 656 2895 regno
689 2822 854 2895 Regis
883 2822 988 2888 sui,
1020 2821 1185 2876 armis
1215 2819 1344 2875 ﬁdei
1384 2821 1706 2896 accingitur,
1750 2829 1805 2877 et

180 2912 369 2967 calore
400 2910 618 2965 virtutis
661 2910 1051 2975 inflammatus,
1101 2908 1310 2963 crebris
1360 2924 1456 2964 eos
1504 2909 1804 2964 assultibus

180 2999 512 3064 lacessebat,
566 2998 625 3052 Et
663 2997 848 3053 oblata
903 2997 984 3050 eis
1016 3012 1151 3068 pace
1184 2997 1423 3055 Domini.
1464 3013 1528 3052 ea
1556 2997 1807 3053 tentabat

178 3090 520 3148 omnimodis
550 3091 592 3145 si
625 3089 903 3163 quomodo
928 3104 1095 3159 super
1128 3087 1270 3144 ﬁlios
1302 3089 1457 3161 pacis
1489 3097 1542 3145 et
1570 3107 1673 3162 pax
1705 3106 1805 3145 sua

180 3182 561 3255 requiesceret
597 3181 813 3249 (Matth.
862 3197 916 3247 x,
958 3180 1071 3249 13);
1113 3194 1263 3233 nunc
1304 3178 1457 3233 verbi
1507 3179 1804 3235 dulcedine

180 3292 276 3332 eos
305 3274 607 3339 mulcebat,
638 3280 699 3327 ut
726 3272 794 3326 ad
825 3271 966 3325 viam
1005 3270 1252 3325 veritatis
1277 3279 1528 3327 errantes
1558 3272 1804 3328 adduce-

178 3377 299 3435 ret;
328 3383 475 3422 nunc
500 3365 641 3420 ultro
669 3380 729 3419 se
763 3363 1021 3438 ingerens
1048 3361 1219 3428 bello,
1249 3363 1457 3433 templa
1486 3370 1541 3418 et
1571 3364 1802 3421 simula-

180 3475 271 3513 cra
318 3455 610 3530 gentilium
659 3451 1002 3516 destruebat,
1035 3460 1095 3506 ut
1126 3449 1320 3522 quavis
1363 3452 1656 3507 occasione
1693 3452 1804 3508 fre-

178 3552 357 3606 mitus
403 3563 593 3603 eorum
647 3549 1041 3616 compesceret.
1086 3542 1167 3597 llli
1208 3541 1538 3609 fremebant,
1570 3549 1631 3597 ut
1675 3544 1803 3598 bar-

180 3642 296 3696 bari
368 3640 421 3695 ei
451 3655 599 3702 eum,
630 3644 690 3693 ut
716 3636 905 3692 bestiae
945 3634 1320 3696 ferocissimae,
1356 3634 1675 3705 discerpere
1705 3651 1802 3691 cu-

182 3731 437 3803 piebant.
493 3725 801 3798 Aliquando
850 3731 1074 3790 tamen,
1137 3721 1501 3777 humanitatis
1550 3729 1802 3794 respectu

180 3821 433 3887 adducti,
473 3818 830 3875 atiendebant
882 3815 1163 3881 virtutem,
1220 3820 1275 3869 et
1320 3814 1580 3885 pietatem
1626 3817 1799 3872 sancti

178 3912 304 3979 viri,
322 3910 419 3981 qui
444 3907 592 3980 quod
614 3904 951 3979 praedicabat
977 3919 1073 3959 ore
1095 3917 1263 3974 opere
1286 3901 1561 3973 explebat,
1591 3910 1647 3959 et
1669 3919 1795 3959 eum

179 4000 388 4057 imitari
402 3999 668 4061 volentes,
700 3996 1053 4068 patiebantur
1076 4010 1137 4050 se
1166 3993 1235 4048 ab
1266 4008 1333 4050 eo
1374 3992 1428 4047 in
1460 3992 1568 4050 fide
1601 3994 1795 4050 Christi

175 4090 517 4150 conﬁrmari.
564 4091 639 4144 [ta
667 4088 1021 4161 belligerator
1041 4085 1235 4141 Christi
1275 4085 1535 4157 paulatim
1566 4085 1796 4142 abolens

177 4187 245 4241 ab
262 4200 464 4241 eorum
494 4181 753 4237 cordibus
784 4179 1095 4234 barbariem
1134 4178 1484 4254 gentilitatis,
1528 4178 1811 4234 inescabat

177 4292 275 4331 eos
302 4274 379 4329 ad
407 4269 832 4327 Christianitatis
865 4268 1367 4334 mansuetudinem,
1395 4274 1452 4322 et
1480 4267 1807 4323 idololatria:

179 4368 416 4424 fetorem
449 4379 755 4425 removens,
789 4360 1083 4435 Spargebat
1107 4360 1312 4432 ubique
1363 4360 1571 4416 bonum
1601 4359 1799 4421 Christi

1440 299 1585 354 VlTA
1627 300 1827 357 PRIOR
1870 303 1922 355 S.
1971 302 2319 357 LAMBERTI.

199 423 402 482 ordini.
434 423 581 479 atati
613 430 668 479 et
697 425 873 491 sexui,
905 434 1173 496 quantum
1222 427 1408 485 clerici
1440 435 1495 485 et
1541 433 1818 500 monachi,
1848 444 1896 511 Α

199 525 467 589 quantum
516 518 743 573 advena:
801 527 858 575 et
896 522 1193 597 peregrini,
1251 530 1516 595 quantum
1565 541 1730 582 senes
1767 534 1821 583 et

199 610 380 679 pueri,
410 619 674 681 quantum
710 613 949 679 juvenes
1005 620 1059 668 et
1100 614 1343 686 virgines
1400 616 1455 670 in
1506 633 1606 672 sua
1648 634 1820 674 unus-

3428 318 3531 373 7'70

2557 436 2764 494 CAPUT
2796 441 2898 494 XV.

2034 545 2180 601 Visio
2222 549 2404 600 sancto
2435 547 2713 629 Lamberto
2758 555 2988 629 ostensa,
3031 556 3096 610 de
3121 562 3426 629 sepelienda

2459 625 2645 675 sancta
2658 623 2980 680 Landrada.

1986 748 2157 814 Quam
2209 750 2482 824 gloriosus
2530 753 2601 808 sit
2641 755 2783 811 Deus
2833 757 2886 811 in
2927 758 3134 830 seipso,
3177 765 3325 820 nullo
3367 769 3531 824 modo

1917 839 2428 911 deprehenderetur
2454 846 2523 899 ab
2563 847 2904 918 hominibus,
2933 851 3039 907 nisi
3080 853 3265 927 aliqua
3305 859 3533 914 mirabi-

1916 929 2043 985 liter
2067 930 2123 985 in
2150 934 2357 989 sanctis
2377 934 2492 990 suis
2521 947 2899 1008 Operarentur,
2934 959 3032 1014 per
3055 962 3177 1017 quae
3200 964 3230 1002 a
3252 950 3412 1005 nobis
3441 950 3531 1005 in-

1916 1020 2194 1095 telligatur
2216 1039 2340 1079 vere
2379 1040 2503 1081 esse
2532 1028 2820 1097 mirabilis.

1987 1113 2210 1169 Francis
2226 1115 2461 1187 Pippino
2494 1118 2862 1191 principante,
2887 1127 3191 1183 construxit
3214 1132 3529 1189 coenobium

1916 1206 1971 1261 in
1998 1208 2127 1264 villa
2183 1210 2383 1267 Belizia
2411 1222 2601 1269 sancta
2651 1215 2937 1274 Landrada
2977 1222 3152 1295 virgo,
3213 1240 3310 1294 per
3340 1228 3531 1283 omnia

1914 1301 2084 1356 sancti
2142 1302 2414 1359 Lamberti
2471 1306 2703 1363 consilio
2752 1310 3009 1381 animata,
3055 1321 3110 1369 et
3162 1332 3261 1370 usa
3304 1319 3525 1375 auxilio.

1914 1392 2041 1458 Quae
2074 1393 2396 1451 imminente
2424 1397 2513 1451 die
2544 1400 2628 1453 sui
2669 1402 2864 1467 exitus,
2896 1411 2955 1458 ut
2980 1412 3168 1474 parata
3205 1408 3272 1461 ad
3306 1409 3527 1479 nuptias

1914 1481 2115 1552 Sponsi
2140 1483 2384 1550 intraret,
2419 1503 2541 1541 cum
2575 1503 2807 1545 accensa
2835 1491 3102 1549 bonorum
3124 1511 3357 1565 Operum
3383 1498 3523 1553 lam-

1912 1573 2072 1643 pade,
2108 1576 2396 1631 accersivit
2436 1576 2778 1636 familiariter
2804 1584 3058 1639 eumdem
3092 1593 3337 1643 sanctum
3372 1589 3527 1645 Lam-

1908 1660 2147 1728 bertum,
2180 1671 2239 1719 ut
2267 1665 2336 1719 ab
2384 1681 2450 1721 eo
2478 1667 2604 1723 vitae
2656 1669 2917 1726 viaticum
2973 1674 3268 1744 acciperet.
3304 1677 3528 1733 Accele-

1908 1758 2061 1806 rante
2087 1751 2227 1806 viam
2274 1762 2464 1810 sancto
2486 1756 2625 1825 viro,
2651 1758 2746 1813 illa
2791 1759 3009 1815 interim
3039 1762 3214 1817 soluta
3236 1774 3320 1819 est
3346 1767 3528 1821 carnis

1906 1844 2203 1915 ergastulo.
2240 1844 2345 1900 Sed
2380 1846 2540 1914 Deus,
2584 1849 2671 1904 cui
2715 1850 2852 1904 nihil
2908 1853 3117 1923 gratius
3177 1863 3261 1911 est
3292 1856 3529 1914 fraterna

1906 1932 2193 1998 charitate,
2248 1950 2350 1989 nec
2391 1935 2568 2002 illum,
2610 1953 2713 1993 nec
2753 1938 2898 1994 illam
2950 1958 3148 2012 passus
3178 1952 3261 2000 est
3321 1947 3525 2017 privari

1907 2022 2084 2078 fructu
2113 2031 2320 2080 mutua:
2353 2027 2631 2084 amicitiae.

1976 2112 2107 2166 Nam
2141 2112 2197 2167 in
2250 2115 2527 2172 veniendo
2552 2118 2799 2185 jucunda
2830 2121 3053 2192 praesuli
3083 2126 3339 2195 apparuit
3366 2127 3528 2185 visio.

1910 2204 2048 2259 Ante
2077 2205 2268 2261 oculos
2293 2207 2553 2277 jacentis,
2587 2218 2643 2265 et
2682 2212 2837 2283 quasi
2872 2230 2969 2284 per
3021 2216 3273 2271 exstasim
3307 2219 3532 2275 semivi-

1910 2291 2136 2366 gilantis
2209 2294 2421 2350 astabat
2504 2297 2647 2353 clara
2706 2300 2882 2356 videri
2943 2302 3063 2374 ipsa
3117 2303 3315 2361 Christi
3376 2308 3531 2382 virgo

1913 2381 2216 2447 Landrada,
2251 2399 2490 2455 eumque
2543 2387 2818 2443 amicabili
2873 2392 3058 2446 vultus
3099 2402 3153 2448 et
3187 2395 3298 2450 oris
3356 2381 3533 2471 gratia

1911 2473 2273 2544 compellans:
2306 2476 2482 2545 Unde,
2514 2478 2714 2550 inquit,
2746 2480 2866 2549 tibi,
2897 2497 2928 2537 o
2953 2483 3028 2537 mi
3061 2485 3258 2552 amice,
3294 2487 3412 2543 haec
3445 2488 3531 2543 in-

1908 2563 2067 2619 solita
2098 2565 2206 2620 mei
2243 2566 2474 2636 incuria,
2510 2576 2568 2624 ut
2608 2577 2681 2636 te,
2722 2572 2790 2626 ad
2849 2590 2935 2629 me
2969 2575 3325 2647 visitandum,
3379 2586 3532 2636 tanta

1905 2658 2142 2713 tenuerit
2194 2658 2396 2714 mora?
2462 2660 2807 2730 Lambcrtus,
2869 2668 3219 2735 praetendens
3267 2669 3528 2728 aﬁ'ectum

1906 2745 2312 2812 familiaritatis,
2343 2749 2607 2806 reddebat
2646 2752 2763 2809 haec
2794 2753 2963 2809 verba
2995 2759 3406 2815 excusationis:
3441 2761 3524 2817 Mc

1905 2850 2009 2890 nec
2036 2835 2285 2901 incuriae,
2322 2853 2425 2892 nec
2454 2854 2624 2894 mora:
2659 2840 2909 2896 incusare
2951 2844 3143 2911 habes,
3177 2863 3340 2919 quem
3379 2848 3447 2903 ad
3475 2858 3528 2903 te

1904 2927 2097 2987 venire
2151 2936 2546 2998 maturantcm,
2578 2935 2844 3003 praevenit
2887 2935 3041 2991 ocior
3064 2939 3257 2994 mortis
3293 2946 3398 2996 tute
3430 2960 3526 2999 ne-

1906 3014 2152 3070 cessitas.
2198 3018 2355 3084 Ecce,
2415 3021 2543 3091 quia
2575 3021 2793 3090 adsum,
2845 3030 2899 3078 et
2948 3032 3003 3080 tu
3048 3025 3161 3095 jam
3210 3030 3435 3085 intrasti
3471 3034 3531 3086 in

1828 3144 1877 3213 ϐ
1905 3105 2169 3171 gaudium
2194 3109 2411 3162 Domini
2435 3112 2519 3163 tui
2549 3110 2758 3180 (Matth.
2796 3129 2925 3179 xxv,
2955 3114 3069 3181 2‘1),
3097 3115 3247 3184 justa
3289 3118 3381 3172 tibi
3415 3120 3530 3174 sol-

1903 3211 2023 3250 vam
2067 3212 2135 3251 ex
2173 3197 2389 3266 debito;
2425 3206 2502 3266 tu,
2527 3216 2737 3272 quaeso,
2791 3202 2923 3256 mihi
2954 3203 3139 3260 indica
3169 3222 3278 3278 quo
3319 3207 3373 3261 in
3405 3209 3527 3265 loco

1903 3304 2106 3360 corpus
2131 3299 2281 3347 tuum
2333 3310 2396 3348 ex
2442 3301 2535 3351 tuo
2573 3295 2775 3367 placito
2805 3299 3090 3370 sepeliam.
3130 3300 3191 3356 Et
3245 3302 3375 3358 illa:
3412 3305 3524 3361 Su-

1903 3380 2075 3451 spice,
2106 3383 2303 3455 inquit,
2332 3385 2390 3440 in
2421 3387 2645 3459 coelum,
2686 3397 2742 3446 et
2770 3390 3068 3467 diligenter
3103 3393 3256 3448 illum
3287 3395 3342 3450 in
3367 3399 3528 3454 terris

1903 3468 2079 3525 locum
2106 3480 2294 3529 notato
2326 3474 2381 3528 in
2405 3492 2514 3547 quo
2543 3476 2746 3534 videris
2778 3480 2944 3535 modo
2979 3497 3078 3550 per
3107 3483 3400 3541 micantem
3432 3487 3523 3542 lu—

1902 3573 2023 3612 cem
2055 3559 2292 3629 cmlitus,
2323 3580 2591 3634 apparere
2617 3575 2822 3621 sanctae
2862 3568 3042 3623 crucis
3085 3570 3324 3644 signum.
3362 3574 3525 3631 Lam-

1900 3648 2093 3705 bertus
2104 3667 2223 3706 eam
2240 3662 2638 3712 monstrantem
2658 3674 2901 3729 sequens
2914 3660 3088 3715 oculis
3110 3672 3164 3718 et
3178 3672 3383 3735 mente,
3398 3684 3527 3725 ecce

1902 3740 2052 3795 videt
2081 3740 2261 3798 locum
2287 3745 2341 3799 in
2361 3747 2520 3803 terris
2541 3749 2754 3804 cmlesti
2778 3750 2899 3805 luce
2913 3751 3190 3823 designari
3223 3756 3278 3810 in
3300 3760 3525 3815 modum

1902 3840 2107 3888 sanctae
2161 3838 2359 3906 crucis,
2394 3846 2450 3893 et
2476 3840 2544 3894 ab
2597 3855 2692 3896 ore
2733 3841 3104 3915 colloquentis
3132 3846 3237 3901 sibi
3269 3849 3523 3924 virginis,

1899 3920 2016 3977 haec
2042 3924 2234 3980 ultima
2280 3928 2449 3983 verba
2473 3929 2702 4001 accipit:
2749 3931 2919 3998 Hunc,
2975 3932 3286 4004 Lamberle,
3329 3920 3513 3995 locum

1897 4012 1998 4067 tibi
2028 4018 2247 4073 cmlitus
2277 4020 2635 4088 insinuatum,
2664 4023 2805 4078 scias
2837 4023 2968 4079 olim
2996 4026 3307 4100 delegatum
3341 4046 3372 4085 a
3405 4031 3518 4089 Deo

1897 4120 2034 4162 mete
2056 4112 2371 4182 sepulturae.
2417 4114 2522 4170 Rac
2559 4116 2677 4171 vice
2709 4132 3026 4173 sermonum
3072 4128 3260 4177 sancta
3305 4124 3519 4197 virgine

1908 4202 2049 4257 coelo
2082 4211 2321 4276 recepta,
2355 4206 2438 4261 vir
2457 4215 2700 4277 sanctus,
2732 4224 2926 4265 somno
2955 4212 3189 4283 solutus,
3215 4215 3523 4286 applaude-

1910 4293 2000 4348 bat
2018 4294 2125 4349 sibi
2156 4295 2225 4351 de
2243 4297 2484 4353 cmlestis
2517 4299 2743 4355 visionis
2770 4300 3055 4357 miraculo.

1973 4387 2146 4443 Locus
2171 4395 2352 4444 autem
2392 4391 2482 4462 qui
2517 4391 2757 4447 coalestis
2775 4392 2913 4447 lucis
2944 4394 3105 4469 signo
3129 4394 3517 4466 irradiabatur,

179 4460 414 4516 Odorem
449 4458 526 4526 (Π
547 4449 684 4513 ’θονο
737 4472 796 4521 ην
817 4455 955 4557 οίξξ
1008 4452 1119 4508 Nec
1174 4459 1302 4557 εξῐηθ
1332 4452 1542 4557 ἀςειίίίί
1570 4453 1801 4557 Signi?”
1822 4447 1879 4515 D
1908 4477 2358 4534 chtershovum
2391 4447 2536 4547 erat;
2570 4498 2734 4553 quem
2765 4481 2885 4554 ipse
3169 4447 3518 4557 Lambertus:

181 4549 383 4605 Christi
416 4563 585 4619 quam
625 4561 844 4602 omnem
900 4544 1048 4599 illam
1079 4550 1325 4619 gentem.
1356 4543 1426 4599 de
1472 4559 1645 4619 regno
1685 4545 1804 4600 dia-

179 4642 291 4698 boli
326 4641 600 4704 abactam,
633 4639 702 4692 ad
730 4653 960 4713 regnum
994 4636 1157 4710 Regis
1184 4652 1375 4710 regum
1406 4637 1730 4693 transduxit.

253 4738 384 4792 Haec
413 4742 495 4790 est
536 4732 765 4799 Christe,
794 4738 888 4787 tua
915 4731 1128 4807 gratia;
1172 4731 1289 4786 haec
1337 4739 1422 4787 est
1447 4730 1578 4787 boni
1611 4733 1803 4789 militis

179 4826 258 4884 tui
284 4824 622 4893 constantia,
654 4824 770 4896 qui,
803 4838 944 4894 Opus
990 4822 1352 4895 apostolicum
1383 4838 1699 4897 aggressus,
1733 4824 1800 4878 ad

179 4932 361 4980 castra
392 4930 482 4977 tua
523 4929 631 4977 tam
671 4917 946 4993 insignem
980 4917 1209 4972 adduxit
1264 4917 1625 4989 triumphum.
1666 4918 1802 4974 Ecce

178 5009 525 5069 Tessandriae
552 5007 886 5080 apostolum,
914 5006 1109 5061 merito
1139 5006 1403 5077 apostolis
1441 5012 1497 5060 et
1529 5006 1799 5076 apostoli-

180 5104 259 5158 cis
310 5103 444 5158 viris
484 5099 902 5158 conferendum.
956 5097 1083 5153 Cum
1118 5097 1263 5152 enim
1316 5097 1384 5152 ad
1438 5096 1801 5166 iudicandum

179 5195 399 5251 venerit
444 5194 707 5263 Princeps
770 5200 1073 5262 pastorum,
1129 5195 1183 5243 et
1239 5189 1474 5261 quisque
1523 5195 1798 5259 pastorum

178 5287 229 5342 ei
318 5284 795 5358 reprzesentaverit
870 5288 1094 5354 quotam
1159 5288 1369 5352 partem
1447 5280 1638 5336 mundi
1704 5297 1803 5337 sua

179 5376 580 5448 praedicatione
638 5373 928 5428 adduxerit
965 5372 1031 5427 ad
1071 5370 1259 5438 ﬁdem,
1316 5371 1409 5428 hic
1463 5379 1650 5444 pastor
1701 5388 1802 5428 no-

174 5482 291 5530 ster
320 5474 467 5528 inter
496 5479 750 5543 pastores
788 5485 898 5525 non
950 5468 1130 5523 inanis
1159 5468 1470 5539 apparebit,
1501 5468 1603 5524 sed
1632 5468 1798 5524 etiam

175 5561 293 5634 ipse
322 5563 548 5628 multos,
577 5573 679 5613 suo
707 5556 898 5613 labore
925 5556 994 5611 ab
1021 5555 1331 5610 idololatria
1359 5556 1447 5611 vel
1479 5553 1686 5611 malitia
1710 5570 1796 5610 re-

174 5664 396 5726 tractos,
431 5663 559 5727 post
581 5668 640 5708 se
672 5651 869 5721 trahet,
896 5658 951 5706 et
987 5648 1224 5719 accipiet
1248 5650 1613 5720 multiplicem
1645 5663 1799 5708 coro-

176 5768 303 5807 nam
336 5750 550 5825 glorias.

1903 4582 1934 4621 a
1962 4575 2153 4623 sancto
2186 4568 2499 4623 Landoaldo
2556 4568 2695 4623 inibi
2734 4570 2993 4638 nutritus,
3037 4572 3213 4644 prima
3251 4574 3336 4629 sui
3376 4575 3514 4632 tiro-

1904 4658 2035 4714 cinii
2064 4658 2251 4714 indole
2273 4659 2651 4735 insigniverat.

1976 4748 2299 4804 Lambertus
2337 4755 2487 4806 tanto
2518 4749 2743 4822 quidem
2777 4752 3167 4824 properantius
3206 4753 3517 4812 maturabat

1902 4835 2068 4901 viam,
2101 4843 2307 4908 quanto
2337 4838 2549 4893 sciebat
2575 4839 2680 4894 hoc
2714 4840 2822 4895 Deo
2854 4847 2908 4895 et
2956 4855 3172 4912 sponsas
3227 4842 3349 4913 ejus
3398 4844 3516 4900 tore

1901 4924 2131 4999 gratius.
2165 4924 2224 4981 Et
2263 4926 2494 4981 veniens
2524 4926 2781 4982 Belisiam
2814 4928 3021 4983 tardius
3064 4936 3192 4985 voto
3223 4947 3383 5002 quam
3417 4949 3516 5004 pe-

1905 5017 2071 5071 dibus
2100 5016 2303 5085 (animo
2335 5018 2481 5072 enim
2523 5018 2767 5089 cupienti
2819 5019 2957 5074 nihil
3012 5021 3146 5075 satis
3177 5020 3511 5097 festinatur).

1900 5106 2170 5161 visionem
2217 5107 2477 5161 omnibus
2535 5107 2748 5177 pandit,
2796 5123 3004 5180 eosque
3052 5108 3120 5162 ad
3159 5108 3306 5163 illam
3360 5127 3516 5167 exse-

1905 5194 2179 5268 quendam
2214 5194 2409 5249 nititur
2459 5194 2684 5250 ﬂectere
2728 5212 2890 5268 quam
2925 5202 3106 5267 potest
3161 5196 3421 5253 blandius
3458 5208 3518 5255 ct

1904 5289 2217 5345 fecundius.
2263 5288 2463 5343 Omnes
2493 5296 2681 5345 contra
2734 5307 2903 5345 unum
2956 5289 3278 5357 reclamant,
3320 5308 3517 5349 omnes

1903 5396 2014 5436 uno
2045 5394 2136 5435 ore
2156 5377 2539 5435 tumultuando
2565 5378 2945 5434 conclamant:
2989 5378 3162 5443 Absit,
3196 5378 3512 5437 Lamberte:

1899 5472 2064 5538 absit,
2091 5487 2123 5528 ο
2146 5470 2348 5543 praesul
2381 5467 2571 5524 beate!
2606 5469 2701 5525 llic
2724 5470 2843 5541 ipsa
2872 5477 3057 5526 sancta
3086 5470 3240 5546 virgo
3265 5478 3371 5527 ate
3403 5474 3514 5530 Deo

1898 5568 2216 5619 consecrata
2243 5560 2373 5628 fuit;
2400 5560 2517 5615 haec
2544 5559 2799 5623 ecclesia,
2834 5559 2955 5628 ejus
2975 5575 3144 5631 Opera
3170 5567 3224 5616 et
3246 5561 3515 5632 impensis

1901 5658 2235 5720 constructa,
2267 5656 2379 5705 ate
2432 5664 2533 5721 per
2569 5663 2690 5702 eam
2751 5653 2837 5703 est
2864 5647 3153 5715 dedicata;
3195 5648 3284 5702 hic
3328 5649 3515 5703 omnia

1902 5741 2043 5811 ejus,
2076 5756 2175 5811 per
2203 5746 2277 5802 te.
2298 5738 2367 5795 ab
2399 5753 2467 5805 ea
2495 5737 2607 5792 Deo
2636 5735 2876 5808 relegata
2896 5740 3054 5800 sunt;
3086 5734 3179 5790 hic
3198 5734 3308 5789 Deo
3338 5734 3512 5789 famu-
