3960 6198
374 310 470 363 771

1595 313 1940 369 SIGEBERTI
1981 314 2488 369 GEMBLACENSIS.

3601 311 3715 368 779

372 433 582 487 antium
621 431 802 496 turba,
848 449 946 504 per
980 449 1126 502 eam,
1151 441 1206 489 et
1237 444 1414 504 perte
1447 435 1629 491 adulta
1654 447 1768 499 est;
1809 446 1862 493 et
1890 439 1982 494 ubi
2015 445 2064 511 Α
2091 455 2262 510 super
2313 453 2507 494 omnes
2563 436 2847 508 principes
2925 435 3290 502 Francorum;
3367 436 3531 505 cujus
3589 435 3718 510 glo-

371 523 590 597 dignius
642 540 766 580 ossa
809 526 928 594 ejus
958 525 1251 597 quiescent
1281 543 1444 598 quam
1479 528 1587 594 hic,
1622 530 1712 583 ubi
1748 548 1991 600 priescn-

369 615 572 669 tialiter
602 623 682 670 tot
711 616 986 672 bonorum
1020 619 1140 685 ejus
1173 633 1404 687 operum
1447 627 1712 690 apparent
1742 623 1991 680 testimo-

369 705 498 760 nia?
539 707 597 759 Et
653 707 767 761 haec
818 707 1038 778 quidem
1086 709 1288 772 omnia.
1351 710 1513 764 etiam
1569 718 1676 766 tute
1725 714 1986 769 sanctita-

367 793 436 847 tis
475 794 688 859 merita,
753 795 1061 864 Lamberte,
1121 798 1490 864 accumulant,
1552 799 1680 854 dum
1724 817 1822 871 per
1885 809 1988 858 tua:

365 883 753 952 pastoralitatis
808 886 1074 953 studium,
1145 887 1234 941 hic
1285 895 1340 942 et
1389 890 1589 944 merito
1648 898 1702 945 et
1757 909 1986 950 numero

366 985 528 1033 aucto
582 977 828 1034 fidelium
876 981 1081 1051 pepulo
1141 980 1268 1037 fidei
1309 990 1362 1037 ct
1415 984 1632 1040 virtutis
1686 987 1990 1043 exuberant

366 1065 530 1122 dona.

436 1153 755 1210 Lambertus
779 1155 1022 1212 offensus
1069 1159 1375 1229 pervicacia
1427 1162 1708 1217 omnium:
1763 1165 1982 1220 Gratum

367 1252 470 1314 est,
502 1248 700 1320 inquit,
744 1266 981 1319 praeesse
1023 1252 1253 1316 civibus,
1289 1253 1384 1307 sed
1417 1271 1578 1326 grave
1610 1265 1692 1310 est
1727 1258 1984 1313 omnibus

365 1339 603 1409 placere.
640 1341 797 1408 Ecce,
830 1343 958 1413 quia
985 1359 1167 1398 sermo
1207 1345 1302 1400 Dei
1341 1354 1394 1400 et
1426 1363 1581 1403 meus
1608 1365 1715 1404 non
1750 1350 1894 1420 capit
1922 1351 1978 1405 in

361 1431 520 1487 vobis
577 1434 748 1505 (Joan.
782 1453 892 1490 vni.
953 1437 1062 1508 37),
1100 1454 1196 1493 vos
1251 1456 1446 1494 omnes
1481 1442 1683 1497 invitus
1733 1461 1980 1516 sequar;

362 1533 544 1582 certus
581 1544 700 1583 sum
751 1536 931 1584 tamen
964 1531 1093 1602 quia
1123 1533 1364 1588 ccclestis
1415 1536 1622 1591 oraculi
1655 1552 1764 1593 non
1811 1537 1987 1593 deerit

364 1613 612 1670 effectus.

434 1707 754 1762 Lambertus
802 1710 988 1783 igitur,
1028 1714 1244 1782 sepulta
1281 1722 1470 1769 sancta
1525 1714 1763 1790 virgine,
1811 1718 1984 1789 magis

362 1813 429 1851 ex
473 1799 662 1870 populi
692 1817 854 1872 quam
912 1817 978 1857 ex
1007 1820 1106 1858 suo
1150 1805 1370 1875 placito,
1417 1806 1599 1860 animo
1666 1806 1982 1874 lluctuabat,

365 1886 495 1940 hinc
541 1888 610 1943 de
659 1890 867 1944 ccelesti
929 1893 1150 1947 oraculo
1203 1903 1410 1961 certus,
1464 1895 1615 1949 illinc
1651 1897 1888 1951 incertus
1917 1897 1985 1951 de

361 1979 579 2049 sepulto
636 1981 862 2051 virginis
902 1985 1254 2054 corpusculo.
1305 1985 1381 2040 0b
1439 1988 1561 2052 hoc,
1591 1991 1744 2042 omni
1791 1989 1983 2044 orandi

367 2071 532 2125 modo
573 2087 632 2125 se
664 2073 948 2140 addicens,
991 2077 1272 2146 quzerebat
1334 2094 1446 2132 rem
1482 2079 1549 2132 ab
1591 2096 1657 2134 eo
1706 2080 1794 2134 cui
1850 2080 1985 2135 nihil

364 2158 713 2228 impossibile
753 2177 873 2216 esse
905 2163 1117 2218 sciebat
1156 2165 1304 2234 (Luc.
1340 2183 1374 2229 ι,
1406 2167 1519 2224 57).
1565 2167 1652 2222 Sic
1675 2177 1864 2222 exacto
1897 2167 1986 2221 tri-

366 2246 498 2309 duo,
525 2260 826 2305 convocato
857 2254 1082 2323 pOpulo,
1111 2254 1215 2309 ait:
1249 2255 1520 2328 Virginem
1555 2257 1749 2311 Christi
1779 2257 1990 2328 pridem

363 2335 702 2404 defunctam,
740 2351 923 2396 vestro
956 2343 1121 2397 etiam
1147 2344 1380 2412 judicio,
1424 2347 1608 2419 magni
1667 2348 1790 2402 dico
1824 2347 1990 2403 fuisse

364 2429 569 2496 meriti,
607 2436 661 2484 et
694 2431 817 2487 ideo
851 2433 991 2488 duco
1016 2451 1124 2489 non
1152 2437 1270 2491 leve
1298 2453 1419 2492 esse
1452 2439 1599 2509 quod
1631 2439 1699 2493 ab
1722 2455 1814 2494 ore
1846 2439 1987 2508 ejus,

356 2516 468 2584 jam
513 2533 634 2572 cum
669 2518 880 2575 Christo
926 2524 1233 2596 regnantis,
1285 2525 1418 2579 mihi
1463 2527 1762 2582 indicatum
1800 2536 1983 2583 teneo.

364 2607 516 2675 ldeo,
570 2626 638 2665 ne
667 2613 970 2681 gravemini
1005 2616 1150 2686 quod
1193 2632 1412 2687 precor,
1447 2625 1505 2672 nt
1535 2627 1720 2689 aperta
1755 2619 1986 2693 virginis

2015 1762 2062 1828 Β

2093 531 2227 585 riam
2299 531 2574 604 augebant
2645 528 2822 583 crebri
2903 527 3253 583 victoriarum
3315 527 3480 582 tituli.
3543 528 3715 591 Quem

2090 623 2157 676 ad
2231 622 2488 677 virtutem
2553 621 2783 675 incitare
2862 627 3116 689 poterant
3197 619 3391 674 saltem
3475 619 3717 674 deducta

2088 713 2156 766 ab
2198 721 2428 784 utroque
2469 718 2695 782 parente
2747 710 3007 766 nobilitas
3033 716 3088 765 et
3144 711 3453 764 sanctitatis
3505 726 3714 764 monu-

2093 808 2298 858 menta.

2168 895 2232 949 Ut
2261 894 2407 949 enim
2437 894 2629 948 sileam
2658 892 2726 946 de
2765 892 3052 947 sanctitate
3085 892 3369 946 Gertrudis
3396 899 3715 947 matertera“:

2093 986 2234 1054 ejus,
2267 986 2354 1040 vel
2407 983 2716 1054 Clodulphi,
2773 981 2870 1036 ﬁlii
2905 982 3078 1036 sancti
3108 982 3398 1052 Arnulphi,
3452 982 3718 1037 Metensis

2094 1076 2364 1147 episcOpi,
2390 1076 2484 1148 qui
2508 1075 2609 1129 fuit
2631 1074 2880 1145 patrinus
2906 1075 3100 1145 ipsius,
3122 1074 3246 1145 quis
3268 1083 3472 1128 sanctae
3493 1075 3714 1148 Beggae,

2087 1168 2274 1224 matris
2301 1169 2441 1239 ejus,
2477 1167 2639 1222 vitam
2673 1182 2782 1221 non
2815 1166 3081 1220 miretur?
3110 1166 3243 1230 Quis
3276 1166 3482 1220 nesciat
3509 1167 3718 1220 sancti-

2086 1261 2324 1316 moniam
2359 1259 2571 1329 paterni
2600 1258 2683 1312 avi
2714 1259 2834 1326 ejus
2865 1257 3154 1327 Arnulphi,
3190 1258 3282 1328 qui
3318 1257 3495 1328 primo
3539 1258 3717 1326 major

2086 1353 2284 1407 domus
2308 1351 2471 1425 regis,
2513 1358 2655 1422 post,
2694 1350 2952 1404 Metcnsis
2982 1350 3298 1420 episc0pus,
3344 1356 3397 1404 et
3437 1349 3493 1404 in
3527 1351 3638 1404 vita
3663 1359 3720 1406 et

2085 1441 2142 1494 in
2185 1448 2357 1494 morte
2414 1439 2679 1493 mirabilis
2737 1438 2944 1492 mundo
2988 1437 3137 1491 fuit?
3192 1437 3312 1492 Jam
3359 1453 3491 1494 vero
3549 1439 3714 1493 etiam

2087 1534 2325 1590 filiorum
2385 1534 2505 1602 ejus
2565 1533 2810 1603 potentia
2863 1532 3080 1605 vigebat
3138 1531 3197 1586 in
3252 1547 3450 1604 regno,
3501 1550 3530 1586 e
3591 1533 3720 1603 qui-

2087 1625 2190 1678 bus
2273 1624 2451 1696 Drogo
2531 1621 2641 1675 dux
2723 1628 2838 1675 erat
2914 1619 3372 1691 Campanensium
3455 1622 3519 1674 At
3577 1620 3707 1674 Gri-

2086 1712 2335 1766 moaldus
2390 1709 2795 1764 haereditarium
2855 1709 3022 1778 patris
3078 1707 3449 1779 principatum
3501 1725 3714 1780 exspe-

2083 1805 2284 1859 ctabat.
2343 1803 2449 1858 Hos
2489 1803 2566 1856 illi
2614 1807 2882 1874 genuerat
2922 1800 3165 1871 legitima
3213 1816 3312 1855 sua
3339 1801 3541 1869 conjux
3584 1801 3715 1855 Ple-

2086 1895 2316 1952 ctrudis.

2159 1991 2219 2044 Et
2256 2005 2380 2043 cum
2440 1987 2671 2059 Pippino
2725 1984 2861 2039 nihil
2891 1985 3102 2058 gloriae,
3136 1985 3272 2039 nihil
3328 1985 3590 2056 potentiae
3625 1985 3716 2039 vel

2088 2078 2371 2133 felicitatis
2411 2077 2653 2143 deesset,
2716 2091 2995 2146 nunquam
3059 2075 3110 2130 ei
3167 2089 3334 2145 super
3385 2073 3715 2128 industriam

2086 2169 2303 2225 fortuna
2334 2169 2454 2224 fuit.
2504 2169 2540 2222 Ο
2592 2167 2731 2221 nihil
2790 2182 3033 2238 unquam
3089 2174 3264 2222 tutum
3317 2164 3464 2237 apud
3523 2165 3715 2221 diabo-

2091 2260 2201 2314 lum
2227 2258 2238 2311 !
2273 2259 2354 2313 vir
2376 2268 2481 2312 tam
2513 2257 2839 2312 victoriosus
2870 2256 2935 2309 de
2953 2256 3138 2326 seipse
3170 2271 3280 2311 non
3310 2255 3490 2326 potuit
3520 2255 3714 2309 trium-

2091 2352 2284 2421 phare.
2341 2356 2395 2405 et
2442 2350 2680 2404 ferreum
2726 2356 2916 2418 pectus
2971 2363 3130 2401 suum
3192 2363 3387 2418 passus
3442 2347 3710 2416 perforari

2090 2443 2242 2499 molli
2275 2444 2382 2498 telo
2410 2441 2677 2496 libidinis.
2730 2440 2971 2494 Puellam
3005 2439 3248 2494 nobilem
3281 2447 3334 2494 et
3374 2439 3709 2513 elegantem,

2091 2537 2312 2591 nomine
2353 2535 2660 2606 Alpaidem,
2694 2532 3017 2602 superduxit
3055 2531 3318 2605 legitimae
3346 2532 3566 2603 conjugi
3596 2548 3710 2586 suae

2092 2630 2382 2691 Plectrudi,
2420 2646 2486 2683 ex
2521 2646 2622 2700 qua
2652 2628 2815 2682 etiam
2849 2626 3093 2697 suscepit
3125 2625 3297 2680 filium
3347 2625 3581 2690 Carlum,
3622 2627 3709 2680 cui

362 2701 571 2763 tumba,
611 2720 723 2758 rem
755 2705 930 2776 ipsam
968 2709 1144 2763 oculis
1183 2710 1570 2780 eXperiamini.
1603 2712 1682 2766 Ab
1725 2712 1985 2768 omnibus
2087 2731 2297 2793 postea,
2356 2728 2582 2793 propter
2632 2720 2950 2776 indomitam
3007 2718 3252 2773 bellandi
3305 2718 3711 2784 fortitudinem,

361 2792 619 2847 obeditur
651 2796 722 2863 ei,
771 2798 960 2851 tumba
989 2801 1256 2868 aperitur,
1293 2801 1390 2855 sed
1436 2803 1570 2856 nihil
1601 2805 1875 2874 reperitur
1916 2806 1984 2859 de
2085 2792 2305 2866 Tudens
2357 2792 2491 2866 isive
2546 2810 2820 2864 Martellus
2874 2824 3146 2879 agnomen
3195 2808 3311 2862 fuit.
3377 2807 3502 2862 Haec
3551 2823 3707 2862 soror

359 2891 550 2939 sancto
576 2885 649 2938 ibi
681 2889 899 2958 sepulto
924 2906 1176 2960 corpore,
1198 2908 1320 2945 cum
1350 2893 1470 2962 ipso
1501 2896 1841 2967 sarcOphago
1855 2896 1992 2950 alias
2092 2910 2207 2956 erat
2235 2901 2495 2963 Dodonis,
2531 2900 2625 2971 qui
2659 2899 2994 2953 domesticus
3019 2897 3235 2967 Pippini
3272 2896 3542 2967 principis
3573 2904 3706 2962 erat,

358 2975 710 3045 transposito.
761 2978 1005 3048 Expallet
1058 2981 1240 3036 vultus
1303 2983 1574 3050 omnium,
1621 2986 1770 3040 solus
1833 2986 1980 3040 Lam-

2091 2997 2175 3050 vir
2233 2996 2429 3066 plenus
2473 2994 2692 3065 opibus,
2748 3009 2956 3066 genere
3011 2991 3211 3054 clarus,
3262 3007 3363 3060 per
3401 2991 3614 3046 amicos
3655 2997 3709 3045 ct

359 3069 545 3124 bertus
559 3070 786 3143 gaudet,
818 3079 871 3126 et
891 3073 1155 3128 attonitos
1185 3083 1410 3144 paterne
1437 3077 1790 3132 demulcens:
1827 3079 1982 3146 Quia,
2014 3136 2059 3162 μ
2090 3097 2370 3162 cognatos,
2399 3093 2451 3141 et
2484 3085 2683 3140 multos
2706 3084 2814 3138 sibi
2842 3084 3214 3155 obsequentes
3242 3097 3444 3153 pueros
3480 3081 3704 3135 multam

361 3137 961 3228 inquitfdiflidentiam
995 3168 1230 3215 vestram
1271 3164 1480 3233 experti
1514 3165 1668 3231 estis,
1692 3166 1805 3233 jam
1839 3183 1985 3222 nunc
2013 3137 2062 3202 Ο
2087 3137 2387 3250 ροῗθηιὶδηι
2411 3183 2694 3233 assecutus
2724 3177 2777 3230 in
2809 3191 2999 3250 regno.

359 3244 455 3298 Dei
486 3243 898 3300 mirificentiam
931 3249 1300 3318 experiamur,
1342 3261 1396 3305 et
1428 3252 1482 3306 in
1513 3252 1632 3308 loco
1666 3254 1802 3307 mihi
1833 3254 1984 3310 desi-
2087 3243 2099 3250 ’
2157 3270 2282 3326 Cum
2343 3279 2526 3325 autem
2568 3269 2750 3324 nullus
2802 3243 2948 3323 esset
2995 3268 3382 3339 episcoporum
3417 3266 3511 3337 qui
3540 3273 3710 3320 staret

359 3345 549 3412 gnato,
582 3341 755 3394 sancti
787 3343 1035 3411 corporis
1066 3343 1282 3418 glebam
1323 3363 1650 3417 quaeramus.
1705 3348 1778 3403 Eo
1817 3349 1978 3417 duce,

363 3429 822 3486 Wentershovum
852 3434 1116 3500 curritur;
1170 3435 1288 3506 qui,
1331 3445 1514 3492 mente
1539 3448 1592 3493 et
1621 3440 1796 3494 oculis
1827 3441 1977 3496 rele-

360 3537 500 3594 gens
532 3523 776 3579 ccelestis
813 3525 956 3600 signi
1011 3536 1233 3583 ostensa
1271 3528 1377 3583 sibi
1432 3531 1686 3604 vestigia,
1746 3534 1988 3590 ostendit

361 3611 546 3668 locum
578 3615 988 3687 beneplacitum
1029 3627 1230 3675 sanctae
1261 3621 1482 3693 virgini.
1517 3623 1555 3677 Ο
1598 3641 1713 3678 rem
1747 3627 1979 3681 novam!

367 3704 442 3759 ibi
474 3709 651 3762 sancti
684 3710 930 3780 corporis
969 3711 1209 3785 glebam,
1258 3729 1380 3769 cum
1438 3715 1558 3785 ipso
1615 3719 1978 3792 sarcOphago,

364 3803 787 3870 transportatam
847 3803 1154 3869 inveniunt,
1228 3813 1334 3860 tam
1396 3808 1700 3879 composite
1756 3816 1982 3881 tamque

364 3884 630 3943 decenter
679 3891 974 3947 relocatam
1020 3899 1080 3947 ut
1137 3893 1272 3948 nulli
1331 3907 1477 3952 esset
1515 3898 1744 3953 dubium
1801 3917 1976 3971 ange-

359 3979 470 4036 lico
524 3981 832 4041 ministerio
873 3993 1116 4041 sanctam
1170 3987 1435 4061 virginem
1479 3991 1609 4047 illuc
1663 3993 1976 4050 translatam

359 4067 550 4125 fuisse.

429 4163 695 4220 Attollunt
721 4167 905 4222 cuncti
937 4169 1032 4222 Dei
1061 4169 1311 4235 virtutes,
1355 4187 1524 4242 super
1555 4173 1742 4229 omnia
1783 4176 1981 4246 praedi-

360 4261 485 4310 cant
524 4254 690 4311 fidem
719 4263 772 4310 et
802 4259 1059 4313 meritum
1080 4260 1303 4333 gloriosi
1328 4260 1620 4326 Lamberti,
1654 4266 1808 4335 cujus
1846 4283 1978 4322 con-

357 4349 587 4400 versatio
609 4348 729 4416 jam
753 4349 813 4401 in
847 4349 991 4403 caelis
1018 4356 1134 4404 erat
1165 4350 1388 4422 (Philip.
1419 4369 1501 4417 ιιι,
1549 4353 1665 4423 20),
1726 4357 1978 4426 quamvis

2083 3375 2146 3414 ex
2165 3360 2418 3423 adverso,
2449 3365 2502 3413 et
2529 3364 2837 3428 Opponeret
2859 3373 2919 3411 se
2949 3373 3167 3411 murum
3202 3372 3298 3427 pro
3319 3356 3484 3411 domo
3517 3356 3705 3422 Israel,

2082 3461 2140 3506 ut
2168 3456 2335 3507 staret
2356 3454 2414 3505 in
2453 3452 2584 3505 bello
2608 3454 2670 3504 in
2698 3451 2784 3504 die
2816 3452 3030 3504 Domini
3057 3452 3230 3517 (Ezec.
3268 3465 3387 3515 xm,
3425 3450 3504 3520 5}.
3545 3448 3709 3502 Lam-

2088 3544 2271 3598 bertus
2343 3543 2496 3598 solus
2527 3584 2542 3608 ,
2619 3543 2732 3596 zelo
2795 3543 2997 3596 zelatus
3071 3558 3170 3612 pro
3250 3541 3408 3595 domo
3493 3539 3709 3594 Domini

2088 3632 2185 3699 (ΙΙΙ
2207 3635 2330 3700 Reg.
2387 3649 2499 3697 xxx,
2533 3631 2645 3702 14),
2709 3636 3023 3701 opportune,
3074 3633 3378 3700 importune
3438 3627 3709 3700 arguebat

2082 3723 2388 3792 principem
2424 3722 2496 3792 (II
2524 3723 2658 3775 Tim.
2702 3736 2772 3786 ιν,
2812 3720 2895 3788 2),
2929 3729 2983 3773 et
3027 3719 3256 3773 alterum
3287 3735 3348 3772 se
3400 3717 3594 3782 Eliam,
3622 3717 3706 3771 vel

2082 3814 2350 3870 Joannem
2392 3814 2706 3870 exhibebat.
2755 3815 2912 3878 Quod
2949 3814 3116 3868 animi
3153 3812 3390 3867 habebat
3441 3812 3708 3866 llerodias

2082 3926 2202 3964 cum
2246 3910 2489 3965 Herodes
2541 3909 2762 3976 Joanni,
2805 3924 2927 3963 eum
2988 3923 3086 3979 pro
3127 3906 3400 3961 adulterio
3429 3905 3706 3981 arguenlil

2082 4001 2321 4056 libenter
2351 4001 2806 4056 accommodabat
2834 4016 3048 4065 aurem,
3079 4000 3185 4053 hoc
3233 3997 3402 4052 animi
3463 3998 3708 4052 habebat

2084 4093 2246 4148 etiam
2300 4093 2504 4164 Alpais,
2563 4108 2686 4148 cum
2744 4091 3009 4162 Pippinus
3063 4090 3374 4155 Lamberto,
3425 4105 3551 4144 eum
3604 4107 3706 4160 pro

2083 4181 2339 4251 pellicatu
2413 4197 2513 4237 suo
2559 4181 2830 4256 arguenti,
2898 4180 3212 4235 obediebat.
3283 4177 3575 4248 Equidem,
3626 4177 3707 4230 vir

2082 4274 2215 4329 alias
2245 4273 2540 4329 laudabilis
2574 4282 2631 4328 et
2663 4273 2969 4348 religiosus,
3025 4275 3129 4328 hoc
3169 4279 3419 4341 excepto,
3466 4271 3700 4324 multum

2081 4363 2351 4420 Lamberti
2380 4364 2789 4434 jucundabatur
2837 4363 3104 4428 consiliis,
3137 4369 3192 4416 et
3222 4360 3446 4415 monitis
3501 4360 3700 4415 ﬂecte-

359 4449 593 4504 corpore
624 4436 807 4490 adhuc
828 4443 1110 4492 teneretur
1154 4438 1209 4492 in
1251 4441 1442 4507 servis,
1485 4442 1541 4496 in
1572 4459 1680 4515 quo
1719 4445 2266 4522 videbantDbatur;
2299 4457 2412 4528 qui,
2470 4455 2515 4510 si
2549 4463 2819 4510 amantem
2877 4455 3137 4526 pellicem
3195 4450 3383 4506 fallere
3425 4451 3703 4521 potuisset

359 4525 577 4596 impleri
609 4525 754 4581 illam
788 4528 1004 4583 Domini
1038 4545 1264 4586 vocem:
1299 4533 1497 4589 Omnia
1522 4537 1810 4604 possibilia
1855 4544 1982 4594 sunt

357 4617 596 4671 credenti
643 4617 834 4688 (Marc.
867 4635 942 4686 χι,
974 4605 1087 4692 22).
1141 4620 1178 4676 Ο
1233 4622 1409 4678 virum
1469 4625 1695 4700 dignum
1727 4627 1858 4695 Deo,
1891 4630 1979 4684 cui

360 4708 497 4763 nihil
527 4709 683 4764 deest
711 4709 778 4763 ad
809 4711 1168 4781 perfectionis
1193 4717 1496 4783 cumulum,
1518 4725 1764 4788 paratum
1785 4736 1980 4775 ascen-

357 4800 491 4855 dere
523 4802 686 4856 etiam
721 4802 789 4856 ad
820 4803 967 4858 illam
1011 4804 1357 4874 charitatem,
1387 4824 1495 4878 qua
1524 4810 1782 4879 majorem
1832 4828 1978 4868 nemo

358 4887 535 4953 habet,
587 4893 647 4944 ut
701 4893 943 4946 animam
993 4907 1148 4948 suam
1184 4901 1351 4963 ponat
1406 4911 1509 4965 pro
1570 4901 1762 4954 amicis
1815 4900 1974 4956 suis!

356 4981 534 5043 (Joan.
567 4998 655 5047 xv,
691 4983 797 5050 13)
831 4985 998 5050 Quam
1039 4987 1186 5042 enim
1239 4989 1500 5060 majorem
1532 4991 1760 5064 gloriam
1821 4995 1977 5051 daret

355 5070 469 5126 Rex
499 5088 600 5128 suo
641 5075 874 5131 emerito
902 5079 1088 5144 militi,
1123 5097 1283 5152 quam
1317 5093 1380 5137 ut
1409 5093 1728 5140 coronatum
1771 5095 1973 5160 marty-

354 5160 706 5227 rio,donaret
737 5163 857 5218 luce
887 5175 1108 5223 aeternae
1131 5170 1349 5241 quietis.

426 5249 556 5316 Nos,
588 5258 647 5305 ut
673 5259 976 5310 extremam
1008 5274 1230 5313 manum
1263 5261 1416 5330 operi
1460 5263 1829 5334 imponamus,
1857 5266 1970 5336 jam

357 5357 508 5401 nunc
534 5345 810 5416 passionis
847 5349 964 5419 ejus
998 5354 1254 5410 vexillum
1291 5357 1586 5432 erigamus.

977 5460 1185 5516 CAPUT
1214 5465 1340 5518 XVI.

417 5547 574 5614 Quod
606 5549 924 5606 Lamberlu:
958 5554 1252 5630 Pippinum
1291 5561 1535 5630 arguerit
1569 5576 1670 5630 pro
1717 5565 1909 5620 illicito

981 5627 1346 5682 matrimonio.

415 5709 707 5785 Pippinus,
755 5717 816 5767 ut
863 5711 1241 5786 praediximus,
1302 5719 1722 5791 principabatur
1751 5729 1976 5802 egregie

2081 4545 2341 4600 nimirum
2396 4545 2612 4602 lucrose
2651 4546 2897 4602 audisset
2949 4561 3008 4601 se
3056 4544 3252 4600 merito
3309 4543 3699 4614 increpantem

2081 4638 2394 4710 praesulem.

2689 4729 2894 4786 CAPUT
2933 4731 3088 4785 XVII.

2078 4824 2153 4876 De
2187 4822 2316 4877 bello
2360 4827 2608 4894 nepotum
2669 4825 2910 4950 Baiani;
2950 4829 3137 4948 ctoyitra
3183 4825 3460 4891 familiam
3519 4825 3700 4880 sancti

2791 4913 2873 4950 am
2915 4910 2970 4950 er
2995 4913 3032 4950 ι.

2791 4913 2873 4950 am
2882 4910 3032 4950 Dem.

2148 5000 2330 5056 Pellex
2378 5019 2490 5057 rem
2536 5003 2602 5058 ad
2659 5003 2879 5058 fratrem
2942 5021 3102 5058 suum
3167 5004 3449 5060 Dodonem
3506 5005 3692 5070 refert,

2073 5088 2233 5160 eique
2281 5106 2445 5145 omne
2503 5092 2796 5147 consilium
2855 5109 3012 5147 suum
3055 5092 3314 5147 deferens
3343 5104 3606 5164 precatur
3636 5107 3693 5150 ut

2072 5181 2192 5247 ejus
2229 5198 2334 5253 ope
2377 5184 2661 5238 aboleatur
2707 5185 3064 5256 opprobrium
3115 5186 3339 5259 generis
3397 5187 3506 5253 sui,
3551 5187 3693 5258 quod

2075 5269 2238 5324 nimis
2270 5271 2648 5335 invalesceret,
2681 5274 2725 5327 si
2755 5291 2853 5344 per
2885 5274 3154 5328 Lamberti
3209 5291 3524 5343 censuram,
3559 5293 3692 5332 con-

2076 5361 2316 5436 tingeret
2365 5381 2523 5420 suum
2582 5382 2614 5421 a
2661 5366 2912 5437 principe
2958 5366 3273 5421 divortium.
3311 5367 3427 5433 llle,
3473 5384 3690 5424 causam

2078 5471 2234 5509 suam
2288 5464 2343 5511 et
2398 5457 2634 5524 sororis,
2696 5474 2818 5513 cum
2882 5458 3281 5513 valentioribus
3336 5459 3422 5514 sui
3472 5462 3695 5534 generis

2079 5549 2513 5616 communicaris,
2547 5566 2647 5620 per
2684 5566 2762 5616 se,
2817 5557 2872 5605 et
2903 5566 2999 5621 per
3028 5566 3124 5605 eos
3161 5551 3485 5622 episcopum
3540 5569 3691 5608 com-

2079 5655 2304 5711 pescere
2351 5641 2421 5697 ab
2459 5642 2839 5714 increpatione
2899 5642 3168 5713 principis
3233 5643 3460 5699 laborat.
3519 5645 3690 5710 Quem

2079 5731 2207 5802 quia
2235 5731 2444 5790 invenit
2465 5733 2851 5801 inﬂexibilem,
2880 5749 2984 5790 nec
3012 5732 3204 5789 faciem
3237 5735 3468 5805 alicujus
3498 5745 3691 5793 contra
