3960 6198
203 312 312 370 773

1452 309 1600 362 VITA
1644 309 1844 365 PRIOR
1885 310 1939 364 S.
1986 309 2332 365 LAMBERTI.

3445 322 3546 378 774

195 442 473 513 justitiam
524 439 759 494 revereri
817 438 1011 504 sensit,
1066 438 1329 510 proximis
1369 444 1424 494 et
1461 438 1653 494 amicis
1709 440 1823 496 suis
1847 443 1902 510 Α
1996 439 2280 496 Tractabat
2327 441 2502 511 pellex
2545 451 2859 512 Opportune
2899 444 3135 517 aliquem
3194 465 3386 518 parare
3439 450 3544 505 sibi

203 532 479 604 promittit
516 530 584 584 de
615 545 781 584 causa
801 529 1008 583 sororis
1036 528 1324 583 ultionem.

278 622 415 676 Hinc
434 621 543 674 duo
584 619 798 683 fratres,
833 617 1016 671 Gallus
1055 627 1108 672 et
1140 617 1388 680 Rioldus,
1419 617 1822 689 consanguinei

202 711 451 766 Dodonis
511 708 693 779 neptis
764 723 876 761 suae
931 707 1174 777 Alpaidis
1243 707 1574 761 miserantes
1623 708 1821 776 vicem,

201 802 514 857 lacessendi
557 801 877 872 episcopum
931 801 1400 871 opportunitatem
1442 809 1717 872 qumrunt,
1770 809 1823 856 et

201 893 558 966 insurgentes
606 907 729 945 cum
790 891 1047 945 omnibus
1106 891 1220 944 suis
1275 891 1329 944 in
1392 891 1647 946 Ecclesia:
1702 892 1825 946 Tra-

191 981 462 1050 jectcnsis
494 980 753 1035 familiam
800 997 1042 1044 omnem,
1075 981 1451 1052 qualicunque
1484 989 1601 1037 arte
1632 989 1824 1038 contra

200 1087 300 1125 eos
359 1070 690 1126 calumniam
747 1070 1111 1135 concinnant;
1169 1071 1374 1125 nullam
1419 1087 1581 1142 quam
1634 1074 1716 1128 eis
1747 1075 1827 1128 in-

198 1163 346 1216 ferre
381 1171 609 1231 possunt
629 1161 936 1215 molestiam
966 1162 1410 1232 prietermittunt,
1451 1163 1496 1217 si
1545 1165 1826 1235 quomodo

199 1260 431 1325 possent
463 1269 559 1324 per
609 1256 712 1307 hoc
761 1253 1090 1330 sententiam
1147 1254 1396 1324 praesulis
1456 1255 1738 1312 inflectere
1767 1265 1827 1312 ut

197 1345 392 1398 saltem
435 1359 602 1397 causa
641 1357 862 1397 suorum
909 1360 939 1396 a
987 1343 1378 1418 redargutione
1423 1346 1689 1418 principis
1734 1347 1826 1402 de-

198 1434 439 1488 sisteret.
489 1433 598 1486 Sed
638 1448 725 1486 res
762 1431 920 1486 aliter
949 1447 1012 1486 ac
1050 1433 1149 1486 rati
1183 1441 1337 1488 erant
1385 1437 1584 1491 cessit:
1640 1438 1824 1506 justus

199 1542 425 1596 nempe,
442 1526 610 1589 utleo,
625 1525 1086 1594 conﬁdens(Prov.
1110 1543 1298 1591 xxvm,
1320 1529 1384 1597 t),
1400 1529 1594 1600 clypeo
1610 1531 1826 1600 patien-

197 1619 285 1673 tize
305 1627 499 1673 contra
524 1633 719 1673 omnes
749 1635 808 1671 se
841 1618 1074 1688 protexit
1106 1619 1378 1684 incursus,
1417 1627 1464 1674 et
1494 1623 1679 1689 gladio
1704 1626 1826 1692 spi—

193 1715 356 1774 ritus,
407 1711 554 1780 quod
612 1715 686 1764 est
712 1711 930 1764 verbum
970 1714 1087 1774 Dei,
1147 1718 1335 1767 contra
1375 1713 1552 1768 minas
1583 1721 1817 1768 terrenae
1848 1750 1894 1815 Β

197 1803 509 1874 potestatis,
561 1819 621 1856 se
669 1802 924 1868 accinxit,
975 1807 1024 1856 et
1079 1805 1289 1870 galeam
1346 1806 1541 1859 salutis
1597 1807 1820 1859 indutus

196 1895 417 1964 (Ephes.
466 1909 540 1959 vt,
580 1893 669 1962 17)
728 1891 925 1964 agebat
981 1891 1366 1947 indubitanter
1397 1910 1510 1948 rem
1543 1895 1812 1949 veritatis.

203 1986 263 2040 Et
294 1986 475 2057 primo
504 1984 726 2056 quidem
777 1983 976 2038 blande
1008 1985 1376 2054 compellabat
1401 2002 1517 2055 eos,
1560 1993 1634 2052 et,
1685 1987 1814 2058 qui-

200 2083 301 2134 bus
342 2077 522 2132 modis
551 2077 722 2146 pietas
753 2077 949 2148 patris,
977 2084 1031 2131 et
1086 2093 1321 2132 censura
1371 2079 1621 2150 praesulis
1657 2085 1814 2150 pote-

195 2176 296 2234 rat,
335 2183 442 2237 eos_
469 2167 538 2220 ab
568 2166 768 2233 injusta
799 2165 1113 2220 deterrebat
1135 2168 1417 2223 violentia.
1453 2169 1556 2222 Sed
1591 2169 1722 2239 quia
1755 2168 1813 2222 in

193 2264 416 2312 ventum
472 2255 742 2309 fundebat
794 2255 982 2321 verba,
1046 2271 1105 2310 se
1162 2273 1325 2326 quam
1368 2256 1711 2312 familiariter
1758 2257 1813 2310 in

193 2349 365 2403 Deum
415 2348 693 2418 rejiciens,
746 2348 980 2402 dicebat.
1054 2351 1572 2416 Exsurge,Domine,
1633 2356 1678 2404 et
1717 2351 1817 2420 ju-

195 2441 324 2494 dica
352 2454 568 2493 causam
606 2454 810 2504 meam;
842 2454 1044 2492 memor
1083 2443 1190 2492 esto
1237 2441 1518 2508 opprobrii
1545 2455 1819 2494 servorum

195 2535 410 2584 tuorum
466 2531 627 2598 (Psat.
670 2543 854 2594 Lxxm,
893 2527 1006 2596 2'2.)
1037 2534 1091 2582 at
1145 2526 1244 2581 filii
1295 2529 1458 2583 Belial
1515 2531 1695 2584 acrius
1723 2529 1818 2584 Dei

196 2617 395 2672 ﬁdeles
425 2617 784 2687 impetebant,
827 2626 881 2671 et
907 2616 1059 2672 omni
1088 2617 1279 2689 generi
1311 2617 1548 2672 nocendi
1580 2618 1819 2672 tribula-

197 2713 334 2768 bant
383 2713 729 2767 innocentes.

273 2807 358 2860 Illi
413 2805 619 2877 quibus
673 2820 759 2858 res
812 2812 927 2858 erat
971 2819 1068 2874 pro
1111 2803 1315 2871 anima,
1357 2811 1412 2860 et
1455 2803 1657 2876 quibus
1712 2811 1825 2861 tota

194 2915 326 2970 spes
350 2899 407 2952 in
434 2898 549 2952 sola
574 2897 892 2951 innocentia
921 2895 1222 2967 pendebat,
1257 2897 1570 2952 inconsulto
1604 2897 1825 2968 episco-

197 3006 294 3062 po,
339 2990 508 3044 armis
559 2988 776 3043 obviam
844 2988 918 3040 ire
966 2996 1177 3057 parant,
1227 2997 1286 3043 ut
1325 2996 1418 3044 aut
1483 2988 1822 3044 ulciscantur

196 3099 328 3139 suas
383 3081 630 3150 injurias.
689 3087 781 3134 aut
843 3095 914 3134 ne
978 3080 1281 3134 moriantur
1339 3079 1518 3136 inulti.
1581 3079 1895 3190 Concur-C

195 3192 320 3231 sum
354 3181 458 3240 est,
519 3179 817 3247 pugnatum
868 3180 968 3226 est.
1023 3173 1272 3246 Pugnant
1319 3173 1396 3227 illi
1455 3189 1552 3244 pro
1593 3173 1820 3228 temeri-

198 3276 343 3332 tate;
379 3271 690 3339 repugnant
722 3264 798 3318 illi
843 3280 939 3334 pro
971 3265 1167 3318 salute.
1219 3265 1427 3319 Gallum
1462 3272 1516 3319 et
1544 3265 1820 3346 Rioldum,

199 3358 652 3430 consanguineos
711 3355 972 3417 Dodonis,
1032 3355 1174 3411 locat
1230 3357 1487 3426 superbia
1532 3357 1588 3410 in
1649 3357 1826 3428 prima

197 3449 380 3504 fronte
437 3446 595 3511 belli;
664 3445 879 3499 Petrum
957 3452 1011 3499 et
1081 3445 1432 3510 Andoletum,
1490 3446 1824 3519 consangui-

201 3553 342 3592 neos
399 3534 668 3606 praesulis,
717 3549 783 3587 ex
821 3533 1070 3598 adverso,
1125 3535 1180 3588 in
1237 3534 1412 3604 prima
1452 3535 1592 3600 acie,
1645 3551 1826 3606 oppo—

204 3623 524 3693 nitjustitia
579 3623 712 3676 Galli
759 3628 813 3675 et
862 3621 1040 3676 Rioldi
1073 3621 1353 3688 degeneres
1407 3626 1614 3679 animos
1662 3627 1826 3679 timor

201 3719 389 3785 arguit
419 3715 591 3782 (Vino.
625 3716 746 3768 En.
789 3729 864 3780 ιν,
906 3711 1022 3780 13);
1084 3713 1222 3768 Petri
1266 3723 1320 3769 et
1351 3715 1602 3770 Andoleti
1632 3716 1822 3771 dexte-

203 3823 294 3862 ras
329 3806 395 3860 ad
427 3805 682 3859 virtutem
715 3804 879 3878 erigit
909 3803 1246 3861 innocentia.
1281 3806 1463 3860 Virtus
1492 3806 1823 3862 innocentiae

202 3897 358 3958 favit,
411 3896 641 3951 victoria
693 3895 862 3950 cessit
893 3894 1030 3965 parti
1087 3893 1499 3950 ecclesiasticas.
1535 3895 1720 3950 Gallus
1773 3901 1827 3950 et

198 3988 452 4052 Rioldus,
519 3987 773 4043 factionis
829 3986 1034 4056 iniquae
1103 3985 1407 4058 principes,
1457 3988 1585 4042 caesi
1646 4002 1824 4058 Oppe-

200 4085 353 4150 tuntt;
391 4080 582 4135 Petrus
618 4094 682 4134 ac
709 4077 1028 4143 Andoletus,
1062 4077 1323 4133 Ecclesiae
1371 4079 1642 4146 vindices,
1678 4079 1824 4134 refe-

202 4179 335 4228 runt
364 4173 610 4228 victoriae
641 4172 920 4227 vexillum.
958 4173 1176 4228 Confusi
1208 4180 1336 4228 sunt
1360 4173 1535 4244 impii,
1571 4188 1673 4228 nec
1704 4189 1828 4228 eru-

203 4265 483 4328 buerunt;
519 4264 643 4319 victi
676 4271 824 4330 sunt,
867 4264 964 4319 sed
989 4265 1271 4339 defatigati
1301 4281 1412 4322 non
1443 4272 1752 4321 cesserunt.

281 4359 436 4414 Dodo
478 4358 648 4425 enim,
703 4359 794 4429 qui
847 4358 1025 4414 fuerat
1073 4361 1324 4415 incentor
1376 4361 1623 4416 omnium
1665 4361 1833 4415 malo-

1927 534 2270 598 precatorem
2305 544 2402 598 per
2427 530 2586 599 cujus
2639 529 2959 584 instinctum
2997 542 3182 602 posset
3225 537 3326 590 sibi
3359 538 3548 592 conci-

1926 616 2060 671 liare
2114 617 2358 671 animum
2407 618 2677 688 episcopi,
2723 619 2804 672 vel
2859 621 3055 674 saltem
3113 623 3180 675 ab
3233 623 3547 695 importuna

1925 707 2360 778 reprehensione
2411 709 2702 780 principis,
2756 711 3248 780 impraesentiarum
3274 716 3542 788 mitigare.

1998 799 2313 856 Convivium
2367 809 2705 872 apparatur,
2755 802 3017 858 invitatur
3065 805 3358 876 episcopus
3393 848 3406 869 ,
3457 809 3547 874 ju-

1925 887 2198 943 cundatur
2252 905 2477 958 prorsus
2525 891 2707 945 omnis
2742 891 2968 946 curialis
3015 895 3327 963 prtesentia.
3379 895 3544 949 Prin-

1927 997 2058 1051 ceps
2085 981 2328 1036 oblatum
2371 983 2473 1036 sibi
2505 999 2534 1036 a
2584 983 2850 1054 pincerna
2888 986 3144 1054 poculum
3200 985 3379 1041 innuit
3422 986 3550 1044 oﬂ‘e-

1931 1074 2164 1128 rendum
2207 1091 2329 1129 esse
2376 1077 2660 1146 episcOpo,
2704 1077 2914 1131 ducens
2962 1077 3368 1134 benedictionis
3405 1079 3546 1146 vice,

1929 1170 1973 1224 si
2006 1171 2073 1226 de
2095 1178 2412 1226 consecrata
2443 1173 2616 1228 sancti
2640 1173 2884 1244 episcOpi
2917 1190 3082 1229 manu
3114 1175 3370 1244 poculum
3402 1176 3547 1231 acci-

1929 1270 2086 1332 peret
2131 1264 2277 1335 quod
2334 1265 2465 1320 olim
2515 1283 2545 1320 a
2602 1266 2854 1332 Martino,
2897 1269 3162 1340 epiSCOpo
3213 1270 3542 1336 Turonensi,

1926 1353 2140 1406 sciebat
2167 1354 2452 1425 quaesiisse
2495 1355 2762 1411 Cazsarem
2797 1358 3180 1428 imperatorem
3223 1361 3540 1415 maximum.

1929 1441 2035 1495 Sed
2092 1441 2358 1512 Pippinus
2405 1445 2668 1513 majorem
2718 1447 3163 1504 benedictionem
3196 1465 3225 1503 a
3258 1449 3544 1506 Lamberto

1927 1531 2290 1600 percepisset,
2341 1549 2501 1603 quam
2568 1534 2869 1603 imperator
2921 1537 3192 1592 maximus
3239 1555 3268 1592 a
3315 1539 3543 1594 Martino

1927 1627 2262 1695 perceperit,
2295 1627 2340 1681 si
2376 1629 2536 1682 talem
2570 1631 2799 1700 gratiam
2841 1633 2982 1701 apud
3031 1633 3380 1689 Lambertum
3411 1651 3548 1691 uxor

1922 1714 2138 1785 Pippini
2209 1718 2548 1784 meruisset,
2599 1720 2816 1790 qualem
2879 1721 3024 1790 apud
3076 1721 3367 1776 Martinum
3410 1741 3547 1780 uxor

1919 1805 2136 1860 Maximi
2171 1809 2498 1877 promeruit.
2549 1809 2814 1865 Martinus
2847 1811 3091 1866 melioris
3150 1813 3386 1867 maximo
3436 1815 3543 1868 im-

1920 1902 2170 1964 peratore
2203 1897 2492 1951 aestimavit
2519 1899 2902 1969 presbyterum
2949 1916 3130 1965 suum,
3164 1902 3252 1956 cui
3287 1903 3544 1972 poculum

1918 1986 2161 2055 porrexit
2227 1995 2351 2042 ante
2400 2004 2602 2061 regem.
2667 1989 2989 2046 Lambertus
3041 1993 3253 2048 nullum
3312 1994 3542 2064 Pippino

1921 2075 2182 2144 praetulit.

1990 2168 2312 2238 Exemplum
2336 2186 2466 2225 vero
2491 2171 2755 2242 principis
2782 2173 2954 2227 secuti
2983 2173 3227 2229 minores
3265 2190 3544 2245 proceres,

1919 2275 2114 2315 omnes
2154 2277 2183 2314 a
2215 2270 2401 2316 sancta
2427 2279 2591 2316 manu
2619 2265 2790 2318 sancti
2843 2265 3112 2335 episcopi.
3156 2267 3412 2336 poculum
3441 2267 3546 2321 sibi

1919 2354 2123 2426 porrigi
2159 2354 2482 2428 efﬂagitant.
2535 2356 2781 2426 Dumque
2823 2358 2891 2410 ad
2945 2358 3049 2412 hoc
3092 2373 3286 2412 omnes
3344 2360 3547 2415 mistim

1920 2444 2155 2510 irruunt,
2176 2452 2230 2498 et
2257 2461 2316 2498 se
2340 2445 2567 2499 confuse
2595 2446 2870 2517 ingerunt,
2895 2455 2952 2501 ut
2975 2448 3114 2502 alter
3142 2447 3371 2503 alterum
3397 2466 3544 2519 prae-

1919 2534 2125 2599 veniat,
2159 2551 2286 2589 eccc
2337 2535 2514 2604 pellex
2561 2551 2662 2589 sua
2710 2553 2871 2590 manu
2928 2535 3241 2591 clanculum
3295 2539 3549 2593 manibus

1923 2623 2157 2678 aliorum
2189 2625 2518 2691 intermista,
2548 2625 2854 2700 satagebat,
2884 2627 2967 2680 vel
3003 2627 3100 2694 sic,
3138 2626 3208 2681 de
3248 2644 3412 2682 manu
3437 2629 3550 2699 epi-

1923 2713 2075 2783 sc0pi
2111 2714 2405 2784 pneripere
2430 2715 2708 2784 poculum.
2744 2715 2838 2768 Ille
2872 2722 3000 2770 ante
3027 2729 3082 2770 et
3127 2724 3272 2772 retro
3301 2719 3549 2779 oculatus

1927 2806 2185 2875 prtecavit
2211 2805 2482 2861 femineas
2509 2805 2735 2861 insidias
2759 2806 2982 2861 callenti
3012 2807 3216 2876 animo,
3241 2816 3294 2863 et
3310 2809 3375 2863 ad
3399 2811 3548 2880 prin-

1923 2895 2100 2964 cipem
2127 2909 2445 2960 conversus,
2477 2895 2547 2949 de
2577 2895 2860 2949 nimietate
2893 2895 3148 2951 femineae
3174 2899 3554 2968 praesumptio-

1923 2985 2011 3039 nis
2032 2987 2407 3058 conqueritur,
2441 3002 2562 3058 quae
2589 2987 2787 3042 callida
2817 2993 2932 3042 arte
2960 2989 3292 3059 queesiisset,
3324 2989 3546 3044 inurere

1914 3077 2022 3131 sibi
2051 3086 2231 3132 notam
2266 3095 2375 3134 non
2422 3079 2637 3150 placitae
2680 3080 2786 3134 Deo
2818 3081 3243 3136 communionis.
3305 3083 3438 3137 Inde
3469 3075 3549 3138 sei

1921 3166 2044 3221 aula
2079 3167 2370 3238 proripuit,
2421 3175 2475 3222 et
2505 3184 2725 3223 omnem
2781 3168 2924 3223 illam
2958 3169 3278 3241 principalis
3304 3171 3522 3226 convivi

1923 3256 2202 3312 imminuit
2252 3258 2676 3326 jucunditatem,
2734 3275 2837 3314 nec
2899 3261 2979 3314 sic
3033 3261 3244 3332 quievit
3304 3263 3545 3317 versutia

1927 3351 2168 3419 feminae,
2201 3353 2335 3407 nihil
2370 3354 2604 3408 volentis
2641 3354 2958 3426 relinquere
2988 3356 3356 3427 inexpertum.

1999 3443 2223 3513 Vesperi
2259 3451 2486 3514 parante
2545 3445 2725 3500 redire
2757 3446 3045 3516 episcopo,
3091 3447 3163 3512 ei,
3205 3463 3302 3516 per
3349 3464 3548 3523 sugge-

1925 3535 2157 3589 stionem
2193 3535 2426 3605 pellicis,
2458 3552 2488 3590 a
2538 3537 2790 3606 principe
2823 3537 3049 3604 iubetur
3077 3555 3143 3591 ne
3176 3539 3360 3603 abeat,
3397 3541 3543 3596 insa-

1925 3628 2094 3683 lutata
2124 3645 2222 3683 sua
2249 3631 2504 3704 conjuge.
2539 3631 2860 3701 Episcopus,
2922 3632 3187 3703 loquente
3219 3634 3274 3687 in
3323 3651 3381 3689 se
3413 3653 3548 3693 con-

1924 3724 2133 3772 stanter
2153 3718 2358 3788 Spiritu
2381 3719 2645 3772 veritatis:
2679 3720 2887 3781 Testor,
2918 3721 3013 3785 ait,
3043 3737 3075 3775 o
3107 3723 3344 3777 maxime
3378 3727 3538 3794 prin-

1925 3826 2074 3881 ceps,
2107 3816 2281 3866 testor
2306 3827 2432 3865 vere
2449 3811 2656 3876 Iesum,
2686 3828 2839 3882 spem
2865 3812 2991 3867 vitae
3025 3824 3248 3876 nostra),
3284 3833 3371 3869 me
3405 3835 3548 3872 nun-

1925 3918 2086 3972 quam
2125 3899 2432 3956 fornicariae
2473 3902 3026 3966 communicaturum,
3076 3903 3207 3973 quia
3234 3905 3461 3975 scripsit
3493 3915 3547 3962 et

1927 3989 2207 4044 mandavit
2240 3988 2439 4044 Paulus
2492 3989 2653 4044 nobis
2683 3989 2903 4044 dicens:
2963 3993 3041 4048 Ne
3097 3995 3549 4050 commisceamini

1927 4080 2243 4146 fornicariis
2273 4080 2324 4150 (Ι
2360 4081 2480 4136 Cor.
2510 4095 2563 4139 v.
2595 4079 2670 4146 9).
2707 4080 2904 4134 Testor
2934 4081 3180 4152 inquam,
3235 4083 3426 4152 Deum,
3461 4101 3548 4140 me

1931 4188 2212 4244 nunquam
2233 4187 2352 4226 eam
2382 4171 2764 4236 salutaturum,
2786 4173 2913 4243 quia
2944 4173 3058 4228 scio
3076 4173 3545 4242 dixissejamicum

1932 4261 2025 4316 Dei
2052 4261 2350 4316 Joannem:
2375 4260 2435 4316 Si
2442 4261 2561 4330 quis
2579 4265 2964 4328 nonpermanet
2992 4264 3050 4315 in
3071 4262 3318 4316 doctrina
3340 4263 3545 4321 Christi

1931 4370 2038 4408 non
2075 4369 2193 4408 eum
2228 4355 2530 4422 recipiatis,
2575 4369 2667 4406 nec
2707 4369 2801 4406 ave
2854 4356 2902 4407 ei
2931 4354 3218 4420 dixeritis;
3259 4357 3354 4424 qui
3404 4360 3548 4412 enim

205 4467 350 4513 rum,
378 4451 488 4518 jam
515 4459 569 4505 et
601 4451 717 4522 ipse
745 4450 982 4506 efficitur
1000 4451 1132 4506 belli
1165 4459 1377 4518 auctor,
1404 4459 1457 4507 et
1481 4453 1834 4524 vilipendens
1855 4429 1910 4495 D
1934 4451 2068 4505 dicit
2096 4451 2184 4504 illi
2200 4469 2216 4503 :
2247 4450 2381 4512 Ave,
2427 4451 2782 4502 communicat
2815 4449 3062 4517 operibus
3091 4451 3244 4503 illius
3289 4451 3548 4520 malignis

206 4540 357 4613 quod
382 4540 450 4594 de
489 4540 869 4595 sacerdotibus
903 4542 1104 4596 dicitur
1145 4558 1208 4596 ex
1241 4557 1336 4597 ore
1361 4543 1454 4597 Dei
1487 4559 1500 4596 :
1533 4543 1634 4609 Qui
1655 4545 1832 4609 tangit

203 4647 318 4698 vos,
351 4633 529 4698 tangit
548 4633 819 4701 pupillam
844 4634 987 4687 oculi
1016 4636 1122 4688 mei
1149 4633 1330 4704 (Zach.
1362 4650 1421 4701 ιι,
1454 4634 1526 4703 8),
1554 4640 1833 4706 grassatur

209 4721 266 4774 in
295 4720 476 4790 ipsum
511 4729 677 4790 caput
715 4721 888 4775 sancti
921 4721 1191 4793 episcOpi,
1222 4722 1456 4778 devovet
1485 4739 1608 4778 eum
1644 4723 1829 4790 morti,

209 4809 266 4863 in
295 4825 422 4864 eum
456 4809 633 4864 solum
662 4816 946 4882 retorquet
987 4819 1248 4882 nepotum
1285 4827 1508 4868 suorum
1541 4813 1827 4868 ultionem.

807 4899 1014 4955 CAPUT
1066 4902 1246 4955 XVIII.

209 4991 362 5059 Quod
381 4991 435 5046 S.
467 4991 789 5046 Lambertus
817 5009 852 5046 a
889 4996 1122 5063 Pippino
1149 4995 1407 5064 Jopiliam
1445 4997 1712 5051 invitatus
1739 4997 1831 5050 sit.

284 5085 554 5155 Pippinus
602 5085 864 5157 princeps
896 5086 1006 5140 illis
1046 5088 1247 5143 diebus
1287 5089 1543 5159 JOpiliam
1587 5099 1832 5158 venerat,

209 5173 281 5228 ad
322 5174 504 5228 villam
547 5173 726 5248 Legite
765 5175 1102 5249 contiguam,
1136 5176 1230 5231 ubi
1282 5177 1364 5232 vir
1394 5179 1428 5231 S
1488 5178 1828 5247 Lambertus,

209 5263 370 5334 quasi
413 5277 513 5333 pro
545 5262 700 5334 regni
731 5265 974 5337 negotio,
1005 5266 1074 5319 ad
1120 5265 1244 5333 ejus
1290 5267 1498 5322 curiam
1550 5269 1833 5335 invitatus,

209 5371 368 5410 suam
402 5354 747 5425 p'zesentiam
781 5371 892 5410 non
933 5357 1172 5431 negavit.
1234 5357 1490 5430 Princeps
1539 5368 1595 5415 et
1634 5361 1840 5432 princi-

207 5445 296 5517 pis
337 5447 520 5516 pellex
562 5447 772 5500 vultum
810 5456 1070 5503 serenant
1122 5455 1313 5504 contra
1363 5466 1510 5516 eum,
1559 5452 1651 5507 alii
1699 5452 1836 5507 iram

207 5537 592 5603 dissimulant,
627 5537 889 5592 simulant
928 5539 1019 5593 alii
1078 5540 1349 5609 laetitiam,
1388 5545 1570 5614 multi,
1614 5560 1712 5616 pro
1739 5561 1839 5602 suo

207 5634 447 5706 quisque
476 5632 734 5701 arbitrio,
754 5632 998 5690 habitum
1018 5636 1204 5692 cordis
1229 5636 1458 5694 variant.

1931 4543 2007 4608 (Π
2041 4543 2196 4595 Joan.
2253 4547 2330 4603 ιι).
2378 4539 2452 4592 Te
2499 4538 2550 4591 ei
2603 4538 3010 4593 communicare
3053 4541 3220 4594 nimis
3268 4541 3450 4606 doleo,
3495 4549 3549 4597 te

1933 4633 2082 4688 nolle
2101 4631 2428 4703 resipiscere
2451 4645 2592 4702 aegre
2606 4629 2749 4685 fero:
2776 4641 3002 4702 propter
3023 4632 3145 4702 hoc,
3172 4633 3265 4688 Dei
3286 4634 3427 4688 iram
3449 4635 3548 4690 tibi

1931 4727 2122 4782 timeo.

2004 4816 2206 4884 Pellex,
2239 4816 2435 4872 videns
2465 4828 2644 4870 causae
2671 4829 2784 4868 suae
2817 4815 2953 4870 nihil
3003 4833 3124 4872 esse
3154 4817 3377 4890 reliqui,
3405 4819 3550 4887 jam-

1931 4913 2158 4984 jamque
2209 4913 2254 4967 si
2290 4912 2386 4967 diu
2428 4910 2645 4966 advivat
2675 4913 3016 4984 Lambertus,
3047 4914 3248 4969 timens
3300 4913 3402 4968 sibi
3446 4915 3550 4970 im-

1937 5005 2146 5060 minere
2176 5004 2494 5071 divortium,
2527 5019 2642 5058 rem
2690 5012 2855 5060 totam
2889 5006 3135 5062 seriatim
3167 5007 3317 5061 fratri
3347 5005 3550 5064 furiose

1936 5096 2178 5163 mandat,
2237 5105 2291 5152 et
2338 5097 2520 5152 oleum
2570 5097 2789 5152 camino
2845 5097 3080 5165 addens,
3142 5099 3448 5154 obtestatur
3491 5105 3551 5153 ut

1939 5187 2267 5258 quantocius
2308 5195 2432 5260 agat
2472 5187 2540 5241 de
2599 5187 2904 5243 occidendo
2952 5188 3237 5259 episcopo.
3297 5187 3548 5242 Dolorem

1938 5291 2101 5348 quem
2157 5275 2307 5330 Dodo
2356 5275 2593 5330 habebat
2674 5277 2742 5331 de
2799 5292 2935 5330 nece
2980 5283 3242 5347 nepotum
3301 5291 3549 5341 suorum,

1939 5366 2305 5441 exaggerabat
2334 5367 2647 5440 geminatus
2673 5369 2742 5422 de
2799 5367 3016 5438 repulsa
3048 5367 3255 5423 sororis
3302 5383 3415 5421 suae
3449 5366 3553 5420 do-

1938 5457 2267 5528 lor,janque
2300 5463 2446 5512 totus
2469 5456 2522 5510 in
2557 5457 2660 5512 hoc
2691 5463 2808 5512 erat
2835 5463 2892 5512 ut
2918 5455 3023 5511 sibi
3047 5463 3100 5512 et
3129 5455 3302 5512 sorori
3335 5452 3550 5510 satisfa—

1940 5555 2109 5602 ceret.
