3960 6198
440 290 545 344 775
1649 272 1992 328 SIGEBERTI
2035 268 2552 327 GEMBMCENSIS.
3667 272 3768 328 776

1063 408 1268 464 CAPUT
1292 408 1425 462 XIX.
2077 406 2124 473 Α
2152 396 2341 451 illicite
2368 394 2559 449 saltem
2593 396 2956 448 attentaverat
2994 407 3166 459 arma,
3218 407 3279 446 se
3305 397 3439 448 ante
3460 391 3557 447 Dei
3584 393 3771 449 oculos

441 511 512 562 De
538 507 725 573 furore
772 503 1004 558 Dodonis
1028 501 1340 567 festinantis
1367 497 1442 551 ad
1463 512 1637 551 necem
1668 496 1721 552 S.
1758 496 2047 550 Lamberti.
2152 486 2478 560 congruenti
2534 484 2744 538 addixit
2796 482 3127 554 poenitentia
3210 483 3302 549 Te,
3363 483 3573 555 inquit,
3629 484 3771 539 bone

514 596 694 650 Ριιεοο
726 591 978 647 veritatis
1023 590 1365 655 Lambertus,
1401 589 1511 657 jam
1555 589 1789 642 tendens
1827 586 1893 640 ad
1926 586 2050 640 bra-
2151 582 2301 649 Jesu,
2359 581 2454 652 qui
2495 578 2709 633 dixisti:
2766 579 2904 633 Mihi
2958 578 3277 639 vindictam,
3327 594 3426 646 ego
3480 579 3769 633 retribuam

436 688 585 743 vium
628 700 883 757 supernae.
938 682 1243 739 vocationis
1294 688 1524 736 venerat
1570 680 1867 744 Leodium;
1900 679 2051 733 Dodo
2152 672 2335 738 (Hebr.
2395 686 2449 735 Χ,
2509 668 2617 734 30),
2669 674 2721 721 ιο
2773 680 2984 736 Precor,
3056 682 3128 721 ne
3186 666 3417 737 ροτάωη
3493 666 3767 721 Victoriam

437 794 568 834 vero
599 778 668 832 ad
719 777 901 830 vicum
959 775 1222 829 Auridum
1274 779 1599 837 secesserat,
1658 770 1863 826 Leodio
1922 770 2054 823 satis
2155 777 2356 827 meam,
2390 759 2519 831 (illia
2543 757 2717 812 satius
2748 763 2834 811 οδῑ
2864 757 2998 810 mihi
3033 757 3171 812 mori
3218 758 3272 811 ίη
3320 763 3377 811 ιο
3417 774 3581 829 quam
3609 774 3770 829 ευμεν

438 870 953 946 contiguumparat
974 885 1143 932 arma,
1168 868 1348 923 socios
1374 863 2053 941 aggregat,adomoeliam
2156 853 2376 923 iniquos
2406 850 2663 906 bellando
2697 848 2912 903 mittere
2943 866 3160 905 manus.
3196 849 3295 917 Tu,
3330 849 3568 905 bellator
3597 850 3767 917 fortis,

441 943 709 1039 regia'suo
740 961 823 1016 vel
854 960 1059 1016 sororis
1087 976 1199 1013 suae
1228 959 1450 1013 nomine
1481 964 1833 1029 comparatos
1862 965 2055 1013 evocat
2154 945 2496 1016 αΡΡνθῘιθηάθ
2525 961 2680 1000 arma
2707 950 2755 999 σί
2774 950 3006 1006 scutum:
3041 949 3089 998 θλ
3116 958 3349 1009 exsurge
3364 945 3425 997 in
3442 943 3765 1013 adiutorium

442 1036 778 1111 auxiliarios.
820 1052 1109 1106 Dilationis
1155 1068 1337 1106 moras
1371 1051 1508 1116 odit,
1541 1051 1649 1105 iras
1693 1050 1904 1123 colligit
1949 1050 2003 1104 di

1234 1068 1337 1105 lt'aS
1371 1051 1508 1116 odit,
1541 1051 1649 1105 iras
1693 1050 1904 1123 colligit
1949 1050 2054 1104 dif-
2155 1038 2291 1092 mihi
2317 1036 2484 1107 (Psal-
2518 1037 2798 1106 mm?)-

443 1144 696 1209 ferendo,
739 1141 1048 1207 irascendo,
1090 1138 1342 1194 stimulos
1390 1138 1589 1194 furoris
1641 1139 1706 1193 ad
1740 1122 1917 1194 cotem
1964 1138 2062 1193 du-
2230 1126 2346 1181 λειω
2403 1127 2628 1197 “ruptis
2659 1125 2850 1197 [δονῑίδρ
2879 1125 2992 1195 iam
3045 1123 3283 1180 θίῗνδοῖίδ
3338 1122 3572 1190 foribus;
3626 1123 3761 1194 ίρεοδ

445 1231 644 1286 rissimi
678 1229 859 1285 cordis
881 1230 1044 1283 acuit.
2162 1214 2359 1269 domus
2415 1215 2655 1286 parietes
2711 1213 3094 1289 impingebant
3133 1212 3342 1267 lanceis
3387 1211 3557 1283 aliqui
3610 1211 3759 1266 etiam

517 1320 836 1374 Lambertus,
876 1316 1090 1371 inierim
1153 1316 1416 1387 pragscius
1461 1316 1665 1371 instare
1705 1332 1862 1371 suum
1922 1330 2057 1389 ago-
2164 1305 2506 1379 introgressi,
2541 1306 2723 1377 ignem
2758 1304 3125 1360 intentabant.
3159 1304 3356 1358 Petrus
3385 1309 3441 1358 et
3484 1301 3765 1357 Andoletus

444 1425 593 1473 nem,
623 1418 838 1462 noctem
870 1407 1014 1461 illam
1071 1406 1381 1461 insomnem
1429 1406 1606 1473 duxit,
1640 1422 1750 1462 non
1794 1406 1924 1477 quia
1954 1412 2060 1460 ter-
2161 1397 2531 1472 intrOgressos
2570 1397 2961 1463 elimanabant,
2995 1403 3048 1452 et
3092 1403 3198 1451 tam
3259 1395 3473 1463 multis,
3506 1400 3608 1449 tam
3638 1410 3763 1465 pau-

445 1506 631 1552 rerent
664 1513 788 1551 eum
832 1495 1015 1567 aliqua
1046 1495 1321 1550 insomnia
1383 1496 1596 1562 mortis,
1628 1497 1723 1551 sed
1783 1496 1912 1567 quia
1961 1511 2058 1566 spe
2161 1505 2347 1544 corum
2376 1490 2608 1554 viribus,
2637 1488 2835 1544 frustra
2865 1489 3210 1545 conabantur
3237 1487 3520 1542 resistere.

443 1589 871 1664 praeoccupabat
899 1588 1094 1643 futura:
1121 1588 1323 1660 quietis
1339 1589 1557 1659 gaudia.
1586 1590 1643 1643 In
1670 1588 1792 1658 ipso
1822 1603 2060 1658 namque
2235 1583 2380 1647 Quos
2409 1590 2632 1638 sanctus
2662 1599 2760 1654 pro
2793 1590 3040 1653 tempore
3081 1581 3410 1637 consolans:
3454 1580 3509 1634 Si
3545 1595 3641 1643 me,
3680 1578 3757 1632 in-

445 1680 746 1737 conticinio
794 1678 974 1733 noctis
1002 1693 1235 1749 surgens
1277 1675 1343 1731 ad
1394 1676 1771 1731 confitendum
1807 1676 2059 1743 Domino,
2091 1726 2136 1749 η
2165 1674 2307 1745 quit,
2354 1674 2565 1737 fratres,
2600 1673 2804 1728 vicarie
2852 1674 3094 1738 amastis,
3138 1671 3441 1738 Christum,
3500 1671 3634 1727 sicut
3668 1686 3759 1745 ego

446 1726 743 1737 νν--ην---η
796 1726 1232 1749 --η---ιτ--ηντη
2174 1726 2306 1745 τη,
3430 1726 3441 1738 .
3562 1726 3565 1727 ν
3698 1726 3727 1745 ο

446 1774 698 1847 angelico
722 1772 776 1826 in
811 1771 970 1825 terris
999 1786 1059 1825 se
1103 1768 1376 1841 obsequio
1407 1768 1715 1823 exercebat.
1752 1769 1894 1823 Hora
1921 1769 2063 1824 cele-
2091 1726 2139 1793 B
2166 1766 2361 1839 diligo,
2402 1767 2637 1840 diligite.
2685 1768 2883 1833 Vestra,
2922 1765 3075 1832 Jesil,
3106 1770 3330 1835 peccata
3360 1766 3686 1834 conﬁtemini,
3722 1766 3763 1815 et

447 1861 672 1917 brandae
729 1866 1009 1915 nocturnae
1040 1857 1280 1930 synaxis,
1334 1858 1584 1912 excitatis
1636 1857 1922 1929 discipulis
1952 1858 2059 1913 ait:
2166 1865 2313 1913 orate
2348 1876 2455 1929 pio
2516 1862 2762 1920 invicem.
2795 1864 2855 1912 ut
2912 1859 3199 1913 salvemiui
3252 1860 3385 1925 (Jac.
3435 1874 3487 1918 v.
3540 1856 3647 1924 16);
3688 1870 3763 1909 me

450 1951 669 2025 Surgite
698 1949 870 2016 ocius,
924 1948 1176 2020 promisit
1207 1949 1350 2003 Deus
1391 1965 1651 2004 coronam
1686 1948 2059 2022 vigilantibus.
2168 1947 2506 2018 Oportetjam
2521 1947 2763 2005 dissolvi.
2783 1955 2976 2001 etcum
2999 1945 3410 2002 Christovivere
3431 1946 3589 2017 (Phil.
3614 1944 3762 2012 1,23).

451 2043 641 2099 Officio
682 2042 923 2113 expleto,
954 2042 1135 2096 caeteri
1165 2058 1224 2096 se
1256 2042 1458 2096 lectulo
1482 2040 1746 2107 reddunt;
1783 2042 1902 2111 ipse
1936 2057 2062 2111 per-
2169 2041 2332 2095 Scitis
2361 2056 2480 2107 vos,
2515 2056 2548 2096 ο
2594 2046 2826 2111 nepotes
2864 2040 2994 2106 mei,
3040 2055 3163 2095 reos
3194 2046 3250 2093 et
3291 2039 3489 2094 noxios
3533 2036 3687 2092 fuisse
3713 2035 3761 2089 in

450 2145 556 2194 stat
585 2139 714 2195 boni
747 2137 931 2208 operis
950 2137 1133 2192 cursui
1167 2136 1620 2191 consummando.
2168 2129 2400 2184 crimine
2456 2130 2558 2184 isto
2615 2129 2685 2183 de
2724 2144 2832 2200 quo
2888 2128 3052 2184 modo
3109 2125 3251 2183 ultio
3299 2127 3585 2199 expetitur.
3627 2124 3757 2190 Quod

525 2227 675 2283 Circa
697 2226 1104 2297 crepusculum,
1134 2242 1364 2296 corpore
1391 2226 1704 2297 corruptivo
1733 2232 2066 2299 aggravante
2170 2230 2303 2279 tunc
2334 2223 2536 2291 injuste
2560 2224 2771 2295 egistis,
2800 2223 2987 2289 modo,
3016 2238 3233 2293 precor,
3260 2223 3411 2291 juste
3438 2228 3492 2278 et
3520 2221 3763 2294 patienter

451 2317 710 2382 animam,
745 2316 913 2386 cuzpit
960 2315 1215 2386 exemplo
1269 2316 1484 2371 Domini
1523 2316 1705 2370 euntis
1743 2318 1810 2370 ad
1854 2314 2072 2386 passio-
2171 2311 2323 2367 luile.
2369 2312 2486 2366 Non
2511 2312 2787 2381 judicabit
2825 2313 2970 2367 Deus
3000 2312 3082 2367 bis
3114 2312 3169 2366 in
3201 2312 3467 2383 idipsum,
3507 2327 3604 2366 nec
3645 2324 3760 2365 con—

452 2422 578 2461 nem
611 2404 836 2471 tmdere,
870 2410 925 2458 et
954 2404 1131 2459 oculis
1159 2405 1396 2471 gravatis
1425 2420 1623 2460 somno
1652 2404 1908 2475 captabat
1937 2405 2071 2460 dor-
2171 2410 2359 2477 surget
2404 2404 2607 2474 duplex
2637 2403 2936 2460 tribulatio.
2983 2404 3081 2472 Ne,
3134 2419 3351 2476 quaeso,
3384 2410 3650 2475 peccatum
3679 2418 3760 2456 ve-

451 2495 629 2550 miens
686 2493 960 2549 modicum
1009 2493 1228 2564 quietis,
1271 2510 1393 2549 cum
1445 2510 1575 2549 ecce
1615 2494 1760 2549 circa
1790 2510 2065 2560 auroram,
2168 2503 2337 2551 strum
2368 2503 2492 2551 ante
2517 2498 2685 2551 Deum
2714 2497 2966 2563 inundet,
3023 2513 3122 2568 per
3148 2514 3350 2553 manus
3388 2506 3602 2561 vestras,
3637 2512 3757 2550 san-

451 2583 858 2639 rarescentibus
914 2582 1182 2649 tenebris,
1239 2583 1496 2638 hostilem
1525 2584 1822 2639 exercitum
1849 2592 2072 2640 cuncta-
2169 2594 2291 2659 guis
2320 2594 2643 2660 sanguinem
2693 2596 2888 2661 tangat
2936 2594 3068 2659 (Ose.
3107 2611 3179 2658 lv,
3211 2593 3291 2665 2).
3346 2593 3462 2649 Non
3501 2594 3761 2647 timeamus

452 2677 547 2731 tim
579 2676 837 2731 incedere
862 2675 1031 2739 videt,
1065 2685 1119 2729 Οῐ
1168 2674 1382 2729 nuntiat
1421 2674 1711 2731 excubitor
1740 2676 2071 2747 episcopalis
2169 2686 2437 2742 smvitiam
2472 2694 2910 2757 persecutorum,
2964 2688 3094 2759 quia
3121 2688 3230 2742 illis
3263 2689 3369 2743 erit
3398 2689 3453 2743 in
3491 2687 3755 2742 vindictam

454 2769 673 2833 domus,
700 2767 925 2823 nomine
959 2767 1284 2822 Baldoveus.
1319 2767 1377 2821 Et
1404 2771 1656 2838 quamvis
1682 2768 1886 2823 nebula
1907 2785 2069 2824 mane
2171 2780 2476 2855 gladius,ct
2495 2782 2654 2857 ignis,
2676 2782 2771 2854 qui
2792 2781 3145 2837 manducabit
3168 2799 3368 2839 carnes
3388 2784 3590 2839 illorum
3606 2795 3758 2852 usque

451 2862 760 2916 ascendens
806 2860 1039 2914 liberum
1093 2860 1349 2916 intuitum
1400 2862 1737 2927 retunderet,
1768 2861 1924 2917 facile
1955 2872 2072 2918 erat
2172 2871 2239 2925 ad
2263 2870 2579 2925 medullam,
2611 2871 2737 2938 vos,
2762 2879 2967 2927 tantum
2998 2889 3195 2928 manus
3225 2883 3441 2928 vestras
3468 2880 3660 2927 gen-ale
3683 2870 3758 2923 ίη.

454 2966 569 3006 rem
603 2950 1044 3017 deprehendere,
1078 2951 1162 3004 vel
1189 2966 1254 3005 ex
1276 2951 1390 3005 visa
1421 2951 1778 3007 multitudine
1808 2952 2069 3018 virorum,
2174 2961 2385 3028 noxias,
2434 2972 2492 3017 ιιι
2541 2961 2765 3032 spiritus
2818 2970 2998 3018 vester
3050 2963 3107 3018 in
3165 2974 3435 3020 εειρι-ηυτη
3482 2963 3549 3017 sit
3583 2962 3758 3027 salvus,

454 3041 537 3096 Vel
590 3054 657 3093 ex
687 3039 873 3093 δυάίίθ
901 3055 1176 3094 armorum
1215 3040 1524 3095 εοιιίδίοηθ·
1566 3040 1837 3095 Μίοθῧδηῑ
1868 3042 2070 3110 “mae,
2096 3092 2145 3159 Ο
2172 3057 2381 3106 vestras
2405 3051 2570 3105 etiam
2590 3067 2785 3106 carnes
2807 3052 2932 3108 date
2957 3052 3067 3107 illis
3088 3054 3154 3107 ad
3178 3054 3603 3110 dilacerandum.

454 3130 876 3159 ιη-Αηηιῖηηῑπιηι
925 3131 1163 3159 ηηοηῖιιιη.
1203 3132 1256 3159 ζ..
1308 3132 1483 3159 Ληηειη
1552 3132 1686 3159 In...“
1743 3132 2073 3159 ιηκκιιηκι..-
2246 3145 2302 3159 η-
2404 3145 2459 3159 .-ο
2527 3145 2538 3155 ο
2746 3146 2801 3159 ι-.
2868 3147 2900 3159 σε.
2944 3155 2951 3159 .
2994 3147 3004 3158 ι
3131 3148 3141 3159 υ
3193 3149 3204 3159 .
3330 3149 3342 3159 .
3550 3146 3560 3157 ι

454 3130 881 3221 ΡΓοθῐΪιίιιοᾷδῖιηι
923 3131 1166 3221 οίιδδίάίξδ
1203 3132 1258 3185 in
1305 3132 1527 3221 capites
1552 3132 1687 3187 Ιθνὶε
1743 3132 2073 3206 tegebantur
2097 3130 2145 3159 υ
2246 3145 2336 3198 His
2364 3145 2572 3200 ultimis
2610 3146 2835 3201 monitis
2868 3147 3039 3203 Patris
3059 3148 3303 3216 sui,jam
3328 3149 3384 3204 in
3410 3146 3601 3221 agonia
3637 3160 3759 3200 con-

454 3219 682 3290 clypcis,
716 3218 954 3273 dexterae
975 3219 1327 3275 armabantur
1351 3220 1563 3290 spathis
1586 3229 1639 3275 et
1668 3221 1895 3289 lanceis,
1918 3239 2067 3293 prae-
2170 3233 2365 3296 ειίιῃιῑ,
2413 3234 2636 3289 animati
2665 3242 2793 3290 sum
2834 3251 3030 3291 omnes
3085 3237 3150 3291 ad
3191 3218 3619 3294 occumbéhdum
3670 3248 3753 3304 pro

467 3307 622 3362 ibant
648 3306 1003 3361 fundibularii
1036 3323 1160 3362 cum
1190 3308 1508 3382 sagittariis.
2175 3322 2512 3379 innocentia.

1091 3395 1297 3451 CAPUT
1334 3397 1443 3451 XX-
2249 3414 2370 3483 Ipse
2400 3418 2620 3483 arrepto
2660 3413 2941 3484 psalterio,
2971 3422 3024 3469 et
3055 3414 3295 3484 primum
3328 3413 3517 3487 psalmi
3542 3425 3748 3474 versum,

947 3492 1022 3543 De
1052 3490 1167 3543 υίεο
1206 3491 1379 3544 amas
1405 3492 1578 3560 δίθηοο
2177 3501 2271 3573 qui
2290 3502 2547 3570 occurrit,
2576 3518 2675 3572 pro
2705 3503 2994 3577 praesagio,
3018 3502 3320 3574 accipiens,
3339 3506 3575 3573 quoniam
3599 3498 3754 3568 requi-

532 3580 728 3636 Audite
763 3597 873 3635 rem
907 3580 1213 3636 mirabilem
1254 3581 1454 3638 divinae
1486 3583 1708 3655 pietatis
1738 3584 1999 3640 indicem.
2175 3598 2255 3646 ret
2276 3594 2529 3647 Dominus
2546 3595 2863 3660 sanguinem
2886 3608 3157 3648 seruorum
3172 3585 3749 3663 suorum(Psal.lx,t3)i

536 3669 599 3724 Ut
628 3670 773 3724 enim
807 3669 1038 3725 clareret
1069 3670 1419 3726 Lambertum
1453 3673 1507 3727 in
1538 3674 1687 3728 nullo
1716 3675 1944 3743 gloriari
1970 3677 2076 3729 nisi
2176 3682 2281 3738 hoc
2312 3683 2598 3752 subjunxit
2628 3684 2903 3751 ultimum,
2930 3685 3124 3740 Videat
3152 3687 3296 3740 Deus
3325 3690 3373 3740 et
3397 3685 3621 3754 requirat
3646 3680 3751 3750 (Pa-

460 3767 519 3819 in
547 3780 700 3820 cruce
759 3768 979 3821 Domini
1015 3769 1188 3821 nostri
1233 3770 1359 3823 Jesu
1410 3769 1634 3837 Christi,
1682 3786 1784 3841 per
1834 3787 1989 3841 quem
2027 3774 2078 3827 ei
2180 3777 2458 3843 ral.xx1v,
2485 3776 2593 3845 22).
2632 3776 2691 3831 Et
2720 3777 2958 3851 egressis
2987 3777 3248 3833 omnibus
3277 3786 3425 3832 extra
3451 3772 3745 3835 cubiculum,

459 3861 690 3917 mundus
719 3864 1014 3932 cruciﬁxus
1043 3867 1176 3923 erat,
1228 3868 1277 3917 et
1314 3865 1431 3933 ipse
1457 3864 1657 3918 mundo
1690 3865 1828 3934 (Gal.
1857 3882 1930 3933 Vt,
1967 3866 2077 3935 14),
2180 3874 2253 3935 et,
2288 3867 2443 3940 quasi
2475 3868 2633 3942 agnis
2658 3868 2716 3923 in
2739 3869 2923 3925 medio
2947 3870 3201 3941 luporum
3247 3869 3531 3924 furentium
3566 3861 3747 3935 exposi-

461 3953 625 4024 eique
661 3954 777 4021 jam
806 3970 836 4008 a
866 3961 1009 4009 terra
1048 3954 1104 4008 in
1144 3954 1367 4021 caelum,
1414 3972 1511 4025 per
1563 3956 1819 4012 virtutem
1880 3958 2078 4024 crucis,
2183 3962 2270 4028 tis,
2304 3963 2444 4033 ipse,
2478 3963 2722 4017 extensis
2743 3964 3019 4028 manibus,
3048 3971 3233 4032 terrae,
3261 3964 3314 4019 in
3340 3962 3550 4018 modum
3579 3954 3746 4020 crucis,

461 4061 753 4101 ascensum
795 4046 996 4117 parari,
1028 4046 1254 4118 quidam
1314 4055 1617 4117 sequentes
1647 4049 1954 4104 exercitum
1994 4050 2082 4104 vi-
2182 4054 2568 4126 prosternitur,
2596 4060 2651 4111 et
2689 4071 2854 4111 orans
2884 4071 3006 4111 cum
3041 4056 3318 4128 lacrymis,
3361 4057 3411 4111 in
3452 4068 3626 4109 manus
3660 4049 3747 4101 Do-

465 4137 599 4193 dent
640 4138 857 4210 signum
901 4138 1249 4200 admirabile,
1297 4146 1600 4210 stupentes,
1646 4157 1814 4213 supra
1854 4142 2078 4197 domum
2184 4142 2317 4197 mini
2366 4142 2602 4197 animam
2662 4143 3070 4199 commendavit
3135 4144 3286 4215 (Luc.
3356 4160 3502 4207 χχιιι,
3557 4138 3654 4208 46),
3703 4138 3749 4187 ut

463 4229 518 4284 in
548 4246 658 4301 qua
689 4237 805 4284 erat
835 4229 1103 4301 pontifex,
1133 4230 1307 4285 instar
1331 4231 1629 4287 Dominicaa
1654 4233 1853 4300 crucis,
1878 4234 2081 4290 clarius
2181 4250 2346 4290 nemo
2400 4251 2640 4308 unquam
2675 4235 3028 4292 aﬂectuosius
3066 4252 3126 4291 se
3158 4236 3271 4292 Deo
3302 4227 3743 4293 commendaverit.

463 4322 613 4377 omni
647 4321 870 4376 metallo
900 4338 930 4377 a
958 4328 1105 4377 terra
1132 4338 1308 4394 usque
1334 4323 1399 4378 ad
1434 4323 1633 4379 omium
1667 4325 1910 4381 rutilare.
2252 4321 2546 4380 Carniﬁces
2593 4324 2807 4380 interea
2846 4324 3061 4380 Petrum
3097 4331 3153 4381 et
3183 4325 3498 4381 Andoletum
3531 4332 3745 4392 pereme-

539 4411 647 4466 lloc
672 4410 767 4482 qui
816 4411 1000 4465 videre
1026 4418 1363 4477 meruerunt,
1419 4413 1586 4469 credo
1617 4414 1764 4485 quod
1799 4413 2078 4471 Dodonem
2108 4466 2157 4490 η
2180 4422 2331 4481 runt,
2363 4422 2418 4472 et
2448 4424 2721 4490 quotquot
2751 4418 3145 4475 ecclesiasticae
3178 4419 3442 4475 clientela:
3462 4414 3644 4471 ibidem
3673 4409 3746 4463 in-

464 4500 639 4574 magis
670 4466 736 4555 ex
766 4499 955 4555 debito
983 4500 1245 4570 stipendii
1274 4510 1329 4556 et
1357 4517 1454 4572 spe
1493 4466 1668 4573 pactae
1699 4503 1993 4568 mercedis,
2027 4511 2083 4561 et
2104 4466 2160 4534 D
2183 4466 2472 4560 venerunt:

463 4590 532 4645 ad
566 4591 882 4665 augendum
930 4606 1220 4645 numerum
1276 4591 1512 4647 militum
1571 4610 1734 4665 quam
1774 4610 1839 4649 ex
1897 4594 2081 4652 studio
2255 4592 2404 4649 Unus
2432 4593 2649 4649 caeteris
2678 4595 3063 4664 truculentior,
3089 4612 3321 4654 ascenso
3353 4595 3479 4651 tecti
3516 4587 3736 4649 culmine,

463 4679 788 4736 innocentes
850 4679 1225 4752 persequendi
1253 4687 1307 4736 et
1350 4682 1610 4738 aviditate
1661 4682 1929 4739 fundendi
1958 4699 2082 4740 san-
2182 4700 2423 4758 eumque
2451 4686 2647 4742 videns
2682 4687 2983 4742 haerentem
3032 4688 3150 4744 solo
3181 4685 3496 4760 pavimenti,
3528 4698 3608 4737 cor
3638 4676 3732 4741 eius

460 4771 651 4845 guinis
671 4772 949 4844 prosecuti
979 4780 1125 4827 sunt.
2179 4774 2324 4844 jacto
2365 4774 2475 4830 telo
2531 4774 2838 4841 transfixit;
2873 4775 3112 4831 animam
3163 4791 3290 4832 vero
3320 4775 3455 4845 ejus,
3509 4785 3611 4827 cum
3638 4765 3730 4835 iPse

1077 4863 1289 4920 CAPUT
1328 4865 1460 4921 XXI.
2181 4866 2450 4921 orationis
2479 4868 2845 4935 murmurillo,
2877 4869 3059 4943 angeli
3090 4869 3321 4924 intulere
3345 4866 3495 4923 cmlo.
3721 4936 3729 4947 _

571 4953 644 5007 De
660 4955 1033 5021 interfectione
1060 4953 1118 5010 S.
1138 4956 1414 5010 Lamberti
1433 4957 1804 5028 sociorumque
1831 4958 1967 5028 ejus.
2252 4953 2529 5009 Pretiosus
2577 4971 2708 5028 ergo
2753 4958 3015 5013 sacerdos
3054 4957 3266 5013 Domini
3308 4952 3621 5013 Lambertus,
3655 4954 3731 5011 qm

534 5044 691 5100 Acies
747 5047 985 5102 hostium
1033 5049 1143 5118 jam
1184 5050 1341 5122 quasi
1370 5050 1440 5106 ad
1489 5051 1830 5123 procinctum
1890 5060 2080 5125 parata

2180 5041 2270 5098 hic
2295 5042 2473 5099 fuerat
2494 5047 2772 5114 particeps
2810 5048 3048 5101 omnium
3084 5045 3482 5102 custodientium
3515 5031 3734 5125 mandata

463 5134 968 5207 appropinquabat,
1025 5121 1313 5194 excubitor
1372 5121 1572 5195 domus
1626 5121 1905 5197 inclamat
1941 5143 2077 5199 dor-
2180 5132 3385 5206 Dei(Psat.cxvm,63),fruiturilliegaudens
3407 5121 3732 5183 etexsultansi

461 5222 718 5291 πιίθῐιῐθδ,
773 5224 976 5295 quibus
1026 5227 1143 5298 ipse
1214 5229 1325 5298 jam
1393 5229 1757 5285 circumstans
1803 5231 2081 5289 exercitus
2182 5224 2426 5280 omnium
2455 5234 2768 5281 sanctorum
2796 5225 3183 5281 contubernio.
3215 5223 3339 5278 Cum
3377 5208 3731 5276 continentibus

461 5312 689 5366 nuntius
716 5313 963 5369 horroris
996 5331 1115 5372 esse
1146 5324 1378 5388 poterat.
2177 5328 2234 5374 et
2273 5320 2585 5393 virginibus
2641 5320 2931 5376 redimitur
2968 5328 3118 5376 serto
3166 5315 3447 5380 castitatis;
3498 5303 3729 5393 confessor

530 5400 707 5456 Testis
764 5402 961 5457 Christi
1028 5404 1398 5473 Lambertus,
1463 5409 1729 5465 attonitus
1779 5411 2076 5485 gravedine
2177 5430 2300 5470 cum
2324 5389 2760 5484 confessoribus,
2792 5422 2920 5471 ante
2958 5415 3147 5478 Deum,
3202 5412 3579 5468 bibitsanctum
3609 5389 3727 5485 cali.-

457 5490 640 5548 somni
672 5499 725 5547 et
756 5494 835 5548 rei
867 5495 1223 5565 accerbitate,
1246 5497 1591 5555 discalceatis
1611 5492 2074 5578 pedibus‘surgit,
2177 5519 2296 5559 cem
2338 5502 2743 5572 confessionis;
2798 5504 3103 5561 monachus
3131 5517 3255 5558 eum
3315 5490 3589 5554 monachis,
3616 5492 3729 5578 είξον

458 5593 513 5641 et
568 5583 763 5655 arripit
809 5584 1082 5659 gladium,
1121 5588 1278 5659 quasi
1319 5604 1379 5643 se
1427 5568 1669 5662 suosque
1722 5568 2072 5649 defensurus;
2176 5592 2258 5664 pit
2287 5594 2606 5665 centuplum
2644 5568 2866 5651 internae
2909 5586 3453 5664 recompensationis;
3488 5568 3731 5665 “POSWS

456 5672 563 5732 Sed
594 5674 664 5731 ad
695 5689 755 5729 se
784 5688 1065 5739 reversus,
1088 5691 1147 5731 se
1180 5677 1512 5734 temeritatis
1543 5659 1845 5748 damnavit,
1877 5683 2076 5754 etquia
2174 5659 2299 5742 eum
2329 5659 2615 5756 apostolis,
2664 5686 2723 5741 in
2752 5687 2887 5743 sede
2935 5659 3221 5755 judiciarze
3273 5671 3534 5750 potestatis
3573 5659 3727 5720 sedet,
