  <div class='ocr_page' id='page_1' title='image "/cluster/home/n/w/nwhite01/storage/ocr_20150623/160/uva.x000829802/394.png"; bbox 0 0 3960 6198; ppageno 0'>
   <div class='ocr_carea' id='block_1_1' title="bbox 234 315 344 369">
    <p class='ocr_par' dir='ltr' id='par_1_1' title="bbox 234 315 344 369">
     <span class='ocr_line' id='line_1_1' title="bbox 234 315 344 369; baseline -0.009 0"><span class='ocrx_word' id='word_1_1' title='bbox 234 315 344 369; x_wconf 87' lang='lat'><strong>777</strong></span> 
     </span>
    </p>
   </div>
   <div class='ocr_carea' id='block_1_2' title="bbox 217 443 2947 518">
    <p class='ocr_par' dir='ltr' id='par_1_2' title="bbox 217 443 2947 518">
     <span class='ocr_line' id='line_1_2' title="bbox 217 443 2947 518; baseline 0.007 -22"><span class='ocrx_word' id='word_1_2' title='bbox 217 443 498 514; x_wconf 87' lang='lat' dir='ltr'><strong>prepheta</strong></span> <span class='ocrx_word' id='word_1_3' title='bbox 529 457 650 496; x_wconf 91' lang='lat' dir='ltr'><strong>cum</strong></span> <span class='ocrx_word' id='word_1_4' title='bbox 680 443 967 514; x_wconf 79' lang='lat' dir='ltr'><strong>prophetis</strong></span> <span class='ocrx_word' id='word_1_5' title='bbox 991 458 1089 515; x_wconf 87' lang='lat' dir='ltr'><strong>spe</strong></span> <span class='ocrx_word' id='word_1_6' title='bbox 1117 445 1348 518; x_wconf 78' lang='lat' dir='ltr'><strong>gaudet;</strong></span> <span class='ocrx_word' id='word_1_7' title='bbox 1383 443 1689 514; x_wconf 80' lang='lat' dir='ltr'><strong>patriarcha</strong></span> <span class='ocrx_word' id='word_1_8' title='bbox 1722 461 1842 499; x_wconf 91' lang='lat' dir='ltr'><strong>cum</strong></span> <span class='ocrx_word' id='word_1_9' title='bbox 1872 447 1922 515; x_wconf 80' lang='grc' dir='ltr'>Α</span> <span class='ocrx_word' id='word_1_10' title='bbox 1950 446 2026 498; x_wconf 90' lang='lat' dir='ltr'><strong>rei</strong></span> <span class='ocrx_word' id='word_1_11' title='bbox 2057 445 2236 516; x_wconf 89' lang='lat' dir='ltr'><strong>ipsius</strong></span> <span class='ocrx_word' id='word_1_12' title='bbox 2254 450 2535 505; x_wconf 85' lang='lat' dir='ltr'><strong>veritatem</strong></span> <span class='ocrx_word' id='word_1_13' title='bbox 2557 462 2947 515; x_wconf 74' lang='lat' dir='ltr'><strong>scrutarentur.</strong></span> 
     </span>
    </p>
   </div>
   <div class='ocr_carea' id='block_1_3' title="bbox 216 530 1840 604">
    <p class='ocr_par' dir='ltr' id='par_1_3' title="bbox 216 530 1840 604">
     <span class='ocr_line' id='line_1_3' title="bbox 216 530 1840 604; baseline 0.001 -20"><span class='ocrx_word' id='word_1_14' title='bbox 216 531 550 600; x_wconf 88' lang='lat' dir='ltr'><strong>patriarchis</strong></span> <span class='ocrx_word' id='word_1_15' title='bbox 577 530 685 584; x_wconf 85' lang='lat' dir='ltr'><strong>ﬁde</strong></span> <span class='ocrx_word' id='word_1_16' title='bbox 713 530 885 604; x_wconf 82' lang='lat' dir='ltr'><strong>fulget</strong></span> <span class='ocrx_word' id='word_1_17' title='bbox 910 549 924 598; x_wconf 92' lang='lat'><strong>;</strong></span> <span class='ocrx_word' id='word_1_18' title='bbox 984 540 1262 602; x_wconf 90' lang='lat' dir='ltr'><strong>postremo</strong></span> <span class='ocrx_word' id='word_1_19' title='bbox 1289 539 1492 603; x_wconf 80' lang='lat' dir='ltr'><strong>martyr</strong></span> <span class='ocrx_word' id='word_1_20' title='bbox 1543 548 1664 587; x_wconf 92' lang='lat' dir='ltr'><strong>cum</strong></span> <span class='ocrx_word' id='word_1_21' title='bbox 1696 550 1840 588; x_wconf 90' lang='lat' dir='ltr'><strong>mar-</strong></span> 
     </span>
    </p>
   </div>
   <div class='ocr_carea' id='block_1_4' title="bbox 212 619 1843 692">
    <p class='ocr_par' dir='ltr' id='par_1_4' title="bbox 212 619 1843 692">
     <span class='ocr_line' id='line_1_4' title="bbox 212 619 1843 692; baseline 0.003 -20"><span class='ocrx_word' id='word_1_22' title='bbox 212 619 450 690; x_wconf 86' lang='lat' dir='ltr'><strong>tyribus,</strong></span> <span class='ocrx_word' id='word_1_23' title='bbox 495 620 712 675; x_wconf 77' lang='lat' dir='ltr'><strong>calicem</strong></span> <span class='ocrx_word' id='word_1_24' title='bbox 761 623 1024 676; x_wconf 76' lang='lat' dir='ltr'><strong>salutaris</strong></span> <span class='ocrx_word' id='word_1_25' title='bbox 1061 625 1352 692; x_wconf 80' lang='lat' dir='ltr'><strong>accipiens,</strong></span> <span class='ocrx_word' id='word_1_26' title='bbox 1401 638 1590 677; x_wconf 85' lang='lat' dir='ltr'><strong>nomen</strong></span> <span class='ocrx_word' id='word_1_27' title='bbox 1629 626 1843 678; x_wconf 80' lang='lat' dir='ltr'><strong>Domini</strong></span> 
     </span>
    </p>
   </div>
   <div class='ocr_carea' id='block_1_5' title="bbox 215 713 1839 788">
    <p class='ocr_par' dir='ltr' id='par_1_5' title="bbox 215 713 1839 788">
     <span class='ocr_line' id='line_1_5' title="bbox 215 713 1839 788; baseline 0.002 -22"><span class='ocrx_word' id='word_1_28' title='bbox 215 715 437 767; x_wconf 81' lang='lat' dir='ltr'><strong>invocat</strong></span> <span class='ocrx_word' id='word_1_29' title='bbox 461 713 630 783; x_wconf 85' lang='lat' dir='ltr'><strong>(Psal.</strong></span> <span class='ocrx_word' id='word_1_30' title='bbox 675 729 796 781; x_wconf 88' lang='lat' dir='ltr'><strong>cxv,</strong></span> <span class='ocrx_word' id='word_1_31' title='bbox 829 714 944 785; x_wconf 80' lang='lat' dir='ltr'><strong>l3),</strong></span> <span class='ocrx_word' id='word_1_32' title='bbox 977 715 1104 786; x_wconf 89' lang='lat' dir='ltr'><strong>quia</strong></span> <span class='ocrx_word' id='word_1_33' title='bbox 1135 717 1312 784; x_wconf 86' lang='lat' dir='ltr'>majus</span> <span class='ocrx_word' id='word_1_34' title='bbox 1333 732 1442 771; x_wconf 92' lang='lat' dir='ltr'><strong>non</strong></span> <span class='ocrx_word' id='word_1_35' title='bbox 1474 717 1663 771; x_wconf 81' lang='lat' dir='ltr'><strong>habuit</strong></span> <span class='ocrx_word' id='word_1_36' title='bbox 1694 717 1839 788; x_wconf 91' lang='lat' dir='ltr'><strong>quod</strong></span> 
     </span>
    </p>
   </div>
   <div class='ocr_carea' id='block_1_6' title="bbox 214 804 1838 880">
    <p class='ocr_par' dir='ltr' id='par_1_6' title="bbox 214 804 1838 880">
     <span class='ocr_line' id='line_1_6' title="bbox 214 804 1838 880; baseline 0.004 -22"><span class='ocrx_word' id='word_1_37' title='bbox 214 804 455 860; x_wconf 89' lang='lat' dir='ltr'><strong>Domino</strong></span> <span class='ocrx_word' id='word_1_38' title='bbox 479 804 832 870; x_wconf 88' lang='lat' dir='ltr'><strong>retribueret,</strong></span> <span class='ocrx_word' id='word_1_39' title='bbox 866 823 966 877; x_wconf 95' lang='lat' dir='ltr'><strong>pro</strong></span> <span class='ocrx_word' id='word_1_40' title='bbox 997 807 1257 863; x_wconf 90' lang='lat' dir='ltr'><strong>omnibus</strong></span> <span class='ocrx_word' id='word_1_41' title='bbox 1287 825 1406 880; x_wconf 66' lang='lat' dir='ltr'><strong>quae</strong></span> <span class='ocrx_word' id='word_1_42' title='bbox 1437 808 1686 862; x_wconf 91' lang='lat' dir='ltr'><strong>retribuit</strong></span> <span class='ocrx_word' id='word_1_43' title='bbox 1714 809 1838 865; x_wconf 86' lang='lat' dir='ltr'><strong>sibi.</strong></span> 
     </span>
    </p>
   </div>
   <div class='ocr_carea' id='block_1_7' title="bbox 217 893 1841 971">
    <p class='ocr_par' dir='ltr' id='par_1_7' title="bbox 217 893 1841 971">
     <span class='ocr_line' id='line_1_7' title="bbox 217 893 1841 971; baseline 0.004 -25"><span class='ocrx_word' id='word_1_44' title='bbox 217 893 372 947; x_wconf 91' lang='lat' dir='ltr'><strong>Inter</strong></span> <span class='ocrx_word' id='word_1_45' title='bbox 410 909 607 949; x_wconf 88' lang='lat' dir='ltr'><strong>novem</strong></span> <span class='ocrx_word' id='word_1_46' title='bbox 636 895 801 949; x_wconf 90' lang='lat' dir='ltr'><strong>etiam</strong></span> <span class='ocrx_word' id='word_1_47' title='bbox 847 897 1071 952; x_wconf 90' lang='lat' dir='ltr'><strong>ordines</strong></span> <span class='ocrx_word' id='word_1_48' title='bbox 1098 899 1416 971; x_wconf 79' lang='lat' dir='ltr'><strong>angelorum</strong></span> <span class='ocrx_word' id='word_1_49' title='bbox 1449 900 1616 955; x_wconf 85' lang='lat' dir='ltr'><strong>habet</strong></span> <span class='ocrx_word' id='word_1_50' title='bbox 1645 900 1702 953; x_wconf 90' lang='lat' dir='ltr'><strong>in</strong></span> <span class='ocrx_word' id='word_1_51' title='bbox 1733 914 1841 970; x_wconf 88' lang='lat' dir='ltr'><strong>quo</strong></span> 
     </span>
    </p>
   </div>
   <div class='ocr_carea' id='block_1_8' title="bbox 220 984 1842 1063">
    <p class='ocr_par' dir='ltr' id='par_1_8' title="bbox 220 984 1842 1063">
     <span class='ocr_line' id='line_1_8' title="bbox 220 984 1842 1063; baseline 0.004 -25"><span class='ocrx_word' id='word_1_52' title='bbox 220 984 483 1057; x_wconf 81' lang='lat' dir='ltr'><strong>singulis,</strong></span> <span class='ocrx_word' id='word_1_53' title='bbox 519 1001 616 1056; x_wconf 92' lang='lat' dir='ltr'><strong>pro</strong></span> <span class='ocrx_word' id='word_1_54' title='bbox 634 988 835 1042; x_wconf 91' lang='lat' dir='ltr'><strong>merito</strong></span> <span class='ocrx_word' id='word_1_55' title='bbox 866 988 1036 1044; x_wconf 83' lang='lat' dir='ltr'><strong>officii</strong></span> <span class='ocrx_word' id='word_1_56' title='bbox 1070 991 1178 1056; x_wconf 90' lang='lat' dir='ltr'><strong>sui,</strong></span> <span class='ocrx_word' id='word_1_57' title='bbox 1214 991 1520 1063; x_wconf 91' lang='lat' dir='ltr'><strong>participet.</strong></span> <span class='ocrx_word' id='word_1_58' title='bbox 1561 993 1637 1047; x_wconf 91' lang='lat' dir='ltr'><strong>lta</strong></span> <span class='ocrx_word' id='word_1_59' title='bbox 1668 991 1842 1048; x_wconf 87' lang='lat' dir='ltr'><strong>factus</strong></span> 
     </span>
    </p>
   </div>
   <div class='ocr_carea' id='block_1_9' title="bbox 234 1078 1845 1150">
    <p class='ocr_par' dir='ltr' id='par_1_9' title="bbox 234 1078 1845 1150">
     <span class='ocr_line' id='line_1_9' title="bbox 234 1078 1845 1150; baseline 0.006 -20"><span class='ocrx_word' id='word_1_60' title='bbox 234 1078 484 1132; x_wconf 90' lang='lat' dir='ltr'><strong>omnium</strong></span> <span class='ocrx_word' id='word_1_61' title='bbox 512 1078 808 1150; x_wconf 84' lang='lat' dir='ltr'><strong>particeps,</strong></span> <span class='ocrx_word' id='word_1_62' title='bbox 843 1080 1075 1137; x_wconf 91' lang='lat' dir='ltr'><strong>allectus</strong></span> <span class='ocrx_word' id='word_1_63' title='bbox 1106 1090 1189 1138; x_wconf 90' lang='lat' dir='ltr'><strong>est</strong></span> <span class='ocrx_word' id='word_1_64' title='bbox 1217 1083 1271 1137; x_wconf 91' lang='lat' dir='ltr'><strong>in</strong></span> <span class='ocrx_word' id='word_1_65' title='bbox 1299 1095 1504 1139; x_wconf 64' lang='lat' dir='ltr'><strong>aeterna</strong></span> <span class='ocrx_word' id='word_1_66' title='bbox 1530 1085 1700 1150; x_wconf 87' lang='lat' dir='ltr'><strong>curia,</strong></span> <span class='ocrx_word' id='word_1_67' title='bbox 1722 1102 1845 1140; x_wconf 92' lang='lat' dir='ltr'><strong>mu-</strong></span> 
     </span>
    </p>
   </div>
   <div class='ocr_carea' id='block_1_10' title="bbox 228 1165 1843 1249">
    <p class='ocr_par' dir='ltr' id='par_1_10' title="bbox 228 1165 1843 1249">
     <span class='ocr_line' id='line_1_10' title="bbox 228 1165 1843 1249; baseline 0.007 -31"><span class='ocrx_word' id='word_1_68' title='bbox 228 1165 444 1236; x_wconf 87' lang='lat' dir='ltr'><strong>niceps,</strong></span> <span class='ocrx_word' id='word_1_69' title='bbox 470 1166 566 1220; x_wconf 89' lang='lat' dir='ltr'><strong>ubi</strong></span> <span class='ocrx_word' id='word_1_70' title='bbox 593 1168 806 1224; x_wconf 87' lang='lat' dir='ltr'><strong>obtinet</strong></span> <span class='ocrx_word' id='word_1_71' title='bbox 846 1170 1082 1240; x_wconf 90' lang='lat' dir='ltr'><strong>palmam</strong></span> <span class='ocrx_word' id='word_1_72' title='bbox 1129 1173 1391 1244; x_wconf 89' lang='lat' dir='ltr'><strong>perennis</strong></span> <span class='ocrx_word' id='word_1_73' title='bbox 1419 1175 1613 1249; x_wconf 69' lang='lat' dir='ltr'><strong>gloriae</strong></span> <span class='ocrx_word' id='word_1_74' title='bbox 1642 1182 1695 1230; x_wconf 92' lang='lat' dir='ltr'><strong>et</strong></span> <span class='ocrx_word' id='word_1_75' title='bbox 1725 1183 1843 1230; x_wconf 91' lang='lat' dir='ltr'><strong>sto-</strong></span> 
     </span>
    </p>
   </div>
   <div class='ocr_carea' id='block_1_11' title="bbox 213 1255 984 1324">
    <p class='ocr_par' dir='ltr' id='par_1_11' title="bbox 213 1255 984 1324">
     <span class='ocr_line' id='line_1_11' title="bbox 213 1255 984 1324; baseline 0.005 -15"><span class='ocrx_word' id='word_1_76' title='bbox 213 1256 327 1310; x_wconf 90' lang='lat' dir='ltr'><strong>lam</strong></span> <span class='ocrx_word' id='word_1_77' title='bbox 349 1255 717 1324; x_wconf 90' lang='lat' dir='ltr'><strong>jucunditatis</strong></span> <span class='ocrx_word' id='word_1_78' title='bbox 742 1266 984 1314; x_wconf 65' lang='lat' dir='ltr'><strong>aeternae.</strong></span> 
     </span>
    </p>
   </div>
   <div class='ocr_carea' id='block_1_12' title="bbox 827 1365 1214 1424">
    <p class='ocr_par' dir='ltr' id='par_1_12' title="bbox 827 1365 1214 1424">
     <span class='ocr_line' id='line_1_12' title="bbox 827 1365 1214 1424; baseline 0.008 -3"><span class='ocrx_word' id='word_1_79' title='bbox 827 1365 1038 1422; x_wconf 86' lang='lat' dir='ltr'><strong>CAPUT</strong></span> <span class='ocrx_word' id='word_1_80' title='bbox 1077 1369 1214 1424; x_wconf 88' lang='lat' dir='ltr'><strong>XXII</strong></span> 
     </span>
    </p>
   </div>
   <div class='ocr_carea' id='block_1_13' title="bbox 573 1456 1478 1524">
    <p class='ocr_par' dir='ltr' id='par_1_13' title="bbox 573 1456 1478 1524">
     <span class='ocr_line' id='line_1_13' title="bbox 573 1456 1478 1524; baseline 0.008 -17"><span class='ocrx_word' id='word_1_81' title='bbox 573 1456 649 1507; x_wconf 88' lang='lat' dir='ltr'><strong>De</strong></span> <span class='ocrx_word' id='word_1_82' title='bbox 684 1457 956 1524; x_wconf 68' lang='lat' dir='ltr'><strong>exsequiis</strong></span> <span class='ocrx_word' id='word_1_83' title='bbox 985 1460 1160 1512; x_wconf 79' lang='lat' dir='ltr'><strong>sancti</strong></span> <span class='ocrx_word' id='word_1_84' title='bbox 1186 1459 1478 1514; x_wconf 72' lang='lat' dir='ltr'><strong>Lamberti.</strong></span> 
     </span>
    </p>
   </div>
   <div class='ocr_carea' id='block_1_14' title="bbox 293 1558 1840 1639">
    <p class='ocr_par' dir='ltr' id='par_1_14' title="bbox 293 1558 1840 1639">
     <span class='ocr_line' id='line_1_14' title="bbox 293 1558 1840 1639; baseline 0.008 -27"><span class='ocrx_word' id='word_1_85' title='bbox 293 1558 460 1614; x_wconf 87' lang='lat' dir='ltr'><strong>Pauci</strong></span> <span class='ocrx_word' id='word_1_86' title='bbox 507 1575 574 1614; x_wconf 87' lang='lat' dir='ltr'><strong>ex</strong></span> <span class='ocrx_word' id='word_1_87' title='bbox 627 1563 883 1619; x_wconf 86' lang='lat' dir='ltr'><strong>satellitio</strong></span> <span class='ocrx_word' id='word_1_88' title='bbox 945 1565 1000 1620; x_wconf 93' lang='lat' dir='ltr'><strong>S.</strong></span> <span class='ocrx_word' id='word_1_89' title='bbox 1064 1568 1337 1638; x_wconf 84' lang='lat' dir='ltr'><strong>martyris,</strong></span> <span class='ocrx_word' id='word_1_90' title='bbox 1398 1569 1492 1639; x_wconf 86' lang='lat' dir='ltr'><strong>qui</strong></span> <span class='ocrx_word' id='word_1_91' title='bbox 1549 1575 1840 1624; x_wconf 88' lang='lat' dir='ltr'><strong>evaserunt</strong></span> 
     </span>
    </p>
   </div>
   <div class='ocr_carea' id='block_1_15' title="bbox 218 1651 1842 1735">
    <p class='ocr_par' dir='ltr' id='par_1_15' title="bbox 218 1651 1842 1735">
     <span class='ocr_line' id='line_1_15' title="bbox 218 1651 1842 1735; baseline 0.009 -31"><span class='ocrx_word' id='word_1_92' title='bbox 218 1651 415 1706; x_wconf 91' lang='lat' dir='ltr'><strong>mortis</strong></span> <span class='ocrx_word' id='word_1_93' title='bbox 442 1653 768 1722; x_wconf 91' lang='lat' dir='ltr'><strong>periculum,</strong></span> <span class='ocrx_word' id='word_1_94' title='bbox 822 1663 1072 1730; x_wconf 84' lang='lat' dir='ltr'><strong>tegentes</strong></span> <span class='ocrx_word' id='word_1_95' title='bbox 1098 1659 1191 1713; x_wconf 89' lang='lat' dir='ltr'><strong>vili</strong></span> <span class='ocrx_word' id='word_1_96' title='bbox 1220 1660 1463 1735; x_wconf 86' lang='lat' dir='ltr'><strong>tegmine</strong></span> <span class='ocrx_word' id='word_1_97' title='bbox 1494 1676 1717 1732; x_wconf 90' lang='lat' dir='ltr'><strong>corpus,</strong></span> <span class='ocrx_word' id='word_1_98' title='bbox 1751 1677 1842 1718; x_wconf 85' lang='lat' dir='ltr'><strong>ro—</strong></span> 
     </span>
    </p>
   </div>
   <div class='ocr_carea' id='block_1_16' title="bbox 218 1743 1839 1824">
    <p class='ocr_par' dir='ltr' id='par_1_16' title="bbox 218 1743 1839 1824">
     <span class='ocr_line' id='line_1_16' title="bbox 218 1743 1839 1824; baseline 0.006 -30"><span class='ocrx_word' id='word_1_99' title='bbox 218 1756 321 1796; x_wconf 90' lang='lat' dir='ltr'><strong>seo</strong></span> <span class='ocrx_word' id='word_1_100' title='bbox 351 1757 544 1798; x_wconf 90' lang='lat' dir='ltr'><strong>cruore</strong></span> <span class='ocrx_word' id='word_1_101' title='bbox 577 1743 885 1813; x_wconf 86' lang='lat' dir='ltr'><strong>perfusum,</strong></span> <span class='ocrx_word' id='word_1_102' title='bbox 928 1749 1259 1818; x_wconf 81' lang='lat' dir='ltr'><strong>quantocius</strong></span> <span class='ocrx_word' id='word_1_103' title='bbox 1288 1751 1506 1824; x_wconf 86' lang='lat' dir='ltr'><strong>navigio</strong></span> <span class='ocrx_word' id='word_1_104' title='bbox 1537 1750 1839 1821; x_wconf 86' lang='lat' dir='ltr'><strong>Trajectum</strong></span> 
     </span>
    </p>
   </div>
   <div class='ocr_carea' id='block_1_17' title="bbox 219 1836 1842 1914">
    <p class='ocr_par' dir='ltr' id='par_1_17' title="bbox 219 1836 1842 1914">
     <span class='ocr_line' id='line_1_17' title="bbox 219 1836 1842 1914; baseline 0.01 -29"><span class='ocrx_word' id='word_1_105' title='bbox 219 1838 661 1889; x_wconf 82' lang='lat' dir='ltr'><strong>transvexerunt.</strong></span> <span class='ocrx_word' id='word_1_106' title='bbox 721 1836 871 1893; x_wconf 88' lang='lat' dir='ltr'><strong>Volat</strong></span> <span class='ocrx_word' id='word_1_107' title='bbox 926 1839 1067 1894; x_wconf 88' lang='lat' dir='ltr'><strong>fama</strong></span> <span class='ocrx_word' id='word_1_108' title='bbox 1122 1857 1221 1911; x_wconf 91' lang='lat' dir='ltr'><strong>per</strong></span> <span class='ocrx_word' id='word_1_109' title='bbox 1249 1843 1505 1913; x_wconf 89' lang='lat' dir='ltr'><strong>pepulos,</strong></span> <span class='ocrx_word' id='word_1_110' title='bbox 1556 1860 1757 1914; x_wconf 84' lang='lat' dir='ltr'><strong>pavore</strong></span> <span class='ocrx_word' id='word_1_111' title='bbox 1789 1852 1842 1901; x_wconf 93' lang='lat' dir='ltr'><strong>et</strong></span> 
     </span>
    </p>
   </div>
   <div class='ocr_carea' id='block_1_18' title="bbox 220 1920 1842 2005">
    <p class='ocr_par' dir='ltr' id='par_1_18' title="bbox 220 1920 1842 2005">
     <span class='ocr_line' id='line_1_18' title="bbox 220 1920 1842 2005; baseline 0.008 -31"><span class='ocrx_word' id='word_1_112' title='bbox 220 1920 454 1976; x_wconf 90' lang='lat' dir='ltr'><strong>horrore</strong></span> <span class='ocrx_word' id='word_1_113' title='bbox 480 1921 769 1980; x_wconf 84' lang='lat' dir='ltr'><strong>universos</strong></span> <span class='ocrx_word' id='word_1_114' title='bbox 789 1929 1132 1984; x_wconf 89' lang='lat' dir='ltr'><strong>concutiens.</strong></span> <span class='ocrx_word' id='word_1_115' title='bbox 1169 1930 1370 1986; x_wconf 88' lang='lat' dir='ltr'><strong>Pavent</strong></span> <span class='ocrx_word' id='word_1_116' title='bbox 1391 1949 1605 2001; x_wconf 90' lang='lat' dir='ltr'><strong>omnes,</strong></span> <span class='ocrx_word' id='word_1_117' title='bbox 1637 1950 1734 2005; x_wconf 92' lang='lat' dir='ltr'><strong>pro</strong></span> <span class='ocrx_word' id='word_1_118' title='bbox 1756 1933 1842 1988; x_wconf 92' lang='lat' dir='ltr'><strong>of-</strong></span> 
     </span>
    </p>
   </div>
   <div class='ocr_carea' id='block_1_19' title="bbox 215 2009 1842 2094">
    <p class='ocr_par' dir='ltr' id='par_1_19' title="bbox 215 2009 1842 2094">
     <span class='ocr_line' id='line_1_19' title="bbox 215 2009 1842 2094; baseline 0.01 -31"><span class='ocrx_word' id='word_1_119' title='bbox 215 2009 379 2066; x_wconf 90' lang='lat' dir='ltr'><strong>fensa</strong></span> <span class='ocrx_word' id='word_1_120' title='bbox 409 2013 695 2084; x_wconf 89' lang='lat' dir='ltr'><strong>principis,</strong></span> <span class='ocrx_word' id='word_1_121' title='bbox 754 2017 980 2074; x_wconf 91' lang='lat' dir='ltr'><strong>horrent</strong></span> <span class='ocrx_word' id='word_1_122' title='bbox 1027 2036 1243 2091; x_wconf 91' lang='lat' dir='ltr'><strong>omnes,</strong></span> <span class='ocrx_word' id='word_1_123' title='bbox 1296 2039 1394 2094; x_wconf 91' lang='lat' dir='ltr'><strong>pro</strong></span> <span class='ocrx_word' id='word_1_124' title='bbox 1429 2023 1676 2080; x_wconf 88' lang='lat' dir='ltr'><strong>indebita</strong></span> <span class='ocrx_word' id='word_1_125' title='bbox 1707 2041 1842 2080; x_wconf 89' lang='lat' dir='ltr'><strong>nece</strong></span> 
     </span>
    </p>
   </div>
   <div class='ocr_carea' id='block_1_20' title="bbox 215 2105 1845 2185">
    <p class='ocr_par' dir='ltr' id='par_1_20' title="bbox 215 2105 1845 2185">
     <span class='ocr_line' id='line_1_20' title="bbox 215 2105 1845 2185; baseline 0.008 -27"><span class='ocrx_word' id='word_1_126' title='bbox 215 2105 490 2175; x_wconf 63' lang='lat' dir='ltr'><strong>praesulis.</strong></span> <span class='ocrx_word' id='word_1_127' title='bbox 522 2107 744 2163; x_wconf 86' lang='lat' dir='ltr'><strong>Deﬂent</strong></span> <span class='ocrx_word' id='word_1_128' title='bbox 767 2109 1134 2181; x_wconf 90' lang='lat' dir='ltr'><strong>Trajectensis</strong></span> <span class='ocrx_word' id='word_1_129' title='bbox 1181 2130 1239 2169; x_wconf 93' lang='lat' dir='ltr'><strong>se</strong></span> <span class='ocrx_word' id='word_1_130' title='bbox 1279 2116 1535 2171; x_wconf 90' lang='lat' dir='ltr'><strong>amisisse</strong></span> <span class='ocrx_word' id='word_1_131' title='bbox 1565 2117 1639 2185; x_wconf 88' lang='lat' dir='ltr'><strong>pii</strong></span> <span class='ocrx_word' id='word_1_132' title='bbox 1671 2116 1845 2172; x_wconf 88' lang='lat' dir='ltr'><strong>Patris</strong></span> 
     </span>
    </p>
   </div>
   <div class='ocr_carea' id='block_1_21' title="bbox 214 2195 1843 2268">
    <p class='ocr_par' dir='ltr' id='par_1_21' title="bbox 214 2195 1843 2268">
     <span class='ocr_line' id='line_1_21' title="bbox 214 2195 1843 2268; baseline 0.01 -19"><span class='ocrx_word' id='word_1_133' title='bbox 214 2195 690 2268; x_wconf 81' lang='lat' dir='ltr'><strong>benevolentiam,</strong></span> <span class='ocrx_word' id='word_1_134' title='bbox 717 2216 821 2257; x_wconf 91' lang='lat' dir='ltr'><strong>nec</strong></span> <span class='ocrx_word' id='word_1_135' title='bbox 837 2209 1020 2258; x_wconf 85' lang='lat' dir='ltr'><strong>tamen</strong></span> <span class='ocrx_word' id='word_1_136' title='bbox 1044 2204 1178 2260; x_wconf 90' lang='lat' dir='ltr'><strong>satis</strong></span> <span class='ocrx_word' id='word_1_137' title='bbox 1199 2206 1406 2262; x_wconf 90' lang='lat' dir='ltr'><strong>audent</strong></span> <span class='ocrx_word' id='word_1_138' title='bbox 1428 2207 1670 2262; x_wconf 90' lang='lat' dir='ltr'><strong>debitam</strong></span> <span class='ocrx_word' id='word_1_139' title='bbox 1695 2216 1843 2264; x_wconf 90' lang='lat' dir='ltr'><strong>tanto</strong></span> 
     </span>
    </p>
   </div>
   <div class='ocr_carea' id='block_1_22' title="bbox 219 2291 1848 2376">
    <p class='ocr_par' dir='ltr' id='par_1_22' title="bbox 219 2291 1848 2376">
     <span class='ocr_line' id='line_1_22' title="bbox 219 2291 1848 2376; baseline 0.007 -31"><span class='ocrx_word' id='word_1_140' title='bbox 219 2291 367 2347; x_wconf 90' lang='lat' dir='ltr'><strong>Patri</strong></span> <span class='ocrx_word' id='word_1_141' title='bbox 418 2295 730 2349; x_wconf 89' lang='lat' dir='ltr'><strong>reverentia</strong></span> <span class='ocrx_word' id='word_1_142' title='bbox 780 2296 1062 2353; x_wconf 88' lang='lat' dir='ltr'><strong>exhibere.</strong></span> <span class='ocrx_word' id='word_1_143' title='bbox 1121 2300 1219 2354; x_wconf 86' lang='lat' dir='ltr'><strong>Vix</strong></span> <span class='ocrx_word' id='word_1_144' title='bbox 1281 2301 1475 2357; x_wconf 90' lang='lat' dir='ltr'><strong>charos</strong></span> <span class='ocrx_word' id='word_1_145' title='bbox 1514 2303 1726 2376; x_wconf 90' lang='lat' dir='ltr'><strong>lugere,</strong></span> <span class='ocrx_word' id='word_1_146' title='bbox 1759 2302 1848 2359; x_wconf 85' lang='lat' dir='ltr'><strong>vix</strong></span> 
     </span>
    </p>
   </div>
   <div class='ocr_carea' id='block_1_23' title="bbox 223 2394 777 2451">
    <p class='ocr_par' dir='ltr' id='par_1_23' title="bbox 223 2394 777 2451">
     <span class='ocr_line' id='line_1_23' title="bbox 223 2394 777 2451; baseline 0.013 -7"><span class='ocrx_word' id='word_1_147' title='bbox 223 2405 350 2446; x_wconf 88' lang='lat' dir='ltr'><strong>reos</strong></span> <span class='ocrx_word' id='word_1_148' title='bbox 378 2400 534 2447; x_wconf 87' lang='lat' dir='ltr'><strong>vacat</strong></span> <span class='ocrx_word' id='word_1_149' title='bbox 563 2394 777 2451; x_wconf 89' lang='lat' dir='ltr'><strong>odisse.</strong></span> 
     </span>
    </p>
   </div>
   <div class='ocr_carea' id='block_1_24' title="bbox 297 2479 1850 2558">
    <p class='ocr_par' dir='ltr' id='par_1_24' title="bbox 297 2479 1850 2558">
     <span class='ocr_line' id='line_1_24' title="bbox 297 2479 1850 2558; baseline 0.007 -25"><span class='ocrx_word' id='word_1_150' title='bbox 297 2479 557 2550; x_wconf 86' lang='lat' dir='ltr'><strong>Exposito</strong></span> <span class='ocrx_word' id='word_1_151' title='bbox 602 2484 670 2538; x_wconf 90' lang='lat' dir='ltr'><strong>ad</strong></span> <span class='ocrx_word' id='word_1_152' title='bbox 727 2492 942 2554; x_wconf 88' lang='lat' dir='ltr'><strong>portum</strong></span> <span class='ocrx_word' id='word_1_153' title='bbox 1019 2494 1210 2541; x_wconf 89' lang='lat' dir='ltr'><strong>sancto</strong></span> <span class='ocrx_word' id='word_1_154' title='bbox 1263 2502 1514 2558; x_wconf 90' lang='lat' dir='ltr'><strong>corpore,</strong></span> <span class='ocrx_word' id='word_1_155' title='bbox 1572 2490 1850 2544; x_wconf 90' lang='lat' dir='ltr'><strong>concurrit</strong></span> 
     </span>
    </p>
   </div>
   <div class='ocr_carea' id='block_1_25' title="bbox 223 2576 1838 2655">
    <p class='ocr_par' dir='ltr' id='par_1_25' title="bbox 223 2576 1838 2655">
     <span class='ocr_line' id='line_1_25' title="bbox 223 2576 1838 2655; baseline 0.005 -27"><span class='ocrx_word' id='word_1_156' title='bbox 223 2577 466 2645; x_wconf 90' lang='lat' dir='ltr'><strong>populus</strong></span> <span class='ocrx_word' id='word_1_157' title='bbox 494 2576 613 2631; x_wconf 91' lang='lat' dir='ltr'><strong>sine</strong></span> <span class='ocrx_word' id='word_1_158' title='bbox 633 2578 854 2634; x_wconf 90' lang='lat' dir='ltr'><strong>nomine</strong></span> <span class='ocrx_word' id='word_1_159' title='bbox 886 2586 939 2634; x_wconf 91' lang='lat' dir='ltr'><strong>et</strong></span> <span class='ocrx_word' id='word_1_160' title='bbox 965 2596 1216 2649; x_wconf 89' lang='lat' dir='ltr'><strong>numero,</strong></span> <span class='ocrx_word' id='word_1_161' title='bbox 1241 2589 1314 2650; x_wconf 91' lang='lat' dir='ltr'><strong>et,</strong></span> <span class='ocrx_word' id='word_1_162' title='bbox 1344 2583 1534 2655; x_wconf 89' lang='lat' dir='ltr'><strong>quanti</strong></span> <span class='ocrx_word' id='word_1_163' title='bbox 1557 2583 1702 2653; x_wconf 91' lang='lat' dir='ltr'><strong>apud</strong></span> <span class='ocrx_word' id='word_1_164' title='bbox 1720 2599 1838 2638; x_wconf 92' lang='lat' dir='ltr'><strong>om-</strong></span> 
     </span>
    </p>
   </div>
   <div class='ocr_carea' id='block_1_26' title="bbox 219 2668 1841 2746">
    <p class='ocr_par' dir='ltr' id='par_1_26' title="bbox 219 2668 1841 2746">
     <span class='ocr_line' id='line_1_26' title="bbox 219 2668 1841 2746; baseline 0.006 -26"><span class='ocrx_word' id='word_1_165' title='bbox 219 2681 324 2720; x_wconf 91' lang='lat' dir='ltr'><strong>nes</strong></span> <span class='ocrx_word' id='word_1_166' title='bbox 353 2668 654 2724; x_wconf 70' lang='lat' dir='ltr'><strong>aestimatus</strong></span> <span class='ocrx_word' id='word_1_167' title='bbox 677 2669 856 2737; x_wconf 90' lang='lat' dir='ltr'><strong>fuerit,</strong></span> <span class='ocrx_word' id='word_1_168' title='bbox 884 2687 950 2726; x_wconf 88' lang='lat' dir='ltr'><strong>ex</strong></span> <span class='ocrx_word' id='word_1_169' title='bbox 978 2673 1225 2729; x_wconf 89' lang='lat' dir='ltr'><strong>confusis</strong></span> <span class='ocrx_word' id='word_1_170' title='bbox 1255 2675 1499 2731; x_wconf 91' lang='lat' dir='ltr'><strong>omnium</strong></span> <span class='ocrx_word' id='word_1_171' title='bbox 1527 2675 1841 2746; x_wconf 90' lang='lat' dir='ltr'><strong>planctibus</strong></span> 
     </span>
    </p>
   </div>
   <div class='ocr_carea' id='block_1_27' title="bbox 217 2755 746 2828">
    <p class='ocr_par' dir='ltr' id='par_1_27' title="bbox 217 2755 746 2828">
     <span class='ocr_line' id='line_1_27' title="bbox 217 2755 746 2828; baseline 0.008 -18"><span class='ocrx_word' id='word_1_172' title='bbox 217 2755 480 2811; x_wconf 59' lang='lat' dir='ltr'><strong>aestimari</strong></span> <span class='ocrx_word' id='word_1_173' title='bbox 513 2765 746 2828; x_wconf 88' lang='lat' dir='ltr'><strong>poterat.</strong></span> 
     </span>
    </p>
   </div>
   <div class='ocr_carea' id='block_1_28' title="bbox 283 2847 1840 2919">
    <p class='ocr_par' dir='ltr' id='par_1_28' title="bbox 283 2847 1840 2919">
     <span class='ocr_line' id='line_1_28' title="bbox 283 2847 1840 2919; baseline 0.008 -19"><span class='ocrx_word' id='word_1_174' title='bbox 283 2847 588 2917; x_wconf 63' lang='lat' dir='ltr'><strong>impositus</strong></span> <span class='ocrx_word' id='word_1_175' title='bbox 631 2849 858 2919; x_wconf 89' lang='lat' dir='ltr'><strong>feretro,</strong></span> <span class='ocrx_word' id='word_1_176' title='bbox 906 2853 1153 2909; x_wconf 87' lang='lat' dir='ltr'><strong>defertur</strong></span> <span class='ocrx_word' id='word_1_177' title='bbox 1181 2864 1403 2912; x_wconf 87' lang='lat' dir='ltr'><strong>sanctus</strong></span> <span class='ocrx_word' id='word_1_178' title='bbox 1457 2859 1525 2912; x_wconf 93' lang='lat' dir='ltr'><strong>ad</strong></span> <span class='ocrx_word' id='word_1_179' title='bbox 1556 2858 1840 2913; x_wconf 88' lang='lat' dir='ltr'><strong>basilicam</strong></span> 
     </span>
    </p>
   </div>
   <div class='ocr_carea' id='block_1_29' title="bbox 219 2935 1843 3019">
    <p class='ocr_par' dir='ltr' id='par_1_29' title="bbox 219 2935 1843 3019">
     <span class='ocr_line' id='line_1_29' title="bbox 219 2935 1843 3019; baseline 0.008 -30"><span class='ocrx_word' id='word_1_180' title='bbox 219 2935 410 2990; x_wconf 90' lang='lat' dir='ltr'><strong>Sancti</strong></span> <span class='ocrx_word' id='word_1_181' title='bbox 436 2937 598 3005; x_wconf 90' lang='lat' dir='ltr'><strong>Petri,</strong></span> <span class='ocrx_word' id='word_1_182' title='bbox 633 2955 753 2994; x_wconf 91' lang='lat' dir='ltr'><strong>cum</strong></span> <span class='ocrx_word' id='word_1_183' title='bbox 777 2941 966 2998; x_wconf 90' lang='lat' dir='ltr'><strong>debito</strong></span> <span class='ocrx_word' id='word_1_184' title='bbox 993 2944 1224 3000; x_wconf 88' lang='lat' dir='ltr'><strong>honore.</strong></span> <span class='ocrx_word' id='word_1_185' title='bbox 1254 2946 1437 3002; x_wconf 88' lang='lat' dir='ltr'><strong>Clerus</strong></span> <span class='ocrx_word' id='word_1_186' title='bbox 1464 2964 1587 3003; x_wconf 94' lang='lat' dir='ltr'><strong>cum</strong></span> <span class='ocrx_word' id='word_1_187' title='bbox 1617 2948 1843 3019; x_wconf 89' lang='lat' dir='ltr'><strong>psalmis</strong></span> 
     </span>
    </p>
   </div>
   <div class='ocr_carea' id='block_1_30' title="bbox 216 3029 1841 3112">
    <p class='ocr_par' dir='ltr' id='par_1_30' title="bbox 216 3029 1841 3112">
     <span class='ocr_line' id='line_1_30' title="bbox 216 3029 1841 3112; baseline 0.009 -30"><span class='ocrx_word' id='word_1_188' title='bbox 216 3036 275 3084; x_wconf 90' lang='lat' dir='ltr'><strong>et</strong></span> <span class='ocrx_word' id='word_1_189' title='bbox 301 3029 534 3086; x_wconf 90' lang='lat' dir='ltr'><strong>canticis</strong></span> <span class='ocrx_word' id='word_1_190' title='bbox 582 3035 963 3105; x_wconf 87' lang='lat' dir='ltr'><strong>prosequitur;</strong></span> <span class='ocrx_word' id='word_1_191' title='bbox 1000 3038 1238 3108; x_wconf 90' lang='lat' dir='ltr'><strong>populus</strong></span> <span class='ocrx_word' id='word_1_192' title='bbox 1269 3041 1574 3112; x_wconf 91' lang='lat' dir='ltr'><strong>complodit</strong></span> <span class='ocrx_word' id='word_1_193' title='bbox 1622 3058 1841 3109; x_wconf 89' lang='lat' dir='ltr'><strong>manus,</strong></span> 
     </span>
    </p>
   </div>
   <div class='ocr_carea' id='block_1_31' title="bbox 214 3123 1917 3233">
    <p class='ocr_par' dir='ltr' id='par_1_31' title="bbox 214 3123 1917 3233">
     <span class='ocr_line' id='line_1_31' title="bbox 214 3123 1917 3233; baseline 0.009 -58"><span class='ocrx_word' id='word_1_194' title='bbox 214 3137 343 3176; x_wconf 90' lang='lat' dir='ltr'><strong>cum</strong></span> <span class='ocrx_word' id='word_1_195' title='bbox 377 3123 650 3179; x_wconf 90' lang='lat' dir='ltr'><strong>lamentis.</strong></span> <span class='ocrx_word' id='word_1_196' title='bbox 682 3126 921 3197; x_wconf 92' lang='lat' dir='ltr'><strong>Populus</strong></span> <span class='ocrx_word' id='word_1_197' title='bbox 954 3138 1243 3200; x_wconf 90' lang='lat' dir='ltr'><strong>pernoctat</strong></span> <span class='ocrx_word' id='word_1_198' title='bbox 1274 3133 1629 3199; x_wconf 90' lang='lat' dir='ltr'><strong>solemniter;</strong></span> <span class='ocrx_word' id='word_1_199' title='bbox 1663 3135 1844 3190; x_wconf 91' lang='lat' dir='ltr'><strong>clerus</strong></span> <span class='ocrx_word' id='word_1_200' title='bbox 1869 3166 1917 3233; x_wconf 62' lang='grc' dir='ltr'>Ο</span> 
     </span>
    </p>
   </div>
   <div class='ocr_carea' id='block_1_32' title="bbox 219 3213 1844 3287">
    <p class='ocr_par' dir='ltr' id='par_1_32' title="bbox 219 3213 1844 3287">
     <span class='ocr_line' id='line_1_32' title="bbox 219 3213 1844 3287; baseline 0.009 -19"><span class='ocrx_word' id='word_1_201' title='bbox 219 3215 327 3269; x_wconf 89' lang='lat' dir='ltr'><strong>rite</strong></span> <span class='ocrx_word' id='word_1_202' title='bbox 357 3213 668 3287; x_wconf 86' lang='lat' dir='ltr'><strong>frequentat</strong></span> <span class='ocrx_word' id='word_1_203' title='bbox 689 3219 967 3274; x_wconf 89' lang='lat' dir='ltr'><strong>excubias.</strong></span> <span class='ocrx_word' id='word_1_204' title='bbox 990 3220 1148 3277; x_wconf 83' lang='lat' dir='ltr'><strong>Juvat</strong></span> <span class='ocrx_word' id='word_1_205' title='bbox 1172 3238 1367 3279; x_wconf 91' lang='lat' dir='ltr'><strong>omnes</strong></span> <span class='ocrx_word' id='word_1_206' title='bbox 1398 3225 1715 3280; x_wconf 90' lang='lat' dir='ltr'><strong>adlambere</strong></span> <span class='ocrx_word' id='word_1_207' title='bbox 1742 3241 1844 3282; x_wconf 89' lang='lat' dir='ltr'><strong>ve-</strong></span> 
     </span>
    </p>
   </div>
   <div class='ocr_carea' id='block_1_33' title="bbox 217 3303 1844 3386">
    <p class='ocr_par' dir='ltr' id='par_1_33' title="bbox 217 3303 1844 3386">
     <span class='ocr_line' id='line_1_33' title="bbox 217 3303 1844 3386; baseline 0.009 -31"><span class='ocrx_word' id='word_1_208' title='bbox 217 3303 383 3376; x_wconf 88' lang='lat' dir='ltr'><strong>stigia</strong></span> <span class='ocrx_word' id='word_1_209' title='bbox 413 3304 488 3374; x_wconf 92' lang='lat' dir='ltr'><strong>pii</strong></span> <span class='ocrx_word' id='word_1_210' title='bbox 526 3304 735 3374; x_wconf 88' lang='lat' dir='ltr'><strong>Patris;</strong></span> <span class='ocrx_word' id='word_1_211' title='bbox 783 3323 982 3383; x_wconf 81' lang='lat' dir='ltr'><strong>magna</strong></span> <span class='ocrx_word' id='word_1_212' title='bbox 1011 3326 1070 3365; x_wconf 90' lang='lat' dir='ltr'><strong>se</strong></span> <span class='ocrx_word' id='word_1_213' title='bbox 1104 3320 1258 3382; x_wconf 88' lang='lat' dir='ltr'><strong>putat</strong></span> <span class='ocrx_word' id='word_1_214' title='bbox 1287 3313 1544 3386; x_wconf 73' lang='lat' dir='ltr'><strong>suffragia</strong></span> <span class='ocrx_word' id='word_1_215' title='bbox 1576 3315 1844 3370; x_wconf 90' lang='lat' dir='ltr'><strong>meruisse</strong></span> 
     </span>
    </p>
   </div>
   <div class='ocr_carea' id='block_1_34' title="bbox 215 3396 1840 3481">
    <p class='ocr_par' dir='ltr' id='par_1_34' title="bbox 215 3396 1840 3481">
     <span class='ocr_line' id='line_1_34' title="bbox 215 3396 1840 3481; baseline 0.007 -29"><span class='ocrx_word' id='word_1_216' title='bbox 215 3396 310 3452; x_wconf 89' lang='lat' dir='ltr'><strong>cui</strong></span> <span class='ocrx_word' id='word_1_217' title='bbox 367 3398 720 3471; x_wconf 86' lang='lat' dir='ltr'><strong>contingebat</strong></span> <span class='ocrx_word' id='word_1_218' title='bbox 772 3402 978 3457; x_wconf 88' lang='lat' dir='ltr'><strong>sanctis</strong></span> <span class='ocrx_word' id='word_1_219' title='bbox 1036 3405 1300 3460; x_wconf 90' lang='lat' dir='ltr'><strong>membris</strong></span> <span class='ocrx_word' id='word_1_220' title='bbox 1355 3405 1584 3481; x_wconf 85' lang='lat' dir='ltr'><strong>inﬁgere</strong></span> <span class='ocrx_word' id='word_1_221' title='bbox 1632 3409 1840 3463; x_wconf 91' lang='lat' dir='ltr'><strong>oscula.</strong></span> 
     </span>
    </p>
   </div>
   <div class='ocr_carea' id='block_1_35' title="bbox 224 3491 1846 3572">
    <p class='ocr_par' dir='ltr' id='par_1_35' title="bbox 224 3491 1846 3572">
     <span class='ocr_line' id='line_1_35' title="bbox 224 3491 1846 3572; baseline 0.008 -27"><span class='ocrx_word' id='word_1_222' title='bbox 224 3491 569 3547; x_wconf 90' lang='lat' dir='ltr'><strong>Delectabile</strong></span> <span class='ocrx_word' id='word_1_223' title='bbox 594 3500 649 3548; x_wconf 85' lang='lat' dir='ltr'><strong>et</strong></span> <span class='ocrx_word' id='word_1_224' title='bbox 680 3494 828 3564; x_wconf 91' lang='lat' dir='ltr'><strong>pium</strong></span> <span class='ocrx_word' id='word_1_225' title='bbox 862 3506 980 3552; x_wconf 90' lang='lat' dir='ltr'><strong>erat</strong></span> <span class='ocrx_word' id='word_1_226' title='bbox 1006 3498 1196 3554; x_wconf 90' lang='lat' dir='ltr'><strong>videre</strong></span> <span class='ocrx_word' id='word_1_227' title='bbox 1222 3515 1351 3556; x_wconf 89' lang='lat' dir='ltr'><strong>oves</strong></span> <span class='ocrx_word' id='word_1_228' title='bbox 1380 3503 1583 3572; x_wconf 90' lang='lat' dir='ltr'><strong>pastori</strong></span> <span class='ocrx_word' id='word_1_229' title='bbox 1616 3519 1715 3558; x_wconf 91' lang='lat' dir='ltr'><strong>suo</strong></span> <span class='ocrx_word' id='word_1_230' title='bbox 1748 3503 1846 3558; x_wconf 88' lang='lat' dir='ltr'><strong>de-</strong></span> 
     </span>
    </p>
   </div>
   <div class='ocr_carea' id='block_1_36' title="bbox 219 3581 943 3656">
    <p class='ocr_par' dir='ltr' id='par_1_36' title="bbox 219 3581 943 3656">
     <span class='ocr_line' id='line_1_36' title="bbox 219 3581 943 3656; baseline 0.01 -22"><span class='ocrx_word' id='word_1_231' title='bbox 219 3581 468 3651; x_wconf 89' lang='lat' dir='ltr'><strong>pendere</strong></span> <span class='ocrx_word' id='word_1_232' title='bbox 500 3582 701 3656; x_wconf 86' lang='lat' dir='ltr'><strong>pignus</strong></span> <span class='ocrx_word' id='word_1_233' title='bbox 721 3585 943 3640; x_wconf 91' lang='lat' dir='ltr'><strong>amoris.</strong></span> 
     </span>
    </p>
   </div>
   <div class='ocr_carea' id='block_1_37' title="bbox 293 3671 1847 3739">
    <p class='ocr_par' dir='ltr' id='par_1_37' title="bbox 293 3671 1847 3739">
     <span class='ocr_line' id='line_1_37' title="bbox 293 3671 1847 3739; baseline 0.009 -14"><span class='ocrx_word' id='word_1_234' title='bbox 293 3671 399 3726; x_wconf 91' lang='lat' dir='ltr'><strong>Sed</strong></span> <span class='ocrx_word' id='word_1_235' title='bbox 462 3673 780 3730; x_wconf 91' lang='lat' dir='ltr'><strong>miserabile</strong></span> <span class='ocrx_word' id='word_1_236' title='bbox 847 3686 902 3733; x_wconf 90' lang='lat' dir='ltr'><strong>et</strong></span> <span class='ocrx_word' id='word_1_237' title='bbox 966 3679 1164 3734; x_wconf 89' lang='lat' dir='ltr'><strong>mirum</strong></span> <span class='ocrx_word' id='word_1_238' title='bbox 1227 3687 1342 3736; x_wconf 88' lang='lat' dir='ltr'><strong>erat</strong></span> <span class='ocrx_word' id='word_1_239' title='bbox 1386 3683 1530 3738; x_wconf 89' lang='lat' dir='ltr'><strong>circa</strong></span> <span class='ocrx_word' id='word_1_240' title='bbox 1588 3684 1847 3739; x_wconf 90' lang='lat' dir='ltr'><strong>erraticas</strong></span> 
     </span>
    </p>
   </div>
   <div class='ocr_carea' id='block_1_38' title="bbox 220 3761 1847 3836">
    <p class='ocr_par' dir='ltr' id='par_1_38' title="bbox 220 3761 1847 3836">
     <span class='ocr_line' id='line_1_38' title="bbox 220 3761 1847 3836; baseline 0.007 -20"><span class='ocrx_word' id='word_1_241' title='bbox 220 3776 358 3816; x_wconf 88' lang='lat' dir='ltr'><strong>oves</strong></span> <span class='ocrx_word' id='word_1_242' title='bbox 405 3761 539 3816; x_wconf 90' lang='lat' dir='ltr'><strong>iram</strong></span> <span class='ocrx_word' id='word_1_243' title='bbox 572 3764 647 3834; x_wconf 90' lang='lat' dir='ltr'><strong>pii</strong></span> <span class='ocrx_word' id='word_1_244' title='bbox 703 3766 938 3836; x_wconf 90' lang='lat' dir='ltr'><strong>pastoris</strong></span> <span class='ocrx_word' id='word_1_245' title='bbox 989 3768 1297 3825; x_wconf 88' lang='lat' dir='ltr'><strong>advertere.</strong></span> <span class='ocrx_word' id='word_1_246' title='bbox 1337 3771 1588 3826; x_wconf 87' lang='lat' dir='ltr'><strong>Traditur</strong></span> <span class='ocrx_word' id='word_1_247' title='bbox 1638 3773 1783 3827; x_wconf 91' lang='lat' dir='ltr'><strong>enim</strong></span> <span class='ocrx_word' id='word_1_248' title='bbox 1816 3791 1847 3829; x_wconf 91' lang='lat' dir='ltr'>a</span> 
     </span>
    </p>
   </div>
   <div class='ocr_carea' id='block_1_39' title="bbox 222 3850 1842 3926">
    <p class='ocr_par' dir='ltr' id='par_1_39' title="bbox 222 3850 1842 3926">
     <span class='ocr_line' id='line_1_39' title="bbox 222 3850 1842 3926; baseline 0.007 -21"><span class='ocrx_word' id='word_1_249' title='bbox 222 3850 552 3919; x_wconf 88' lang='lat' dir='ltr'><strong>majoribus,</strong></span> <span class='ocrx_word' id='word_1_250' title='bbox 584 3854 736 3926; x_wconf 91' lang='lat' dir='ltr'><strong>quia,</strong></span> <span class='ocrx_word' id='word_1_251' title='bbox 764 3872 886 3911; x_wconf 90' lang='lat' dir='ltr'><strong>cum</strong></span> <span class='ocrx_word' id='word_1_252' title='bbox 921 3858 1178 3914; x_wconf 92' lang='lat' dir='ltr'><strong>omnibus</strong></span> <span class='ocrx_word' id='word_1_253' title='bbox 1208 3865 1456 3915; x_wconf 89' lang='lat' dir='ltr'><strong>sanctum</strong></span> <span class='ocrx_word' id='word_1_254' title='bbox 1487 3861 1842 3917; x_wconf 88' lang='lat' dir='ltr'><strong>exosculandi</strong></span> 
     </span>
    </p>
   </div>
   <div class='ocr_carea' id='block_1_40' title="bbox 224 3944 1842 4029">
    <p class='ocr_par' dir='ltr' id='par_1_40' title="bbox 224 3944 1842 4029">
     <span class='ocr_line' id='line_1_40' title="bbox 224 3944 1842 4029; baseline 0.008 -31"><span class='ocrx_word' id='word_1_255' title='bbox 224 3944 372 4000; x_wconf 92' lang='lat' dir='ltr'><strong>liber</strong></span> <span class='ocrx_word' id='word_1_256' title='bbox 404 3947 584 4003; x_wconf 92' lang='lat' dir='ltr'><strong>aditus</strong></span> <span class='ocrx_word' id='word_1_257' title='bbox 633 3957 869 4019; x_wconf 87' lang='lat' dir='ltr'><strong>pateret,</strong></span> <span class='ocrx_word' id='word_1_258' title='bbox 895 3952 941 4005; x_wconf 92' lang='lat' dir='ltr'><strong>si</strong></span> <span class='ocrx_word' id='word_1_259' title='bbox 972 3969 1081 4024; x_wconf 89' lang='lat' dir='ltr'><strong>qua</strong></span> <span class='ocrx_word' id='word_1_260' title='bbox 1109 3953 1287 4024; x_wconf 91' lang='lat' dir='ltr'><strong>pellex</strong></span> <span class='ocrx_word' id='word_1_261' title='bbox 1317 3971 1376 4010; x_wconf 91' lang='lat' dir='ltr'><strong>se</strong></span> <span class='ocrx_word' id='word_1_262' title='bbox 1440 3955 1744 4029; x_wconf 86' lang='lat' dir='ltr'><strong>ingerebat,</strong></span> <span class='ocrx_word' id='word_1_263' title='bbox 1776 3957 1842 4010; x_wconf 92' lang='lat' dir='ltr'><strong>ad</strong></span> 
     </span>
    </p>
   </div>
   <div class='ocr_carea' id='block_1_41' title="bbox 214 4038 1843 4118">
    <p class='ocr_par' dir='ltr' id='par_1_41' title="bbox 214 4038 1843 4118">
     <span class='ocr_line' id='line_1_41' title="bbox 214 4038 1843 4118; baseline 0.009 -30"><span class='ocrx_word' id='word_1_264' title='bbox 214 4049 423 4106; x_wconf 91' lang='lat' dir='ltr'><strong>corpus</strong></span> <span class='ocrx_word' id='word_1_265' title='bbox 474 4038 730 4108; x_wconf 86' lang='lat' dir='ltr'><strong>martyris</strong></span> <span class='ocrx_word' id='word_1_266' title='bbox 759 4042 1141 4108; x_wconf 89' lang='lat' dir='ltr'><strong>osculandum,</strong></span> <span class='ocrx_word' id='word_1_267' title='bbox 1203 4047 1359 4116; x_wconf 92' lang='lat' dir='ltr'><strong>quasi</strong></span> <span class='ocrx_word' id='word_1_268' title='bbox 1395 4048 1634 4118; x_wconf 89' lang='lat' dir='ltr'><strong>quodam</strong></span> <span class='ocrx_word' id='word_1_269' title='bbox 1669 4053 1843 4103; x_wconf 89' lang='lat' dir='ltr'><strong>rotata</strong></span> 
     </span>
    </p>
   </div>
   <div class='ocr_carea' id='block_1_42' title="bbox 222 4124 1837 4210">
    <p class='ocr_par' dir='ltr' id='par_1_42' title="bbox 222 4124 1837 4210">
     <span class='ocr_line' id='line_1_42' title="bbox 222 4124 1837 4210; baseline 0.008 -31"><span class='ocrx_word' id='word_1_270' title='bbox 222 4124 470 4193; x_wconf 90' lang='lat' dir='ltr'><strong>turbine,</strong></span> <span class='ocrx_word' id='word_1_271' title='bbox 509 4130 906 4186; x_wconf 88' lang='lat' dir='ltr'><strong>retrocedebat.</strong></span> <span class='ocrx_word' id='word_1_272' title='bbox 941 4131 1043 4186; x_wconf 89' lang='lat' dir='ltr'><strong>Per</strong></span> <span class='ocrx_word' id='word_1_273' title='bbox 1076 4133 1334 4203; x_wconf 89' lang='lat' dir='ltr'><strong>pellicum</strong></span> <span class='ocrx_word' id='word_1_274' title='bbox 1373 4151 1504 4210; x_wconf 86' lang='lat' dir='ltr'><strong>ergo</strong></span> <span class='ocrx_word' id='word_1_275' title='bbox 1535 4137 1837 4208; x_wconf 83' lang='lat' dir='ltr'><strong>repulsam,</strong></span> 
     </span>
    </p>
   </div>
   <div class='ocr_carea' id='block_1_43' title="bbox 224 4215 1838 4298">
    <p class='ocr_par' dir='ltr' id='par_1_43' title="bbox 224 4215 1838 4298">
     <span class='ocr_line' id='line_1_43' title="bbox 224 4215 1838 4298; baseline 0.008 -28"><span class='ocrx_word' id='word_1_276' title='bbox 224 4215 472 4272; x_wconf 89' lang='lat' dir='ltr'><strong>clarebat</strong></span> <span class='ocrx_word' id='word_1_277' title='bbox 496 4219 662 4274; x_wconf 90' lang='lat' dir='ltr'><strong>nimis</strong></span> <span class='ocrx_word' id='word_1_278' title='bbox 687 4221 800 4277; x_wconf 93' lang='lat' dir='ltr'><strong>Deo</strong></span> <span class='ocrx_word' id='word_1_279' title='bbox 834 4229 888 4277; x_wconf 91' lang='lat' dir='ltr'><strong>et</strong></span> <span class='ocrx_word' id='word_1_280' title='bbox 926 4230 1116 4279; x_wconf 91' lang='lat' dir='ltr'><strong>sancto</strong></span> <span class='ocrx_word' id='word_1_281' title='bbox 1150 4227 1376 4297; x_wconf 89' lang='lat' dir='ltr'><strong>martyri</strong></span> <span class='ocrx_word' id='word_1_282' title='bbox 1408 4228 1663 4298; x_wconf 88' lang='lat' dir='ltr'><strong>pellicem</strong></span> <span class='ocrx_word' id='word_1_283' title='bbox 1690 4229 1838 4283; x_wconf 90' lang='lat' dir='ltr'><strong>illam</strong></span> 
     </span>
    </p>
   </div>
   <div class='ocr_carea' id='block_1_44' title="bbox 221 4305 1842 4384">
    <p class='ocr_par' dir='ltr' id='par_1_44' title="bbox 221 4305 1842 4384">
     <span class='ocr_line' id='line_1_44' title="bbox 221 4305 1842 4384; baseline 0.009 -25"><span class='ocrx_word' id='word_1_284' title='bbox 221 4305 476 4361; x_wconf 90' lang='lat' dir='ltr'><strong>odiosam</strong></span> <span class='ocrx_word' id='word_1_285' title='bbox 506 4307 695 4376; x_wconf 91' lang='lat' dir='ltr'><strong>fuisse,</strong></span> <span class='ocrx_word' id='word_1_286' title='bbox 728 4327 850 4382; x_wconf 74' lang='lat' dir='ltr'><strong>quae</strong></span> <span class='ocrx_word' id='word_1_287' title='bbox 881 4311 1088 4384; x_wconf 90' lang='lat' dir='ltr'><strong>duplici</strong></span> <span class='ocrx_word' id='word_1_288' title='bbox 1127 4314 1356 4368; x_wconf 88' lang='lat' dir='ltr'><strong>crimine</strong></span> <span class='ocrx_word' id='word_1_289' title='bbox 1381 4316 1660 4372; x_wconf 85' lang='lat' dir='ltr'><strong>Franciam</strong></span> <span class='ocrx_word' id='word_1_290' title='bbox 1702 4317 1842 4373; x_wconf 92' lang='lat' dir='ltr'><strong>infa-</strong></span> 
     </span>
    </p>
   </div>
   <div class='ocr_carea' id='block_1_45' title="bbox 225 4407 1541 4465">
    <p class='ocr_par' dir='ltr' id='par_1_45' title="bbox 225 4407 1541 4465">
     <span class='ocr_line' id='line_1_45' title="bbox 225 4407 1541 4465; baseline 0.008 -11"><span class='ocrx_word' id='word_1_291' title='bbox 225 4407 474 4455; x_wconf 88' lang='lat' dir='ltr'><strong>maverat</strong></span> <span class='ocrx_word' id='word_1_292' title='bbox 503 4410 815 4459; x_wconf 88' lang='lat' dir='ltr'><strong>etsanctam</strong></span> <span class='ocrx_word' id='word_1_293' title='bbox 840 4407 1195 4462; x_wconf 87' lang='lat' dir='ltr'><strong>conturbarat</strong></span> <span class='ocrx_word' id='word_1_294' title='bbox 1226 4408 1541 4465; x_wconf 86' lang='lat' dir='ltr'><strong>Ecclesiam.</strong></span> 
     </span>
    </p>
   </div>
   <div class='ocr_carea' id='block_1_46' title="bbox 1462 310 2346 378">
    <p class='ocr_par' dir='ltr' id='par_1_46' title="bbox 1462 310 2346 378">
     <span class='ocr_line' id='line_1_46' title="bbox 1462 310 2346 378; baseline 0.01 -11"><span class='ocrx_word' id='word_1_295' title='bbox 1462 313 1615 368; x_wconf 85' lang='lat' dir='ltr'><strong>VITA</strong></span> <span class='ocrx_word' id='word_1_296' title='bbox 1657 310 1853 367; x_wconf 81' lang='lat' dir='ltr'><strong>PRIOR</strong></span> <span class='ocrx_word' id='word_1_297' title='bbox 1896 312 1949 365; x_wconf 89' lang='lat' dir='ltr'><strong>S.</strong></span> <span class='ocrx_word' id='word_1_298' title='bbox 1993 313 2346 378; x_wconf 81' lang='lat' dir='ltr'><strong>LAMBERTI.</strong></span> 
     </span>
    </p>
   </div>
   <div class='ocr_carea' id='block_1_47' title="bbox 3457 344 3562 399">
    <p class='ocr_par' dir='ltr' id='par_1_47' title="bbox 3457 344 3562 399">
     <span class='ocr_line' id='line_1_47' title="bbox 3457 344 3562 399; baseline 0.038 -3"><span class='ocrx_word' id='word_1_299' title='bbox 3457 344 3562 399; x_wconf 88' lang='lat'><strong>778</strong></span> 
     </span>
    </p>
   </div>
   <div class='ocr_carea' id='block_1_48' title="bbox 2984 465 3561 542">
    <p class='ocr_par' dir='ltr' id='par_1_48' title="bbox 2984 465 3561 542">
     <span class='ocr_line' id='line_1_48' title="bbox 2984 465 3561 542; baseline 0.023 -24"><span class='ocrx_word' id='word_1_300' title='bbox 2984 465 3042 520; x_wconf 86' lang='lat' dir='ltr'><strong>Et</strong></span> <span class='ocrx_word' id='word_1_301' title='bbox 3071 483 3192 523; x_wconf 90' lang='lat' dir='ltr'><strong>cum</strong></span> <span class='ocrx_word' id='word_1_302' title='bbox 3217 486 3561 542; x_wconf 90' lang='lat' dir='ltr'><strong>apponerent</strong></span> 
     </span>
    </p>
   </div>
   <div class='ocr_carea' id='block_1_49' title="bbox 1949 538 3561 619">
    <p class='ocr_par' dir='ltr' id='par_1_49' title="bbox 1949 538 3561 619">
     <span class='ocr_line' id='line_1_49' title="bbox 1949 538 3561 619; baseline 0.02 -33"><span class='ocrx_word' id='word_1_303' title='bbox 1949 547 2171 588; x_wconf 90' lang='lat' dir='ltr'><strong>omnem</strong></span> <span class='ocrx_word' id='word_1_304' title='bbox 2207 538 2407 592; x_wconf 91' lang='lat' dir='ltr'><strong>mentis</strong></span> <span class='ocrx_word' id='word_1_305' title='bbox 2437 546 2491 593; x_wconf 92' lang='lat' dir='ltr'><strong>et</strong></span> <span class='ocrx_word' id='word_1_306' title='bbox 2517 542 2727 596; x_wconf 90' lang='lat' dir='ltr'><strong>aurium</strong></span> <span class='ocrx_word' id='word_1_307' title='bbox 2770 547 3132 619; x_wconf 80' lang='lat' dir='ltr'><strong>diligentiam,</strong></span> <span class='ocrx_word' id='word_1_308' title='bbox 3163 538 3453 614; x_wconf 82' lang='lat' dir='ltr'><strong>videbatur</strong></span> <span class='ocrx_word' id='word_1_309' title='bbox 3481 563 3561 616; x_wconf 89' lang='lat' dir='ltr'><strong>eis</strong></span> 
     </span>
    </p>
   </div>
   <div class='ocr_carea' id='block_1_50' title="bbox 1943 621 3559 720">
    <p class='ocr_par' dir='ltr' id='par_1_50' title="bbox 1943 621 3559 720">
     <span class='ocr_line' id='line_1_50' title="bbox 1943 621 3559 720; baseline 0.02 -47"><span class='ocrx_word' id='word_1_310' title='bbox 1943 621 2028 689; x_wconf 92' lang='lat' dir='ltr'><strong>(ex</strong></span> <span class='ocrx_word' id='word_1_311' title='bbox 2062 624 2320 693; x_wconf 88' lang='lat' dir='ltr'><strong>qualitate</strong></span> <span class='ocrx_word' id='word_1_312' title='bbox 2353 628 2502 682; x_wconf 89' lang='lat' dir='ltr'><strong>vocis</strong></span> <span class='ocrx_word' id='word_1_313' title='bbox 2532 633 2703 687; x_wconf 88' lang='lat' dir='ltr'><strong>sancti</strong></span> <span class='ocrx_word' id='word_1_314' title='bbox 2756 634 3033 694; x_wconf 89' lang='lat' dir='ltr'><strong>Lamberti</strong></span> <span class='ocrx_word' id='word_1_315' title='bbox 3062 642 3204 699; x_wconf 93' lang='lat' dir='ltr'><strong>bene</strong></span> <span class='ocrx_word' id='word_1_316' title='bbox 3249 647 3354 701; x_wconf 90' lang='lat' dir='ltr'><strong>sibi</strong></span> <span class='ocrx_word' id='word_1_317' title='bbox 3409 650 3559 720; x_wconf 87' lang='lat' dir='ltr'><strong>nota)</strong></span> 
     </span>
    </p>
   </div>
   <div class='ocr_carea' id='block_1_51' title="bbox 1943 714 3561 798">
    <p class='ocr_par' dir='ltr' id='par_1_51' title="bbox 1943 714 3561 798">
     <span class='ocr_line' id='line_1_51' title="bbox 1943 714 3561 798; baseline 0.02 -34"><span class='ocrx_word' id='word_1_318' title='bbox 1943 714 2090 780; x_wconf 90' lang='lat' dir='ltr'><strong>quod</strong></span> <span class='ocrx_word' id='word_1_319' title='bbox 2115 714 2232 784; x_wconf 88' lang='lat' dir='ltr'><strong>ipse</strong></span> <span class='ocrx_word' id='word_1_320' title='bbox 2264 725 2507 786; x_wconf 89' lang='lat' dir='ltr'><strong>sanctus,</strong></span> <span class='ocrx_word' id='word_1_321' title='bbox 2541 737 2663 776; x_wconf 92' lang='lat' dir='ltr'><strong>cum</strong></span> <span class='ocrx_word' id='word_1_322' title='bbox 2699 724 2821 780; x_wconf 89' lang='lat' dir='ltr'><strong>aliis</strong></span> <span class='ocrx_word' id='word_1_323' title='bbox 2850 729 2942 798; x_wconf 91' lang='lat' dir='ltr'><strong>qui</strong></span> <span class='ocrx_word' id='word_1_324' title='bbox 2971 746 3158 787; x_wconf 89' lang='lat' dir='ltr'><strong>secum</strong></span> <span class='ocrx_word' id='word_1_325' title='bbox 3189 739 3561 796; x_wconf 89' lang='lat' dir='ltr'><strong>occubuerant</strong></span> 
     </span>
    </p>
   </div>
   <div class='ocr_carea' id='block_1_52' title="bbox 1942 802 3560 903">
    <p class='ocr_par' dir='ltr' id='par_1_52' title="bbox 1942 802 3560 903">
     <span class='ocr_line' id='line_1_52' title="bbox 1942 802 3560 903; baseline 0.019 -47"><span class='ocrx_word' id='word_1_326' title='bbox 1942 802 2144 860; x_wconf 59' lang='lat' dir='ltr'><strong>divina;</strong></span> <span class='ocrx_word' id='word_1_327' title='bbox 2178 809 2449 877; x_wconf 88' lang='lat' dir='ltr'><strong>majestati</strong></span> <span class='ocrx_word' id='word_1_328' title='bbox 2481 813 2695 869; x_wconf 88' lang='lat' dir='ltr'><strong>dulcem</strong></span> <span class='ocrx_word' id='word_1_329' title='bbox 2732 819 3026 876; x_wconf 88' lang='lat' dir='ltr'><strong>melodiam</strong></span> <span class='ocrx_word' id='word_1_330' title='bbox 3055 835 3319 883; x_wconf 89' lang='lat' dir='ltr'><strong>cantaret.</strong></span> <span class='ocrx_word' id='word_1_331' title='bbox 3356 830 3410 884; x_wconf 92' lang='lat' dir='ltr'><strong>Si</strong></span> <span class='ocrx_word' id='word_1_332' title='bbox 3438 833 3560 903; x_wconf 85' lang='lat' dir='ltr'><strong>quis</strong></span> 
     </span>
    </p>
   </div>
   <div class='ocr_carea' id='block_1_53' title="bbox 1943 896 3561 993">
    <p class='ocr_par' dir='ltr' id='par_1_53' title="bbox 1943 896 3561 993">
     <span class='ocr_line' id='line_1_53' title="bbox 1943 896 3561 993; baseline 0.019 -44"><span class='ocrx_word' id='word_1_333' title='bbox 1943 911 2007 950; x_wconf 87' lang='lat' dir='ltr'><strong>ea</strong></span> <span class='ocrx_word' id='word_1_334' title='bbox 2028 896 2162 953; x_wconf 92' lang='lat' dir='ltr'><strong>hora</strong></span> <span class='ocrx_word' id='word_1_335' title='bbox 2194 901 2358 956; x_wconf 87' lang='lat' dir='ltr'><strong>vellet</strong></span> <span class='ocrx_word' id='word_1_336' title='bbox 2401 903 2554 958; x_wconf 89' lang='lat' dir='ltr'><strong>adire</strong></span> <span class='ocrx_word' id='word_1_337' title='bbox 2586 906 2895 979; x_wconf 90' lang='lat' dir='ltr'><strong>basilicam,</strong></span> <span class='ocrx_word' id='word_1_338' title='bbox 2929 931 3038 984; x_wconf 68' lang='lat' dir='ltr'><strong>prie.</strong></span> <span class='ocrx_word' id='word_1_339' title='bbox 3071 916 3296 974; x_wconf 90' lang='lat' dir='ltr'><strong>horrore</strong></span> <span class='ocrx_word' id='word_1_340' title='bbox 3328 937 3436 976; x_wconf 90' lang='lat' dir='ltr'><strong>non</strong></span> <span class='ocrx_word' id='word_1_341' title='bbox 3456 896 3561 993; x_wconf 77' lang='lat' dir='ltr'><strong>po-</strong></span> 
     </span>
    </p>
   </div>
   <div class='ocr_carea' id='block_1_54' title="bbox 1944 989 3558 1083">
    <p class='ocr_par' dir='ltr' id='par_1_54' title="bbox 1944 989 3558 1083">
     <span class='ocr_line' id='line_1_54' title="bbox 1944 989 3558 1083; baseline 0.017 -43"><span class='ocrx_word' id='word_1_342' title='bbox 1944 995 2084 1043; x_wconf 90' lang='lat' dir='ltr'><strong>terat</strong></span> <span class='ocrx_word' id='word_1_343' title='bbox 2115 989 2360 1058; x_wconf 89' lang='lat' dir='ltr'><strong>introire,</strong></span> <span class='ocrx_word' id='word_1_344' title='bbox 2390 1003 2444 1049; x_wconf 87' lang='lat' dir='ltr'><strong>et</strong></span> <span class='ocrx_word' id='word_1_345' title='bbox 2473 1006 2677 1066; x_wconf 89' lang='lat' dir='ltr'><strong>quanto</strong></span> <span class='ocrx_word' id='word_1_346' title='bbox 2709 1002 2833 1070; x_wconf 89' lang='lat' dir='ltr'><strong>quis</strong></span> <span class='ocrx_word' id='word_1_347' title='bbox 2864 1019 2924 1058; x_wconf 91' lang='lat' dir='ltr'><strong>se</strong></span> <span class='ocrx_word' id='word_1_348' title='bbox 2957 1009 3212 1077; x_wconf 88' lang='lat' dir='ltr'><strong>preprius</strong></span> <span class='ocrx_word' id='word_1_349' title='bbox 3262 989 3558 1083; x_wconf 83' lang='lat' dir='ltr'><strong>ingereret,</strong></span> 
     </span>
    </p>
   </div>
   <div class='ocr_carea' id='block_1_55' title="bbox 1946 1082 3564 1166">
    <p class='ocr_par' dir='ltr' id='par_1_55' title="bbox 1946 1082 3564 1166">
     <span class='ocr_line' id='line_1_55' title="bbox 1946 1082 3564 1166; baseline 0.016 -34"><span class='ocrx_word' id='word_1_350' title='bbox 1946 1083 2093 1134; x_wconf 91' lang='lat' dir='ltr'><strong>tanto</strong></span> <span class='ocrx_word' id='word_1_351' title='bbox 2125 1082 2309 1137; x_wconf 90' lang='lat' dir='ltr'><strong>minus</strong></span> <span class='ocrx_word' id='word_1_352' title='bbox 2335 1087 2614 1159; x_wconf 84' lang='lat' dir='ltr'><strong>angelicas</strong></span> <span class='ocrx_word' id='word_1_353' title='bbox 2643 1106 2807 1146; x_wconf 86' lang='lat' dir='ltr'><strong>voces</strong></span> <span class='ocrx_word' id='word_1_354' title='bbox 2845 1094 3195 1166; x_wconf 88' lang='lat' dir='ltr'><strong>admittebat,</strong></span> <span class='ocrx_word' id='word_1_355' title='bbox 3237 1101 3438 1156; x_wconf 88' lang='lat' dir='ltr'><strong>retusis</strong></span> <span class='ocrx_word' id='word_1_356' title='bbox 3463 1119 3564 1157; x_wconf 91' lang='lat' dir='ltr'><strong>au-</strong></span> 
     </span>
    </p>
   </div>
   <div class='ocr_carea' id='block_1_56' title="bbox 1943 1167 3564 1264">
    <p class='ocr_par' dir='ltr' id='par_1_56' title="bbox 1943 1167 3564 1264">
     <span class='ocr_line' id='line_1_56' title="bbox 1943 1167 3564 1264; baseline 0.018 -43"><span class='ocrx_word' id='word_1_357' title='bbox 1943 1167 2116 1225; x_wconf 91' lang='lat' dir='ltr'><strong>ribus.</strong></span> <span class='ocrx_word' id='word_1_358' title='bbox 2142 1171 2271 1226; x_wconf 89' lang='lat' dir='ltr'><strong>Cum</strong></span> <span class='ocrx_word' id='word_1_359' title='bbox 2301 1182 2483 1230; x_wconf 89' lang='lat' dir='ltr'><strong>autem</strong></span> <span class='ocrx_word' id='word_1_360' title='bbox 2510 1178 2892 1253; x_wconf 87' lang='lat' dir='ltr'><strong>elongabatur,</strong></span> <span class='ocrx_word' id='word_1_361' title='bbox 2926 1189 3177 1262; x_wconf 84' lang='lat' dir='ltr'><strong>angelica</strong></span> <span class='ocrx_word' id='word_1_362' title='bbox 3207 1192 3564 1264; x_wconf 89' lang='lat' dir='ltr'><strong>ampliusite-</strong></span> 
     </span>
    </p>
   </div>
   <div class='ocr_carea' id='block_1_57' title="bbox 1943 1259 2452 1324">
    <p class='ocr_par' dir='ltr' id='par_1_57' title="bbox 1943 1259 2452 1324">
     <span class='ocr_line' id='line_1_57' title="bbox 1943 1259 2452 1324; baseline 0.02 -11"><span class='ocrx_word' id='word_1_363' title='bbox 1943 1259 2166 1316; x_wconf 89' lang='lat' dir='ltr'><strong>rabatur</strong></span> <span class='ocrx_word' id='word_1_364' title='bbox 2197 1265 2452 1324; x_wconf 90' lang='lat' dir='ltr'><strong>melodia.</strong></span> 
     </span>
    </p>
   </div>
   <div class='ocr_carea' id='block_1_58' title="bbox 2013 1373 3564 1458">
    <p class='ocr_par' dir='ltr' id='par_1_58' title="bbox 2013 1373 3564 1458">
     <span class='ocr_line' id='line_1_58' title="bbox 2013 1373 3564 1458; baseline 0.017 -32"><span class='ocrx_word' id='word_1_365' title='bbox 2013 1373 2052 1428; x_wconf 90' lang='lat'>0</span> <span class='ocrx_word' id='word_1_366' title='bbox 2104 1375 2426 1447; x_wconf 74' lang='lat' dir='ltr'><strong>ineffabilis,</strong></span> <span class='ocrx_word' id='word_1_367' title='bbox 2475 1378 2704 1450; x_wconf 91' lang='lat' dir='ltr'><strong>Christe,</strong></span> <span class='ocrx_word' id='word_1_368' title='bbox 2765 1391 2854 1440; x_wconf 88' lang='lat' dir='ltr'><strong>tua</strong></span> <span class='ocrx_word' id='word_1_369' title='bbox 2905 1390 3177 1458; x_wconf 87' lang='lat' dir='ltr'><strong>potential</strong></span> <span class='ocrx_word' id='word_1_370' title='bbox 3229 1393 3358 1458; x_wconf 88' lang='lat' dir='ltr'><strong>Quis</strong></span> <span class='ocrx_word' id='word_1_371' title='bbox 3412 1411 3564 1452; x_wconf 93' lang='lat' dir='ltr'><strong>com-</strong></span> 
     </span>
    </p>
   </div>
   <div class='ocr_carea' id='block_1_59' title="bbox 1941 1472 3564 1556">
    <p class='ocr_par' dir='ltr' id='par_1_59' title="bbox 1941 1472 3564 1556">
     <span class='ocr_line' id='line_1_59' title="bbox 1941 1472 3564 1556; baseline 0.018 -39"><span class='ocrx_word' id='word_1_372' title='bbox 1941 1472 2136 1534; x_wconf 90' lang='lat' dir='ltr'><strong>penset</strong></span> <span class='ocrx_word' id='word_1_373' title='bbox 2167 1474 2258 1522; x_wconf 92' lang='lat' dir='ltr'><strong>tua</strong></span> <span class='ocrx_word' id='word_1_374' title='bbox 2276 1472 2552 1543; x_wconf 87' lang='lat' dir='ltr'><strong>magnalia</strong></span> <span class='ocrx_word' id='word_1_375' title='bbox 2571 1473 2598 1526; x_wconf 83' lang='lat'><strong>?</strong></span> <span class='ocrx_word' id='word_1_376' title='bbox 2629 1475 2787 1543; x_wconf 88' lang='lat' dir='ltr'><strong>Ecce,</strong></span> <span class='ocrx_word' id='word_1_377' title='bbox 2818 1479 2994 1548; x_wconf 88' lang='lat' dir='ltr'><strong>palam</strong></span> <span class='ocrx_word' id='word_1_378' title='bbox 3019 1481 3155 1538; x_wconf 89' lang='lat' dir='ltr'><strong>facis</strong></span> <span class='ocrx_word' id='word_1_379' title='bbox 3182 1487 3330 1556; x_wconf 89' lang='lat' dir='ltr'><strong>quod</strong></span> <span class='ocrx_word' id='word_1_380' title='bbox 3351 1494 3444 1543; x_wconf 91' lang='lat' dir='ltr'><strong>tuo</strong></span> <span class='ocrx_word' id='word_1_381' title='bbox 3469 1505 3564 1545; x_wconf 90' lang='lat' dir='ltr'><strong>ore</strong></span> 
     </span>
    </p>
   </div>
   <div class='ocr_carea' id='block_1_60' title="bbox 1941 1555 3561 1650">
    <p class='ocr_par' dir='ltr' id='par_1_60' title="bbox 1941 1555 3561 1650">
     <span class='ocr_line' id='line_1_60' title="bbox 1941 1555 3561 1650; baseline 0.017 -42"><span class='ocrx_word' id='word_1_382' title='bbox 1941 1555 2150 1612; x_wconf 83' lang='lat' dir='ltr'><strong>dixisti:</strong></span> <span class='ocrx_word' id='word_1_383' title='bbox 2183 1562 2302 1617; x_wconf 86' lang='lat' dir='ltr'><strong>Non</strong></span> <span class='ocrx_word' id='word_1_384' title='bbox 2332 1567 2409 1616; x_wconf 83' lang='lat' dir='ltr'><strong>est</strong></span> <span class='ocrx_word' id='word_1_385' title='bbox 2437 1565 2573 1619; x_wconf 82' lang='lat' dir='ltr'><strong>Deus</strong></span> <span class='ocrx_word' id='word_1_386' title='bbox 2598 1573 2947 1639; x_wconf 84' lang='lat' dir='ltr'><strong>mortuorum,</strong></span> <span class='ocrx_word' id='word_1_387' title='bbox 2976 1574 3071 1628; x_wconf 89' lang='lat' dir='ltr'><strong>sed</strong></span> <span class='ocrx_word' id='word_1_388' title='bbox 3097 1555 3342 1633; x_wconf 77' lang='lat' dir='ltr'><strong>vivOmm</strong></span> <span class='ocrx_word' id='word_1_389' title='bbox 3371 1582 3561 1650; x_wconf 81' lang='lat' dir='ltr'><strong>(Marc.</strong></span> 
     </span>
    </p>
   </div>
   <div class='ocr_carea' id='block_1_61' title="bbox 1939 1651 3566 1746">
    <p class='ocr_par' dir='ltr' id='par_1_61' title="bbox 1939 1651 3566 1746">
     <span class='ocr_line' id='line_1_61' title="bbox 1939 1651 3566 1746; baseline 0.019 -46"><span class='ocrx_word' id='word_1_390' title='bbox 1939 1664 2035 1715; x_wconf 82' lang='lat' dir='ltr'><strong>xu,</strong></span> <span class='ocrx_word' id='word_1_391' title='bbox 2069 1651 2177 1721; x_wconf 75' lang='lat'><strong>27),</strong></span> <span class='ocrx_word' id='word_1_392' title='bbox 2211 1667 2405 1709; x_wconf 90' lang='lat' dir='ltr'><strong>omnes</strong></span> <span class='ocrx_word' id='word_1_393' title='bbox 2435 1657 2583 1712; x_wconf 90' lang='lat' dir='ltr'><strong>enim</strong></span> <span class='ocrx_word' id='word_1_394' title='bbox 2618 1659 2718 1714; x_wconf 90' lang='lat' dir='ltr'><strong>tibi</strong></span> <span class='ocrx_word' id='word_1_395' title='bbox 2753 1661 2961 1733; x_wconf 89' lang='lat' dir='ltr'><strong>vivunt,</strong></span> <span class='ocrx_word' id='word_1_396' title='bbox 2985 1668 3078 1738; x_wconf 88' lang='lat' dir='ltr'><strong>qui</strong></span> <span class='ocrx_word' id='word_1_397' title='bbox 3109 1669 3246 1726; x_wconf 88' lang='lat' dir='ltr'><strong>vivis</strong></span> <span class='ocrx_word' id='word_1_398' title='bbox 3278 1679 3332 1728; x_wconf 89' lang='lat' dir='ltr'><strong>et</strong></span> <span class='ocrx_word' id='word_1_399' title='bbox 3364 1689 3566 1746; x_wconf 79' lang='lat' dir='ltr'><strong>regnas</strong></span> 
     </span>
    </p>
   </div>
   <div class='ocr_carea' id='block_1_62' title="bbox 1949 1737 2613 1802">
    <p class='ocr_par' dir='ltr' id='par_1_62' title="bbox 1949 1737 2613 1802">
     <span class='ocr_line' id='line_1_62' title="bbox 1949 1737 2613 1802; baseline 0.017 -11"><span class='ocrx_word' id='word_1_400' title='bbox 1949 1737 2002 1791; x_wconf 90' lang='lat' dir='ltr'><strong>in</strong></span> <span class='ocrx_word' id='word_1_401' title='bbox 2041 1741 2240 1796; x_wconf 70' lang='lat' dir='ltr'><strong>szecula</strong></span> <span class='ocrx_word' id='word_1_402' title='bbox 2262 1745 2613 1802; x_wconf 73' lang='lat' dir='ltr'><strong>saeculorum.</strong></span> 
     </span>
    </p>
   </div>
   <div class='ocr_carea' id='block_1_63' title="bbox 2546 1874 2970 1940">
    <p class='ocr_par' dir='ltr' id='par_1_63' title="bbox 2546 1874 2970 1940">
     <span class='ocr_line' id='line_1_63' title="bbox 2546 1874 2970 1940; baseline 0.024 -10"><span class='ocrx_word' id='word_1_403' title='bbox 2546 1874 2753 1934; x_wconf 84' lang='lat' dir='ltr'><strong>CAPUT</strong></span> <span class='ocrx_word' id='word_1_404' title='bbox 2795 1881 2970 1940; x_wconf 82' lang='lat' dir='ltr'><strong>XXIV.</strong></span> 
     </span>
    </p>
   </div>
   <div class='ocr_carea' id='block_1_64' title="bbox 2051 1969 3458 2060">
    <p class='ocr_par' dir='ltr' id='par_1_64' title="bbox 2051 1969 3458 2060">
     <span class='ocr_line' id='line_1_64' title="bbox 2051 1969 3458 2060; baseline 0.019 -40"><span class='ocrx_word' id='word_1_405' title='bbox 2051 1969 2126 2022; x_wconf 90' lang='lat' dir='ltr'><strong>De</strong></span> <span class='ocrx_word' id='word_1_406' title='bbox 2142 1971 2388 2026; x_wconf 82' lang='lat' dir='ltr'><strong>vindicta</strong></span> <span class='ocrx_word' id='word_1_407' title='bbox 2414 1976 2508 2028; x_wconf 87' lang='lat' dir='ltr'><strong>Dei</strong></span> <span class='ocrx_word' id='word_1_408' title='bbox 2536 1978 2594 2030; x_wconf 88' lang='lat' dir='ltr'><strong>in</strong></span> <span class='ocrx_word' id='word_1_409' title='bbox 2625 1979 2893 2035; x_wconf 85' lang='lat' dir='ltr'><strong>Dodonem</strong></span> <span class='ocrx_word' id='word_1_410' title='bbox 2928 1986 2976 2036; x_wconf 79' lang='lat' dir='ltr'><strong>et</strong></span> <span class='ocrx_word' id='word_1_411' title='bbox 3017 1987 3292 2055; x_wconf 84' lang='lat' dir='ltr'><strong>complices</strong></span> <span class='ocrx_word' id='word_1_412' title='bbox 3321 1991 3458 2060; x_wconf 84' lang='lat' dir='ltr'><strong>ejus.</strong></span> 
     </span>
    </p>
   </div>
   <div class='ocr_carea' id='block_1_65' title="bbox 2017 2101 3566 2196">
    <p class='ocr_par' dir='ltr' id='par_1_65' title="bbox 2017 2101 3566 2196">
     <span class='ocr_line' id='line_1_65' title="bbox 2017 2101 3566 2196; baseline 0.017 -41"><span class='ocrx_word' id='word_1_413' title='bbox 2017 2101 2168 2158; x_wconf 77' lang='lat' dir='ltr'><strong>Miles</strong></span> <span class='ocrx_word' id='word_1_414' title='bbox 2200 2105 2394 2161; x_wconf 89' lang='lat' dir='ltr'><strong>Christi</strong></span> <span class='ocrx_word' id='word_1_415' title='bbox 2455 2108 2730 2182; x_wconf 89' lang='lat' dir='ltr'><strong>gloriosus</strong></span> <span class='ocrx_word' id='word_1_416' title='bbox 2769 2112 3109 2185; x_wconf 90' lang='lat' dir='ltr'><strong>Lambertus,</strong></span> <span class='ocrx_word' id='word_1_417' title='bbox 3152 2129 3390 2191; x_wconf 89' lang='lat' dir='ltr'><strong>quantus</strong></span> <span class='ocrx_word' id='word_1_418' title='bbox 3421 2127 3566 2196; x_wconf 87' lang='lat' dir='ltr'><strong>apud</strong></span> 
     </span>
    </p>
   </div>
   <div class='ocr_carea' id='block_1_66' title="bbox 1947 2195 3570 2282">
    <p class='ocr_par' dir='ltr' id='par_1_66' title="bbox 1947 2195 3570 2282">
     <span class='ocr_line' id='line_1_66' title="bbox 1947 2195 3570 2282; baseline 0.017 -32"><span class='ocrx_word' id='word_1_419' title='bbox 1947 2195 2147 2272; x_wconf 85' lang='lat' dir='ltr'><strong>Regem</strong></span> <span class='ocrx_word' id='word_1_420' title='bbox 2183 2216 2371 2272; x_wconf 88' lang='lat' dir='ltr'><strong>regum</strong></span> <span class='ocrx_word' id='word_1_421' title='bbox 2415 2203 2470 2257; x_wconf 92' lang='lat' dir='ltr'><strong>in</strong></span> <span class='ocrx_word' id='word_1_422' title='bbox 2500 2205 2654 2260; x_wconf 76' lang='lat' dir='ltr'><strong>caelis</strong></span> <span class='ocrx_word' id='word_1_423' title='bbox 2703 2218 2869 2275; x_wconf 89' lang='lat' dir='ltr'><strong>esset,</strong></span> <span class='ocrx_word' id='word_1_424' title='bbox 2903 2213 3064 2282; x_wconf 74' lang='lat' dir='ltr'><strong>caspit</strong></span> <span class='ocrx_word' id='word_1_425' title='bbox 3103 2216 3281 2270; x_wconf 91' lang='lat' dir='ltr'><strong>statim</strong></span> <span class='ocrx_word' id='word_1_426' title='bbox 3317 2219 3371 2272; x_wconf 91' lang='lat' dir='ltr'><strong>in</strong></span> <span class='ocrx_word' id='word_1_427' title='bbox 3409 2222 3570 2277; x_wconf 86' lang='lat' dir='ltr'><strong>terris</strong></span> 
     </span>
    </p>
   </div>
   <div class='ocr_carea' id='block_1_67' title="bbox 1949 2285 3564 2378">
    <p class='ocr_par' dir='ltr' id='par_1_67' title="bbox 1949 2285 3564 2378">
     <span class='ocr_line' id='line_1_67' title="bbox 1949 2285 3564 2378; baseline 0.017 -40"><span class='ocrx_word' id='word_1_428' title='bbox 1949 2285 2282 2356; x_wconf 86' lang='lat' dir='ltr'><strong>patefacere,</strong></span> <span class='ocrx_word' id='word_1_429' title='bbox 2331 2307 2431 2361; x_wconf 91' lang='lat' dir='ltr'><strong>per</strong></span> <span class='ocrx_word' id='word_1_430' title='bbox 2462 2293 2564 2348; x_wconf 92' lang='lat' dir='ltr'><strong>hoc</strong></span> <span class='ocrx_word' id='word_1_431' title='bbox 2604 2297 2776 2351; x_wconf 91' lang='lat' dir='ltr'><strong>multo</strong></span> <span class='ocrx_word' id='word_1_432' title='bbox 2831 2298 3060 2368; x_wconf 90' lang='lat' dir='ltr'><strong>beatior,</strong></span> <span class='ocrx_word' id='word_1_433' title='bbox 3094 2306 3241 2375; x_wconf 90' lang='lat' dir='ltr'><strong>quod</strong></span> <span class='ocrx_word' id='word_1_434' title='bbox 3275 2324 3373 2377; x_wconf 90' lang='lat' dir='ltr'><strong>per</strong></span> <span class='ocrx_word' id='word_1_435' title='bbox 3415 2325 3564 2378; x_wconf 89' lang='lat' dir='ltr'><strong>eum,</strong></span> 
     </span>
    </p>
   </div>
   <div class='ocr_carea' id='block_1_68' title="bbox 1950 2377 3566 2454">
    <p class='ocr_par' dir='ltr' id='par_1_68' title="bbox 1950 2377 3566 2454">
     <span class='ocr_line' id='line_1_68' title="bbox 1950 2377 3566 2454; baseline 0.016 -25"><span class='ocrx_word' id='word_1_436' title='bbox 1950 2377 2113 2431; x_wconf 90' lang='lat' dir='ltr'><strong>etiam</strong></span> <span class='ocrx_word' id='word_1_437' title='bbox 2147 2387 2272 2450; x_wconf 89' lang='lat' dir='ltr'><strong>post</strong></span> <span class='ocrx_word' id='word_1_438' title='bbox 2302 2389 2558 2453; x_wconf 87' lang='lat' dir='ltr'><strong>mortem,</strong></span> <span class='ocrx_word' id='word_1_439' title='bbox 2584 2401 2786 2442; x_wconf 89' lang='lat' dir='ltr'><strong>nomen</strong></span> <span class='ocrx_word' id='word_1_440' title='bbox 2813 2389 3028 2445; x_wconf 91' lang='lat' dir='ltr'><strong>Domini</strong></span> <span class='ocrx_word' id='word_1_441' title='bbox 3050 2393 3482 2454; x_wconf 90' lang='lat' dir='ltr'><strong>benedieebatur</strong></span> <span class='ocrx_word' id='word_1_442' title='bbox 3511 2401 3566 2454; x_wconf 90' lang='lat' dir='ltr'><strong>in</strong></span> 
     </span>
    </p>
   </div>
   <div class='ocr_carea' id='block_1_69' title="bbox 1950 2470 2190 2540">
    <p class='ocr_par' dir='ltr' id='par_1_69' title="bbox 1950 2470 2190 2540">
     <span class='ocr_line' id='line_1_69' title="bbox 1950 2470 2190 2540; baseline 0.013 -17"><span class='ocrx_word' id='word_1_443' title='bbox 1950 2470 2190 2540; x_wconf 73' lang='lat' dir='ltr'><strong>pepuhs.</strong></span> 
     </span>
    </p>
   </div>
   <div class='ocr_carea' id='block_1_70' title="bbox 2021 2563 3566 2644">
    <p class='ocr_par' dir='ltr' id='par_1_70' title="bbox 2021 2563 3566 2644">
     <span class='ocr_line' id='line_1_70' title="bbox 2021 2563 3566 2644; baseline 0.014 -29"><span class='ocrx_word' id='word_1_444' title='bbox 2021 2563 2304 2633; x_wconf 88' lang='lat' dir='ltr'><strong>Apparens</strong></span> <span class='ocrx_word' id='word_1_445' title='bbox 2342 2566 2489 2621; x_wconf 91' lang='lat' dir='ltr'><strong>enim</strong></span> <span class='ocrx_word' id='word_1_446' title='bbox 2532 2576 2692 2625; x_wconf 89' lang='lat' dir='ltr'><strong>nocte</strong></span> <span class='ocrx_word' id='word_1_447' title='bbox 2723 2572 3084 2644; x_wconf 87' lang='lat' dir='ltr'><strong>thesaurario,</strong></span> <span class='ocrx_word' id='word_1_448' title='bbox 3119 2577 3343 2634; x_wconf 89' lang='lat' dir='ltr'><strong>nomine</strong></span> <span class='ocrx_word' id='word_1_449' title='bbox 3384 2581 3566 2637; x_wconf 91' lang='lat' dir='ltr'><strong>Amal-</strong></span> 
     </span>
    </p>
   </div>
   <div class='ocr_carea' id='block_1_71' title="bbox 1943 2653 3566 2742">
    <p class='ocr_par' dir='ltr' id='par_1_71' title="bbox 1943 2653 3566 2742">
     <span class='ocr_line' id='line_1_71' title="bbox 1943 2653 3566 2742; baseline 0.015 -36"><span class='ocrx_word' id='word_1_450' title='bbox 1943 2653 2123 2727; x_wconf 88' lang='lat' dir='ltr'><strong>gisilo,</strong></span> <span class='ocrx_word' id='word_1_451' title='bbox 2160 2656 2334 2723; x_wconf 90' lang='lat' dir='ltr'><strong>judici</strong></span> <span class='ocrx_word' id='word_1_452' title='bbox 2377 2659 2507 2713; x_wconf 91' lang='lat' dir='ltr'><strong>olim</strong></span> <span class='ocrx_word' id='word_1_453' title='bbox 2541 2677 2662 2729; x_wconf 89' lang='lat' dir='ltr'><strong>suo,</strong></span> <span class='ocrx_word' id='word_1_454' title='bbox 2710 2662 2915 2720; x_wconf 91' lang='lat' dir='ltr'><strong>blando</strong></span> <span class='ocrx_word' id='word_1_455' title='bbox 2965 2683 3088 2722; x_wconf 91' lang='lat' dir='ltr'><strong>eum</strong></span> <span class='ocrx_word' id='word_1_456' title='bbox 3124 2669 3366 2742; x_wconf 89' lang='lat' dir='ltr'><strong>alloquio</strong></span> <span class='ocrx_word' id='word_1_457' title='bbox 3409 2689 3566 2729; x_wconf 92' lang='lat' dir='ltr'><strong>com-</strong></span> 
     </span>
    </p>
   </div>
   <div class='ocr_carea' id='block_1_72' title="bbox 1945 2743 3561 2818">
    <p class='ocr_par' dir='ltr' id='par_1_72' title="bbox 1945 2743 3561 2818">
     <span class='ocr_line' id='line_1_72' title="bbox 1945 2743 3561 2818; baseline 0.014 -22"><span class='ocrx_word' id='word_1_458' title='bbox 1945 2743 2183 2812; x_wconf 92' lang='lat' dir='ltr'><strong>pellabat</strong></span> <span class='ocrx_word' id='word_1_459' title='bbox 2235 2746 2359 2812; x_wconf 79' lang='lat' dir='ltr'><strong>Qui,</strong></span> <span class='ocrx_word' id='word_1_460' title='bbox 2393 2748 2461 2803; x_wconf 92' lang='lat' dir='ltr'><strong>de</strong></span> <span class='ocrx_word' id='word_1_461' title='bbox 2492 2765 2654 2806; x_wconf 89' lang='lat' dir='ltr'><strong>causa</strong></span> <span class='ocrx_word' id='word_1_462' title='bbox 2698 2752 2968 2809; x_wconf 88' lang='lat' dir='ltr'><strong>adventus</strong></span> <span class='ocrx_word' id='word_1_463' title='bbox 3007 2757 3091 2811; x_wconf 92' lang='lat' dir='ltr'><strong>sui</strong></span> <span class='ocrx_word' id='word_1_464' title='bbox 3119 2758 3187 2810; x_wconf 90' lang='lat' dir='ltr'><strong>ab</strong></span> <span class='ocrx_word' id='word_1_465' title='bbox 3219 2760 3414 2815; x_wconf 92' lang='lat' dir='ltr'><strong>eodem</strong></span> <span class='ocrx_word' id='word_1_466' title='bbox 3447 2763 3561 2818; x_wconf 88' lang='lat' dir='ltr'><strong>viro</strong></span> 
     </span>
    </p>
   </div>
   <div class='ocr_carea' id='block_1_73' title="bbox 1945 2832 3559 2920">
    <p class='ocr_par' dir='ltr' id='par_1_73' title="bbox 1945 2832 3559 2920">
     <span class='ocr_line' id='line_1_73' title="bbox 1945 2832 3559 2920; baseline 0.015 -35"><span class='ocrx_word' id='word_1_467' title='bbox 1945 2832 2240 2906; x_wconf 87' lang='lat' dir='ltr'><strong>diligenter</strong></span> <span class='ocrx_word' id='word_1_468' title='bbox 2293 2837 2632 2909; x_wconf 91' lang='lat' dir='ltr'><strong>inquisitus,</strong></span> <span class='ocrx_word' id='word_1_469' title='bbox 2704 2843 2971 2912; x_wconf 89' lang='lat' dir='ltr'><strong>Romam,</strong></span> <span class='ocrx_word' id='word_1_470' title='bbox 3032 2846 3236 2920; x_wconf 88' lang='lat' dir='ltr'><strong>inquit,</strong></span> <span class='ocrx_word' id='word_1_471' title='bbox 3318 2852 3559 2919; x_wconf 89' lang='lat' dir='ltr'><strong>ivimus,</strong></span> 
     </span>
    </p>
   </div>
   <div class='ocr_carea' id='block_1_74' title="bbox 1947 2925 3565 3016">
    <p class='ocr_par' dir='ltr' id='par_1_74' title="bbox 1947 2925 3565 3016">
     <span class='ocr_line' id='line_1_74' title="bbox 1947 2925 3565 3016; baseline 0.012 -36"><span class='ocrx_word' id='word_1_472' title='bbox 1947 2925 2115 2982; x_wconf 85' lang='lat' dir='ltr'><strong>Roma</strong></span> <span class='ocrx_word' id='word_1_473' title='bbox 2148 2944 2275 2984; x_wconf 89' lang='lat' dir='ltr'><strong>ecce</strong></span> <span class='ocrx_word' id='word_1_474' title='bbox 2304 2931 2570 2998; x_wconf 90' lang='lat' dir='ltr'><strong>redimus,</strong></span> <span class='ocrx_word' id='word_1_475' title='bbox 2603 2934 2873 2990; x_wconf 91' lang='lat' dir='ltr'><strong>visitaturi</strong></span> <span class='ocrx_word' id='word_1_476' title='bbox 2921 2938 3204 2994; x_wconf 87' lang='lat' dir='ltr'><strong>Dodonem</strong></span> <span class='ocrx_word' id='word_1_477' title='bbox 3245 2948 3298 2996; x_wconf 91' lang='lat' dir='ltr'><strong>et</strong></span> <span class='ocrx_word' id='word_1_478' title='bbox 3329 2944 3565 3016; x_wconf 92' lang='lat' dir='ltr'><strong>compli-</strong></span> 
     </span>
    </p>
   </div>
   <div class='ocr_carea' id='block_1_75' title="bbox 1944 3018 3562 3103">
    <p class='ocr_par' dir='ltr' id='par_1_75' title="bbox 1944 3018 3562 3103">
     <span class='ocr_line' id='line_1_75' title="bbox 1944 3018 3562 3103; baseline 0.013 -34"><span class='ocrx_word' id='word_1_479' title='bbox 1944 3031 2038 3070; x_wconf 89' lang='lat' dir='ltr'><strong>ees</strong></span> <span class='ocrx_word' id='word_1_480' title='bbox 2077 3018 2234 3087; x_wconf 89' lang='lat' dir='ltr'><strong>ejus;</strong></span> <span class='ocrx_word' id='word_1_481' title='bbox 2295 3021 2520 3091; x_wconf 80' lang='lat' dir='ltr'><strong>sanguis</strong></span> <span class='ocrx_word' id='word_1_482' title='bbox 2551 3023 2698 3077; x_wconf 92' lang='lat' dir='ltr'><strong>enim</strong></span> <span class='ocrx_word' id='word_1_483' title='bbox 2755 3025 3158 3096; x_wconf 87' lang='lat' dir='ltr'><strong>innocentium,</strong></span> <span class='ocrx_word' id='word_1_484' title='bbox 3191 3033 3283 3103; x_wconf 91' lang='lat' dir='ltr'><strong>qui</strong></span> <span class='ocrx_word' id='word_1_485' title='bbox 3341 3049 3562 3089; x_wconf 89' lang='lat' dir='ltr'><strong>mecum</strong></span> 
     </span>
    </p>
   </div>
   <div class='ocr_carea' id='block_1_76' title="bbox 1948 3102 3564 3194">
    <p class='ocr_par' dir='ltr' id='par_1_76' title="bbox 1948 3102 3564 3194">
     <span class='ocr_line' id='line_1_76' title="bbox 1948 3102 3564 3194; baseline 0.014 -37"><span class='ocrx_word' id='word_1_486' title='bbox 1948 3102 2160 3161; x_wconf 88' lang='lat' dir='ltr'><strong>Christo</strong></span> <span class='ocrx_word' id='word_1_487' title='bbox 2227 3124 2395 3179; x_wconf 88' lang='lat' dir='ltr'><strong>super</strong></span> <span class='ocrx_word' id='word_1_488' title='bbox 2451 3118 2648 3166; x_wconf 89' lang='lat' dir='ltr'><strong>terram</strong></span> <span class='ocrx_word' id='word_1_489' title='bbox 2705 3113 2912 3169; x_wconf 73' lang='lat' dir='ltr'><strong>effusus</strong></span> <span class='ocrx_word' id='word_1_490' title='bbox 2968 3125 3072 3185; x_wconf 89' lang='lat' dir='ltr'><strong>est,</strong></span> <span class='ocrx_word' id='word_1_491' title='bbox 3127 3102 3466 3194; x_wconf 89' lang='lat' dir='ltr'><strong>jamjamque</strong></span> <span class='ocrx_word' id='word_1_492' title='bbox 3533 3141 3564 3180; x_wconf 86' lang='lat' dir='ltr'><strong>a</strong></span> 
     </span>
    </p>
   </div>
   <div class='ocr_carea' id='block_1_77' title="bbox 1946 3194 3566 3286">
    <p class='ocr_par' dir='ltr' id='par_1_77' title="bbox 1946 3194 3566 3286">
     <span class='ocr_line' id='line_1_77' title="bbox 1946 3194 3566 3286; baseline 0.012 -38"><span class='ocrx_word' id='word_1_493' title='bbox 1946 3194 2057 3250; x_wconf 91' lang='lat' dir='ltr'><strong>Deo</strong></span> <span class='ocrx_word' id='word_1_494' title='bbox 2088 3199 2296 3267; x_wconf 73' lang='lat' dir='ltr'><strong>expetit</strong></span> <span class='ocrx_word' id='word_1_495' title='bbox 2324 3200 2644 3266; x_wconf 90' lang='lat' dir='ltr'><strong>vindictam,</strong></span> <span class='ocrx_word' id='word_1_496' title='bbox 2675 3219 2779 3257; x_wconf 93' lang='lat' dir='ltr'><strong>nec</strong></span> <span class='ocrx_word' id='word_1_497' title='bbox 2807 3220 2961 3259; x_wconf 90' lang='lat' dir='ltr'><strong>suam</strong></span> <span class='ocrx_word' id='word_1_498' title='bbox 2996 3207 3138 3262; x_wconf 90' lang='lat' dir='ltr'><strong>Deus</strong></span> <span class='ocrx_word' id='word_1_499' title='bbox 3191 3210 3259 3264; x_wconf 90' lang='lat' dir='ltr'><strong>ab</strong></span> <span class='ocrx_word' id='word_1_500' title='bbox 3311 3212 3391 3266; x_wconf 91' lang='lat' dir='ltr'><strong>eis</strong></span> <span class='ocrx_word' id='word_1_501' title='bbox 3436 3230 3566 3286; x_wconf 91' lang='lat' dir='ltr'><strong>gra-</strong></span> 
     </span>
    </p>
   </div>
   <div class='ocr_carea' id='block_1_78' title="bbox 1947 3279 3564 3378">
    <p class='ocr_par' dir='ltr' id='par_1_78' title="bbox 1947 3279 3564 3378">
     <span class='ocr_line' id='line_1_78' title="bbox 1947 3279 3564 3378; baseline 0.013 -35"><span class='ocrx_word' id='word_1_502' title='bbox 1947 3288 2079 3344; x_wconf 89' lang='lat' dir='ltr'><strong>tiam</strong></span> <span class='ocrx_word' id='word_1_503' title='bbox 2119 3292 2414 3367; x_wconf 88' lang='lat' dir='ltr'><strong>elongavit.</strong></span> <span class='ocrx_word' id='word_1_504' title='bbox 2459 3279 2766 3365; x_wconf 82' lang='lat' dir='ltr'><strong>Hisdietis,</strong></span> <span class='ocrx_word' id='word_1_505' title='bbox 2815 3299 3083 3370; x_wconf 83' lang='lat' dir='ltr'><strong>disparui,</strong></span> <span class='ocrx_word' id='word_1_506' title='bbox 3129 3305 3226 3359; x_wconf 91' lang='lat' dir='ltr'><strong>sed</strong></span> <span class='ocrx_word' id='word_1_507' title='bbox 3268 3306 3399 3378; x_wconf 88' lang='lat' dir='ltr'><strong>quia</strong></span> <span class='ocrx_word' id='word_1_508' title='bbox 3426 3308 3564 3364; x_wconf 82' lang='lat' dir='ltr'><strong>visio</strong></span> 
     </span>
    </p>
   </div>
   <div class='ocr_carea' id='block_1_79' title="bbox 1948 3380 3242 3453">
    <p class='ocr_par' dir='ltr' id='par_1_79' title="bbox 1948 3380 3242 3453">
     <span class='ocr_line' id='line_1_79' title="bbox 1948 3380 3242 3453; baseline 0.014 -21"><span class='ocrx_word' id='word_1_509' title='bbox 1948 3394 2056 3435; x_wconf 90' lang='lat' dir='ltr'><strong>non</strong></span> <span class='ocrx_word' id='word_1_510' title='bbox 2089 3380 2188 3436; x_wconf 89' lang='lat' dir='ltr'><strong>fuit</strong></span> <span class='ocrx_word' id='word_1_511' title='bbox 2219 3384 2582 3453; x_wconf 88' lang='lat' dir='ltr'><strong>phantastica,</strong></span> <span class='ocrx_word' id='word_1_512' title='bbox 2616 3403 2795 3442; x_wconf 90' lang='lat' dir='ltr'><strong>rerum</strong></span> <span class='ocrx_word' id='word_1_513' title='bbox 2827 3391 3006 3446; x_wconf 89' lang='lat' dir='ltr'><strong>exitus</strong></span> <span class='ocrx_word' id='word_1_514' title='bbox 3033 3393 3242 3451; x_wconf 90' lang='lat' dir='ltr'><strong>docuit.</strong></span> 
     </span>
    </p>
   </div>
   <div class='ocr_carea' id='block_1_80' title="bbox 1952 3471 3561 3558">
    <p class='ocr_par' dir='ltr' id='par_1_80' title="bbox 1952 3471 3561 3558">
     <span class='ocr_line' id='line_1_80' title="bbox 1952 3471 3561 3558; baseline 0.016 -33"><span class='ocrx_word' id='word_1_515' title='bbox 1952 3494 1974 3511; x_wconf 69' lang='grc' dir='ltr'><strong>ο</strong></span> <span class='ocrx_word' id='word_1_516' title='bbox 2017 3471 2169 3528; x_wconf 92' lang='lat' dir='ltr'><strong>Dodo</strong></span> <span class='ocrx_word' id='word_1_517' title='bbox 2202 3490 2399 3546; x_wconf 90' lang='lat' dir='ltr'><strong>nempe</strong></span> <span class='ocrx_word' id='word_1_518' title='bbox 2440 3479 2614 3534; x_wconf 90' lang='lat' dir='ltr'><strong>sancti</strong></span> <span class='ocrx_word' id='word_1_519' title='bbox 2667 3481 2925 3537; x_wconf 90' lang='lat' dir='ltr'><strong>antistitis</strong></span> <span class='ocrx_word' id='word_1_520' title='bbox 2972 3483 3312 3558; x_wconf 87' lang='lat' dir='ltr'><strong>interfector,</strong></span> <span class='ocrx_word' id='word_1_521' title='bbox 3380 3495 3561 3548; x_wconf 91' lang='lat' dir='ltr'><strong>statim</strong></span> 
     </span>
    </p>
   </div>
   <div class='ocr_carea' id='block_1_81' title="bbox 1951 3562 3565 3658">
    <p class='ocr_par' dir='ltr' id='par_1_81' title="bbox 1951 3562 3565 3658">
     <span class='ocr_line' id='line_1_81' title="bbox 1951 3562 3565 3658; baseline 0.017 -42"><span class='ocrx_word' id='word_1_522' title='bbox 1951 3562 2178 3619; x_wconf 89' lang='lat' dir='ltr'><strong>incurrit</strong></span> <span class='ocrx_word' id='word_1_523' title='bbox 2205 3565 2340 3621; x_wconf 85' lang='lat' dir='ltr'><strong>iram</strong></span> <span class='ocrx_word' id='word_1_524' title='bbox 2364 3568 2564 3624; x_wconf 81' lang='lat' dir='ltr'><strong>divinae</strong></span> <span class='ocrx_word' id='word_1_525' title='bbox 2605 3571 2853 3642; x_wconf 90' lang='lat' dir='ltr'><strong>ultionis,</strong></span> <span class='ocrx_word' id='word_1_526' title='bbox 2895 3585 2951 3632; x_wconf 94' lang='lat' dir='ltr'><strong>et</strong></span> <span class='ocrx_word' id='word_1_527' title='bbox 2988 3579 3174 3634; x_wconf 92' lang='lat' dir='ltr'><strong>omnia</strong></span> <span class='ocrx_word' id='word_1_528' title='bbox 3207 3581 3424 3640; x_wconf 90' lang='lat' dir='ltr'><strong>intralia</strong></span> <span class='ocrx_word' id='word_1_529' title='bbox 3459 3604 3565 3658; x_wconf 84' lang='lat' dir='ltr'><strong>pu-</strong></span> 
     </span>
    </p>
   </div>
   <div class='ocr_carea' id='block_1_82' title="bbox 1951 3657 3565 3742">
    <p class='ocr_par' dir='ltr' id='par_1_82' title="bbox 1951 3657 3565 3742">
     <span class='ocr_line' id='line_1_82' title="bbox 1951 3657 3565 3742; baseline 0.015 -31"><span class='ocrx_word' id='word_1_530' title='bbox 1951 3657 2176 3713; x_wconf 88' lang='lat' dir='ltr'><strong>trefacta</strong></span> <span class='ocrx_word' id='word_1_531' title='bbox 2221 3667 2274 3714; x_wconf 89' lang='lat' dir='ltr'><strong>et</strong></span> <span class='ocrx_word' id='word_1_532' title='bbox 2310 3661 2498 3728; x_wconf 88' lang='lat' dir='ltr'><strong>fetida,</strong></span> <span class='ocrx_word' id='word_1_533' title='bbox 2543 3680 2642 3733; x_wconf 93' lang='lat' dir='ltr'><strong>per</strong></span> <span class='ocrx_word' id='word_1_534' title='bbox 2680 3681 2742 3720; x_wconf 93' lang='lat' dir='ltr'><strong>os</strong></span> <span class='ocrx_word' id='word_1_535' title='bbox 2797 3684 2957 3723; x_wconf 89' lang='lat' dir='ltr'><strong>suum</strong></span> <span class='ocrx_word' id='word_1_536' title='bbox 3005 3674 3325 3742; x_wconf 90' lang='lat' dir='ltr'><strong>projiciens,</strong></span> <span class='ocrx_word' id='word_1_537' title='bbox 3377 3657 3565 3735; x_wconf 84' lang='lat' dir='ltr'><strong>osten-</strong></span> 
     </span>
    </p>
   </div>
   <div class='ocr_carea' id='block_1_83' title="bbox 1951 3745 3559 3830">
    <p class='ocr_par' dir='ltr' id='par_1_83' title="bbox 1951 3745 3559 3830">
     <span class='ocr_line' id='line_1_83' title="bbox 1951 3745 3559 3830; baseline 0.016 -31"><span class='ocrx_word' id='word_1_538' title='bbox 1951 3745 2035 3800; x_wconf 88' lang='lat' dir='ltr'><strong>dit</strong></span> <span class='ocrx_word' id='word_1_539' title='bbox 2085 3747 2343 3803; x_wconf 90' lang='lat' dir='ltr'><strong>omnibus</strong></span> <span class='ocrx_word' id='word_1_540' title='bbox 2387 3749 2765 3808; x_wconf 88' lang='lat' dir='ltr'><strong>infelicitatem</strong></span> <span class='ocrx_word' id='word_1_541' title='bbox 2816 3772 2990 3823; x_wconf 91' lang='lat' dir='ltr'><strong>suam,</strong></span> <span class='ocrx_word' id='word_1_542' title='bbox 3043 3777 3142 3830; x_wconf 86' lang='lat' dir='ltr'><strong>per</strong></span> <span class='ocrx_word' id='word_1_543' title='bbox 3189 3764 3559 3823; x_wconf 90' lang='lat' dir='ltr'><strong>miserabilem</strong></span> 
     </span>
    </p>
   </div>
   <div class='ocr_carea' id='block_1_84' title="bbox 1950 3835 3559 3925">
    <p class='ocr_par' dir='ltr' id='par_1_84' title="bbox 1950 3835 3559 3925">
     <span class='ocr_line' id='line_1_84' title="bbox 1950 3835 3559 3925; baseline 0.014 -36"><span class='ocrx_word' id='word_1_544' title='bbox 1950 3835 2073 3892; x_wconf 64' lang='lat' dir='ltr'><strong>vitae</strong></span> <span class='ocrx_word' id='word_1_545' title='bbox 2105 3837 2332 3906; x_wconf 88' lang='lat' dir='ltr'><strong>exitum,</strong></span> <span class='ocrx_word' id='word_1_546' title='bbox 2365 3846 2419 3895; x_wconf 93' lang='lat' dir='ltr'><strong>et</strong></span> <span class='ocrx_word' id='word_1_547' title='bbox 2459 3840 2554 3912; x_wconf 89' lang='lat' dir='ltr'><strong>qui</strong></span> <span class='ocrx_word' id='word_1_548' title='bbox 2595 3842 2683 3897; x_wconf 90' lang='lat' dir='ltr'><strong>hic</strong></span> <span class='ocrx_word' id='word_1_549' title='bbox 2722 3860 2924 3915; x_wconf 90' lang='lat' dir='ltr'><strong>pompa</strong></span> <span class='ocrx_word' id='word_1_550' title='bbox 2975 3849 3161 3903; x_wconf 54' lang='lat' dir='ltr'><strong>saeculi</strong></span> <span class='ocrx_word' id='word_1_551' title='bbox 3217 3853 3420 3910; x_wconf 89' lang='lat' dir='ltr'><strong>abusus</strong></span> <span class='ocrx_word' id='word_1_552' title='bbox 3458 3864 3559 3925; x_wconf 90' lang='lat' dir='ltr'><strong>est,</strong></span> 
     </span>
    </p>
   </div>
   <div class='ocr_carea' id='block_1_85' title="bbox 1945 3927 3564 4013">
    <p class='ocr_par' dir='ltr' id='par_1_85' title="bbox 1945 3927 3564 4013">
     <span class='ocr_line' id='line_1_85' title="bbox 1945 3927 3564 4013; baseline 0.015 -33"><span class='ocrx_word' id='word_1_553' title='bbox 1945 3927 2240 3998; x_wconf 89' lang='lat' dir='ltr'><strong>deputatus</strong></span> <span class='ocrx_word' id='word_1_554' title='bbox 2267 3937 2350 3985; x_wconf 91' lang='lat' dir='ltr'><strong>est</strong></span> <span class='ocrx_word' id='word_1_555' title='bbox 2377 3932 2432 3985; x_wconf 93' lang='lat' dir='ltr'><strong>in</strong></span> <span class='ocrx_word' id='word_1_556' title='bbox 2457 3933 2672 3989; x_wconf 90' lang='lat' dir='ltr'><strong>inferno</strong></span> <span class='ocrx_word' id='word_1_557' title='bbox 2691 3935 2807 4009; x_wconf 89' lang='lat' dir='ltr'><strong>igni</strong></span> <span class='ocrx_word' id='word_1_558' title='bbox 2830 3937 3287 4013; x_wconf 83' lang='lat' dir='ltr'><strong>inexstinguibili,</strong></span> <span class='ocrx_word' id='word_1_559' title='bbox 3321 3955 3375 4001; x_wconf 94' lang='lat' dir='ltr'><strong>et</strong></span> <span class='ocrx_word' id='word_1_560' title='bbox 3394 3952 3564 4003; x_wconf 83' lang='lat' dir='ltr'><strong>vermi</strong></span> 
     </span>
    </p>
   </div>
   <div class='ocr_carea' id='block_1_86' title="bbox 1942 4027 3560 4111">
    <p class='ocr_par' dir='ltr' id='par_1_86' title="bbox 1942 4027 3560 4111">
     <span class='ocr_line' id='line_1_86' title="bbox 1942 4027 3560 4111; baseline 0.011 -35"><span class='ocrx_word' id='word_1_561' title='bbox 1942 4038 2046 4077; x_wconf 79' lang='lat' dir='ltr'><strong>non</strong></span> <span class='ocrx_word' id='word_1_562' title='bbox 2109 4027 2363 4080; x_wconf 83' lang='lat' dir='ltr'><strong>morienti</strong></span> <span class='ocrx_word' id='word_1_563' title='bbox 2424 4029 2546 4094; x_wconf 86' lang='lat' dir='ltr'><strong>(Isa.</strong></span> <span class='ocrx_word' id='word_1_564' title='bbox 2593 4045 2734 4096; x_wconf 80' lang='lat' dir='ltr'><strong>var,</strong></span> <span class='ocrx_word' id='word_1_565' title='bbox 2789 4030 2896 4092; x_wconf 72' lang='lat' dir='ltr'><strong>2t).</strong></span> <span class='ocrx_word' id='word_1_566' title='bbox 2952 4033 3137 4088; x_wconf 81' lang='lat' dir='ltr'><strong>Fertur</strong></span> <span class='ocrx_word' id='word_1_567' title='bbox 3182 4036 3342 4092; x_wconf 90' lang='lat' dir='ltr'><strong>etiam</strong></span> <span class='ocrx_word' id='word_1_568' title='bbox 3412 4041 3560 4111; x_wconf 91' lang='lat' dir='ltr'><strong>quod</strong></span> 
     </span>
    </p>
   </div>
   <div class='ocr_carea' id='block_1_87' title="bbox 1946 4117 3559 4199">
    <p class='ocr_par' dir='ltr' id='par_1_87' title="bbox 1946 4117 3559 4199">
     <span class='ocr_line' id='line_1_87' title="bbox 1946 4117 3559 4199; baseline 0.012 -31"><span class='ocrx_word' id='word_1_569' title='bbox 1946 4123 2167 4186; x_wconf 91' lang='lat' dir='ltr'><strong>prepter</strong></span> <span class='ocrx_word' id='word_1_570' title='bbox 2196 4117 2604 4174; x_wconf 88' lang='lat' dir='ltr'><strong>intolerantiam</strong></span> <span class='ocrx_word' id='word_1_571' title='bbox 2656 4121 2810 4177; x_wconf 90' lang='lat' dir='ltr'><strong>nimii</strong></span> <span class='ocrx_word' id='word_1_572' title='bbox 2853 4123 3062 4191; x_wconf 90' lang='lat' dir='ltr'><strong>fetoris,</strong></span> <span class='ocrx_word' id='word_1_573' title='bbox 3104 4142 3302 4198; x_wconf 89' lang='lat' dir='ltr'><strong>corpus</strong></span> <span class='ocrx_word' id='word_1_574' title='bbox 3343 4131 3464 4199; x_wconf 89' lang='lat' dir='ltr'><strong>ejus</strong></span> <span class='ocrx_word' id='word_1_575' title='bbox 3504 4133 3559 4186; x_wconf 90' lang='lat' dir='ltr'><strong>in</strong></span> 
     </span>
    </p>
   </div>
   <div class='ocr_carea' id='block_1_88' title="bbox 1943 4203 3560 4280">
    <p class='ocr_par' dir='ltr' id='par_1_88' title="bbox 1943 4203 3560 4280">
     <span class='ocr_line' id='line_1_88' title="bbox 1943 4203 3560 4280; baseline 0.011 -23"><span class='ocrx_word' id='word_1_576' title='bbox 1943 4203 2170 4259; x_wconf 87' lang='lat' dir='ltr'><strong>fluvium</strong></span> <span class='ocrx_word' id='word_1_577' title='bbox 2210 4205 2414 4262; x_wconf 81' lang='lat' dir='ltr'><strong>Mosam</strong></span> <span class='ocrx_word' id='word_1_578' title='bbox 2480 4210 2811 4280; x_wconf 90' lang='lat' dir='ltr'><strong>projectum,</strong></span> <span class='ocrx_word' id='word_1_579' title='bbox 2860 4213 2931 4267; x_wconf 91' lang='lat' dir='ltr'><strong>sit</strong></span> <span class='ocrx_word' id='word_1_580' title='bbox 2987 4215 3265 4271; x_wconf 87' lang='lat' dir='ltr'><strong>vermibus</strong></span> <span class='ocrx_word' id='word_1_581' title='bbox 3323 4226 3376 4274; x_wconf 90' lang='lat' dir='ltr'><strong>et</strong></span> <span class='ocrx_word' id='word_1_582' title='bbox 3435 4221 3560 4275; x_wconf 90' lang='lat' dir='ltr'><strong>tabe</strong></span> 
     </span>
    </p>
   </div>
   <div class='ocr_carea' id='block_1_89' title="bbox 1942 4301 3560 4384">
    <p class='ocr_par' dir='ltr' id='par_1_89' title="bbox 1942 4301 3560 4384">
     <span class='ocr_line' id='line_1_89' title="bbox 1942 4301 3560 4384; baseline 0.008 -32"><span class='ocrx_word' id='word_1_583' title='bbox 1942 4307 2295 4368; x_wconf 91' lang='lat' dir='ltr'><strong>corruptum;</strong></span> <span class='ocrx_word' id='word_1_584' title='bbox 2357 4317 2459 4356; x_wconf 92' lang='lat' dir='ltr'><strong>nec</strong></span> <span class='ocrx_word' id='word_1_585' title='bbox 2500 4301 2664 4356; x_wconf 89' lang='lat' dir='ltr'><strong>aliam</strong></span> <span class='ocrx_word' id='word_1_586' title='bbox 2721 4305 3058 4376; x_wconf 89' lang='lat' dir='ltr'><strong>sepulturam</strong></span> <span class='ocrx_word' id='word_1_587' title='bbox 3119 4311 3400 4377; x_wconf 83' lang='lat' dir='ltr'><strong>meruerit,</strong></span> <span class='ocrx_word' id='word_1_588' title='bbox 3466 4313 3560 4384; x_wconf 91' lang='lat' dir='ltr'><strong>qui</strong></span> 
     </span>
    </p>
   </div>
   <div class='ocr_carea' id='block_1_90' title="bbox 1943 4387 3452 4468">
    <p class='ocr_par' dir='ltr' id='par_1_90' title="bbox 1943 4387 3452 4468">
     <span class='ocr_line' id='line_1_90' title="bbox 1943 4387 3452 4468; baseline 0.011 -27"><span class='ocrx_word' id='word_1_589' title='bbox 1943 4387 2314 4444; x_wconf 89' lang='lat' dir='ltr'><strong>miserabilem</strong></span> <span class='ocrx_word' id='word_1_590' title='bbox 2349 4393 2482 4447; x_wconf 88' lang='lat' dir='ltr'><strong>tanti</strong></span> <span class='ocrx_word' id='word_1_591' title='bbox 2513 4393 2761 4450; x_wconf 89' lang='lat' dir='ltr'><strong>criminis</strong></span> <span class='ocrx_word' id='word_1_592' title='bbox 2791 4397 3080 4468; x_wconf 89' lang='lat' dir='ltr'><strong>acquisivit</strong></span> <span class='ocrx_word' id='word_1_593' title='bbox 3106 4401 3452 4459; x_wconf 90' lang='lat' dir='ltr'><strong>memoriam.</strong></span> 
     </span>
    </p>
   </div>
   <div class='ocr_carea' id='block_1_91' title="bbox 295 4477 3560 4574">
    <p class='ocr_par' dir='ltr' id='par_1_91' title="bbox 295 4477 3560 4574">
     <span class='ocr_line' id='line_1_91' title="bbox 295 4477 3560 4574; baseline 0.009 -28"><span class='ocrx_word' id='word_1_594' title='bbox 295 4492 501 4549; x_wconf 89' lang='lat' dir='ltr'><strong>Tantus</strong></span> <span class='ocrx_word' id='word_1_595' title='bbox 554 4503 738 4552; x_wconf 90' lang='lat' dir='ltr'><strong>autem</strong></span> <span class='ocrx_word' id='word_1_596' title='bbox 787 4499 952 4554; x_wconf 91' lang='lat' dir='ltr'><strong>timor</strong></span> <span class='ocrx_word' id='word_1_597' title='bbox 981 4499 1363 4572; x_wconf 89' lang='lat' dir='ltr'><strong>Trajectenses</strong></span> <span class='ocrx_word' id='word_1_598' title='bbox 1415 4520 1514 4574; x_wconf 90' lang='lat' dir='ltr'><strong>pro</strong></span> <span class='ocrx_word' id='word_1_599' title='bbox 1560 4505 1726 4574; x_wconf 89' lang='lat' dir='ltr'><strong>hujus</strong></span> <span class='ocrx_word' id='word_1_600' title='bbox 1771 4477 1978 4574; x_wconf 79' lang='lat' dir='ltr'><strong>re1D_</strong></span> <span class='ocrx_word' id='word_1_601' title='bbox 2023 4477 2235 4574; x_wconf 54' lang='grc' dir='ltr'><strong>Ροάοξυ</strong></span> <span class='ocrx_word' id='word_1_602' title='bbox 2289 4497 2344 4534; x_wconf 75' lang='lat' dir='ltr'><strong>m</strong></span> <span class='ocrx_word' id='word_1_603' title='bbox 2377 4496 2608 4574; x_wconf 40' lang='lat' dir='ltr'><strong>c&#39;j&#39;mmc</strong></span> <span class='ocrx_word' id='word_1_604' title='bbox 2649 4486 2956 4555; x_wconf 49' lang='lat' dir='ltr'><strong>wquandus</strong></span> <span class='ocrx_word' id='word_1_605' title='bbox 3003 4487 3115 4553; x_wconf 60' lang='lat'>1110’</span> <span class='ocrx_word' id='word_1_606' title='bbox 3162 4504 3255 4558; x_wconf 71' lang='lat' dir='ltr'><strong>qm</strong></span> <span class='ocrx_word' id='word_1_607' title='bbox 3313 4497 3560 4547; x_wconf 52' lang='lat' dir='ltr'><strong>sanetum</strong></span> 
     </span>
    </p>
   </div>
   <div class='ocr_carea' id='block_1_92' title="bbox 225 4582 1848 4668">
    <p class='ocr_par' dir='ltr' id='par_1_92' title="bbox 225 4582 1848 4668">
     <span class='ocr_line' id='line_1_92' title="bbox 225 4582 1848 4668; baseline 0.009 -32"><span class='ocrx_word' id='word_1_608' title='bbox 225 4582 528 4640; x_wconf 88' lang='lat' dir='ltr'><strong>acerbitate</strong></span> <span class='ocrx_word' id='word_1_609' title='bbox 553 4585 859 4643; x_wconf 89' lang='lat' dir='ltr'><strong>incesserat</strong></span> <span class='ocrx_word' id='word_1_610' title='bbox 887 4597 950 4643; x_wconf 88' lang='lat' dir='ltr'><strong>ut</strong></span> <span class='ocrx_word' id='word_1_611' title='bbox 980 4605 1084 4645; x_wconf 90' lang='lat' dir='ltr'><strong>nec</strong></span> <span class='ocrx_word' id='word_1_612' title='bbox 1097 4591 1440 4647; x_wconf 91' lang='lat' dir='ltr'><strong>mausoleum</strong></span> <span class='ocrx_word' id='word_1_613' title='bbox 1459 4593 1689 4668; x_wconf 88' lang='lat' dir='ltr'><strong>dignum</strong></span> <span class='ocrx_word' id='word_1_614' title='bbox 1713 4596 1848 4650; x_wconf 89' lang='lat' dir='ltr'><strong>tanti</strong></span> 
     </span>
    </p>
   </div>
   <div class='ocr_carea' id='block_1_93' title="bbox 227 4673 1850 4755">
    <p class='ocr_par' dir='ltr' id='par_1_93' title="bbox 227 4673 1850 4755">
     <span class='ocr_line' id='line_1_93' title="bbox 227 4673 1850 4755; baseline 0.009 -27"><span class='ocrx_word' id='word_1_615' title='bbox 227 4673 472 4730; x_wconf 89' lang='lat' dir='ltr'><strong>nominis</strong></span> <span class='ocrx_word' id='word_1_616' title='bbox 495 4675 612 4732; x_wconf 91' lang='lat' dir='ltr'><strong>viro</strong></span> <span class='ocrx_word' id='word_1_617' title='bbox 639 4678 910 4734; x_wconf 89' lang='lat' dir='ltr'><strong>auderent</strong></span> <span class='ocrx_word' id='word_1_618' title='bbox 937 4695 1272 4752; x_wconf 69' lang='lat' dir='ltr'><strong>przeparare.</strong></span> <span class='ocrx_word' id='word_1_619' title='bbox 1299 4683 1428 4739; x_wconf 89' lang='lat' dir='ltr'><strong>Ideo</strong></span> <span class='ocrx_word' id='word_1_620' title='bbox 1451 4693 1640 4755; x_wconf 91' lang='lat' dir='ltr'><strong>aperta</strong></span> <span class='ocrx_word' id='word_1_621' title='bbox 1660 4687 1850 4742; x_wconf 88' lang='lat' dir='ltr'><strong>tumba</strong></span> 
     </span>
    </p>
   </div>
   <div class='ocr_carea' id='block_1_94' title="bbox 225 4763 1846 4845">
    <p class='ocr_par' dir='ltr' id='par_1_94' title="bbox 225 4763 1846 4845">
     <span class='ocr_line' id='line_1_94' title="bbox 225 4763 1846 4845; baseline 0.01 -29"><span class='ocrx_word' id='word_1_622' title='bbox 225 4763 380 4834; x_wconf 80' lang='lat' dir='ltr'><strong>Apri,</strong></span> <span class='ocrx_word' id='word_1_623' title='bbox 414 4766 585 4836; x_wconf 92' lang='lat' dir='ltr'><strong>patris</strong></span> <span class='ocrx_word' id='word_1_624' title='bbox 640 4767 816 4838; x_wconf 90' lang='lat' dir='ltr'><strong>ipsius</strong></span> <span class='ocrx_word' id='word_1_625' title='bbox 846 4769 900 4825; x_wconf 92' lang='lat' dir='ltr'><strong>S.</strong></span> <span class='ocrx_word' id='word_1_626' title='bbox 957 4770 1251 4840; x_wconf 89' lang='lat' dir='ltr'><strong>Lamberti,</strong></span> <span class='ocrx_word' id='word_1_627' title='bbox 1292 4790 1454 4829; x_wconf 91' lang='lat' dir='ltr'><strong>mane</strong></span> <span class='ocrx_word' id='word_1_628' title='bbox 1503 4775 1666 4845; x_wconf 90' lang='lat' dir='ltr'><strong>facto,</strong></span> <span class='ocrx_word' id='word_1_629' title='bbox 1723 4793 1846 4832; x_wconf 91' lang='lat' dir='ltr'><strong>cum</strong></span> 
     </span>
    </p>
   </div>
   <div class='ocr_carea' id='block_1_95' title="bbox 226 4853 1848 4931">
    <p class='ocr_par' dir='ltr' id='par_1_95' title="bbox 226 4853 1848 4931">
     <span class='ocr_line' id='line_1_95' title="bbox 226 4853 1848 4931; baseline 0.009 -24"><span class='ocrx_word' id='word_1_630' title='bbox 226 4853 450 4911; x_wconf 87' lang='lat' dir='ltr'><strong>ossibus</strong></span> <span class='ocrx_word' id='word_1_631' title='bbox 479 4857 650 4926; x_wconf 89' lang='lat' dir='ltr'><strong>patris</strong></span> <span class='ocrx_word' id='word_1_632' title='bbox 695 4858 780 4913; x_wconf 81' lang='lat' dir='ltr'><strong>sui</strong></span> <span class='ocrx_word' id='word_1_633' title='bbox 829 4875 1033 4931; x_wconf 91' lang='lat' dir='ltr'><strong>corpus</strong></span> <span class='ocrx_word' id='word_1_634' title='bbox 1087 4863 1420 4918; x_wconf 88' lang='lat' dir='ltr'><strong>sanctissimi</strong></span> <span class='ocrx_word' id='word_1_635' title='bbox 1472 4864 1569 4920; x_wconf 86' lang='lat' dir='ltr'><strong>ﬁlii</strong></span> <span class='ocrx_word' id='word_1_636' title='bbox 1611 4867 1848 4922; x_wconf 91' lang='lat' dir='ltr'><strong>tumula-</strong></span> 
     </span>
    </p>
   </div>
   <div class='ocr_carea' id='block_1_96' title="bbox 228 4953 383 5001">
    <p class='ocr_par' dir='ltr' id='par_1_96' title="bbox 228 4953 383 5001">
     <span class='ocr_line' id='line_1_96' title="bbox 228 4953 383 5001; baseline 0.006 -3"><span class='ocrx_word' id='word_1_637' title='bbox 228 4953 383 5001; x_wconf 88' lang='lat' dir='ltr'><strong>runt.</strong></span> 
     </span>
    </p>
   </div>
   <div class='ocr_carea' id='block_1_97' title="bbox 825 5021 1250 5082">
    <p class='ocr_par' dir='ltr' id='par_1_97' title="bbox 825 5021 1250 5082">
     <span class='ocr_line' id='line_1_97' title="bbox 825 5021 1250 5082; baseline 0.009 -4"><span class='ocrx_word' id='word_1_638' title='bbox 825 5021 1032 5080; x_wconf 84' lang='lat' dir='ltr'><strong>CAPUT</strong></span> <span class='ocrx_word' id='word_1_639' title='bbox 1062 5025 1250 5082; x_wconf 81' lang='lat' dir='ltr'><strong>XXIII.</strong></span> 
     </span>
    </p>
   </div>
   <div class='ocr_carea' id='block_1_98' title="bbox 296 5115 1773 5192">
    <p class='ocr_par' dir='ltr' id='par_1_98' title="bbox 296 5115 1773 5192">
     <span class='ocr_line' id='line_1_98' title="bbox 296 5115 1773 5192; baseline 0.012 -23"><span class='ocrx_word' id='word_1_640' title='bbox 296 5115 372 5170; x_wconf 84' lang='lat' dir='ltr'><strong>De</strong></span> <span class='ocrx_word' id='word_1_641' title='bbox 386 5117 658 5192; x_wconf 27' lang='lat' dir='ltr'><strong>iobsequio</strong></span> <span class='ocrx_word' id='word_1_642' title='bbox 697 5125 938 5192; x_wconf 85' lang='lat' dir='ltr'><strong>angelico</strong></span> <span class='ocrx_word' id='word_1_643' title='bbox 968 5127 1043 5181; x_wconf 84' lang='lat' dir='ltr'><strong>ad</strong></span> <span class='ocrx_word' id='word_1_644' title='bbox 1091 5130 1356 5184; x_wconf 83' lang='lat' dir='ltr'><strong>tumulum</strong></span> <span class='ocrx_word' id='word_1_645' title='bbox 1387 5130 1444 5186; x_wconf 90' lang='lat' dir='ltr'><strong>S.</strong></span> <span class='ocrx_word' id='word_1_646' title='bbox 1481 5130 1773 5186; x_wconf 81' lang='lat' dir='ltr'><strong>Lamberti.</strong></span> 
     </span>
    </p>
   </div>
   <div class='ocr_carea' id='block_1_99' title="bbox 372 5191 1632 5270">
    <p class='ocr_par' dir='ltr' id='par_1_99' title="bbox 372 5191 1632 5270">
     <span class='ocr_line' id='line_1_99' title="bbox 372 5191 1632 5270; baseline 0.013 -29"><span class='ocrx_word' id='word_1_647' title='bbox 372 5191 672 5270; x_wconf 53' lang='lat' dir='ltr'><strong>gwanimcs</strong></span> <span class='ocrx_word' id='word_1_648' title='bbox 697 5201 986 5270; x_wconf 15' lang='lat' dir='ltr'><strong>arlusinon</strong></span> <span class='ocrx_word' id='word_1_649' title='bbox 1023 5199 1183 5268; x_wconf 78' lang='lat' dir='ltr'><strong>liquit</strong></span> <span class='ocrx_word' id='word_1_650' title='bbox 1213 5203 1392 5256; x_wconf 75' lang='lat' dir='ltr'><strong>cwlica</strong></span> <span class='ocrx_word' id='word_1_651' title='bbox 1417 5204 1589 5256; x_wconf 82' lang='lat' dir='ltr'><strong>virtus</strong></span> <span class='ocrx_word' id='word_1_652' title='bbox 1618 5220 1632 5270; x_wconf 91' lang='lat'><strong>;</strong></span> 
     </span>
    </p>
   </div>
   <div class='ocr_carea' id='block_1_100' title="bbox 371 5261 1696 5339">
    <p class='ocr_par' dir='ltr' id='par_1_100' title="bbox 371 5261 1696 5339">
     <span class='ocr_line' id='line_1_100' title="bbox 371 5261 1696 5339; baseline 0.009 -22"><span class='ocrx_word' id='word_1_653' title='bbox 371 5261 694 5320; x_wconf 79' lang='lat' dir='ltr'><strong>Monstravit</strong></span> <span class='ocrx_word' id='word_1_654' title='bbox 707 5269 948 5338; x_wconf 82' lang='lat' dir='ltr'><strong>populis,</strong></span> <span class='ocrx_word' id='word_1_655' title='bbox 979 5261 1195 5339; x_wconf 58' lang='lat' dir='ltr'><strong>quintae</strong></span> <span class='ocrx_word' id='word_1_656' title='bbox 1220 5275 1387 5339; x_wconf 81' lang='lat' dir='ltr'><strong>fuerit</strong></span> <span class='ocrx_word' id='word_1_657' title='bbox 1419 5261 1696 5329; x_wconf 69' lang='lat' dir='ltr'><strong>bonitatis.</strong></span> 
     </span>
    </p>
   </div>
   <div class='ocr_carea' id='block_1_101' title="bbox 298 5371 1846 5463">
    <p class='ocr_par' dir='ltr' id='par_1_101' title="bbox 298 5371 1846 5463">
     <span class='ocr_line' id='line_1_101' title="bbox 298 5371 1846 5463; baseline 0.015 -38"><span class='ocrx_word' id='word_1_658' title='bbox 298 5371 411 5428; x_wconf 85' lang='lat' dir='ltr'><strong>Nec</strong></span> <span class='ocrx_word' id='word_1_659' title='bbox 442 5375 588 5429; x_wconf 91' lang='lat' dir='ltr'><strong>enim</strong></span> <span class='ocrx_word' id='word_1_660' title='bbox 615 5385 952 5437; x_wconf 88' lang='lat' dir='ltr'><strong>terrerentur</strong></span> <span class='ocrx_word' id='word_1_661' title='bbox 980 5385 1168 5455; x_wconf 89' lang='lat' dir='ltr'><strong>populi</strong></span> <span class='ocrx_word' id='word_1_662' title='bbox 1200 5387 1442 5444; x_wconf 90' lang='lat' dir='ltr'><strong>humano</strong></span> <span class='ocrx_word' id='word_1_663' title='bbox 1473 5395 1683 5446; x_wconf 89' lang='lat' dir='ltr'><strong>terrore</strong></span> <span class='ocrx_word' id='word_1_664' title='bbox 1705 5407 1846 5463; x_wconf 90' lang='lat' dir='ltr'><strong>quo-</strong></span> 
     </span>
    </p>
   </div>
   <div class='ocr_carea' id='block_1_102' title="bbox 223 5463 1841 5552">
    <p class='ocr_par' dir='ltr' id='par_1_102' title="bbox 223 5463 1841 5552">
     <span class='ocr_line' id='line_1_102' title="bbox 223 5463 1841 5552; baseline 0.014 -35"><span class='ocrx_word' id='word_1_665' title='bbox 223 5463 411 5520; x_wconf 88' lang='lat' dir='ltr'><strong>minus</strong></span> <span class='ocrx_word' id='word_1_666' title='bbox 438 5464 494 5521; x_wconf 90' lang='lat' dir='ltr'><strong>S.</strong></span> <span class='ocrx_word' id='word_1_667' title='bbox 525 5468 743 5525; x_wconf 90' lang='lat' dir='ltr'><strong>Domini</strong></span> <span class='ocrx_word' id='word_1_668' title='bbox 777 5472 1125 5532; x_wconf 86' lang='lat' dir='ltr'><strong>Lambertum</strong></span> <span class='ocrx_word' id='word_1_669' title='bbox 1163 5479 1331 5552; x_wconf 83' lang='lat' dir='ltr'><strong>digno</strong></span> <span class='ocrx_word' id='word_1_670' title='bbox 1363 5481 1575 5536; x_wconf 84' lang='lat' dir='ltr'><strong>honore</strong></span> <span class='ocrx_word' id='word_1_671' title='bbox 1603 5498 1841 5539; x_wconf 90' lang='lat' dir='ltr'><strong>venera-</strong></span> 
     </span>
    </p>
   </div>
   <div class='ocr_carea' id='block_1_103' title="bbox 222 5565 1841 5642">
    <p class='ocr_par' dir='ltr' id='par_1_103' title="bbox 222 5565 1841 5642">
     <span class='ocr_line' id='line_1_103' title="bbox 222 5565 1841 5642; baseline 0.013 -28"><span class='ocrx_word' id='word_1_672' title='bbox 222 5569 448 5627; x_wconf 87' lang='lat' dir='ltr'><strong>rentur;</strong></span> <span class='ocrx_word' id='word_1_673' title='bbox 489 5565 657 5634; x_wconf 66' lang='lat' dir='ltr'><strong>coepit</strong></span> <span class='ocrx_word' id='word_1_674' title='bbox 695 5567 760 5621; x_wconf 89' lang='lat' dir='ltr'><strong>ad</strong></span> <span class='ocrx_word' id='word_1_675' title='bbox 805 5572 1071 5626; x_wconf 89' lang='lat' dir='ltr'><strong>tumulum</strong></span> <span class='ocrx_word' id='word_1_676' title='bbox 1120 5575 1238 5642; x_wconf 89' lang='lat' dir='ltr'><strong>ejus</strong></span> <span class='ocrx_word' id='word_1_677' title='bbox 1279 5582 1442 5632; x_wconf 90' lang='lat' dir='ltr'><strong>noctu</strong></span> <span class='ocrx_word' id='word_1_678' title='bbox 1497 5585 1552 5632; x_wconf 93' lang='lat' dir='ltr'><strong>et</strong></span> <span class='ocrx_word' id='word_1_679' title='bbox 1600 5579 1841 5636; x_wconf 92' lang='lat' dir='ltr'><strong>interdiu</strong></span> 
     </span>
    </p>
   </div>
   <div class='ocr_carea' id='block_1_104' title="bbox 217 5651 1841 5737">
    <p class='ocr_par' dir='ltr' id='par_1_104' title="bbox 217 5651 1841 5737">
     <span class='ocr_line' id='line_1_104' title="bbox 217 5651 1841 5737; baseline 0.014 -33"><span class='ocrx_word' id='word_1_680' title='bbox 217 5651 399 5706; x_wconf 88' lang='lat' dir='ltr'><strong>audiri</strong></span> <span class='ocrx_word' id='word_1_681' title='bbox 427 5652 631 5709; x_wconf 90' lang='lat' dir='ltr'><strong>chorus</strong></span> <span class='ocrx_word' id='word_1_682' title='bbox 654 5659 940 5732; x_wconf 77' lang='lat' dir='ltr'><strong>angelicas</strong></span> <span class='ocrx_word' id='word_1_683' title='bbox 963 5663 1339 5733; x_wconf 88' lang='lat' dir='ltr'><strong>psallentium,</strong></span> <span class='ocrx_word' id='word_1_684' title='bbox 1364 5667 1584 5737; x_wconf 87' lang='lat' dir='ltr'><strong>quoties</strong></span> <span class='ocrx_word' id='word_1_685' title='bbox 1613 5668 1690 5724; x_wconf 90' lang='lat' dir='ltr'><strong>ibi</strong></span> <span class='ocrx_word' id='word_1_686' title='bbox 1719 5686 1841 5726; x_wconf 91' lang='lat' dir='ltr'><strong>esse</strong></span> 
     </span>
    </p>
   </div>
   <div class='ocr_carea' id='block_1_105' title="bbox 217 5742 1836 5833">
    <p class='ocr_par' dir='ltr' id='par_1_105' title="bbox 217 5742 1836 5833">
     <span class='ocr_line' id='line_1_105' title="bbox 217 5742 1836 5833; baseline 0.014 -37"><span class='ocrx_word' id='word_1_687' title='bbox 217 5742 525 5799; x_wconf 89' lang='lat' dir='ltr'><strong>humanum</strong></span> <span class='ocrx_word' id='word_1_688' title='bbox 582 5747 859 5806; x_wconf 89' lang='lat' dir='ltr'><strong>silentium</strong></span> <span class='ocrx_word' id='word_1_689' title='bbox 885 5750 1196 5810; x_wconf 88' lang='lat' dir='ltr'><strong>videbatur.</strong></span> <span class='ocrx_word' id='word_1_690' title='bbox 1258 5755 1368 5811; x_wconf 91' lang='lat' dir='ltr'><strong>Nec</strong></span> <span class='ocrx_word' id='word_1_691' title='bbox 1420 5757 1719 5816; x_wconf 88' lang='lat' dir='ltr'><strong>defuerunt</strong></span> <span class='ocrx_word' id='word_1_692' title='bbox 1745 5764 1836 5833; x_wconf 92' lang='lat' dir='ltr'><strong>qui</strong></span> 
     </span>
    </p>
   </div>
   <div class='ocr_carea' id='block_1_106' title="bbox 556 5846 1112 5919">
    <p class='ocr_par' dir='ltr' id='par_1_106' title="bbox 556 5846 1112 5919">
     <span class='ocr_line' id='line_1_106' title="bbox 556 5846 1112 5919; baseline 0.02 -11"><span class='ocrx_word' id='word_1_693' title='bbox 556 5846 854 5913; x_wconf 81' lang='lat' dir='ltr'><strong>PATROL.</strong></span> <span class='ocrx_word' id='word_1_694' title='bbox 905 5849 1112 5919; x_wconf 67' lang='lat' dir='ltr'><strong>CLX.</strong></span> 
     </span>
    </p>
   </div>
   <div class='ocr_carea' id='block_1_107' title="bbox 1951 4570 3562 4645">
    <p class='ocr_par' dir='ltr' id='par_1_107' title="bbox 1951 4570 3562 4645">
     <span class='ocr_line' id='line_1_107' title="bbox 1951 4570 3562 4645; baseline 0.009 -21"><span class='ocrx_word' id='word_1_695' title='bbox 1951 4570 2046 4625; x_wconf 92' lang='lat' dir='ltr'><strong>Dei</strong></span> <span class='ocrx_word' id='word_1_696' title='bbox 2099 4571 2218 4625; x_wconf 91' lang='lat' dir='ltr'><strong>suis</strong></span> <span class='ocrx_word' id='word_1_697' title='bbox 2269 4572 2523 4628; x_wconf 89' lang='lat' dir='ltr'><strong>manibus</strong></span> <span class='ocrx_word' id='word_1_698' title='bbox 2580 4577 2816 4645; x_wconf 89' lang='lat' dir='ltr'><strong>peremit</strong></span> <span class='ocrx_word' id='word_1_699' title='bbox 2866 4576 3017 4633; x_wconf 91' lang='lat' dir='ltr'><strong>fratri</strong></span> <span class='ocrx_word' id='word_1_700' title='bbox 3067 4595 3168 4634; x_wconf 93' lang='lat' dir='ltr'><strong>suo</strong></span> <span class='ocrx_word' id='word_1_701' title='bbox 3207 4580 3378 4636; x_wconf 91' lang='lat' dir='ltr'><strong>miser</strong></span> <span class='ocrx_word' id='word_1_702' title='bbox 3415 4584 3562 4639; x_wconf 92' lang='lat' dir='ltr'><strong>bello</strong></span> 
     </span>
    </p>
   </div>
   <div class='ocr_carea' id='block_1_108' title="bbox 1950 4667 3562 4743">
    <p class='ocr_par' dir='ltr' id='par_1_108' title="bbox 1950 4667 3562 4743">
     <span class='ocr_line' id='line_1_108' title="bbox 1950 4667 3562 4743; baseline 0.007 -21"><span class='ocrx_word' id='word_1_703' title='bbox 1950 4667 2322 4741; x_wconf 87' lang='lat' dir='ltr'><strong>congreditur,</strong></span> <span class='ocrx_word' id='word_1_704' title='bbox 2364 4675 2418 4723; x_wconf 90' lang='lat' dir='ltr'><strong>et</strong></span> <span class='ocrx_word' id='word_1_705' title='bbox 2474 4667 2694 4725; x_wconf 87' lang='lat' dir='ltr'><strong>fratrem</strong></span> <span class='ocrx_word' id='word_1_706' title='bbox 2748 4672 3051 4743; x_wconf 81' lang='lat' dir='ltr'><strong>perimens,</strong></span> <span class='ocrx_word' id='word_1_707' title='bbox 3093 4682 3280 4731; x_wconf 91' lang='lat' dir='ltr'><strong>mutuo</strong></span> <span class='ocrx_word' id='word_1_708' title='bbox 3319 4693 3352 4731; x_wconf 91' lang='lat' dir='ltr'><strong>a</strong></span> <span class='ocrx_word' id='word_1_709' title='bbox 3398 4676 3562 4734; x_wconf 85' lang='lat' dir='ltr'><strong>fratre</strong></span> 
     </span>
    </p>
   </div>
   <div class='ocr_carea' id='block_1_109' title="bbox 1950 4755 2258 4825">
    <p class='ocr_par' dir='ltr' id='par_1_109' title="bbox 1950 4755 2258 4825">
     <span class='ocr_line' id='line_1_109' title="bbox 1950 4755 2258 4825; baseline 0.006 -16"><span class='ocrx_word' id='word_1_710' title='bbox 1950 4755 2258 4825; x_wconf 91' lang='lat' dir='ltr'><strong>perimitur.</strong></span> 
     </span>
    </p>
   </div>
   <div class='ocr_carea' id='block_1_110' title="bbox 2021 4849 3562 4932">
    <p class='ocr_par' dir='ltr' id='par_1_110' title="bbox 2021 4849 3562 4932">
     <span class='ocr_line' id='line_1_110' title="bbox 2021 4849 3562 4932; baseline 0.01 -28"><span class='ocrx_word' id='word_1_711' title='bbox 2021 4849 2086 4904; x_wconf 94' lang='lat' dir='ltr'><strong>Ut</strong></span> <span class='ocrx_word' id='word_1_712' title='bbox 2137 4851 2328 4921; x_wconf 91' lang='lat' dir='ltr'><strong>paucis</strong></span> <span class='ocrx_word' id='word_1_713' title='bbox 2373 4852 2560 4907; x_wconf 91' lang='lat' dir='ltr'><strong>omnia</strong></span> <span class='ocrx_word' id='word_1_714' title='bbox 2611 4854 2961 4923; x_wconf 91' lang='lat' dir='ltr'><strong>concludam,</strong></span> <span class='ocrx_word' id='word_1_715' title='bbox 3017 4857 3158 4913; x_wconf 84' lang='lat' dir='ltr'><strong>infra</strong></span> <span class='ocrx_word' id='word_1_716' title='bbox 3203 4860 3332 4914; x_wconf 91' lang='lat' dir='ltr'><strong>anni</strong></span> <span class='ocrx_word' id='word_1_717' title='bbox 3388 4861 3562 4932; x_wconf 87' lang='lat' dir='ltr'><strong>ipsius</strong></span> 
     </span>
    </p>
   </div>
   <div class='ocr_carea' id='block_1_111' title="bbox 1948 4938 3560 5016">
    <p class='ocr_par' dir='ltr' id='par_1_111' title="bbox 1948 4938 3560 5016">
     <span class='ocr_line' id='line_1_111' title="bbox 1948 4938 3560 5016; baseline 0.009 -24"><span class='ocrx_word' id='word_1_718' title='bbox 1948 4938 2210 5009; x_wconf 87' lang='lat' dir='ltr'><strong>spatium,</strong></span> <span class='ocrx_word' id='word_1_719' title='bbox 2242 4941 2328 4995; x_wconf 90' lang='lat' dir='ltr'><strong>vix</strong></span> <span class='ocrx_word' id='word_1_720' title='bbox 2358 4942 2556 5014; x_wconf 90' lang='lat' dir='ltr'><strong>aliquis</strong></span> <span class='ocrx_word' id='word_1_721' title='bbox 2587 4943 2780 5011; x_wconf 87' lang='lat' dir='ltr'><strong>evasit,</strong></span> <span class='ocrx_word' id='word_1_722' title='bbox 2813 4945 2904 5016; x_wconf 85' lang='lat' dir='ltr'><strong>qui</strong></span> <span class='ocrx_word' id='word_1_723' title='bbox 2937 4945 2992 4999; x_wconf 91' lang='lat' dir='ltr'><strong>in</strong></span> <span class='ocrx_word' id='word_1_724' title='bbox 3029 4964 3166 5003; x_wconf 89' lang='lat' dir='ltr'><strong>nece</strong></span> <span class='ocrx_word' id='word_1_725' title='bbox 3198 4949 3374 5004; x_wconf 89' lang='lat' dir='ltr'><strong>sancti</strong></span> <span class='ocrx_word' id='word_1_726' title='bbox 3416 4967 3560 5006; x_wconf 87' lang='lat' dir='ltr'><strong>mar—</strong></span> 
     </span>
    </p>
   </div>
   <div class='ocr_carea' id='block_1_112' title="bbox 1947 5027 3560 5106">
    <p class='ocr_par' dir='ltr' id='par_1_112' title="bbox 1947 5027 3560 5106">
     <span class='ocr_line' id='line_1_112' title="bbox 1947 5027 3560 5106; baseline 0.008 -25"><span class='ocrx_word' id='word_1_727' title='bbox 1947 5027 2081 5099; x_wconf 90' lang='lat' dir='ltr'><strong>tyris</strong></span> <span class='ocrx_word' id='word_1_728' title='bbox 2121 5044 2244 5083; x_wconf 91' lang='lat' dir='ltr'><strong>reus</strong></span> <span class='ocrx_word' id='word_1_729' title='bbox 2297 5029 2415 5094; x_wconf 91' lang='lat' dir='ltr'><strong>fuit,</strong></span> <span class='ocrx_word' id='word_1_730' title='bbox 2461 5036 2514 5084; x_wconf 90' lang='lat' dir='ltr'><strong>et</strong></span> <span class='ocrx_word' id='word_1_731' title='bbox 2562 5031 2607 5084; x_wconf 90' lang='lat' dir='ltr'><strong>si</strong></span> <span class='ocrx_word' id='word_1_732' title='bbox 2641 5032 2764 5102; x_wconf 89' lang='lat' dir='ltr'><strong>quis</strong></span> <span class='ocrx_word' id='word_1_733' title='bbox 2793 5032 3084 5103; x_wconf 84' lang='lat' dir='ltr'><strong>superfuit,</strong></span> <span class='ocrx_word' id='word_1_734' title='bbox 3120 5035 3173 5089; x_wconf 91' lang='lat' dir='ltr'><strong>in</strong></span> <span class='ocrx_word' id='word_1_735' title='bbox 3219 5044 3428 5092; x_wconf 92' lang='lat' dir='ltr'><strong>tantum</strong></span> <span class='ocrx_word' id='word_1_736' title='bbox 3479 5055 3560 5106; x_wconf 82' lang='lat' dir='ltr'><strong>se,</strong></span> 
     </span>
    </p>
   </div>
   <div class='ocr_carea' id='block_1_113' title="bbox 1948 5125 3566 5194">
    <p class='ocr_par' dir='ltr' id='par_1_113' title="bbox 1948 5125 3566 5194">
     <span class='ocr_line' id='line_1_113' title="bbox 1948 5125 3566 5194; baseline 0.007 -18"><span class='ocrx_word' id='word_1_737' title='bbox 1948 5130 2042 5177; x_wconf 89' lang='lat' dir='ltr'><strong>aut</strong></span> <span class='ocrx_word' id='word_1_738' title='bbox 2080 5139 2245 5178; x_wconf 87' lang='lat' dir='ltr'><strong>sensu</strong></span> <span class='ocrx_word' id='word_1_739' title='bbox 2276 5125 2551 5194; x_wconf 89' lang='lat' dir='ltr'><strong>perdoluit</strong></span> <span class='ocrx_word' id='word_1_740' title='bbox 2589 5127 2882 5190; x_wconf 90' lang='lat' dir='ltr'><strong>annullari,</strong></span> <span class='ocrx_word' id='word_1_741' title='bbox 2921 5136 2978 5182; x_wconf 92' lang='lat' dir='ltr'><strong>ut</strong></span> <span class='ocrx_word' id='word_1_742' title='bbox 3008 5130 3132 5184; x_wconf 91' lang='lat' dir='ltr'><strong>illos</strong></span> <span class='ocrx_word' id='word_1_743' title='bbox 3160 5129 3354 5186; x_wconf 90' lang='lat' dir='ltr'><strong>felices</strong></span> <span class='ocrx_word' id='word_1_744' title='bbox 3399 5132 3566 5188; x_wconf 84' lang='lat' dir='ltr'><strong>duxe—</strong></span> 
     </span>
    </p>
   </div>
   <div class='ocr_carea' id='block_1_114' title="bbox 1950 5214 3564 5290">
    <p class='ocr_par' dir='ltr' id='par_1_114' title="bbox 1950 5214 3564 5290">
     <span class='ocr_line' id='line_1_114' title="bbox 1950 5214 3564 5290; baseline 0.008 -23"><span class='ocrx_word' id='word_1_745' title='bbox 1950 5214 2019 5268; x_wconf 90' lang='lat' dir='ltr'><strong>rit</strong></span> <span class='ocrx_word' id='word_1_746' title='bbox 2066 5230 2221 5282; x_wconf 88' lang='lat' dir='ltr'><strong>esse,</strong></span> <span class='ocrx_word' id='word_1_747' title='bbox 2285 5215 2376 5286; x_wconf 91' lang='lat' dir='ltr'><strong>qui</strong></span> <span class='ocrx_word' id='word_1_748' title='bbox 2430 5216 2620 5284; x_wconf 89' lang='lat' dir='ltr'><strong>citata,</strong></span> <span class='ocrx_word' id='word_1_749' title='bbox 2670 5218 2920 5288; x_wconf 89' lang='lat' dir='ltr'><strong>quamvis</strong></span> <span class='ocrx_word' id='word_1_750' title='bbox 2973 5220 3325 5290; x_wconf 88' lang='lat' dir='ltr'><strong>miserabili,</strong></span> <span class='ocrx_word' id='word_1_751' title='bbox 3387 5231 3564 5280; x_wconf 90' lang='lat' dir='ltr'><strong>morte</strong></span> 
     </span>
    </p>
   </div>
   <div class='ocr_carea' id='block_1_115' title="bbox 1947 5308 2439 5377">
    <p class='ocr_par' dir='ltr' id='par_1_115' title="bbox 1947 5308 2439 5377">
     <span class='ocr_line' id='line_1_115' title="bbox 1947 5308 2439 5377; baseline 0.002 -17"><span class='ocrx_word' id='word_1_752' title='bbox 1947 5308 2260 5377; x_wconf 88' lang='lat' dir='ltr'><strong>consumpti</strong></span> <span class='ocrx_word' id='word_1_753' title='bbox 2291 5313 2439 5361; x_wconf 91' lang='lat' dir='ltr'><strong>sunt.</strong></span> 
     </span>
    </p>
   </div>
   <div class='ocr_carea' id='block_1_116' title="bbox 2016 5398 3568 5476">
    <p class='ocr_par' dir='ltr' id='par_1_116' title="bbox 2016 5398 3568 5476">
     <span class='ocr_line' id='line_1_116' title="bbox 2016 5398 3568 5476; baseline 0.006 -24"><span class='ocrx_word' id='word_1_754' title='bbox 2016 5400 2080 5453; x_wconf 79' lang='lat' dir='ltr'><strong>At</strong></span> <span class='ocrx_word' id='word_1_755' title='bbox 2107 5398 2300 5453; x_wconf 87' lang='lat' dir='ltr'><strong>Christi</strong></span> <span class='ocrx_word' id='word_1_756' title='bbox 2356 5406 2559 5470; x_wconf 90' lang='lat' dir='ltr'><strong>martyr</strong></span> <span class='ocrx_word' id='word_1_757' title='bbox 2586 5411 2881 5458; x_wconf 86' lang='lat' dir='ltr'><strong>coronatus</strong></span> <span class='ocrx_word' id='word_1_758' title='bbox 2912 5404 3236 5476; x_wconf 84' lang='lat' dir='ltr'><strong>triumphat,</strong></span> <span class='ocrx_word' id='word_1_759' title='bbox 3280 5413 3335 5460; x_wconf 93' lang='lat' dir='ltr'><strong>et</strong></span> <span class='ocrx_word' id='word_1_760' title='bbox 3396 5407 3568 5462; x_wconf 85' lang='lat' dir='ltr'><strong>victo-</strong></span> 
     </span>
    </p>
   </div>
   <div class='ocr_carea' id='block_1_117' title="bbox 1949 5487 3565 5560">
    <p class='ocr_par' dir='ltr' id='par_1_117' title="bbox 1949 5487 3565 5560">
     <span class='ocr_line' id='line_1_117' title="bbox 1949 5487 3565 5560; baseline 0.002 -18"><span class='ocrx_word' id='word_1_761' title='bbox 1949 5489 2041 5543; x_wconf 62' lang='lat' dir='ltr'><strong>rim</strong></span> <span class='ocrx_word' id='word_1_762' title='bbox 2066 5487 2300 5560; x_wconf 89' lang='lat' dir='ltr'><strong>palmam</strong></span> <span class='ocrx_word' id='word_1_763' title='bbox 2348 5494 2570 5556; x_wconf 88' lang='lat' dir='ltr'><strong>tenens,</strong></span> <span class='ocrx_word' id='word_1_764' title='bbox 2609 5489 2664 5542; x_wconf 89' lang='lat' dir='ltr'><strong>in</strong></span> <span class='ocrx_word' id='word_1_765' title='bbox 2699 5490 2824 5544; x_wconf 89' lang='lat' dir='ltr'><strong>sinu</strong></span> <span class='ocrx_word' id='word_1_766' title='bbox 2879 5492 3110 5548; x_wconf 81' lang='lat' dir='ltr'><strong>Abrahae</strong></span> <span class='ocrx_word' id='word_1_767' title='bbox 3142 5493 3398 5549; x_wconf 87' lang='lat' dir='ltr'><strong>exsultat.</strong></span> <span class='ocrx_word' id='word_1_768' title='bbox 3455 5494 3565 5558; x_wconf 92' lang='lat' dir='ltr'><strong>Sic,</strong></span> 
     </span>
    </p>
   </div>
   <div class='ocr_carea' id='block_1_118' title="bbox 1944 5585 3562 5658">
    <p class='ocr_par' dir='ltr' id='par_1_118' title="bbox 1944 5585 3562 5658">
     <span class='ocr_line' id='line_1_118' title="bbox 1944 5585 3562 5658; baseline 0.001 -19"><span class='ocrx_word' id='word_1_769' title='bbox 1944 5585 2172 5650; x_wconf 88' lang='lat' dir='ltr'><strong>Christe,</strong></span> <span class='ocrx_word' id='word_1_770' title='bbox 2216 5585 2269 5638; x_wconf 92' lang='lat' dir='ltr'><strong>in</strong></span> <span class='ocrx_word' id='word_1_771' title='bbox 2338 5585 2542 5638; x_wconf 85' lang='lat' dir='ltr'><strong>sanctis</strong></span> <span class='ocrx_word' id='word_1_772' title='bbox 2602 5586 2731 5654; x_wconf 86' lang='lat' dir='ltr'><strong>tuis,</strong></span> <span class='ocrx_word' id='word_1_773' title='bbox 2791 5587 2859 5641; x_wconf 91' lang='lat' dir='ltr'><strong>de</strong></span> <span class='ocrx_word' id='word_1_774' title='bbox 2933 5589 3172 5646; x_wconf 88' lang='lat' dir='ltr'><strong>inimicis</strong></span> <span class='ocrx_word' id='word_1_775' title='bbox 3232 5590 3562 5658; x_wconf 89' lang='lat' dir='ltr'><strong>triumphas,</strong></span> 
     </span>
    </p>
   </div>
   <div class='ocr_carea' id='block_1_119' title="bbox 1941 5675 3563 5749">
    <p class='ocr_par' dir='ltr' id='par_1_119' title="bbox 1941 5675 3563 5749">
     <span class='ocr_line' id='line_1_119' title="bbox 1941 5675 3563 5749; baseline -0.003 -19"><span class='ocrx_word' id='word_1_776' title='bbox 1941 5676 2222 5744; x_wconf 85' lang='lat' dir='ltr'><strong>diligentes</strong></span> <span class='ocrx_word' id='word_1_777' title='bbox 2249 5681 2297 5730; x_wconf 88' lang='lat' dir='ltr'><strong>te</strong></span> <span class='ocrx_word' id='word_1_778' title='bbox 2321 5675 2553 5742; x_wconf 85' lang='lat' dir='ltr'><strong>diligens</strong></span> <span class='ocrx_word' id='word_1_779' title='bbox 2587 5675 2762 5745; x_wconf 86' lang='lat' dir='ltr'><strong>(Prov.</strong></span> <span class='ocrx_word' id='word_1_780' title='bbox 2803 5693 2915 5740; x_wconf 88' lang='lat' dir='ltr'><strong>vm,</strong></span> <span class='ocrx_word' id='word_1_781' title='bbox 2959 5679 3068 5749; x_wconf 84' lang='grc'><strong>17),</strong></span> <span class='ocrx_word' id='word_1_782' title='bbox 3113 5679 3434 5742; x_wconf 79' lang='lat' dir='ltr'><strong>honoriﬁcus</strong></span> <span class='ocrx_word' id='word_1_783' title='bbox 3461 5675 3563 5726; x_wconf 87' lang='lat' dir='ltr'><strong>ho-</strong></span> 
     </span>
    </p>
   </div>
   <div class='ocr_carea' id='block_1_120' title="bbox 1941 5763 2740 5834">
    <p class='ocr_par' dir='ltr' id='par_1_120' title="bbox 1941 5763 2740 5834">
     <span class='ocr_line' id='line_1_120' title="bbox 1941 5763 2740 5834; baseline -0.005 -13"><span class='ocrx_word' id='word_1_784' title='bbox 1941 5769 2191 5821; x_wconf 84' lang='lat' dir='ltr'><strong>norantes</strong></span> <span class='ocrx_word' id='word_1_785' title='bbox 2221 5768 2268 5820; x_wconf 76' lang='lat' dir='ltr'><strong>te</strong></span> <span class='ocrx_word' id='word_1_786' title='bbox 2295 5763 2347 5833; x_wconf 86' lang='grc' dir='ltr'><strong>(Ι</strong></span> <span class='ocrx_word' id='word_1_787' title='bbox 2372 5766 2497 5831; x_wconf 86' lang='lat' dir='ltr'><strong>Reg.</strong></span> <span class='ocrx_word' id='word_1_788' title='bbox 2543 5780 2601 5831; x_wconf 81' lang='grc' dir='ltr'><strong>ιι,</strong></span> <span class='ocrx_word' id='word_1_789' title='bbox 2631 5763 2740 5834; x_wconf 75' lang='lat'><strong>29).</strong></span> 
     </span>
    </p>
   </div>
   <div class='ocr_carea' id='block_1_121' title="bbox 3051 5865 3130 5925">
    <p class='ocr_par' dir='ltr' id='par_1_121' title="bbox 3051 5865 3130 5925">
     <span class='ocr_line' id='line_1_121' title="bbox 3051 5865 3130 5925; baseline 0 0"><span class='ocrx_word' id='word_1_790' title='bbox 3051 5865 3130 5925; x_wconf 81' lang='lat'><strong>25</strong></span> 
     </span>
    </p>
   </div>
  </div>
