3960 6198
435 305 535 358 779

1041 428 1247 484 CAPUT
1293 428 1446 486 XXV.

538 546 611 597 De
636 540 920 595 miraculis
964 540 1138 605 Legiaz
1163 542 1388 594 ostensz's
1418 542 1478 595 in
1532 543 1640 596 loco
1676 544 1946 611 passionis

1038 612 1095 665 S.
1156 612 1441 666 Lamberti.

503 724 690 798 Legia,
750 738 874 794 quae
916 722 1173 777 illustrari
1206 722 1410 777 meruit
1454 722 1669 792 patroni
1706 724 1806 778 'sui
1849 733 2052 794 marty-

433 815 538 878 rio,
571 813 821 886 quamvis
869 826 1098 882 corpore
1149 810 1270 881 ejus
1328 826 1388 865 se
1427 812 1493 865 ad
1550 820 1767 882 tempus
1815 814 2054 868 doluerit

434 908 714 965 viduatam
757 920 903 971 esse,
945 909 1129 959 tamen
1180 903 1566 958 miraculorum
1620 904 1740 975 ejus
1794 905 2053 960 immunis

436 1012 548 1052 non
575 994 695 1050 fuit.

508 1091 568 1144 In
600 1087 857 1143 cubiculo
914 1101 1152 1156 namque
1193 1085 1438 1156 martyrii
1498 1085 1647 1139 illius
1688 1086 1932 1151 conscio,
1968 1085 2055 1139 lu-

436 1181 672 1237 minaria
720 1178 984 1234 divinitus
1040 1193 1291 1244 accensa,
1349 1178 1554 1249 saepius
1600 1179 2051 1248 resplendebanl,

439 1278 497 1325 ut
528 1277 638 1324 tota
669 1269 866 1323 domus
897 1266 1059 1337 quasi
1099 1265 1231 1320 solis
1281 1266 1446 1320 radiis
1498 1265 1816 1339 refulgeret,
1859 1272 1918 1321 ut
1963 1266 2051 1319 lu-

440 1376 558 1415 cem
587 1359 736 1413 illam
768 1358 855 1412 vix
887 1358 1160 1411 humanus
1183 1355 1358 1416 ferret
1383 1354 1596 1410 oculus.

512 1451 635 1505 Haec
690 1448 850 1502 fama:
900 1446 1203 1519 primordia
1241 1445 1558 1500 verificabat
1597 1462 1840 1516 sequens
1878 1445 2053 1519 gratia

440 1539 853 1604 miraculorum,
896 1551 1128 1607 quorum
1181 1535 1268 1589 hic
1313 1551 1527 1589 summa
1562 1534 1908 1604 capitulanda
1950 1542 2052 1590 est.

512 1630 896 1686 Theoduinum
957 1626 1277 1698 quemdam,
1340 1627 1423 1681 vir
1473 1635 1716 1690 sanctus,
1777 1628 1947 1682 semel
2000 1645 2062 1684 ac

441 1724 546 1788 bis,
577 1738 674 1793 per
700 1722 878 1777 visum
921 1718 1133 1773 monuit
1162 1724 1221 1772 ut
1265 1718 1536 1788 pectinem
1588 1734 1746 1772 suum
1793 1720 2061 1789 Optimum

445 1814 728 1878 redderet,
762 1813 830 1865 ab
859 1826 1028 1866 uxore
1060 1809 1180 1878 ejus
1211 1809 1315 1863 sibi
1350 1816 1701 1880 praereptum.
1743 1810 1921 1866 Tertio
1952 1827 2061 1867 non

444 1903 689 1974 parentis
714 1901 840 1966 sibi,
888 1905 1077 1969 pectus
1117 1896 1298 1952 affecit
1334 1896 1626 1951 insanabili
1676 1898 1809 1964 ictu,
1870 1897 2062 1969 sicque

444 2013 606 2053 suum
636 1996 702 2050 ab
736 1995 909 2050 invito
940 1993 1167 2063 recepit.

515 2085 887 2159 Baldigisilus,
921 2083 1108 2151 jussus
1137 2097 1235 2153 per
1269 2081 1454 2137 visum
1485 2081 1755 2135 excubare
1783 2081 1851 2135 ad
1878 2081 2057 2135 locum

445 2175 566 2246 ejus
595 2173 861 2244 martyrii,
895 2180 950 2226 et
974 2170 1114 2226 alter
1136 2169 1361 2241 quidam
1392 2168 1770 2242 Raginfridus,
1803 2169 2060 2223 eumdem

447 2269 627 2325 locum
667 2267 970 2323 emundare
1009 2264 1254 2320 monitus
1302 2263 1465 2318 ambo
1511 2262 1698 2317 lumen
1753 2263 2062 2329 oculorum,

446 2374 556 2431 quo
586 2357 869 2421 carebant,
912 2357 1263 2423 receperunt,
1296 2351 1354 2405 in
1380 2366 1480 2405 suo
1521 2350 1760 2421 quisque
1794 2358 2062 2421 tempore.

517 2452 783 2507 Veniebat
835 2464 957 2503 cum
1010 2446 1118 2499 fide
1147 2445 1216 2499 ad
1256 2445 1405 2498 hunc
1432 2444 1614 2498 locum
1646 2444 1798 2518 virgo
1846 2444 1976 2508 Oda,
2011 2451 2064 2499 et

445 2547 565 2616 ipsa
609 2560 775 2609 cmca,
834 2548 890 2595 et
942 2539 1062 2593 loco
1116 2534 1385 2607 proxima,
1428 2542 1488 2589 ut
1536 2550 1736 2590 nomen
1788 2534 2062 2590 invocavit

445 2637 619 2692 sancti
652 2633 922 2705 martyris,
980 2630 1127 2701 quod
1156 2627 1377 2684 volebat
1407 2627 1638 2698 accepit.
1695 2627 1788 2681 His
1818 2627 2059 2700 augeba-

444 2738 532 2781 tur
569 2740 763 2779 recens
812 2718 1095 2777 veneratio
1127 2718 1251 2773 novi
1303 2717 1540 2787 patroni,
1600 2723 1655 2770 et
1686 2732 1917 2770 accensa
1960 2732 2057 2785 po-

444 2813 559 2885 puli
589 2810 830 2872 devotio,
855 2807 1136 2861 basilicam
1170 2814 1358 2860 sancto
1384 2803 1696 2860 aedificabat
1718 2812 1866 2859 tanto
1896 2803 2058 2858 citius

441 2907 647 2974 quanto
677 2898 949 2955 devotius.
992 2896 1188 2951 Lectus
1216 2894 1380 2950 etiam
1410 2894 1585 2949 sancti
1612 2910 1644 2948 a
1692 2892 1947 2948 fidelibus
1976 2892 2059 2947 fa-

442 2992 738 3057 brefactus,
777 2990 833 3043 in
866 2988 960 3043 illo
998 2987 1120 3043 loco
1164 2987 1377 3057 positus
1414 2992 1517 3052 est,
1565 2984 1661 3039 ubi
1692 2993 1916 3039 sanctus
1946 2983 2055 3039 telo

440 3081 618 3155 iniqui
650 3076 948 3136 transﬁxus
978 3075 1097 3132 fuit.

1042 3185 1249 3243 CAPUT
1283 3185 1459 3242 XXVI.

437 3314 513 3367 De
544 3308 902 3365 translatione
929 3306 1105 3360 sancti
1133 3302 1425 3428 Lattmberti,
1478 3306 1526 3355 et
1560 3300 1844 3354 miraculis
1883 3302 1941 3353 in
1994 3315 2050 3353 eo

1120 3389 1176 3428 os
1206 3389 1365 3428 enszs.

1120 3389 1365 3428 οειθηειε.

507 3496 631 3550 Ilaec
657 3489 1002 3566 Legiensium
1033 3486 1255 3543 devotio
1305 3486 1445 3540 adeo
1487 3484 1718 3540 Domino
1765 3483 2051 3554 placuitut

428 3586 544 3654 jam
572 3582 785 3645 crebro,
819 3576 1005 3632 multis
1062 3575 1159 3631 Dei
1192 3573 1468 3638 ﬁdelibus,
1503 3573 1723 3627 cmlitus
1763 3571 1898 3627 visio
1947 3588 2049 3642 ap-

432 3683 671 3750 pareret,
728 3681 788 3729 ut
817 3681 1040 3728 sanctus
1090 3676 1317 3740 martyr,
1374 3670 1579 3724 relatus
1624 3668 1866 3737 Trajecto
1904 3683 2050 3721 mar-

430 3769 557 3841 tyrii
612 3769 733 3822 loco
773 3765 1174 3820 restitueretur.
1233 3760 1467 3816 Sanctus
1524 3760 1819 3825 Hubertus,
1874 3758 2046 3812 sancti

430 3861 698 3918 Lamberti
744 3858 1068 3929 discipulus,
1127 3864 1182 3911 et
1219 3870 1528 3922 successor,
1577 3868 1688 3909 non
1741 3852 2050 3908 contraibat

428 3956 522 4014 Dei
554 3961 610 4011 et
635 3952 889 4024 martyris
925 3948 1217 4006 voluntati.

497 4053 654 4106 Anno
680 4064 813 4122 ergo
842 4046 1193 4118 episcOpatus
1221 4042 1306 4097 sui
1327 4041 1542 4096 decimo
1583 4039 1768 4106 tertio,
1798 4039 2041 4093 tumbam

428 4143 604 4200 sancti
628 4141 906 4213 aperiens,
934 4152 1136 4207 corpus
1166 4136 1287 4205 ejus
1316 4133 1553 4189 solidum
1577 4138 1631 4186 et
1660 4131 1952 4195 illibatum,
1987 4135 2041 4186 et

429 4237 567 4292 miro
605 4235 775 4290 odore
795 4244 1128 4302 reSpersum.
1164 4226 1396 4290 invenit,
1428 4223 1659 4279 mutavit
1685 4222 2036 4290 vestimenta,

427 4335 481 4385 et
510 4327 694 4401 priora
723 4339 822 4396 pro
862 4323 1062 4378 dandis
1088 4317 1411 4394 pignoribus
1458 4315 1727 4372 servanda
1756 4313 2035 4387 sigillavit.

499 4415 701 4473 Claruit
732 4414 788 4468 in
815 4409 1199 4467 transferendo
1235 4407 1339 4463 hoc
1378 4407 1520 4460 bene
1564 4403 1824 4476 placitum
1866 4402 2037 4458 fuisse

425 4505 677 4562 Domino.
703 4504 764 4558 In
785 4501 915 4556 villa
947 4499 1152 4571 quippe
1177 4495 1387 4551 Nivella
1408 4473 1790 4565 requiescente
1813 4490 2037 4561 pepulo,
2062 4473 2121 4542 Ι)

424 4613 639 4669 pauper
652 4609 831 4651 cmcus
853 4592 1057 4647 ditatus
1078 4595 1162 4644 est
1180 4585 1392 4643 reddito
1407 4584 1515 4640 sibi
1531 4582 1716 4639 ofﬁcio
1732 4580 2036 4637 oculorum.

493 4686 605 4742 Nec
628 4685 802 4740 multo
832 4689 976 4753 post,
1035 4679 1089 4733 in
1139 4677 1269 4733 villa
1305 4673 1576 4736 Harmala;
1608 4670 1821 4727 cunctis
1845 4669 2039 4741 requie

422 4778 799 4837 relevantibus
838 4774 1105 4838 laborem,
1147 4768 1479 4841 paralyticus
1504 4764 1711 4820 ibidem
1742 4762 2034 4829 adductus,

423 4870 479 4924 in
520 4875 818 4939 conSpectu
840 4864 1017 4920 sancti
1044 4860 1250 4920 feretri.
1307 4858 1542 4915 solidata
1568 4869 1834 4929 compage
1861 4868 2035 4909 mem-

424 4958 650 5014 brorum
670 4957 778 5012 sibi
817 4954 1071 5010 redditus
1101 4956 1203 5007 est.

494 5046 553 5100 In
603 5044 837 5119 singulis
871 5044 959 5098 bis
1008 5042 1164 5109 locis,
1220 5039 1403 5094 statim
1453 5036 1699 5092 basilica;
1731 5035 1789 5090 in
1821 5035 2032 5091 honore

421 5136 596 5191 sancti
627 5134 898 5207 martyris,
928 5133 1323 5189 fundabantur.

494 5226 625 5282 Cum
650 5227 743 5281 tali
772 5225 1014 5297 tripudio
1040 5218 1594 5295 appropinquabatur
1635 5222 1749 5283 tuo,
1781 5231 1813 5272 ο
1844 5215 2031 5291 Legia,

423 5320 747 5392 municipio.
781 5320 993 5383 Quanta
1020 5328 1074 5374 et
1101 5317 1282 5390 qualis
1319 5316 1484 5371 fuerit
1516 5312 1798 5386 processio
1825 5310 1956 5367 cleri
1978 5316 2034 5365 et

420 5414 636 5485 pepuli,
678 5420 884 5485 quanta
910 5421 964 5468 et
996 5413 1172 5484 qualis
1206 5410 1497 5466 exsultatio
1528 5408 1775 5479 undique
1805 5421 2035 5461 concur-

420 5503 673 5563 rentium.
712 5506 917 5573 quanta
942 5502 1185 5554 omnium
1219 5498 1518 5554 liberalitas
1539 5498 1593 5551 in
1617 5497 1814 5551 dandis
1838 5501 2027 5549 sancto

1651 300 1997 355 SIGEBERTI
2037 300 2546 363 GEMBLACENSIS.

3664 317 3778 371 800

2077 437 2129 505 A
2152 452 2337 523 piente
2364 454 2621 509 mstimari
2647 459 2907 524 poterunt
2930 470 3093 526 quam
3122 456 3354 527 alicujus
3380 472 3479 513 ore
3510 460 3601 515 vel
3630 462 3781 532 stylo

2152 560 2381 600 narrari.

2226 637 2421 700 Habes,
2457 637 2640 711 Legia,
2690 643 2844 693 tuum
2894 638 3188 713 gaudium;
3222 656 3372 705 ecce,
3408 649 3568 698 tenes
3620 650 3778 700 tuum

2152 732 2392 801 speciale
2425 733 2825 802 patrocinium;
2857 735 2988 789 hinc
3028 735 3195 806 coepit
3222 737 3299 792 tui
3342 747 3643 808 provectus
3673 740 3789 795 ini-

2154 824 2319 889 tium;
2362 840 2459 894 pcr
2488 825 2655 889 hunc,
2701 825 2757 879 in
2789 826 2985 881 urbem
3034 828 3289 896 exaltata,
3346 832 3676 900 proveheris
3708 833 3780 886 de

2153 911 2267 967 filia
2297 913 2350 967 in
2392 920 2655 980 matrem;
2714 931 2813 986 per
2861 915 3030 981 hunc,
3065 916 3121 970 in
3177 917 3554 989 episcopalem
3588 921 3785 976 sedem

2154 1012 2426 1076 promota,
2454 1007 2505 1059 in
2528 1022 2749 1062 omnem
2770 1008 3049 1079 profecisti
3073 1010 3447 1077 honestatem;
3475 1012 3602 1067 aliis
3630 1013 3783 1069 urbi-

2155 1096 2259 1152 bus
2298 1098 2354 1151 in
2414 1098 2628 1153 senium
2677 1101 3088 1172 quodammodo
3137 1103 3532 1178 vergentibus;
3567 1112 3623 1160 tu
3676 1123 3787 1177 per

2157 1188 2305 1243 hunc
2330 1188 2616 1244 efﬂoruisti
2646 1191 2701 1245 in
2727 1192 2967 1262 pulchrm
2991 1193 3237 1262 juventae
3268 1201 3489 1249 statum.
3521 1196 3785 1271 Protegat

2154 1286 2206 1334 te
2252 1281 2307 1333 in
2365 1297 2562 1348 aevum,
2594 1282 2710 1337 suis
2761 1290 2983 1339 sanctus
3022 1291 3232 1356 martyr
3263 1283 3563 1357 suffragiis,
3596 1288 3695 1358 qui
3727 1294 3784 1343 te

2155 1368 2221 1420 ad
2281 1369 2382 1423 hoc
2419 1370 2669 1439 provexit
2704 1377 2781 1434 ,ut
2816 1370 2963 1426 inter
3005 1371 3189 1437 urbes,
3225 1371 3452 1426 nomine
3481 1381 3539 1427 et
3587 1376 3788 1431 merito

2154 1456 2547 1531 magnificeris.

2233 1546 2304 1601 Ex
2336 1555 2486 1615 tunc,
2520 1550 2575 1603 in
2615 1550 2890 1622 reliquum
2923 1558 3167 1622 tempus,
3210 1568 3325 1608 non
3357 1561 3440 1609 est
3467 1554 3671 1610 modus
3699 1556 3789 1610 vel

2162 1655 2424 1694 numerus
2456 1641 2869 1709 miraculorum,
2904 1659 3027 1697 cum
3062 1644 3328 1699 omnibus
3369 1662 3471 1715 per
3508 1645 3786 1702 Lamberti

2164 1747 2365 1787 nomen
2398 1732 2473 1786 ibi
2518 1734 2688 1787 Deum
2728 1734 3115 1790 invocantibus
3166 1736 3221 1789 in
3253 1737 3505 1802 veritate,
3561 1754 3787 1810 semper

2164 1825 2399 1895 patuerit
2417 1825 2614 1881 ostium
2642 1827 2842 1883 divinae
2869 1827 3287 1884 misericordiae.
3317 1829 3444 1884 Erat
3465 1830 3581 1886 illic
3600 1831 3790 1887 videre

2161 1914 2600 1984 compeditorum
2654 1916 2896 1982 vincula,
2954 1916 3224 1972 debilium
3274 1921 3676 1987 sustentacula,
3734 1921 3787 1974 in

2162 2013 2546 2077 argumentum
2566 2005 2885 2060 virtutisDei
2899 2022 3166 2077 appensa.
3185 2006 3511 2081 Quicunque
3529 2010 3789 2064 veniebat

2162 2090 2291 2147 fidei
2324 2098 2506 2160 tenax,
2541 2110 2823 2166 nunquam
2852 2094 3068 2149 redibat
3099 2094 3374 2151 inefﬁcax.

2772 2223 2979 2279 CAPUT
3022 2224 3223 2281 XXVII.

2200 2336 2276 2389 De
2307 2334 2614 2391 Grimoaldo
2661 2338 2785 2389 ante
2823 2336 2998 2390 altare
3040 2335 3094 2389 S.
3143 2336 3410 2391 Lamberti
3448 2338 3750 2405 interfecto.

2240 2462 2334 2517 Hic
2362 2469 2586 2516 sanctus
2610 2469 2838 2533 martyr,
2866 2462 3007 2517 sicut
3049 2462 3156 2534 piis
3185 2470 3241 2518 et
3271 2462 3533 2519 fidelibus
3562 2466 3690 2537 pius
3734 2478 3791 2521 et

2164 2560 2510 2625 Opportunus
2538 2554 2758 2622 adjutor
2786 2564 2921 2622 erat,
2946 2555 3040 2620 ita,
3073 2561 3190 2609 erat
3220 2564 3411 2610 contra
3442 2556 3667 2627 impios,
3694 2567 3792 2614 aut

2161 2658 2385 2697 severus
2414 2649 2720 2712 correptor,
2751 2652 2844 2698 aut
2866 2644 3049 2711 justus
3070 2643 3237 2699 ultor.

2232 2738 2360 2791 Post
2413 2752 2620 2808 paucos
2651 2752 2826 2792 annos
2882 2739 3256 2794 translationis
3281 2740 3423 2809 ejus,
3479 2748 3787 2814 aegrotante

2159 2846 2311 2900 saepe
2344 2831 2627 2886 nominato
2658 2830 2891 2902 Pippino
2915 2830 3124 2899 majore
3157 2831 3377 2899 domus,
3411 2832 3529 2886 ibat
3555 2834 3624 2887 ad
3651 2850 3781 2888 eum

2156 2922 2515 2988 visitandum,
2574 2921 2723 2976 filius
2776 2922 2897 2990 ejus
2962 2921 3334 2990 Grimoaldus,
3392 2925 3487 2994 qui
3548 2924 3789 2981 devotus

2156 3020 2347 3066 sancto
2406 3009 2696 3064 Lamberto
2729 3009 2876 3078 (ideo
2928 3008 3065 3065 forte
3105 3010 3367 3081 amplius,
3424 3012 3559 3083 quia
3617 3028 3790 3069 occu-

2078 3100 2368 3171 Cbuerat,
2420 3114 2521 3171 pro
2573 3097 2802 3154 defenso
2849 3100 3038 3154 matris
3065 3100 3185 3169 ejus
3240 3100 3555 3157 Plectrudis
3602 3105 3794 3160 matri-

2153 3193 2363 3262 monio)
2389 3191 2612 3246 divertit
2651 3191 2895 3266 Legiam,
2923 3197 2978 3246 et
3006 3191 3076 3246 ad
3127 3193 3396 3248 tumulum
3425 3196 3627 3263 sancti,
3659 3212 3791 3252 ora-

2152 3294 2308 3341 turus
2329 3284 2577 3339 accessit.
2614 3285 2761 3338 Inter
2781 3284 3077 3351 orandum,
3108 3291 3374 3355 exceptus
3405 3285 3620 3341 ibidem
3653 3296 3787 3344 ante

2151 3377 2321 3431 altare
2363 3375 2537 3430 sancti
2585 3374 2882 3441 Lamberti,
2925 3375 3218 3446 perimitur
3262 3392 3295 3430 a
3333 3377 3579 3448 quodam
3612 3380 3781 3435 satel-

2149 3469 2245 3524 lite
2273 3468 2648 3535 Rabbodonis,
2676 3468 2803 3522 duci
2833 3467 3175 3531 Fresionum,
3201 3469 3360 3537 cujus
3382 3467 3533 3536 filiae,
3561 3486 3594 3523 a
3624 3479 3783 3541 patre

2149 3581 2249 3621 suo
2284 3564 2517 3634 Pippino
2551 3563 2656 3617 sibi
2701 3562 3072 3634 desponsatas,
3108 3564 3451 3620 connubium
3487 3575 3785 3637 exspecta-

2149 3653 2262 3709 bat.
2320 3653 2429 3707 Sed
2461 3652 2729 3708 Rabbodo
2769 3651 2825 3707 id
2868 3653 3095 3723 impune
3128 3668 3241 3708 non
3296 3654 3443 3721 tulit,
3497 3656 3660 3727 cujus
3691 3657 3782 3710 in—

2150 3742 2374 3810 stinctu,
2422 3742 2691 3799 innocens
2730 3741 2989 3797 occubuit
3045 3741 3413 3798 Grimoaldus.
3464 3743 3600 3798 Nam
3662 3760 3774 3800 non

2149 3834 2323 3888 multo
2370 3840 2513 3905 post,
2565 3832 2714 3888 idem
2767 3832 3034 3888 Rabbodo
3066 3833 3400 3889 mirabiliter
3445 3850 3479 3888 a
3518 3835 3775 3892 daemone

2145 3927 2481 3995 ludificatus,
2523 3928 2687 3999 periit
2714 3927 2917 3995 subita,
2942 3933 2997 3982 et
3024 3927 3271 3983 aeternali
3297 3934 3496 3984 morte.

2215 4036 2351 4102 Quia
2380 4038 2605 4109 longum
2634 4042 2689 4092 et
2712 4036 2998 4092 tmdiosum
3030 4043 3114 4092 est
3140 4037 3359 4110 singula
3391 4036 3570 4093 sancti
3595 4037 3768 4093 .Lam-

2143 4125 2284 4180 berti
2312 4125 2596 4191 miracula,
2630 4125 3032 4197 particulariter
3056 4140 3351 4193 enarrare;
3386 4126 3485 4181 Dei
3502 4142 3605 4197 per
3633 4144 3761 4184 eum

2139 4215 2420 4286 operantis
2447 4214 2748 4285 potentiam
2773 4213 3064 4269 laudemus
3095 4214 3506 4271 universaliter.

2711 4341 2920 4400 CAPUT
2958 4344 3185 4423 xxvm.

2804 4461 3062 4531 Epilogus
3073 4503 3084 4515 .

2212 4572 2388 4628 Vitam
2438 4572 2493 4628 S.
2541 4571 2813 4626 Lamberti
2869 4571 3109 4642 primus,
3137 4570 3298 4638 jussu
3355 4569 3594 4644 Agifridi
3639 4571 3758 4642 epi-

2140 4664 2315 4734 scopi,
2338 4662 2561 4734 scripsit
2588 4662 2994 4718 Godeschalcus
3016 4661 3305 4727 diaconus,
3332 4660 3511 4731 ipsius
3523 4676 3756 4733 congre-

2137 4753 2377 4828 gationis
2406 4752 2660 4818 clericus,
2701 4750 2796 4822 qui
2825 4749 2928 4804 fuit
2962 4756 3214 4820 tempore
3244 4748 3469 4819 Pippini
3499 4758 3554 4805 et
3585 4748 3755 4805 Caroli

2137 4841 2339 4917 Magni,
2372 4848 2428 4895 et
2472 4848 2628 4915 gesta
2664 4838 2892 4911 quidem
2937 4838 3058 4907 ejus
3094 4837 3367 4892 veraciter
3402 4844 3757 4908 prosecutus,

2137 4934 2205 4989 de
2259 4949 2425 4989 causa
2481 4930 2728 5002 martyrii
2766 4945 2957 5002 parum
3014 4928 3194 4984 libero
3248 4943 3346 4983 ore
3387 4928 3606 4985 locutus
3651 4936 3756 4984 est.

2136 5028 2290 5093 Quod
2322 5028 2424 5082 hac
2453 5026 2521 5081 de
2546 5041 2713 5082 causa
2734 5023 2934 5079 fecisse
2977 5022 3243 5089 creditur,
3273 5038 3345 5078 ne
3375 5024 3462 5078 sui
3490 5024 3761 5095 temporis

2134 5120 2360 5196 regibus
2406 5118 2622 5190 culpam
2673 5117 2940 5186 majorum
2968 5130 3196 5171 suorum
3244 5113 3527 5171 videretur
3558 5131 3757 5187 expro-

2134 5216 2315 5270 brare.
2342 5214 2415 5268 Ex
2445 5213 2637 5269 illicito
2662 5212 2871 5283 quippe
2902 5208 3126 5283 Pippini
3172 5217 3227 5264 et
3256 5208 3507 5280 Alpaidis
3555 5210 3753 5278 conju-

2133 5307 2246 5382 gio,
2292 5311 2454 5360 natus
2492 5311 2578 5359 est
2630 5302 2852 5359 Carolus
2912 5299 3225 5367 Martellus;
3266 5300 3335 5354 de
3377 5299 3570 5356 Carolo
3626 5300 3753 5371 Pip-

2132 5398 2299 5470 pinus
2328 5397 2544 5463 tertius,
2575 5396 2670 5468 qui
2699 5411 2765 5450 ex
2795 5393 3068 5466 principe,
3101 5393 3159 5446 in
3193 5407 3379 5461 regem
3418 5391 3749 5447 Francorum

2134 5492 2419 5558 promotus
2457 5491 2569 5551 est;
2637 5485 2707 5538 de
2755 5483 2988 5554 Pippino
3058 5478 3280 5535 Carolus
3331 5479 3581 5550 Magnus,
3642 5494 3751 5551 quo

416 5571 760 5656 muneribus,
816 5595 1019 5660 quanta
1073 5588 1237 5643 fuerit
1277 5586 1534 5640 fidelibus
1574 5586 1767 5642 orandi
1820 5593 1874 5638 et
1903 5590 2028 5638 vota
2128 5594 2293 5635 nemo
2320 5585 2446 5632 ante
2474 5593 2624 5644 eum,
2655 5576 2743 5631 vel
2772 5580 2896 5647 post
2930 5588 3078 5639 eum,
3110 5572 3255 5626 inter
3289 5571 3620 5626 Francorum
3655 5587 3751 5626 re-

414 5683 650 5740 vovendi
691 5682 923 5754 paritas,
968 5679 1086 5734 haec
1128 5686 1184 5733 et
1226 5677 1564 5746 hujusmodi,
1606 5676 1821 5733 facilius
1860 5691 1891 5729 a
1928 5690 2022 5729 sa-
2125 5688 2243 5746 ges,
2278 5669 2380 5725 fuit
2408 5669 2603 5740 major,
2663 5667 2733 5723 de
2771 5680 2881 5737 quo
2907 5664 3149 5720 dubitari
3205 5669 3389 5733 potest
3439 5661 3636 5720 fortior
3674 5679 3747 5719 an
