3960 6198
436 338 540 393 783

1655 319 1999 376 SIGEBERTI
2040 317 2534 373 GEMBLACENSIS

3655 324 3779 379 784

438 475 641 526 sanctae
668 465 927 521 Romanae
958 458 1216 516 Ecclesiae
1248 456 1532 529 presbyter
1579 454 1702 521 fuit,
1752 459 1807 509 et
1838 471 1868 508 a
1915 453 2055 507 Mar-
2080 448 2542 521 Apromissionis
2580 449 2785 504 intrare
2843 463 2954 505 non
2997 458 3352 507 meruerunt:
3405 452 3494 509 isti
3548 471 3690 512 vero
3738 458 3801 513 in

438 562 555 617 tino
578 574 719 631 papa
750 554 888 627 (999)
924 554 1295 608 Romanorum
1328 548 1574 603 Amando
1621 547 1884 617 episcopo
1922 545 2049 599 Tra-

434 646 765 716 jectensium
820 642 886 696 ad
946 639 1209 695 auxilium
1267 640 1587 693 exercendae
1643 636 2051 707 praedicationis

440 743 733 812 deputatus
776 739 842 792 ad
890 736 1089 791 Gallias
1116 734 1290 802 venit,
1320 741 1374 789 et
1396 734 1697 789 ’ordinatus
1745 732 2051 801 Trajeeten-

440 831 515 885 sis
545 828 801 885 Ecclesia:
849 825 1315 896 archipresbyter,
1362 823 1570 877 ibidem
1604 824 1714 877 Deo
1756 823 2045 877 militabat.

441 920 503 973 Et
538 918 666 990 quia
697 918 843 972 idem
902 914 1201 986 episcopus
1241 928 1341 983 pro
1392 912 1575 967 studio
1615 911 1952 981 praedicandi
1990 927 2048 966 se

440 1008 761 1080 expedierat
790 1002 1091 1075 episcopali
1120 1002 1353 1061 sarcina.
1384 1001 1502 1072 ipse
1527 999 1674 1055 vices
1697 1000 1945 1071 episcopi
1972 999 2051 1054 di-

440 1097 676 1172 ligenter
696 1105 750 1150 et
775 1100 1089 1164 opportune
1116 1090 1432 1161 supplebat,
1462 1096 1515 1144 et
1536 1106 1634 1160 per
1653 1105 1849 1145 novem
1876 1104 2051 1144 annos

441 1191 579 1245 rexit
634 1186 945 1249 ecclesiam,
979 1184 1241 1255 episc0po
1285 1188 1591 1249 vacantem,
1637 1182 1814 1236 donec
1856 1182 2049 1235 Rema—

442 1279 559 1334 clus
589 1276 905 1332 cathedram
922 1270 1284 1340 Trajectensis
1311 1271 1566 1325 Ecclesiae
1590 1271 1832 1340 suscepit
1855 1271 2047 1339 (1000).

444 1369 792 1424 Landoaldus
830 1380 961 1440 ergo
982 1372 1205 1419 teneros
1234 1378 1407 1418 annos
1428 1362 1603 1418 sancti
1636 1363 1792 1433 pueri
1825 1371 2052 1433 paterno

443 1462 565 1517 sinu
594 1457 925 1527 suscipiens,
966 1454 1035 1509 ad
1067 1468 1313 1509 normam
1346 1458 1549 1506 sanctae
1576 1452 1702 1506 vitae
1725 1450 2057 1506 informabat

444 1553 721 1626 primaevae
758 1547 936 1603 aetatis
964 1562 1166 1601 mores.
1203 1544 1493 1616 Requievit
1516 1544 1644 1599 olim
1672 1544 1898 1614 spiritus
1928 1543 2057 1597 Elite

443 1660 612 1717 super
662 1643 935 1697 Eliseum:
992 1654 1095 1693 nec
1125 1639 1230 1693 hoc
1276 1635 1487 1691 suﬂecit
1528 1636 1740 1691 Eliseo:
1796 1636 1895 1691 sed
1942 1652 2052 1689 rem

445 1737 752 1802 difﬁcilem,
796 1741 979 1789 tamen
1009 1732 1120 1787 Deo
1153 1730 1474 1801 possibilem
1509 1730 1686 1801 petiit,
1727 1739 1787 1787 ut
1828 1731 2054 1801 spiritus
2079 1770 2130 1839 B

446 1828 575 1882 Elia:
604 1825 805 1896 duplex
860 1821 1017 1876 ﬁeret
1044 1821 1101 1874 in
1133 1836 1222 1875 se:
1279 1820 1360 1874 sic
1390 1826 1447 1874 et
1476 1835 1624 1875 nunc
1655 1820 1883 1890 spiritus
1916 1821 2057 1875 Lan-

446 1918 630 1974 doaldi
683 1914 959 1986 requievit
987 1929 1154 1984 super
1192 1912 1565 1979 Lantbertum,
1616 1918 1669 1965 et
1710 1913 1894 1978 credo,
1928 1914 2057 1984 quia

445 2007 672 2079 spiritus
726 2002 975 2078 magistri
1021 2001 1222 2073 duplex
1278 2000 1453 2055 factus
1497 2007 1583 2056 est
1643 2000 1699 2055 in
1742 2001 2054 2069 Lantberto,

447 2102 604 2170 cujus
656 2097 831 2171 gratia
886 2110 1055 2167 super
1103 2093 1333 2169 gratiam
1387 2091 1637 2167 magistri
1700 2095 1942 2149 excrevit
2000 2096 2056 2150 in

445 2189 695 2335 militiai-
725 2275 951 2330 illustris
980 2276 1144 2345 Aper,
1192 2280 1251 2328 ut
1290 2271 1462 2327 ﬁlium
1512 2288 1671 2327 suum
1704 2272 2058 2328 Lantbertum

449 2375 656 2431 faceret
686 2369 1019 2427 tenaciorem
1052 2365 1341 2437 prepositi,
1397 2364 1625 2418 fundum
1662 2381 1777 2420 suae
1808 2366 2062 2436 proprie—

447 2467 596 2532 tatis,
625 2462 894 2519 vocabulo
922 2458 1381 2513 Wentreshovum
1412 2458 1606 2527 (1001),
1635 2458 1760 2525 jure
1793 2468 2061 2529 perpetuo

449 2556 723 2634 delegavit
752 2554 831 2609 illi
860 2552 1119 2623 illiusque
1157 2549 1324 2605 tutori
1371 2549 1710 2615 Landoaldo,
1739 2558 1798 2606 ut
1826 2551 2062 2606 ecclesia

448 2648 526 2702 ibi
579 2650 913 2709 constructa,
954 2647 1107 2695 tanto
1157 2637 1453 2693 instantius
1497 2645 1776 2706 vacarent,
1812 2639 1904 2694 ille
1952 2639 2059 2695 do-

450 2734 634 2801 cendi,
675 2733 769 2787 ille
807 2729 1059 2785 discendi
1090 2727 1397 2794 desiderio,
1426 2734 1635 2799 quanto
1677 2729 1942 2783 remotius
1964 2730 2064 2784 de-

445 2833 640 2901 gerent
696 2840 727 2879 a
778 2821 966 2877 smculi
997 2821 1258 2876 vanitate.
1312 2820 1414 2875 Ubi
1466 2820 1593 2874 dum
1630 2820 1973 2875 insisteretur
2006 2821 2061 2875 in

446 2914 774 2971 aadiﬁcanda
797 2906 1308 2971 ecelesia,artiﬁces
1336 2924 1503 2979 super
1532 2908 1762 2979 penuria
1802 2909 2064 2980 potabilis

446 3021 603 3079 aquae
647 3000 1164 3074 conquerebantur;
1227 2999 1357 3070 quia
1411 3015 1553 3070 aqua
1603 2999 1678 3053 ibi
1731 3016 1796 3054 ex
1828 2999 2058 3070 palustri

443 3099 683 3158 colluvie
707 3096 940 3153 collecta
971 3109 1067 3150 eos
1102 3094 1363 3149 bibentes
1388 3094 1565 3168 magis
1592 3095 1885 3165 torquebat
1914 3110 2060 3149 ama-

2153 537 2261 594 ﬁde
2297 539 2560 605 roborati,
2617 539 2790 593 Deum
2848 554 3034 594 coram
3084 539 3346 595 omnibus
3402 543 3801 601 sanctiﬁcave-

2151 638 2296 683 runt.

2222 720 2275 772 6.
2333 719 2526 773 Jussus
2574 718 2874 789 aliquando
2905 725 3126 774 sanctus
3164 736 3304 791 puer
3350 738 3381 776 a
3423 723 3694 798 magistro
3722 728 3799 782 ad

2152 825 2281 863 usus
2305 825 2435 864 suos
2456 810 2640 879 ignem
2671 806 2889 875 afferre,
2912 825 3036 864 cum
3064 824 3176 864 non
3205 820 3375 878 esset,
3407 812 3463 866 in
3483 830 3596 885 quo
3627 816 3793 870 illum

2151 901 2407 963 deferret,
2445 908 2499 957 et
2552 917 2663 956 non
2694 917 2887 972 parere
2917 902 3183 977 magistro
3241 903 3398 959 nefas
3429 905 3681 972 duceret,
3724 910 3785 963 in

2149 1000 2298 1048 veste
2353 994 2589 1064 positum
2643 994 2829 1069 ignem
2879 994 3102 1049 miranti
3145 996 3408 1070 magistro
3456 999 3664 1056 attulit.
3713 1002 3793 1056 Ex

2151 1086 2266 1154 ille,
2320 1087 2414 1158 qui
2463 1094 2572 1142 tres
2620 1103 2842 1157 pueros,
2877 1086 2930 1140 in
2970 1087 3193 1144 fornace
3240 1088 3615 1147 Chaldaeorum
3647 1108 3787 1148 cum

2150 1178 2497 1233 vestimentis
2525 1179 2639 1233 suis
2670 1179 2946 1249 detrusos,
2990 1179 3065 1234 ita
3097 1182 3354 1247 servavit,
3389 1191 3449 1237 ut
3478 1199 3585 1239 nec
3604 1186 3791 1240 vesti-

2152 1272 2335 1320 menta
2352 1282 2546 1321 eorum
2563 1266 2849 1321 immutata
2861 1267 3240 1335 essent,hujus
3254 1268 3419 1323 etiam
3434 1278 3642 1325 vestem
3658 1271 3798 1327 illa:-

2155 1371 2270 1410 sam
2294 1357 2553 1423 servavit,
2577 1362 2636 1410 ut
2659 1357 3003 1423 claresceret,
3023 1356 3291 1431 quiaigne
3310 1359 3495 1414 Sancti
3517 1360 3789 1432 Spiritus,

2156 1460 2266 1515 quo
2291 1444 2524 1499 interius
2552 1445 2800 1509 ardebat,
2828 1445 3013 1519 ignem
3044 1447 3384 1502 materialem
3412 1452 3784 1520 superaverit.

2161 1536 2223 1590 Et
2252 1551 2391 1607 puer
2430 1537 2656 1608 quidem
2688 1544 2950 1591 strenuus
2975 1537 3088 1605 jam
3150 1547 3281 1593 tunc
3311 1540 3497 1595 nitens
3538 1542 3672 1597 totis
3703 1543 3792 1596 vi-

2160 1628 2318 1682 ribus
2350 1627 2469 1681 ﬁeri
2506 1628 2590 1681 vir
2615 1628 2915 1699 perfectus,
2958 1638 3223 1702 quantum
3268 1632 3370 1687 sub
3400 1632 3575 1688 ferula
3606 1636 3788 1690 sancti

2156 1719 2402 1792 magistri
2454 1719 2763 1791 profecerit,
2808 1737 2972 1793 quam
3002 1739 3140 1792 puro
3187 1730 3415 1794 pectore
3452 1725 3787 1781 adhibuerit

2158 1811 2377 1881 pietatis
2399 1826 2461 1865 ac
2491 1811 2738 1866 scientiae
2768 1813 2955 1876 verba,
2992 1813 3229 1868 otiosum
3262 1821 3345 1869 est
3374 1815 3465 1870 hic
3503 1816 3789 1873 inculcare

2156 1902 2364 1969 verbis,
2418 1918 2540 1957 cum
2600 1901 2835 1957 fructum
2884 1910 2993 1958 tam
3040 1904 3273 1974 proﬁcui
3336 1905 3546 1961 laboris
3604 1907 3790 1963 adhuc

2160 1994 2328 2050 hodie
2358 1996 2568 2065 passim
2626 1995 2931 2051 exuberare
2986 1996 3294 2052 videamus.
3326 1996 3441 2052 Sub
3469 1996 3788 2055 Landoaldo

2160 2084 2287 2140 felix
2328 2085 2656 2141 adolescens
2687 2102 2796 2143 non
2853 2087 3053 2142 leniter
3079 2088 3431 2157 exercitatus,
3470 2090 3540 2144 ad
3567 2091 3791 2165 genito-

2160 2194 2273 2232 rem
2308 2194 2589 2250 regressus
2620 2187 2735 2245 est;
2767 2195 2871 2235 nec
2900 2188 2983 2234 est
3013 2179 3172 2235 facile
3202 2179 3379 2247 dictu,
3404 2196 3514 2253 quo
3546 2190 3785 2255 uterque

2162 2268 2390 2325 aﬂ‘ectus
2418 2270 2488 2323 sit
2526 2270 2752 2344 gaudio,
2786 2271 2916 2325 dum
2948 2278 3003 2326 et
3056 2270 3204 2326 ﬁlius
3236 2287 3338 2343 pro
3390 2280 3625 2343 paterno
3656 2273 3794 2330 affe-

2161 2369 2271 2428 ctu,
2312 2369 2369 2417 et
2403 2370 2557 2433 pater
2588 2379 2684 2433 pro
2713 2361 2808 2416 ﬁlii
2842 2363 3096 2434 profectu
3120 2364 3516 2437 gratulabatur.

2234 2455 2285 2510 7.
2350 2454 2554 2509 Sancto
2647 2454 2978 2510 Theodardo
3059 2454 3487 2524 Trajectensium
3569 2457 3799 2529 episeo-

2164 2559 2234 2613 po
2294 2543 2471 2614 (100‘2)
2528 2544 2846 2608 substituto,
2930 2544 3351 2600 commendatur
3429 2545 3599 2601 etiam
3664 2547 3797 2602 huic

2164 2635 2491 2690 Lantbertus
2531 2651 2561 2690 a
2600 2651 2701 2691 suo
2754 2644 2932 2706 patre,
2964 2644 3023 2690 ut
3064 2637 3133 2691 ad
3191 2636 3312 2705 ejus
3343 2636 3631 2709 exemplar
3672 2655 3797 2694 eru-

2164 2727 2370 2794 diatur,
2404 2727 2498 2799 qui
2530 2727 2586 2782 in
2616 2726 2852 2783 ecclesia
2881 2733 2935 2782 et
2964 2726 3017 2781 in
3051 2727 3206 2783 curia
3234 2728 3461 2784 multam
3490 2729 3795 2786 videbatur

2163 2822 2574 2892 suspiciendus.
2612 2822 2683 2876 Ex
2725 2820 2883 2888 cujus
2923 2821 3025 2876 viri
3064 2821 3235 2877 latere
3276 2822 3416 2878 adeo
3447 2823 3705 2894 profecit,
3732 2832 3793 2879 ut

2163 2910 2217 2964 in
2264 2910 2479 2966 cunctis
2507 2910 2745 2983 negotiis
2783 2925 2894 2965 non
2920 2917 3132 2965 tantum
3173 2911 3452 2982 exemplo,
3484 2912 3583 2966 sed
3613 2912 3789 2969 etiam

2162 3002 2426 3058 miraculo
2479 3007 2626 3057 esset
2684 3001 2963 3068 omnibus.
3012 3002 3140 3057 Erat
3179 3003 3324 3056 enim
3389 3018 3523 3059 vere
3562 3005 3788 3077 dignus,

2159 3101 2384 3165 aspectu
2435 3093 2708 3157 amabilis,
2762 3093 3039 3165 colloquio
3083 3092 3321 3149 aﬂ'abilis
3360 3094 3417 3149 in
3470 3102 3621 3151 recta
3660 3113 3793 3153 con-

440 3192 705 3257 ritudine,
746 3204 911 3262 quam
960 3188 1145 3258 aliqua
1199 3186 1467 3243 suavitate
1516 3185 1877 3240 refocillabat.
1920 3184 2133 3242 San-V
2159 3185 2492 3251 versatione,
2518 3193 2572 3241 et
2627 3185 2885 3241 omnibus
2925 3184 3243 3253 conformis,
3301 3186 3391 3241 vix
3430 3187 3561 3242 ullis
3607 3189 3791 3244 imita-

442 3296 563 3345 ctus
636 3285 919 3358 magister,
992 3283 1348 3354 sanctiorque
1412 3283 1674 3356 magistro
1727 3282 2055 3354 discipulus,

438 3377 605 3433 ﬁdem
636 3375 909 3430 habentes
938 3372 994 3426 in
1026 3388 1174 3435 eum,
1215 3372 1308 3443 qui
1357 3371 1557 3427 amaris
1586 3370 1743 3443 aquis
1795 3372 1864 3427 de
1911 3372 2057 3427 Mara

441 3467 795 3525 dulcedinem
822 3464 1044 3528 indidit,
1068 3462 1473 3519 communicato
1504 3470 1653 3530 voto,
1687 3463 1894 3534 pariter
1923 3479 2054 3520 exo-

439 3566 563 3615 rant
590 3558 850 3630 pietatem
883 3553 1308 3625 Omnipotentis.

509 3646 563 3703 5.
589 3647 844 3700 Invocato
867 3658 999 3717 ergo
1029 3648 1235 3697 sancta;
1263 3640 1541 3696 Trinitatis
1580 3641 1829 3709 nomine,
1861 3641 2061 3699 baculo

437 3736 759 3812 designatur
823 3734 977 3788 locus
1043 3731 1100 3785 in
1168 3731 1391 3787 modum
1450 3740 1652 3787 sanctae
1709 3732 1915 3786 crucis:
1971 3748 2059 3787 res

437 3827 599 3892 mira,
644 3823 741 3878 sed
772 3821 903 3878 ﬁdei
945 3835 1058 3877 non
1090 3819 1383 3876 inusitata!
1426 3819 1549 3876 fons
1580 3821 1655 3875 ibi
1687 3822 1866 3876 statim
1908 3838 2061 3876 ema-

435 3913 586 3970 navit
613 3910 1057 3983 limpidissimus,
1090 3909 1183 3981 qui
1214 3916 1269 3965 et
1297 3909 1533 3980 aperuit,
1576 3917 1841 3981 quantum
1873 3910 2052 3965 sancti

435 4007 583 4079 apud
627 4007 800 4061 Deum
854 4009 1104 4075 possent,
1151 4010 1208 4057 et
1245 4002 1447 4057 incolis
1502 4018 1567 4057 ex
1624 4009 1756 4058 tunc
1785 4009 1840 4058 et
1886 4002 2052 4058 modo

434 4098 586 4155 omni
635 4114 739 4152 usu
794 4095 995 4150 habilis
1042 4094 1167 4150 fuit.
1201 4093 1366 4162 Cujus
1389 4091 1646 4149 beneﬁcii
1702 4094 2051 4162 memoriam,

435 4188 564 4244 dum
593 4187 798 4253 Patres,
845 4183 1150 4257 generatim
1207 4182 1505 4246 narrando,
1566 4183 1940 4238 transmittunt
1983 4183 2053 4238 ad

435 4276 598 4342 ﬁlios,
630 4275 828 4330 merita
883 4280 1199 4328 sanctorum
1245 4272 1613 4339 accumulant,
1644 4272 1774 4344 quia
1810 4289 1910 4343 per
1958 4288 2054 4328 eos

435 4387 637 4428 nomen
684 4368 900 4425 Domini
956 4367 1214 4423 benedici
1243 4366 1467 4423 faciunt.
1521 4368 1604 4422 Ita
1661 4367 1955 4423 Lantberto
2002 4374 2057 4422 et

2160 3277 2308 3333 bilis.
2351 3277 2507 3333 Parvi
2540 3277 2822 3349 pendebat
2851 3277 3161 3348 praesentia,
3194 3279 3369 3334 veluti
3405 3279 3707 3337 devoverat
3736 3282 3791 3337 in

2158 3369 2411 3441 pueritia,
2464 3368 2745 3424 mstimans
2774 3383 2873 3438 pro
2904 3368 3080 3424 nihilo
3137 3369 3346 3438 omnia,
3379 3378 3584 3442 praeter
3637 3375 3791 3445 quod

2155 3475 2272 3523 erat
2300 3468 2521 3523 aeternae
2548 3465 2743 3522 salutis
2771 3465 2964 3539 gratia,
3016 3466 3339 3522 caelestibus
3392 3468 3579 3523 animo
3609 3468 3788 3526 inhae-

2154 3576 2305 3628 rens,
2332 3575 2453 3614 sese
2515 3559 2570 3612 in
2617 3557 3002 3613 holocaustum
3051 3557 3286 3614 Domino
3326 3559 3620 3615 mactabat.
3682 3561 3783 3617 Hic

2160 3651 2355 3706 videor
2400 3649 2536 3705 mihi
2584 3649 2773 3704 videre
2830 3648 2999 3704 Josue
3057 3649 3373 3706 ministrum
3414 3650 3616 3722 Moysi,
3658 3653 3779 3724 qui,

2160 3740 2346 3811 Moyse
2374 3740 2427 3793 in
2453 3747 2643 3794 monte
2678 3737 2808 3792 Sina
2835 3753 2958 3793 cum
2995 3738 3104 3793 Deo
3135 3746 3468 3805 remorante,
3494 3740 3784 3795 excubans

2159 3829 2226 3884 ad
2264 3829 2476 3888 radices
2517 3825 2741 3894 montis,
2784 3826 3051 3882 conviviis
3081 3833 3138 3882 et
3179 3826 3396 3882 lusibus
3420 3837 3781 3899 peccatorum

2154 3937 2265 3977 non
2317 3923 2608 3987 intererat,
2669 3925 2727 3974 et
2754 3918 2942 3990 Moyse
2969 3918 3024 3973 in
3064 3925 3241 3975 castra
3269 3927 3611 3990 revertente,
3670 3938 3782 3980 uon

2155 4009 2451 4066 recedebat
2492 4010 2562 4065 de
2594 4008 2953 4065 tabernaculo
2992 4009 3246 4075 foederis;
3301 4016 3358 4065 et
3401 4010 3552 4080 ideo,
3605 4012 3781 4083 impo-

2155 4108 2324 4155 nente
2354 4098 2536 4170 Moyse
2561 4114 2761 4153 manus
2799 4114 2929 4154 suas
2966 4114 3137 4170 super
3165 4114 3319 4168 eum,
3360 4101 3571 4157 meruit
3607 4102 3780 4174 Moysi

2153 4204 2442 4245 successor
2474 4186 2613 4243 ﬁeri.

2224 4279 2276 4334 8.
2324 4277 2433 4332 Sed
2461 4276 2595 4348 quid
2622 4292 2762 4348 opus
2783 4283 2867 4332 est
2897 4276 3028 4333 hinc
3067 4276 3199 4333 inde
3239 4278 3487 4349 quaesitis
3517 4279 3785 4336 laudatio-

2155 4385 2284 4425 num
2319 4366 2459 4422 fucis
2485 4365 2640 4420 illum
2671 4366 2940 4433 colorare,
2972 4382 3136 4438 quem
3169 4367 3443 4438 sapientia
3465 4368 3607 4439 ipsis
3632 4370 3781 4426 colo-

434 4459 749 4516 Landoaldo
780 4457 1138 4532 diligentibus
1168 4456 1338 4511 Deum
1372 4456 1557 4511 omnia
1586 4463 1959 4528 occperantur
1999 4456 2053 4510 in
2074 4462 2132 4531 Ι)
2157 4458 2295 4515 ravit
2323 4455 2664 4512 virtutibus?
2690 4455 3041 4527 Superﬂuum
3072 4461 3155 4511 est
3187 4463 3341 4511 extra
3373 4472 3633 4528 quaerere
3672 4475 3783 4513 ma-

432 4552 666 4618 bonum,
706 4551 802 4623 qui
838 4556 898 4604 ut
919 4555 1106 4604 essent
1144 4548 1339 4615 sancti,
1371 4548 1676 4604 secundum
1707 4548 2046 4619 propositum

434 4643 533 4702 Dei
561 4643 740 4701 vocati
785 4648 932 4697 sunt.
985 4641 1300 4696 Renovatur
1338 4640 1425 4695 hic
1477 4640 1822 4711 antiquitatis
1875 4640 2050 4696 histo-

435 4740 543 4795 ria:
566 4739 779 4813 Moyses
825 4743 880 4791 et
908 4737 1082 4790 Aaron
1116 4734 1406 4806 penuriam
1447 4734 1752 4789 sitientium
1790 4734 2049 4790 Hebraeo-

434 4848 555 4886 rum
594 4832 838 4886 relevare
868 4845 896 4882 a
928 4827 1041 4883 Deo
1062 4826 1226 4897 jussi,
1271 4825 1357 4881 bis
1397 4826 1549 4899 virga
1607 4825 1817 4881 silicem
1860 4842 2053 4897 percu-

435 4923 654 4990 tientes,
685 4938 856 4995 aquas
894 4921 1074 4995 largas
1123 4919 1429 4975 cieverunt.
1484 4918 1592 4972 Sed
1637 4918 1716 4972 illi
1761 4917 1830 4972 ab
1861 4918 2053 4989 Inspe-

436 5018 584 5067 ctore
613 5011 863 5066 cordium
909 5008 1195 5084 redarguti
1240 5006 1666 5075 incredulitatis,
1699 5007 1919 5062 Terram
1964 5023 2056 5063 re-

509 5236 873 5318 (999)ls_fuit
903 5237 955 5292 S.
989 5236 1255 5293 Martinus
1284 5236 1434 5318 f’apg
1472 5236 1604 5318 ejus
1621 5233 1876 5318 nominis
1898 5236 1937 5289 Ι.

507 5306 681 5379 (1000)
732 5309 885 5364 Falsa
918 5325 1060 5373 esse,
1104 5324 1226 5381 quae
1273 5306 1734 5387 de’Trajectensi
1781 5306 1915 5387 sede
1942 5319 2047 5387 pq-

434 5377 557 5435 vem
584 5377 761 5436 annos
791 5388 1018 5436 vacante
1051 5377 1252 5451 et'per
1281 5380 1333 5434 S.
1399 5378 1773 5451 Landoaldum
1812 5377 2051 5451 admini-

433 5457 604 5508 strata
635 5462 836 5516 narrat,
870 5449 1164 5522 probatum
1180 5452 1294 5519 jam
1326 5456 1409 5522 est
1441 5450 1494 5504 in
1541 5451 1607 5522 S.
1636 5449 1892 5522 Amando
1914 5456 2045 5522 tom.

436 5523 455 5576 Ι
486 5524 761 5597 Februarii
794 5520 917 5597 pag.
940 5523 1085 5597 Δ033,
1115 5529 1169 5577 et
1198 5522 1253 5576 in
1287 5522 1343 5576 S.
1393 5521 1650 5576 Remaclo
1692 5530 1822 5576 tom.
1877 5520 1917 5574 l.
1951 5520 2050 5574 Se-

433 5601 578 5665 ptem
588 5593 893 5669 bris,_p_ag.'
920 5593 1052 5669 _674.

503 5668 682 5737 (1001)
704 5661 1098 5737 Winterhoven
1125 5678 1302 5737 pagus
1333 5670 1415 5737 est
1437 5662 1608 5734 Belgii
1636 5661 1780 5737 inter
1800 5661 2051 5737 civitates

431 5732 707 5795 llasletum
763 5745 819 5791 et
847 5732 1228 5804 TungrosJDé
1253 5732 1449 5787 eodem
1498 5732 1748 5788 meminit
1796 5732 2050 5789 Gottefri-

2147 4554 2340 4610 teriam
2372 4551 2554 4607 laudis
2583 4566 2706 4607 cum
2741 4567 2865 4606 cum
2913 4549 3136 4608 Creator
3166 4551 3234 4606 ad
3265 4557 3475 4607 tantam
3520 4552 3786 4611 formave-

2151 4647 2221 4703 rit
2251 4645 2504 4721 gratiam,
2537 4650 2596 4700 ut
2633 4644 2691 4700 in
2723 4650 2835 4701 toto
2876 4659 3109 4715 corpore
3159 4644 3280 4713 ejus
3327 4645 3416 4699 vix
3442 4644 3785 4718 subrepserit

2150 4739 2334 4810 aliqua
2365 4744 2578 4792 natura:
2611 4736 2837 4804 menda,
2865 4736 2923 4791 in
2942 4736 3132 4792 animo
3172 4751 3304 4792 vero
3338 4735 3463 4805 ejus
3487 4737 3574 4792 vix
3600 4737 3785 4810 aliqua

2152 4828 2347 4885 nociva
2378 4826 2594 4882 macula
2633 4825 2970 4897 apparuerit.
3028 4826 3166 4890 Quia
3192 4831 3378 4880 tamen
3408 4832 3632 4896 Oportet
3658 4843 3785 4884 eum

2155 4916 2402 4983 laudare,
2441 4921 2502 4971 ut
2544 4931 2611 4970 ex
2651 4929 2780 4970 vero
2818 4928 2943 4968 eum
2994 4913 3308 4981 laudemus,
3352 4914 3536 4969 decet.
3576 4917 3647 4983 Is,
3688 4916 3783 4989 qui

2155 5003 2535 5060 habitudinem
2561 5001 2814 5074 corporis
2845 5002 2967 5072 ejus
2993 5011 3088 5059 aut
3117 5002 3290 5068 novit,
3321 5008 3419 5058 aut
3454 5001 3526 5057 ab
3544 5003 3656 5071 his,
3691 5002 3785 5076 qui

2148 5233 2251 5288 dus
2297 5230 2661 5311 Wendelinus
2713 5230 2771 5285 in
2818 5229 2992 5311 Natali
3033 5229 3155 5286 solo
3191 5230 3408 5311 legum,
3440 5227 3774 5311 Salicarum,

2189 5303 2565 5386 ag.‘104,ubi
2607 5305 2787 5384 locum
2820 5302 2971 5386 hunc
3008 5300 3327 5386 non_aliuin
3366 5302 3572 5386 statuit,
3607 5317 3770 5386 qpam

2149 5322 2273 5429 ὥς.
2311 5322 2436 5370 Ίυ4,
2467 5322 2565 5359 1101
2608 5322 2787 5358 locum
2821 5322 2968 5357 nunc
3008 5322 3119 5357 non
3157 5322 3327 5355 auum
3366 5322 3572 5382 Statuit,
3607 5322 3770 5381 quam

2169 5447 2182 5452 _
2222 5375 2520 5452 mdogasti,
2549 5374 2811 5452 u_ni_us_ex
2846 5379 3085 5452 quatuor
3125 5372 3315 5452 legum
3353 5371 3777 5452 conditoribus,

3216 5443 3476 5498 indehove
3523 5442 3781 5513 appella-

2158 5525 2296 5573 tum.

2219 5587 2398 5657 (1002)
2439 5588 2568 5653 Quae
2600 5588 2669 5642 de
2717 5588 2771 5642 S.
2817 5584 3091 5657 Lamberti
3133 5600 3265 5657 per,
3298 5583 3357 5657 Si.
3390 5584 3778 5657 Theoidardum

2152 5655 2499 5715 inStitutione
2526 5658 2613 5714 hic
2628 5664 2834 5727 narrat,
2860 5673 2926 5714 ea
2952 5672 3019 5712 ex
3043 5655 3420 5711 Godeschalco
3444 5664 3503 5711 et
3527 5656 3770 5730 Stepha-

2151 5746 2224 5788 no
2249 5730 2619 5801 deprompsit.

2153 5444 2518 5511 domicilium,
2566 5444 2918 5501 Windoheim
2962 5444 3079 5499 sive
