3960 6198
220 323 333 379 786

1418 332 1561 387 VITA
1606 333 1857 389 ALTERA
1899 338 1953 391 S.
1999 336 2347 392 LAMBERTI.

3436 331 3542 385 786

212 464 340 535 eum
374 457 669 518 noverunt,
725 450 919 507 didicit
957 451 1158 524 (1003),
1213 455 1431 526 scripsit
1482 473 1607 512 eum
1661 457 1832 515 fuisse
1856 468 1909 533 Α
1933 462 2247 535 quisquam,
2272 461 2420 534 quod
2450 461 2547 516 Dei
2576 469 2677 528 est,
2712 468 2867 532 putet
2892 462 3101 517 homini
3128 460 3344 517 deberi.
3374 459 3541 515 Porro

211 534 435 603 fortem,
466 535 738 606 velocem,
775 538 1008 594 multum
1051 540 1273 615 agilem,
1305 542 1520 599 firmum
1565 545 1621 599 in
1660 545 1831 614 bello,

212 626 391 682 forma
423 628 789 700 praecipuum,
821 638 1031 687 statura
1061 648 1378 705 procerum,
1425 634 1565 691 facie
1606 637 1829 705 decora,

210 721 446 777 cesarie
476 721 737 790 formosa,
772 725 996 797 inclytis
1030 728 1226 795 oculis,
1267 729 1522 785 manibus
1552 732 1827 801 honestis,

209 815 403 888 digitis
424 815 624 891 longis,
654 833 818 874 carne
841 819 1107 889 candida;
1139 828 1244 876 uta
1262 822 1446 893 planta
1472 824 1630 895 pedis
1650 841 1826 897 usque

206 907 281 961 ad
315 906 577 962 verticem
627 909 828 981 capitis
887 917 1034 967 esset
1076 912 1599 984 irreprehensibilis.
1658 916 1717 971 Et
1770 925 1830 973 ut

205 1003 502 1059 veniamus
551 1004 621 1058 ad
672 1005 819 1061 bona
867 1007 1060 1075 animi,
1125 1015 1242 1064 erat
1285 1010 1551 1066 eharitate
1608 1012 1826 1083 plenus,

206 1094 461 1149 castitate
513 1095 863 1166 praecinctus,
921 1097 1183 1154 fundatus
1229 1100 1285 1154 in
1346 1101 1677 1169 humilitate,
1718 1119 1826 1174 op-

204 1188 447 1252 portune
496 1184 757 1252 orationi,
826 1194 1139 1259 Opportune
1206 1189 1452 1256 lectioni,
1520 1199 1828 1263 opportune

204 1271 439 1344 negotio
479 1273 750 1338 saeculari,
799 1275 885 1331 vel
925 1275 1003 1330 rei
1052 1275 1307 1332 familiari
1348 1278 1615 1336 intentus.
1670 1282 1824 1349 Ecce,

202 1358 365 1413 vides
394 1360 674 1416 hominem
691 1362 831 1419 adeo
855 1363 1016 1419 donis
1032 1365 1242 1439 gratiae,
1267 1367 1406 1422 adeo
1438 1367 1598 1424 bonis
1620 1378 1826 1426 naturae

201 1448 462 1517 ditatum,
492 1459 553 1507 ut
577 1453 892 1522 dicas,eum
920 1455 978 1510 in
1005 1456 1180 1511 virum
1209 1457 1512 1529 perfectum
1532 1460 1823 1518 formatum

199 1557 236 1595 a
278 1542 410 1598 Dee.
452 1543 611 1612 Ecce,
668 1547 916 1618 inquam,
951 1548 1122 1603 habes
1171 1550 1449 1606 hominem
1491 1553 1665 1609 cuivis
1705 1571 1826 1625 per-

199 1645 364 1687 sonae
421 1631 663 1688 habilem
697 1636 1059 1703 conformari,
1090 1637 1148 1691 in
1188 1655 1298 1709 quo
1352 1639 1399 1694 si
1455 1641 1706 1697 attendas
1734 1658 1820 1711 ea,

196 1738 333 1796 quae
361 1733 490 1779 sunt
520 1726 666 1789 laici,
701 1728 833 1798 quid
874 1729 942 1785 de
984 1729 1123 1786 laico
1155 1731 1205 1786 ei
1244 1731 1489 1788 defuisse
1542 1734 1737 1790 dicas?
1765 1735 1821 1790 Si

1936 550 1994 606 in
2019 552 2144 607 aula
2179 552 2323 624 regis
2350 566 2461 607 non
2487 550 2639 606 laevis
2678 557 2794 605 erat
2838 551 3126 607 aestimatio
3158 552 3228 606 de
3260 548 3539 605 Lantberti

1935 642 2178 713 nomine,
2238 658 2402 715 quem
2460 649 2514 698 et
2571 638 2771 717 regalis
2824 641 3094 697 celsitudo
3142 648 3197 695 et
3252 657 3539 712 procerum

1933 738 2225 794 multitudo
2283 738 2650 793 reverebatur.
2698 736 3020 793 Theodardo
3054 737 3287 807 praesule
3330 751 3430 805 per
3455 735 3543 789 in-

1933 827 2204 882 nocentize
2290 827 2433 883 viam
2513 826 2582 880 ad
2668 826 2897 902 gloriam
2979 833 3277 896 martyrum
3344 824 3543 894 perdu-

1931 927 2018 974 cto
2050 919 2257 990 (1006),
2309 919 2619 995 Vangiones
2655 918 2858 990 (1007),
2898 918 2957 973 in
2990 933 3224 991 quorum
3265 915 3541 972 territorio

1930 1015 2163 1064 mortem
2194 1009 2502 1080 appetierat
2554 1025 2663 1066 non
2696 1010 2999 1065 credebant
3037 1011 3145 1065 hoc
3192 1008 3420 1064 fortuitu
3451 1022 3543 1062 ac-

1929 1100 2153 1168 cidisse,
2185 1102 2284 1156 sed
2337 1102 2432 1157 Dei
2476 1102 2718 1158 suaviter
2777 1101 2964 1158 omnia
3018 1101 3366 1173 disponentis
3403 1108 3542 1154 nutu

1929 1207 2174 1261 praesens
2203 1191 2329 1246 novi
2352 1191 2600 1263 martyris
2618 1198 2864 1247 tutamen
2903 1190 3009 1245 sibi
3044 1197 3395 1262 procuratum
3418 1205 3540 1244 esse

1928 1279 2266 1351 sperabant;
2310 1280 2548 1353 ideoque
2599 1296 2709 1336 non
2768 1279 3117 1352 patiebantur
3167 1294 3366 1350 corpus
3420 1278 3541 1349 ejus

1928 1369 2192 1440 asportari
2237 1386 2267 1425 a
2300 1370 2405 1425 'sua
2447 1370 2706 1440 parochia
2745 1371 2901 1440 cujus
2948 1370 3243 1442 praesentia
3272 1369 3538 1441 optabant

1924 1459 2258 1513 aeternaliter
2291 1458 2535 1533 gloriari.

1997 1551 2083 1605 11.
2128 1551 2251 1606 Haec
2279 1551 2553 1606 acerbitas
2600 1552 2679 1607 rei
2726 1552 2956 1608 nimium
2990 1553 3300 1624 perculerat
3355 1552 3538 1623 Traje-

1923 1645 2161 1707 ctenses,
2217 1650 2272 1697 et
2300 1640 2570 1695 Lantberti
2609 1651 2873 1708 mentem,
2907 1642 3031 1712 plus
3060 1642 3224 1697 credo
3253 1642 3533 1709 omnibus,

1922 1737 2386 1787 consternaverat.
2432 1731 2540 1786 Sed
2587 1731 2706 1802 ipse
2739 1739 3052 1803 temperans
3091 1732 3269 1787 dolori
3296 1732 3533 1804 (quippe

196 1829 445 1884 quaeras,
472 1829 596 1886 qum
626 1823 754 1871 sunt
781 1817 989 1886 clerici,
1049 1825 1223 1875 totum
1253 1821 1514 1877 clericum
1543 1823 1813 1880 invenias.
1841 1810 1892 1879 Β
1919 1819 1975 1874 in
2004 1836 2114 1892 quo
2143 1829 2265 1891 post
2306 1820 2476 1875 Deum
2506 1826 2621 1876 tota
2662 1820 2796 1875 urbs
2856 1820 3114 1875 inclinata
3155 1821 3533 1888 recumbebat)

275 1905 331 1959 9.
366 1905 496 1970 Quis
528 1906 643 1975 jam
674 1908 905 1965 miretur
932 1910 1400 1981 pulchritudinem
1430 1921 1486 1969 et
1510 1914 1711 1970 bonam
1734 1916 1820 1971 in-

198 1997 394 2052 dolem
429 1998 760 2073 legislatoris
799 2001 990 2073 Moysi,
1032 2020 1197 2075 quem
1230 2020 1343 2075 prae
1397 2006 1674 2082 elegantia
1699 2009 1819 2077 ejus

192 2087 505 2142 Thermuth
537 2087 649 2144 filia
675 2089 975 2146 Pharaonis
1021 2092 1176 2160 aluit,
1210 2100 1266 2149 et
1297 2094 1354 2148 in
1384 2092 1557 2150 filium
1588 2097 1819 2169 adopta-

189 2179 296 2245 vit,
332 2179 390 2233 in
420 2195 530 2251 quo
560 2187 668 2235 tam
699 2182 977 2238 excellens
1021 2184 1197 2257 gratia
1227 2184 1442 2241 decoris
1472 2187 1641 2243 fuisse
1678 2189 1817 2263 legi-

188 2279 307 2339 tur,
339 2279 400 2327 ut
438 2275 658 2346 quoties
688 2293 786 2347 per
816 2276 1026 2348 plateas
1063 2278 1431 2349 bajulabatur,
1482 2283 1569 2337 vel
1597 2282 1819 2357 gradie-

186 2363 378 2432 batur,
412 2381 606 2422 omnes
630 2368 747 2424 visa
774 2369 904 2440 ejus
944 2369 1357 2440 pulchritudine
1397 2372 1698 2440 haerentes,
1730 2390 1813 2439 ea,

184 2459 246 2513 in
280 2459 490 2531 quibus
522 2463 764 2518 studium
819 2464 1118 2533 habebant,
1163 2466 1505 2535 desererent,
1545 2477 1601 2523 et
1639 2468 1809 2541 Moysi

182 2548 385 2619 specie
435 2550 622 2620 potius
691 2551 1117 2608 delectarentur.
1177 2554 1390 2627 Moyses
1442 2557 1499 2610 in
1553 2558 1811 2613 manibus

183 2637 500 2693 Pharaonis
529 2656 561 2694 a
591 2639 705 2696 ﬁlia
736 2642 969 2712 positus,
1011 2649 1066 2699 et
1097 2659 1128 2698 a
1165 2660 1296 2717 rege
1341 2644 1448 2700 sibi
1487 2646 1808 2702 blandiente

182 2732 530 2808 dedignatus
544 2736 708 2807 capiti
736 2753 835 2793 suo
851 2738 1007 2811 regni
1038 2739 1808 2812 diademaimponi,diadema

178 2820 235 2875 in
274 2829 482 2877 terram
513 2825 765 2895 projecit,
809 2834 864 2881 et
904 2823 1141 2899 pedibus
1194 2831 1537 2887 conculcavit
1593 2832 1805 2905 (1004):

175 2910 513 2968 Lantbertus
538 2930 696 2986 teque
727 2916 1030 2987 principem
1072 2919 1262 2972 mundi
1290 2920 1437 2975 male
1484 2920 1589 2976 sibi
1636 2921 1803 2976 blan-

172 3004 428 3059 dientem
453 3016 801 3077 aspernatus,
832 3008 1088 3065 diadema
1118 3011 1397 3082 superbiae
1418 3012 1541 3082 ejus
1569 3014 1802 3069 humili-

177 3105 295 3155 tate
350 3115 449 3154 sua
506 3100 709 3173 dejecit
761 3110 816 3158 et
874 3105 1238 3161 conculcavit.
1326 3107 1553 3179 Moysen
1613 3118 1803 3166 contra

176 3189 471 3262 EthiOpes
501 3191 715 3248 fortiter
740 3202 796 3250 et
824 3195 1106 3267 sapienter
1142 3197 1443 3253 bellantem
1471 3198 1662 3255 Tarbis
1691 3199 1801 3256 ﬁlia

177 3279 660 3355 regisAitbiOpum
684 3284 951 3339 admirata
972 3284 1266 3354 adamavit,
1297 3288 1530 3360 ejusque
1558 3305 1799 3345 amorem

173 3370 346 3427 saluti
381 3373 549 3442 patris
578 3382 634 3429 et
684 3375 874 3447 patria
908 3376 1227 3447 praeferens,
1283 3379 1634 3450 amplexibus
1681 3380 1802 3449 ejus

173 3461 421 3518 adhmsit
472 3463 688 3534 (1005);
744 3466 1099 3523 Lantbertum
1147 3477 1335 3525 sancta
1382 3469 1646 3537 Ecclesia,
1704 3469 1799 3543 qui

174 3555 468 3629 [EthiOpes
494 3559 687 3614 mundi
712 3560 942 3616 viriliter
980 3561 1319 3630 debellabat,
1373 3578 1636 3634 sponsum
1693 3563 1799 3618 sibi

176 3645 374 3719 elegit.

251 3733 347 3790 10.
382 3734 473 3790 His
502 3738 683 3793 causis
713 3737 874 3795 facile
925 3746 1301 3811 comparatum
1343 3748 1478 3805 erat,
1520 3747 1582 3795 ut
1640 3741 1800 3795 Lant-

176 3827 371 3883 bertus
400 3831 551 3884 omni
582 3830 791 3886 honore
825 3830 1092 3904 omnique
1132 3848 1317 3889 amore
1349 3832 1551 3905 dignus
1581 3832 1797 3901 iudica-

173 3930 351 3978 retur.
382 3923 610 3996 PrOpter
663 3926 768 3981 hoc
798 3926 987 3999 itaque
1016 3928 1343 3984 Theodardo
1377 3928 1639 4000 episcopo
1685 3935 1802 3984 erat

174 4012 360 4080 cordi,
418 4021 480 4069 ut
530 4020 862 4085 praecptaret
917 4031 1042 4071 eum
1082 4016 1189 4072 sibi
1249 4018 1454 4091 eligere
1520 4033 1803 4073 successo-

173 4121 291 4160 rem
350 4104 456 4160 nisi
522 4106 689 4161 sciret
733 4106 1039 4178 apostolica
1111 4108 1437 4163 auctoritate
1490 4109 1798 4175 decretum,

171 4214 241 4252 ne
301 4198 621 4253 sacerdotes
672 4198 913 4253 audeant
946 4198 1087 4255 alios
1136 4200 1440 4273 designatis
1478 4200 1801 4256 nominibus

169 4290 277 4345 sibi
307 4291 633 4363 subrogare,
674 4307 744 4346 ne
771 4291 1127 4363 episcopatus
1158 4307 1268 4348 non
1301 4292 1548 4348 divinum
1577 4309 1796 4360 manus,

166 4380 265 4434 sed
304 4379 721 4435 haereditarium
755 4388 981 4451 putetur
1028 4395 1150 4437 esse
1182 4381 1611 4452 compendium;
1644 4389 1700 4435 et
1729 4397 1800 4435 ne

236 4604 424 4678 (1003)
479 4604 909 4660 Godeschalcum
958 4604 1190 4674 indicat,
1249 4603 1408 4673 cujus
1437 4602 1618 4657 verbis
1666 4606 1874 4675 moxD

170 4684 426 4820 “31001)
456 4748 563 4803 Ista
588 4746 775 4803 omnia
802 4747 983 4803 hausit
1033 4746 1355 4821 Sigebertus
1385 4761 1449 4801 ex
1498 4744 1680 4801 Flavio
1710 4745 1798 4800 Jo-

172 4822 376 4876 seoho.

240 4877 434 4962 (1005)
469 4890 606 4945 Sunt
654 4895 709 4944 et
740 4889 858 4962 haec
898 4905 961 4944 ex
1014 4889 1265 4959 ejusdem
1313 4886 1539 4959 Josephi
1567 4885 1791 4955 fabulis,

175 4960 334 5017 num.
369 4963 439 5015 53
474 4968 527 5015 et
556 4960 941 5031 sequentibus.

244 5032 429 5105 (1006)
464 5029 685 5105 Occisus
716 5038 804 5105 est
825 5031 878 5105 S_.
911 5032 1267 5105 Theodardus
1284 5029 1625 5105 probabilius
1651 5044 1796 5084 anno

171 5100 303 5171 669,
336 5104 428 5158 die
458 5104 525 5157 10
564 5102 930 5173 Septembris,
981 5103 1125 5174 apud
1173 5100 1428 5158 Nemetes
1459 5101 1515 5155 in
1567 5100 1792 5155 Germa-

179 5175 297 5243 nia,
327 5181 388 5229 ut
425 5173 557 5228 alibi
585 5174 846 5228 diximus.

249 5246 265 5315 (
284 5242 431 5316 i007)
465 5245 769 5299 Germaniae
800 5244 1060 5315 pepulus,
1102 5245 1257 5316 cujus
1285 5250 1449 5316 caput
1475 5250 1559 5298 est
1588 5242 1805 5312 civitas,

180 5332 333 5371 nunc
359 5315 661 5372 Wormatio
682 5317 980 5387 appellata.

252 5388 437 5458 (1008)
470 5388 544 5442 De
583 5384 836 5458 repetito,
866 5386 1237 5458 translatoque
1277 5387 1330 5442 S.
1363 5384 1673 5440 Theodardi
1706 5400 1804 5458 per

182 5459 238 5512 S.
264 5457 267 5458 ⁷
296 5457 915 5527 ιιεηιὺεπιυηῖεοτροω
960 5457 1100 5511 nihil
1130 5457 1356 5528 prorsus
1415 5458 1616 5529 legitur
1655 5457 1798 5529 apud

185 5529 622 5602 Godesehalcum
655 5536 726 5602 et
750 5530 1113 5602 Stephanum.
1148 5533 1223 5602 At
1251 5528 1570 5602 Sigebertus
1613 5544 1678 5582 ea
1715 5528 1801 5582 di-

185 5547 622 5585 uouesenaicum
655 5547 709 5584 et
750 5547 1113 5654 megmanum.
1148 5547 1211 5583 At
1251 5547 1570 5602 mgenertus
1613 5547 1678 5582 ea
1715 5547 1801 5582 (ll-

180 5616 338 5655 scere
368 5601 544 5672 potuit
565 5618 632 5655 ex
671 5599 802 5654 Vitae
874 5642 886 5654 .
919 5599 1226 5672 Theodardi
1265 5606 1486 5672 auctore
1524 5615 1801 5672 anonymo

185 5669 525 5741 pervetusto,
573 5672 698 5726 data
723 5672 868 5741 apud
898 5686 999 5724 nos
1030 5669 1098 5741 ad
1136 5671 1281 5724 diem
1331 5670 1399 5726 10
1439 5670 1798 5741 Septembris,

184 5740 316 5815 pag.
350 5742 455 5799 588
502 5748 556 5798 et
609 5740 990 5813 sequentibus,
1043 5740 1101 5793 in
1134 5756 1242 5810 qua
1288 5741 1470 5812 capite
1516 5742 1552 5794 2
1607 5742 1799 5796 eadem

1921 1915 1990 1969 ad
2046 1916 2410 1986 repetendum
2479 1916 2732 1987 praesulis
2798 1932 2997 1987 corpus
3048 1931 3107 1971 se
3161 1915 3416 1971 accinxit.
3471 1916 3534 1971 Et

1921 2006 2101 2077 primo
2156 2007 2448 2062 frustratus
2494 2023 2604 2062 non
2660 2006 2889 2075 destitit,
2948 2008 3046 2063 sed
3087 2013 3203 2064 toto
3260 2007 3447 2063 animo
3478 2015 3533 2064 et

1920 2111 2087 2151 sensu
2113 2111 2213 2151 suo
2245 2096 2313 2151 ad
2360 2096 2697 2168 explendum
2727 2113 2949 2168 operam
2984 2113 3139 2164 usus,
3195 2113 3310 2152 rem
3347 2095 3532 2152 effecit

1919 2200 1985 2239 ex
2013 2186 2309 2241 sententia.
2343 2186 2592 2242 Relatum
2623 2187 2808 2257 itaque
2845 2186 3019 2241 sancti
3069 2201 3271 2257 corpus
3300 2186 3359 2240 in
3398 2184 3530 2240 villa

1918 2273 2138 2345 publica
2168 2275 2368 2348 Leggia
2425 2275 2714 2331 tumulavit
2765 2275 2965 2346 (1008),
3008 2275 3329 2346 praesciens,
3377 2276 3525 2346 quod

1916 2378 2035 2417 eam
2069 2362 2327 2418 divinitas
2354 2377 2454 2418 suo
2480 2362 2643 2418 etiam
2676 2363 2944 2436 sanguine
2966 2369 3022 2417 et
3054 2362 3277 2418 nomine
3299 2362 3524 2433 specia-

1913 2453 2036 2509 liter
2064 2454 2494 2509 consecrandam
2534 2453 2891 2524 praevidebat,
2947 2460 3001 2509 et
3049 2455 3120 2509 ad
3150 2454 3523 2525 ampliandam

1911 2560 2205 2622 martyrum
2227 2550 2457 2626 gloriam
2481 2549 2708 2621 parabat
2736 2550 2792 2603 in
2814 2550 3009 2604 urbem
3031 2549 3294 2620 ampliare
3318 2549 3519 2621 (1009).

1908 2641 2052 2696 Talis
2101 2641 2358 2713 apparuit
2404 2642 2582 2712 pietas
2635 2641 2834 2713 Joseph
2887 2657 3018 2716 erga
3086 2641 3253 2697 Jacob
3311 2648 3521 2712 patrem

1908 2747 2065 2787 suum
2122 2731 2354 2806 Egypto
2400 2729 2747 2786 defunctum:
2796 2730 2920 2785 talis
2970 2745 3193 2802 quoque
3248 2730 3351 2786 fuit
3393 2731 3523 2785 dili-

1907 2823 2094 2897 gentia
2143 2824 2312 2895 Moysi
2367 2840 2498 2896 erga
2558 2822 2889 2896 requirenda
2940 2823 3145 2894 Joseph
3200 2823 3520 2894 patriarchae

1906 2931 2053 2983 ossa,
2094 2915 2150 2970 in
2183 2916 2414 2991 ZEgypto
2443 2915 2664 2987 sepulti,
2696 2922 2757 2970 ut
2795 2922 3031 2987 uterque
3055 2930 3246 2970 eorum
3289 2914 3521 2971 referre-

1908 3016 1994 3065 tur
2019 3010 2086 3065 ad
2107 3010 2448 3082 sepulturam
2479 3017 2697 3081 patrum
2728 3025 2975 3066 suorum.

2553 3122 2760 3179 CAPUT
2802 3124 2873 3180 ll.

1903 3212 2094 3270 Sancti
2126 3217 2463 3286 episcopatus
2526 3215 2905 3284 Trajectensis,
2953 3214 3203 3268 Ecclesia:
3253 3217 3302 3268 et
3356 3231 3516 3284 regno

1971 3289 2152 3341 utilis:
2203 3289 2440 3357 episcopi
2465 3290 2516 3341 et
2544 3287 2761 3341 abbate:
2791 3288 2905 3355 ipsi
2940 3286 3262 3354 synchrom':
3293 3289 3517 3358 expulso

1973 3373 2000 3411 e
2023 3359 2146 3413 sede
2164 3373 2294 3413 sua:
2326 3363 2444 3413 vita
2470 3361 2766 3413 monastica
2803 3358 3081 3414 Stabuleti.

1973 3469 2059 3524 12.
2085 3469 2215 3534 Quis
2243 3467 2671 3537 Trajectensium
2701 3468 2953 3523 ecclesiae
2999 3467 3261 3524 substitui
3282 3467 3519 3526 deberet

1902 3558 2220 3629 episcopus,
2239 3558 2474 3611 multum
2497 3556 2908 3612 deliberabatur
2933 3557 2988 3611 in
3003 3558 3259 3623 ecclesia,
3284 3558 3515 3615 multum

1904 3664 2071 3718 super
2095 3648 2200 3702 hoc
2233 3646 2288 3700 in
2319 3646 2442 3701 aula
2467 3646 2613 3718 regis
2666 3646 2891 3701 Hildrici
2929 3647 3108 3714 (1010)
3159 3650 3514 3715 tractabatur,

1903 3737 1997 3809 qui
2037 3743 2250 3791 mortuo
2308 3741 2501 3805 patruo
2539 3750 2638 3789 suo
2694 3733 2984 3806 Sigeberto
3025 3735 3225 3805 (1011),
3280 3752 3511 3810 regnum

1902 3831 2193 3886 Austrasiae
2241 3846 2271 3885 a
2322 3837 2473 3901 patre
2502 3845 2605 3885 suo
2662 3828 2938 3885 Clodoveo
2983 3836 3269 3900 acceperat
3307 3831 3510 3900 (1012).

1901 3927 2131 3998 Jamque
2159 3924 2418 3996 paulatim
2455 3940 2636 3980 sermo
2667 3923 2736 3978 de
2765 3922 2966 3993 palatio
2996 3924 3065 3978 ad
3094 3924 3410 3990 ecclesiam,
3442 3925 3512 3980 ab

1902 4015 2138 4071 ecclesia
2176 4015 2244 4069 ad
2275 4013 2466 4086 pepuli
2508 4012 2873 4085 frequentiam
2900 4011 3266 4079 discurrebat,
3299 4012 3513 4069 nullum

1903 4104 2194 4159 Lantberto
2221 4102 2507 4159 meliorem
2530 4118 2670 4168 esse,
2710 4117 2774 4157 ac
2795 4117 2893 4173 per
2922 4102 3028 4156 hoc
3057 4100 3269 4155 nullum
3301 4100 3516 4171 episco-

1902 4206 2033 4268 patu
2050 4196 2475 4266 Trajectensium
2499 4210 2620 4250 esse
2649 4195 2993 4269 digniorem:
3020 4194 3070 4249 ei
3100 4201 3417 4264 competere
3446 4210 3513 4249 ex

1901 4286 2166 4342 canonica
2230 4285 2574 4353 auctoritate,
2628 4290 2688 4340 ut
2745 4283 2803 4337 in
2848 4283 3085 4338 ecclesia
3135 4297 3237 4336 sua
3276 4280 3511 4337 fructum

1900 4379 2112 4435 militiae
2142 4396 2253 4435 suae
2293 4378 2626 4451 perciperet.
2674 4377 2805 4433 Cum
2835 4375 3039 4447 palatio
3069 4374 3372 4431 concordat
3411 4374 3511 4431 Ec-

1899 4601 2075 4657 fusius
2095 4607 2406 4665 narrantur,
2425 4614 2547 4669 quae
2578 4597 2632 4652 in
2667 4593 3081 4669 Commentario
3110 4591 3314 4669 praevio
3351 4607 3513 4645 num-

1897 4674 1967 4728 40
1996 4682 2050 4727 et
2080 4664 2594 4742 sequentibus'inde
2612 4666 3011 4742 recensuimus.
3048 4664 3303 4742 [iamdem
3331 4670 3510 4742 t_r_ans-

1897 4735 2331 4816 lationenfidem
2362 4740 2681 4816 Sigcbertus
2729 4746 2924 4816 narrat
2964 4737 3040 4816 in_
3067 4737 3207 4816 Vita
3235 4735 3509 4816 S.A_Tl_1eo-

1898 4815 2072 4880 dardi,
2107 4814 2175 4869 ad
2216 4806 2552 4884 praecita‘tum
2599 4812 2747 4866 diem
2800 4808 3144 4880 Septembris
3194 4806 3357 4862 tertio
3388 4806 3510 4863 loco

1898 4903 2120 4942 excusa.

1969 4958 2160 5029 (1009)
2196 4958 2299 5029 ista
2330 4971 2397 5029 ex
2426 4952 2700 5029 Sigeberti
2732 4951 3044 5029 conjectura
3075 4949 3221 5029 dicta
3246 4948 3506 5029 accipio:

1898 5020 2081 5100 neque
2100 5029 2247 5100 enim
2261 5020 3509 5100 Godeﬁseli'alchus‘autStephanustradiderunt,

1898 5102 1931 5155 S
1991 5092 2354 5155 Lambertum
2388 5099 2456 5153 de
2505 5095 2763 5168 martyrio
2806 5110 2907 5149 suo
2947 5095 3058 5161 jam
3090 5100 3219 5147 tunc
3249 5092 3510 5148 edoctum

1898 5171 2007 5314 fui:
2000 5186 2155 5313 18810)
2194 5241 2375 5314 gldgest
2402 5238 2695 5295 Childerici
2732 5237 2799 5306 ll,
2824 5242 2937 5291 tum
2997 5235 3146 5311 regis
3192 5233 3512 5304 Austrasite,

1902 5323 1961 5370 ut
1981 5312 2147 5384 Supra
2174 5312 2430 5368 diximus.

1971 5376 2149 5455 (1011)
2210 5386 2260 5439 S.
2328 5382 2615 5455 Sigebcrto
2669 5380 3279 5455 Austrasiorumurege,
3348 5376 3512 5455 fra_tre

1903 5448 2196 5511 Chlodovei
2229 5456 2271 5509 ll
2301 5471 2363 5508 ex
2390 5448 2704 5525 'Dagoberto
2737 5453 2779 5519 Ι,
2819 5453 2915 5506 sed
2948 5450 3149 5525 exalia
3181 5448 3370 5525 matre.
3405 5448 3512 5500 Ge-

1901 5537 1984 5583 sta
2020 5529 2141 5593 ejus
2168 5528 2434 5580 illustrata
2464 5522 2591 5577 sunt
2619 5525 2684 5577 ad
2716 5524 2863 5578 diem
2896 5526 2918 5577 1
2955 5522 3256 5577 Februarii.

1973 5599 2151 5665 (1012)
2184 5599 2334 5652 Errat
2360 5597 2699 5669 Sigebertus,
2727 5594 3259 5669 dum__{‘.l1ildcrieum
3294 5592 3512 5669 Austra—

1902 5656 1999 5724 siis
2042 5656 2225 5741 regem
2256 5656 2574 5739 praal‘ecétum
2616 5656 2737 5741 esse
2762 5666 2951 5741 scribit
2981 5683 3011 5719 a
3042 5671 3194 5741 patre
3219 5677 3322 5741 suo
3347 5656 3509 5711 Chlo-

1904 5732 2304 5811 doveo,"quein
2334 5747 2547 5795 constat
2576 5739 2766 5811 paucis
2790 5736 2957 5792 annis
2986 5732 3111 5789 ante
3139 5732 3362 5788 obiisse.
