3960 6198
428 270 528 322 787

1653 263 1991 319 SIGEBERTI
2036 264 2523 323 GEMBLACENSIS

3660 290 3792 350 788

425 396 612 461 clesia,
646 396 921 449 consentit
958 395 1140 450 clerus
1190 410 1312 450 cum
1368 393 1594 466 populo,
1636 408 1806 448 unum
1848 398 2040 463 optant
2064 396 2113 466 Α
2139 400 2314 450 ratum
2358 394 2497 463 fore,
2530 396 2638 452 nisi
2683 400 2848 454 etiam
2885 399 3167 459 Lantberti
3207 407 3576 477 approbatum
3618 426 3795 475 esset

424 488 671 545 omnium
701 487 887 551 corda,
920 487 1093 542 millia
1126 487 1315 559 papuli
1347 502 1459 543 uno
1492 502 1585 542 ore
1615 486 1938 541 acclamant.
1965 486 2035 542 Se

423 577 514 632 ille
542 592 699 633 oneri
728 585 891 648 negat
919 591 1038 631 esse
1070 593 1280 647 parem,
1326 592 1389 632 ac
1419 592 1518 647 per
1556 576 1662 630 hoc
1690 575 1866 647 magis
1913 576 2036 650 cogi

425 676 688 722 meretur.
729 669 897 733 Quam
930 669 1214 724 unanimis
1245 669 1374 725 olim
1408 667 1588 723 fervor
1618 667 1784 721 Israel
1829 673 1881 721 et
1936 668 2037 722 Ju-

424 756 547 811 dam
580 758 871 829 inspiravit
900 759 969 813 ad
998 759 1311 831 eligendum
1362 757 1467 812 sibi
1512 758 1567 811 in
1599 773 1785 831 regem
1845 757 2033 825 David,

424 864 587 919 quem
621 848 882 905 Dominus
922 849 1203 905 invenerat
1227 850 1529 905 secundum
1575 865 1667 904 cor
1701 866 1883 917 suum,
1924 857 2032 904 tam

426 935 739 992 favorabilis
758 944 874 993 erat
901 954 1205 993 consensus
1233 938 1365 993 cteri
1397 944 1449 992 et
1480 938 1667 1009 populi
1694 937 1749 991 in
1772 938 2032 1010 eligendo

425 1025 802 1095 Lantbertum,
832 1044 996 1099 quem
1024 1036 1078 1082 et
1118 1026 1302 1097 ipsum
1332 1026 1617 1081 invenerat
1660 1026 1922 1082 Dominus
1946 1042 2035 1082 se-

421 1119 667 1173 cundum
699 1135 793 1173 cor
812 1135 993 1186 suum,
1018 1119 1111 1191 qui
1142 1120 1345 1174 faceret
1370 1133 1565 1173 omnes
1584 1119 1894 1175 voluntates
1914 1119 2034 1174 Dei.

423 1207 487 1262 Et
517 1224 637 1262 cum
673 1224 842 1263 unum
867 1215 1013 1263 esset
1042 1223 1137 1263 cor
1166 1207 1435 1275 omnium,
1470 1225 1582 1280 pra
1612 1209 1823 1264 caeteris
1850 1219 2033 1264 tamen

422 1297 615 1351 credas
663 1297 866 1352 dixisse
921 1296 1298 1366 Trajectenses
1348 1296 1417 1351 ad
1472 1297 1849 1364 Lantbertum,
1882 1299 2029 1370 quod

420 1385 523 1441 viri
552 1386 691 1441 Juda
722 1387 788 1440 ad
813 1386 981 1441 David
1004 1386 1371 1442 contribulem
1405 1403 1565 1442 suum
1594 1387 1883 1442 dicebant:
1912 1413 1936 1435 α
1964 1388 2033 1443 Os

424 1486 574 1532 tuum
626 1493 817 1533 sumus
846 1484 900 1533 et
937 1492 1064 1532 caro
1119 1484 1238 1542 tua;
1287 1477 1403 1532 heri
1445 1493 1667 1549 quoque
1697 1484 1751 1532 et
1809 1478 2033 1534 nudius-

420 1572 617 1627 tertius
646 1579 703 1626 tu
735 1587 877 1637 eras,
932 1571 1027 1643 qui
1057 1571 1334 1626 educebas
1388 1579 1443 1626 et
1471 1572 1774 1627 reducebas
1829 1573 2028 1629 Israel:

2138 484 2371 541 consilio
2400 486 2606 557 (1013).
2655 488 2765 559 Ipsi
2815 505 2957 561 sane.
2989 490 3320 549 Francorum
3369 513 3530 572 reges
3581 501 3791 561 Theo-

2137 572 2358 629 doricus
2406 580 2460 629 et
2492 574 2782 644 Hildricus,
2816 580 3068 650 quamvis
3116 597 3218 652 pro
3255 584 3613 656 simplicitate
3667 594 3787 648 Ini-

2137 677 2240 716 nus
2272 678 2372 733 per
2398 679 2459 718 se
2491 672 2772 735 saperent,
2810 666 2866 720 in
2914 668 3019 724 hoc
3069 678 3256 726 tamen
3285 674 3601 745 sepiebant,
3637 682 3784 753 quia

2137 752 2440 809 audiebant
2469 755 2765 826 sapientes.
2802 757 3015 814 Primus
3045 761 3192 815 enim
3234 765 3522 836 sapientia
3553 752 3782 844 gradus

2136 854 2220 902 est
2253 864 2467 919 sapere,
2521 851 2799 906 secundus
2824 852 3016 908 audire
3063 855 3391 926 sapientem.
3427 862 3582 919 Unde
3636 868 3784 939 quia

2135 935 2411 992 Lantberti
2444 944 2550 992 tam
2586 939 2760 995 sancti
2795 947 2850 995 et
2883 950 2987 996 tam
3023 944 3314 1014 prudentis
3331 949 3456 1017 viri,
3488 935 3783 1012 aliorum-

2135 1044 2245 1099 que
2275 1035 2591 1085 sanctorum
2623 1032 3013 1104 episcoporum
3046 1037 3280 1094 consilio
3310 1040 3779 1113 disponebantur

2134 1119 2291 1190 regni
2322 1121 2564 1193 negotia,
2606 1130 2722 1178 erat
2768 1123 2826 1178 in
2866 1131 3102 1198 utroque
3149 1145 3321 1203 regno
3353 1150 3535 1190 rerum
3584 1137 3776 1196 facies

2134 1213 2384 1284 pulchra,
2440 1221 2496 1269 et
2544 1217 2966 1287 prosperabatur
3024 1217 3164 1276 fides
3235 1222 3511 1281 Ecclesia.
3591 1231 3773 1287 Erant

2132 1307 2338 1379 quippe
2374 1314 2505 1364 tunc
2537 1311 2801 1381 temporis
2846 1313 3021 1368 sancti
3079 1315 3353 1388 episcOpi,
3379 1320 3475 1391 qui
3521 1323 3773 1381 scientia

2134 1399 2349 1468 praditi
2383 1406 2437 1454 et
2462 1401 2754 1472 sapientia,
2781 1413 2975 1459 sancte
3007 1411 3062 1461 et
3082 1407 3237 1475 juste
3267 1413 3544 1469 secundas
3574 1423 3776 1486 partes

2133 1486 2289 1558 regni
2328 1488 2680 1556 adjuvabant.
2726 1491 2784 1544 In
2825 1492 2913 1546 his
2966 1495 3403 1564 praeminebant
3453 1502 3767 1561 Audoenus

2133 1577 2591 1672 Hothomagensis
2637 1583 2890 1672 (1014),
2974 1586 3356 1663 Austrigisilus
3443 1594 3765 1672 Biturigen-

423 1662 517 1773 tibi
574 1661 721 1716 enim
754 1661 1184 1773 dixit'Dominus
1223 1662 1364 1773 Derus
1392 1670 1545 1762 tuus:
1600 1662 1679 1761 u
1720 1677 1911 1733 pasces
1937 1679 2031 1734 po-
2061 1667 2204 1773 Bsis
2246 1666 2451 1739 (1015),
2510 1669 2719 1744 Eligius
2777 1661 3184 1731 Noviomensisi
3214 1678 3417 1751 (1016),
3474 1661 3766 1742 Vindicis-

422 1753 614 1825 pulum
670 1769 854 1808 meum
908 1752 1107 1824 Israel;
1139 1761 1219 1808 et:
1274 1753 1352 1808 'I‘u
1382 1752 1491 1808 eris
1548 1752 1805 1824 princeps
1862 1769 2034 1824 super

423 1860 543 1901 n08.
573 1864 599 1897 ι

494 1942 581 1999 13.
641 1942 881 1997 Tandem
923 1942 1004 1996 vir
1052 1942 1256 1998 ditatus
1292 1943 1602 1999 honoribus
1636 1945 2034 2013 sanctimonia,

424 2035 722 2090 illustratus
751 2034 1096 2091 commerciis
1122 2034 1494 2105 parcimonia,
1526 2035 1722 2090 annuit
1746 2052 1891 2091 unus
1917 2052 2038 2091 om-

424 2127 591 2181 nibus
620 2126 963 2200 morigerari,
1004 2135 1064 2181 ut
1094 2141 1289 2181 omnes
1326 2126 1395 2180 de
1445 2142 1505 2181 se
1536 2141 1647 2181 uno
1705 2126 1761 2180 in
1822 2125 2034 2183 Christo

422 2220 642 2295 gloriari
666 2226 912 2291 possent.
946 2220 1190 2290 Adeptus
1211 2218 1428 2274 culmen
1456 2219 1739 2292 religionis
1768 2229 2037 2291 perpetua

421 2315 629 2371 studuit
658 2315 876 2386 pietatis
906 2330 1108 2388 augere
1156 2330 1351 2384 opera,
1382 2315 1476 2385 qui
1510 2313 1811 2385 pontificali
1840 2322 2035 2369 auctus

422 2414 539 2461 erat
569 2405 757 2461 infula.
782 2404 1050 2460 Mactabat
1075 2404 1225 2459 omni
1259 2404 1347 2458 die
1375 2405 1753 2459 holocaustum
1781 2404 2033 2472 Domino,

422 2511 534 2551 non
567 2512 633 2549 ex
666 2510 869 2566 pecore
895 2494 1100 2560 alieno,
1132 2494 1229 2548 sed
1263 2510 1328 2548 ex
1348 2509 1577 2565 corpore
1604 2492 1852 2565 proprio.
1896 2493 2034 2549 Con-

421 2588 607 2643 silium
635 2593 691 2642 et
721 2602 861 2658 opus
898 2602 1057 2641 suum
1090 2602 1308 2657 semper
1344 2587 1412 2641 ad
1444 2587 1614 2641 Deum
1651 2587 2029 2654 convertebat,

423 2697 520 2737 cor
573 2690 629 2737 et
667 2682 841 2753 pedes
878 2679 1154 2754 dirigebat
1197 2679 1265 2734 ad
1296 2678 1777 2753 evangelizandam
1822 2697 2034 2749 pacem.

423 2773 645 2844 Septem
698 2772 905 2844 quippe
945 2772 1088 2827 dona
1141 2771 1378 2842 Spiritus
1417 2771 1612 2838 sancti,
1659 2787 1781 2842 qua
1826 2770 2038 2828 Christo

422 2869 861 2924 substantialiter
902 2870 1111 2937 insunt,
1143 2870 1270 2925 huic
1315 2886 1535 2943 quoque
1576 2889 1675 2943 pro
1715 2884 1876 2946 captu
1933 2879 2037 2935 hu-

427 2975 588 3014 mano
635 2959 1055 3014 accidentaliter
1093 2960 1343 3015 aderant.
1377 2962 1611 3032 Spiritus
1639 2966 1858 3022 consilii
1886 2968 1939 3022 in
1967 2985 2033 3025 eo

421 3050 640 3123 vigebat
670 3051 915 3123 egregie,
943 3059 997 3106 et
1035 3052 1307 3124 quidquid
1339 3054 1555 3129 agebat,
1589 3056 1786 3126 spiritu
1814 3060 2037 3129 sapien-

420 3141 510 3197 tia
557 3141 966 3196 moderabatur.
1000 3142 1112 3197 Rex
1164 3158 1296 3198 vero
1347 3144 1619 3199 Hildricus
1659 3145 1855 3200 videns
1911 3165 2035 3205 eum

422 3233 635 3288 cunctis
682 3240 966 3304 prastarc,
1010 3232 1182 3303 pluris
1221 3248 1346 3287 eum
1377 3232 1614 3288 habebat
1638 3235 1853 3289 cunctis
1882 3236 2036 3309 regni

423 3322 779 3395 primoribus,
811 3322 1042 3393 ejusque
1077 3321 1375 3392 episcopis,
1408 3321 1571 3393 eique
1610 3324 1757 3394 apud
1788 3324 2033 3380 animum

421 3431 607 3482 suum,
638 3413 783 3485 apud
813 3428 976 3468 aures
1005 3420 1059 3467 et
1084 3428 1147 3468 os
1167 3428 1328 3467 suum
1363 3412 1529 3467 dabat
1567 3414 1800 3484 primum
1830 3416 2032 3483 locum,

421 3512 475 3560 et
509 3507 665 3573 cujus
687 3517 780 3558 cor
809 3502 1067 3557 credebat
1100 3501 1337 3572 Spiritus
1376 3503 1550 3557 sancti
1580 3504 1862 3559 oraculum
1891 3522 2033 3573 esse,

421 3593 689 3664 cujusque
718 3591 967 3665 linguam
999 3590 1239 3645 habebat
1277 3606 1377 3662 pro
1416 3591 1667 3647 veritatis
1705 3608 1934 3665 organo,
1983 3595 2034 3649 ei

420 3680 563 3735 ultro
601 3679 829 3734 dederat
871 3678 1127 3735 amicitia
1176 3695 1288 3735 sua
1318 3696 1608 3748 summam,
1658 3698 1896 3754 eumque
1928 3682 2033 3737 sibi

421 3788 451 3825 a
489 3770 715 3826 secretis
742 3769 968 3836 fecerat,
1001 3769 1120 3841 qui,
1171 3776 1231 3824 ut
1261 3768 1453 3837 fertur,
1490 3777 1605 3825 erat
1650 3772 1770 3840 ejus
1806 3772 1972 3828 etiam
2002 3787 2034 3826 a

423 3866 860 3923 commentariis.
892 3864 1049 3920 Unde
1081 3881 1111 3919 a
1141 3865 1309 3920 corde
1348 3871 1403 3919 et
1430 3864 1499 3919 ab
1532 3880 1629 3921 ore
1659 3865 1806 3920 illius
1850 3866 2034 3922 omnis

418 3963 691 4019 Austrasia
718 3961 1019 4034 pendebat,
1067 3976 1306 4033 eumque
1364 3969 1475 4019 tota
1513 3960 1712 4033 regalis
1754 3962 1905 4017 curia
1948 3976 2036 4016 re-

419 4059 734 4115 verebatur.

490 4152 577 4209 14.
606 4152 794 4206 Frater
822 4166 1044 4222 quoque
1077 4149 1303 4205 Hildrici
1342 4149 1492 4225 regis
1520 4150 1913 4219 Theodericus,
1945 4151 2037 4223 qui

420 4243 477 4297 in
508 4248 663 4313 parte
697 4240 961 4306 Francia,
1014 4254 1136 4310 qua
1167 4238 1418 4293 Neustria
1462 4238 1685 4307 dicitur,
1745 4239 2034 4312 regnabat,

419 4333 774 4408 praesentiam
805 4331 1101 4404 appetebat
1124 4329 1427 4399 Lantberti,
1453 4338 1511 4386 et
1542 4330 1685 4386 inter
1705 4347 1960 4403 proceres
1982 4340 2039 4389 et

2062 3115 2111 3183 C
2136 3131 2367 3186 libertus
2421 3131 2619 3201 (1022),

2138 1776 2241 1814 nus
2298 1759 2706 1817 Cameracensis
2764 1764 2979 1836 (1017),
3034 1769 3378 1826 Audomarus
3429 1772 3767 1833 Tarwanen-

2137 1848 2212 1940 iis
2540 1852 2911 1940 Leodegarius
2966 1855 3484 1929 Augustodunensis
3549 1865 3766 1940 (1019),

2138 1937 2271 1994 Faro
2304 1938 2600 1995 Meldensis
2630 1940 2830 2013 (1020).

2211 2030 2292 2084 15.
2340 2030 2488 2085 Inter
2514 2032 2614 2087 hos
2653 2033 2936 2090 eminebat
2965 2034 3313 2107 Lantbertus,
3344 2057 3574 2098 aureum
3602 2045 3764 2102 sidus

2140 2121 2416 2188 Ecclesia,
2466 2124 2618 2179 velut
2676 2124 2821 2180 inter
2869 2126 3027 2201 ignes
3072 2129 3205 2184 luna
3246 2132 3494 2189 minores
3530 2137 3757 2196 emicat.

2137 2211 2242 2267 llos
2282 2212 2605 2269 Lantbertus
2635 2216 2977 2287 suspiciebat
3002 2228 3062 2274 ut
3108 2228 3293 2291 patres
3323 2231 3378 2280 et
3409 2232 3541 2281 natu
3578 2229 3759 2298 majo-

2137 2318 2244 2371 res,
2269 2317 2477 2374 eosque
2508 2302 2796 2369 imitando,
2831 2322 2861 2359 a
2883 2306 3321 2381 singuliseorum
3334 2313 3542 2385 aliquid
3564 2318 3761 2388 gratia

2137 2398 2445 2453 hauriebat.
2525 2400 2691 2455 Porro
2766 2401 2846 2455 illi
2911 2402 3257 2459 Iantbertum
3339 2410 3770 2478 precordialiter

2145 2488 2405 2543 amabant
2434 2498 2494 2544 ut
2523 2487 2718 2557 filium,
2743 2490 2856 2559 jam
2886 2492 2954 2546 de
2987 2492 3121 2549 ﬂore
3150 2496 3327 2550 atatis
3356 2497 3566 2554 fructus
3594 2502 3765 2557 emit-

2135 2585 2365 2645 tentem,
2398 2581 2558 2652 eique
2590 2589 2713 2653 post
2741 2597 2799 2636 se
2837 2585 2993 2654 quasi
3025 2600 3093 2640 ex
3130 2586 3480 2644 hareditaria
3528 2607 3757 2648 succes-

2138 2671 2295 2727 sione
2312 2672 2559 2745 regimen
2584 2673 2833 2730 ecclesia
2869 2682 3188 2747 competere
3221 2679 3556 2751 gaudebant,
3592 2701 3765 2756 quem

2134 2763 2344 2834 justum
2384 2772 2511 2819 ante
2555 2766 2726 2821 Deum
2767 2773 2822 2823 et
2874 2768 3130 2824 homines
3167 2770 3430 2826 videbant
3465 2774 3591 2830 sine
3622 2793 3767 2847 que-

2141 2855 2254 2911 rela
2285 2858 2341 2912 in
2364 2858 2623 2914 omnibus
2648 2859 2930 2926 incedere,
2963 2868 3018 2916 et
3048 2861 3126 2917 ire
3157 2862 3337 2918 indies
3368 2865 3439 2920 de
3468 2867 3671 2924 virtute
3704 2870 3761 2925 in

2135 2950 2415 3005 virtutem.
2460 2951 2621 3006 Erant
2658 2960 2924 3022 praterea
2963 2952 3126 3007 etiam
3174 2953 3421 3022 abbates,
3454 2963 3510 3011 et
3536 2964 3669 3015 tunc
3705 2969 3763 3016 et

2138 3054 2285 3093 nunc
2318 3039 2687 3095 nominabiles
2726 3041 3037 3108 sanctitate,
3088 3042 3343 3098 Bertinus
3392 3044 3601 3116 (1021),
3637 3049 3760 3104 Phi-

2708 3132 3142 3207 Wandregisilus
3204 3133 3419 3206 (1023);
3466 3138 3760 3196 Ursmarus

2140 3221 2426 3279 Lobiensis
2456 3224 2637 3292 (1024)
2671 3223 2728 3278 in
2760 3231 3009 3295 tyronem
3041 3224 3238 3281 Christi
3278 3227 3656 3285 adolescebat.
3694 3232 3756 3286 Hi

2138 3321 2294 3369 erant
2348 3315 2628 3370 Lantberti
2664 3317 3157 3403 .contemporales,
3215 3319 3351 3374 tales
3404 3328 3566 3376 erant
3638 3324 3762 3395 ejus

2137 3410 2586 3476 contubernales,
2640 3411 2720 3478 Hi,
2761 3418 2821 3467 ut
2860 3412 3177 3480 Cherubim,
3213 3414 3477 3471 virtutum
3531 3433 3757 3473 suarum

2136 3503 2249 3557 alas
2304 3501 2698 3558 concutiebant
2734 3502 2874 3558 alter
2909 3503 2979 3558 ad
3026 3506 3282 3574 alterum,
3325 3512 3379 3560 et
3432 3505 3488 3561 in
3539 3507 3759 3564 laudem

2138 3592 2229 3646 Dei
2265 3591 2457 3647 orbem
2491 3598 2651 3647 terra
2677 3593 3098 3649 commovebant

2210 3681 2291 3736 16.
2341 3681 2400 3735 Hi
2433 3680 2661 3753 aliique,
2716 3681 2811 3752 qui
2842 3681 2897 3737 in
2928 3697 2994 3737 ea
3028 3689 3210 3752 atate,
3241 3692 3302 3739 ut
3336 3684 3513 3741 stella
3554 3686 3611 3741 in
3668 3687 3762 3743 fir-

2136 3780 2413 3829 mamento
2447 3773 2572 3828 cali
2622 3772 2906 3839 luccbant,
2959 3772 3118 3843 quasi
3159 3773 3382 3849 triginta
3432 3791 3529 3830 sex
3587 3776 3758 3834 fortes

2134 3865 2282 3939 regis
2322 3865 2492 3921 David
2519 3882 2620 3939 per
2644 3865 3013 3937 aqualitatem
3054 3866 3306 3939 quadrati
3334 3869 3552 3924 numeri
3585 3868 3755 3924 ﬁrmi-

2135 3966 2301 4016 tatem
2331 3959 2459 4015 fidei
2502 3960 2928 4032 prasignantes,
2968 3977 3090 4016 cum
3123 3968 3308 4017 nostro
3339 3962 3534 4030 David,
3592 3965 3759 4021 Lant-

2136 4049 2293 4105 berto
2319 4049 2548 4116 scilicet,
2587 4066 2755 4105 manu
2796 4049 2923 4106 forti
2950 4049 3143 4106 Christi
3182 4051 3451 4106 mundum
3482 4053 3757 4124 sapientia

2138 4148 2193 4197 et
2244 4142 2562 4199 fortitudine
2614 4142 2979 4210 illustrabant,
3034 4148 3090 4197 et
3140 4141 3197 4197 in
3243 4142 3504 4198 manibus
3564 4160 3755 4201 eorum

2138 4236 2285 4292 bella
2331 4236 2624 4292 adversum
2680 4236 2871 4293 hostes
2908 4234 3004 4290 Dei
3066 4234 3561 4306 prosperabantur,
3613 4237 3759 4292 Inter

2138 4346 2278 4403 quos
2335 4330 2679 4393 Lantbertus,
2733 4338 2791 4384 ut
2841 4327 2981 4384 alter
3029 4327 3220 4395 David,
3253 4345 3286 4383 a
3343 4328 3454 4384 Deo
3487 4329 3655 4385 datus
3690 4331 3757 4385 ad

417 4426 626 4482 amicos
656 4438 788 4479 suos
840 4422 891 4478 ei
919 4421 1171 4477 servabat
1200 4421 1388 4497 gratia
1437 4422 1669 4493 cOpiam.
1706 4422 1767 4476 Et
1820 4422 1864 4477 si
1899 4423 2029 4494 quid
2058 4420 2389 4513 DEcclesia
2443 4419 2715 4494 regimen,
2769 4425 2828 4474 ut
2880 4416 3026 4473 ﬁlius
3087 4419 3261 4474 saltus
3313 4434 3645 4475 excrescens
3690 4420 3755 4474 ad

416 4518 475 4574 in
521 4531 694 4592 regno
726 4530 826 4572 suo
858 4514 1308 4571 auctorizandum
1341 4522 1478 4583 erat,
1510 4530 1619 4571 non
1648 4515 1877 4587 putabat
1898 4515 2032 4571 satis
2059 4511 2092 4513 ί
2135 4513 2493 4588 perfectionis
2522 4512 2764 4576 culmen,
2794 4516 2855 4566 ut
2884 4511 3218 4568 tenerrimus
3247 4511 3384 4587 ligni
3424 4512 3758 4568 vermiculus

495 4760 674 4833 (1013)
720 4761 931 4833 Parum,
974 4757 1297 4833 verisimilia
1351 4756 1485 4833 sunt
1510 4759 1628 4813 hac
1687 4757 1874 4814 omnia
1915 4774 2038 4830 qua

2211 4757 2396 4830 (1018)
2430 4757 2504 4812 De
2528 4755 2582 4811 S.
2621 4754 2932 4811 Audomaro
2988 4759 3170 4809 actum
3201 4758 3285 4809 est
3311 4752 3381 4809 ad
3412 4753 3564 4810 diem
3594 4754 3628 4809 9
3652 4753 3748 4810 Se-

426 4828 834 4890 de‘Tliodorico
867 4832 960 4904 Ill,
1004 4837 1122 4904 tum
1148 4830 1445 4904 _Neustria
1480 4845 1632 4904 rege,
1686 4836 1880 4902 postea
1919 4828 2042 4885 ino-
2140 4828 2425 4904 ptembris.

424 4905 767 4985 narcha,‘h.ic
795 4903 999 4985 scribit
1014 4901 1361 4985 Sigebe‘rtus.

2215 4900 2389 4967 (1019)
2438 4898 2607 4969 Hujus
2644 4898 2819 4953 sancti
2856 4904 3013 4970 gesta
3045 4894 3376 4952 elucidanda
3417 4896 3647 4952 venient
3669 4895 3755 4951 die

498 4971 677 5044 (1014)
710 4975 882 5045 Hujus
910 4975 1042 5030 Acta
1077 4971 1349 5029 illustrata
1378 4981 1509 5030 sunt
1547 4972 1615 5027 ad
1653 4972 1797 5029 diem
1825 4972 1897 5026 24
1924 4972 2042 5027 Au—
2140 4974 2176 5029 2
2205 4972 2473 5045 Octobris.

426 5052 684 5190 89:10.15)
711 5116 1050 5190 Austregisili
1105 5115 1464 5190 Bituricensis
1512 5115 1631 5170 Vita
1670 5115 1796 5190 data
1833 5122 1917 5170 est
1967 5114 2036 5169 ad

427 5186 573 5243 diem
620 5187 691 5242 20
717 5187 876 5253 Maii;
908 5186 1106 5243 verum
1158 5188 1204 5242 is
1232 5188 1421 5244 multis
1456 5202 1635 5243 annos
1680 5186 1913 5251 obierat,
1946 5201 2041 5240 aa-

428 5266 651 5331 tequam
692 5259 747 5312 S.
779 5258 1095 5314 Lambcrtus
1123 5258 1420 5331 episcopus
1461 5265 1761 5326 crearetur,
1794 5257 1904 5313 imo
1930 5273 2037 5312 an-

429 5339 649 5387 teanam
679 5339 1016 5385 nasceretur.

2211 5043 2394 5159 (1020)
2428 5044 2483 5099 S.
2514 5042 2650 5097 Faro
2678 5040 2877 5123 colitur
2904 5039 2976 5095 28
2999 5037 3266 5120 Octobris:
3409 5109 3420 5121 .

2233 5115 2491 5159 10911119.
2540 5114 2595 5159 ς,
2636 5114 2853 5159 Bertino
2893 5111 3091 5159 abbate
3126 5110 3420 5159 Sithivenm

2216 5110 2393 5185 (1021)
2417 5116 2491 5169 De
2540 5114 2595 5168 S.
2635 5112 2853 5169 Bertino
2893 5111 3091 5166 abbate
3118 5110 3425 5179 ,Sithivensi
3457 5119 3641 5167 actum
3671 5117 3754 5166 est

2139 5188 2231 5243 die
2259 5188 2293 5241 5
2317 5185 2677 5258 Septembris.

2210 5250 2636 5329 (1022)'Indicat
2660 5256 2717 5329 S.
2742 5254 3077 5329 iFilibertum
3107 5251 3203 5329 _vel
3242 5250 3628 5329 Philjbertum,
3659 5251 3751 5306 ab-

2143 5322 2327 5385 batem
2357 5322 2413 5384 in
2442 5329 2604 5384 Herio
2643 5327 2828 5383 Gallia
2858 5325 3061 5394 insula,
3090 5323 3162 5379 de
3183 5338 3293 5396 quo
3321 5322 3452 5379 vide
3479 5323 3626 5395 Opus
3653 5336 3749 5376 no-

522 5399 679 5472 1016)
701 5400 785 5474 _De
835 5400 1098 5474 S._Eligio
1130 5401 1404 5474 agendum
1453 5402 1557 5474 erit
1581 5400 1718 5474 _die_
1750 5401 1774 5455 1
1816 5399 2046 5474 Decem-
2144 5409 2315 5474 strum
2355 5400 2421 5474 ad
2438 5400 2689 5474 diem,”
2713 5396 2971 5474 _A_ugus_ti.

428 5473 582 5538 bris;
619 5472 718 5527 sed
765 5486 869 5545 nec
901 5472 990 5527 hic
1013 5471 1206 5545 usque
1245 5474 1313 5528 ad
1344 5473 1396 5528 S.
1450 5472 1723 5528 Lamberti
1758 5471 2047 5543 episcopa-

429 5554 544 5600 tum
571 5541 897 5615 supervixit.

2221 5473 2406 5543 (1023)
2437 5472 2556 5527 Fuit
2591 5473 2638 5527 is
2679 5466 2851 5543 abba's
2896 5466 3352 5543 Fontanellepsis.
3378 5466 3555 5543 cujus
3587 5470 3751 5543 gesta

2149 5544 2207 5600 in
2227 5535 2417 5615 'Opere
2444 5551 2631 5599 nostro
2660 5540 2905 5613 exposita
2931 5545 3060 5615 sunt
3085 5535 3472 5615 die_22__1ulii:
3505 5535 3750 5593 sed—ante

499 5608 680 5689 (1017)
732 5613 905 5682 Hujus
934 5614 1110 5670 Vitam
1142 5615 1313 5671 habes
1343 5615 1399 5669 in
1431 5615 1609 5686 Opere
1636 5621 1822 5672 nostro
1865 5614 1956 5669 die
1985 5630 2041 5670 χι
2143 5617 2194 5671 S.
2225 5608 2503 5689 (Lamberti
2540 5608 2922 5689 episcopatum
2946 5610 3129 5689 vivere
3151 5608 3341 5689 desiit.

427 5686 626 5744 Martii.

2215 5687 2400 5757 (1024)
2430 5685 2505 5741 De
2531 5678 2598 5743 eo
2621 5678 2749 5743 vide
2767 5683 2836 5739 ad
2868 5682 3015 5738 diem
3045 5681 3115 5737 18
3134 5678 3361 5753 Aprilis.
