3960 6198
226 298 339 353 789

1439 298 1584 353 VITA
1628 299 1881 354 ALTERA
1924 301 1957 352 S
2024 298 2367 352 LAMBERTI.

3456 296 3563 354 790

226 419 564 476 humilitatis
600 419 800 474 virtute
838 419 973 475 dura
1003 426 1060 475 et
1102 420 1264 476 fortia
1295 421 1625 489 demoliens,
1657 429 1718 477 ut
1747 438 1850 494 po-
1875 432 1923 496 Α
1951 420 2350 476 Faramundum
2400 420 2467 473 ad
2502 420 2875 490 episcopatum
2916 422 3331 491 Trajectensem
3380 429 3571 478 contra

225 509 529 565 limitarius
567 509 748 579 (1025)
775 509 940 565 variis
966 510 1260 566 virtutibus
1288 520 1344 566 et
1374 512 1494 583 ipse
1519 518 1765 579 ornatus,
1799 519 1853 567 et
1946 515 2038 584 jus
2065 522 2119 570 et
2150 515 2230 569 fas
2259 531 2452 587 passus
2484 523 2565 571 est
2594 517 2905 587 promoveri
2935 518 3139 585 (1029).

226 605 377 660 alios
406 618 634 669 ornans,
667 603 737 657 ad
775 609 887 658 tres
913 604 1121 675 primos
1160 604 1422 660 virtutum
1463 606 1670 679 gradus
1726 622 1852 677 per-

230 692 432 763 paucis
460 707 696 747 ascensu
742 690 934 747 faciles
963 693 1235 763 pervenit,
1267 693 1538 765 sapientia
1594 695 1852 751 thronum

230 780 499 837 Ecclesia
542 780 877 856 gubernans,
943 781 1248 837 humilitate
1296 783 1529 854 vestigia
1583 785 1855 856 sequendi

230 874 515 929 Christum
566 872 927 945 prasignans,
974 872 1301 930 fortitudine
1354 874 1716 931 adversitates
1747 877 1857 933 Deo

230 964 550 1020 debellans.
585 964 787 1021 Horum
828 965 1041 1021 meritis
1067 966 1162 1021 diu
1191 967 1543 1038 tranquillata
1569 976 1652 1024 est
1672 969 1856 1025 Eccle-

231 1059 322 1114 sia
359 1058 478 1121 Dei,
512 1058 718 1129 diuque
755 1065 930 1115 status
973 1060 1130 1133 regni
1177 1067 1531 1131 prosperatus
1554 1068 1658 1117 est.
1700 1061 1859 1117 Post-

234 1146 466 1203 modum
490 1155 720 1219 propter
746 1149 937 1220 populi
969 1155 1250 1221 torporem
1297 1151 1609 1206 dormiente
1645 1152 1778 1207 Jesu
1805 1152 1860 1206 in

236 1238 368 1294 navi
394 1245 599 1295 sancta
639 1239 918 1307 Ecclesia,
946 1256 1077 1295 ecce
1106 1250 1288 1297 motus
1315 1258 1548 1317 magnus
1575 1242 1751 1298 factus
1779 1249 1864 1298 est

238 1328 302 1381 in
328 1327 464 1382 mari
493 1328 659 1400 hujus
683 1329 898 1386 mundi.
931 1329 1111 1385 Facile
1141 1337 1226 1386 est
1254 1347 1474 1387 causam
1517 1332 1652 1387 tanti
1682 1337 1863 1387 motus

239 1415 515 1472 ediscere.

313 1512 402 1567 17.
443 1512 819 1568 Theodericus
862 1519 917 1568 et
981 1514 1253 1570 Hildricus
1292 1515 1486 1571 fratres
1540 1516 1861 1587 bipartitum

2026 602 2109 658 19.
2136 602 2299 657 Miser
2318 619 2451 678 ergo
2485 603 2884 669 Faramundus,
2918 603 3049 675 quia
3079 604 3215 659 abiit
3238 604 3295 659 in
3332 605 3572 661 concilio

1955 696 2222 768 ipsorum,
2255 698 2310 752 in
2340 698 2603 753 cathedra
2644 697 2978 769 pestilentia
3009 697 3175 763 sedit,
3203 698 3273 753 de
3298 714 3407 770 quo
3438 699 3573 771 quid

1957 788 2108 844 aliud
2138 798 2354 861 poterat
2384 790 2515 859 dici,
2554 806 2717 862 quam
2750 790 2897 862 quod
2938 789 3150 845 Veritas
3188 789 3351 845 dicit:
3394 810 3422 839 α
3473 790 3574 854 Qui

1957 897 2069 938 non
2102 882 2268 938 intrat
2298 898 2397 954 per
2435 882 2636 938 ostium
2668 882 2724 937 in
2756 882 2901 937 ovile
2918 881 3126 947 ovium,
3178 881 3278 937 sed
3327 881 3579 936 ascendit

1958 974 2201 1041 aliunde,
2247 973 2339 1029 ille
2368 973 2458 1029 fur
2495 979 2578 1029 est
2606 980 2660 1029 et
2694 974 2863 1029 latro:
2913 973 3008 1046 qui
3045 978 3227 1028 autem
3268 972 3438 1027 intrat
3480 987 3580 1043 per

1958 1063 2183 1130 ostium,
2226 1069 2413 1133 pastor
2453 1068 2541 1116 est
2590 1062 2794 1117 ovium.
2838 1062 2943 1118 Fur
2993 1079 3105 1119 non
3134 1062 3308 1128 venit,
3352 1062 3462 1116 nisi
3519 1067 3581 1117 ut

1961 1152 2170 1210 furetur
2222 1161 2276 1210 et
2316 1161 2541 1221 mactet,
2582 1162 2639 1209 et
2690 1154 2905 1225 perdat.
2958 1178 2982 1201 ιο
3021 1155 3343 1209 Lantbertus
3396 1160 3582 1225 pastor

1963 1248 2166 1315 bonus,
2208 1247 2464 1319 exemplo
2492 1247 2731 1303 Pastoris
2751 1246 3121 1302 essentialiter
3161 1246 3319 1314 boni,
3360 1254 3582 1316 paratus

1964 1340 2096 1395 dare
2123 1340 2359 1394 animam
2392 1354 2547 1393 suam
2576 1354 2676 1409 pro
2725 1339 2924 1394 ovibus
2961 1339 3097 1407 suis,
3129 1354 3242 1392 non
3284 1345 3345 1393 ut
3370 1353 3583 1393 merce-

1965 1429 2154 1483 narius
2185 1427 2344 1503 fugit,
2381 1429 2481 1483 sed
2512 1429 2811 1485 declinavit
2850 1428 3221 1501 procellosum
3261 1428 3580 1484 domestica

1966 1520 2368 1591 persecutionis
2398 1520 2767 1594 naufragium,
2803 1528 2858 1576 et
2888 1522 3190 1577 clementer
3217 1520 3401 1576 ferens
3439 1537 3582 1576 cun-

238 1608 487 1664 Francia
542 1625 773 1684 regnum
825 1611 1117 1685 regebant;
1159 1612 1257 1667 sed
1308 1612 1437 1684 quia
1482 1612 1855 1669 Theodericus
1953 1618 2059 1679 cta,
2090 1613 2418 1683 prasulatus
2445 1613 2605 1685 liquit
2631 1619 2930 1684 sceptrum,
2964 1613 3363 1668 commendans
3386 1629 3574 1669 curam

239 1696 548 1753 habetioris
577 1698 786 1774 ingenii
817 1708 953 1768 erat,
988 1701 1261 1758 Ebroinus
1292 1704 1465 1775 major
1493 1705 1691 1759 domus
1721 1705 1858 1760 sim-

240 1788 487 1859 plicitate
514 1790 635 1860 ejus
665 1791 890 1860 abusus,
937 1795 1235 1851 commovit
1263 1796 1318 1850 in
1365 1812 1551 1870 regem
1584 1798 1714 1853 odia
1766 1804 1857 1854 to-

240 1883 356 1938 tius
380 1883 590 1955 populi.
623 1885 813 1942 Franci
842 1886 992 1942 enim
1023 1889 1260 1944 alienam
1290 1890 1555 1946 invidiam
1597 1891 1653 1945 in
1683 1890 1863 1948 Theo-

238 1976 489 2032 dericum
520 1985 921 2052 retorquentes,
975 1982 1245 2051 dejiciunt
1274 2000 1397 2040 eum
1430 2001 1625 2063 regno,
1660 1992 1715 2043 et
1742 1986 1859 2043 fra-

239 2078 382 2124 trem
404 2070 524 2140 ejus
553 2071 852 2129 Hildricum
878 2091 945 2130 ex
995 2077 1210 2132 Austria
1238 2078 1553 2147 invitantes,
1599 2095 1724 2135 eum
1753 2081 1862 2136 sibi

243 2177 435 2236 regem
479 2164 815 2234 praeﬁciunt:
864 2183 1006 2239 quos
1046 2169 1292 2241 quandiu
1344 2171 1536 2227 habuit
1593 2172 1867 2229 Hildricus

243 2252 531 2309 moderate
573 2254 778 2327 (1026),
846 2264 1101 2328 potenter
1155 2260 1373 2332 utrique
1413 2277 1584 2336 regno
1626 2263 1863 2333 praefuit.

250 2342 353 2396 Ubi
379 2349 436 2398 et
464 2344 583 2415 ipse
614 2347 841 2403 modum
873 2350 1126 2417 excessit,
1168 2350 1499 2405 insolentius
1530 2368 1725 2424 agens,
1771 2354 1867 2409 diu

248 2443 443 2490 contra
474 2444 772 2493 torrentem
794 2440 1023 2495 brachia
1061 2442 1294 2497 tendere
1343 2458 1454 2498 non
1489 2444 1671 2514 potuit
1732 2446 1866 2500 Nam

247 2529 383 2601 quia
407 2533 650 2588 severior
672 2533 825 2602 justo
867 2536 1162 2607 quemdam
1214 2536 1463 2592 nobilem
1511 2538 1866 2607 Francorum,

250 2621 479 2677 nomine
512 2623 854 2693 Bodilonem,
893 2633 1084 2682 contra
1128 2628 1306 2700 legem
1348 2628 1486 2683 cadi
1527 2628 1657 2684 fecit
1684 2630 1751 2684 ad
1781 2630 1873 2685 sti-

247 2712 424 2784 pitem
466 2714 716 2789 ligatum,
749 2718 817 2771 ab
860 2718 1059 2773 eodem
1088 2719 1352 2775 Bodilone
1382 2720 1441 2774 in
1470 2722 1723 2777 venando
1777 2738 1871 2777 ex-

247 2812 446 2876 ceptus
475 2806 661 2876 periit.
720 2807 1097 2865 Theodericus
1147 2816 1323 2865 totum
1368 2827 1597 2884 regnum
1637 2812 1867 2883 recipit;

234 2896 588 2953 'recrudescit
616 2898 820 2955 malitia
851 2900 1100 2968 Ebroini,
1132 2918 1492 2975 quoscunque
1522 2905 1871 2975 comperiunt

249 2984 454 3041 favisse
509 2988 845 3058 pertinacius
897 2991 1146 3062 partibus
1194 2991 1440 3061 llildrici,
1474 2993 1576 3048 hos
1616 3009 1870 3064 pessum-

248 3074 406 3141 dant,
467 3076 757 3145 trucidant,
821 3078 1040 3150 privant
1096 3080 1425 3151 honoribus,
1471 3082 1710 3139 multant
1750 3099 1874 3155 pro-

249 3164 578 3237 scriptione,
609 3168 856 3241 relegant
885 3169 1113 3226 exsiliis.

325 3259 411 3314 18.
442 3262 579 3326 Quia
610 3262 849 3318 Hildrico
896 3264 1080 3319 nullus
1110 3264 1328 3321 fidelior
1374 3266 1460 3321 vel
1492 3266 1721 3323 amicior
1746 3264 1870 3334 fuit,

250 3370 419 3426 quam
451 3355 797 3424 Lantbertus,
832 3363 1004 3413 totum
1049 3358 1269 3429 pondus
1301 3357 1675 3414 tribulationis
1706 3374 1875 3430 super

249 3462 379 3501 eum
419 3446 690 3502 incubuit.
742 3449 1045 3505 Videbatur
1090 3450 1237 3504 enim
1290 3450 1428 3504 nihil
1461 3457 1639 3505 actum
1700 3450 1871 3505 fuisse

250 3540 429 3589 morte
449 3536 692 3600 Hildrici,
720 3537 767 3591 si
808 3537 1034 3592 intimus
1066 3537 1287 3592 Hildrici
1316 3538 1646 3593 Lantbertus
1677 3538 1867 3609 impu-

250 3630 403 3685 nitus
424 3630 622 3699 abiret,
655 3632 722 3687 de
754 3648 862 3704 quo
884 3639 1093 3688 certum
1125 3633 1406 3701 tenebant,
1434 3634 1565 3705 quia
1588 3649 1870 3705 nunquam

253 3723 478 3779 factioni
508 3724 816 3796 iniquitatis
867 3741 981 3780 sua
1010 3733 1390 3781 assentiretur.
1443 3725 1577 3781 Ideo
1635 3725 1871 3782 consilio

251 3812 475 3868 Ebroini
509 3830 539 3868 a
591 3830 721 3887 rege
762 3814 1105 3870 Theoderico
1146 3820 1445 3870 convocata
1484 3815 1554 3869 ad
1594 3814 1867 3885 synodum

252 3903 644 3975 episcoporum
662 3903 843 3969 turba,
886 3905 979 3976 qui
1002 3904 1160 3976 quasi
1192 3920 1362 3959 canes
1406 3904 1544 3959 muti
1576 3919 1688 3959 non
1721 3903 1873 3959 vale-

252 3996 392 4050 bant
445 3993 624 4066 (1027)
674 3995 869 4050 latrare
918 4003 1107 4051 contra
1168 3995 1421 4051 falsitatis
1468 3995 1866 4064 testimonium,

251 4086 395 4142 alios
420 4086 713 4157 episcopos
743 4087 1092 4156 exordinant,
1125 4087 1264 4143 alios
1288 4087 1569 4163 geminata
1601 4086 1871 4157 injustitia

250 4176 533 4232 ordinant.
570 4176 632 4231 Et
657 4192 728 4232 ne
756 4177 883 4248 quis
924 4176 980 4231 in
1007 4192 1180 4253 regno
1225 4178 1312 4234 vel
1340 4178 1584 4234 Ecclesia
1615 4182 1868 4244 restaret,

249 4267 347 4341 qui
378 4284 479 4339 pro
527 4269 775 4324 veritatis
815 4268 1141 4325 defensione
1182 4269 1437 4342 clypeum
1478 4269 1608 4325 fidei
1639 4269 1872 4325 auderet

250 4361 465 4434 erigere
513 4361 767 4432 exemplo
814 4362 901 4417 vel
960 4362 1223 4431 instinctu
1283 4361 1592 4429 Lantberti,
1631 4362 1724 4433 qui
1756 4377 1869 4433 pra

1884 1751 1934 1819 B
1959 1709 2145 1765 ovium
2176 1709 2250 1777 ei,
2282 1709 2375 1781 qui
2396 1708 2531 1766 lavit
2558 1709 2893 1780 baptismate
2922 1725 2985 1764 ac
3016 1709 3257 1764 redemit
3283 1709 3581 1785 sanguine,

1960 1800 2201 1819 ..Αμμι
2255 1815 2378 1819 --μ
2412 1800 2492 1819 --εμ
2535 1799 2747 1819 μωμ,
2805 1798 2975 1819 ,μειεε
3036 1799 3117 1819 ---ξ
3170 1799 3357 1819 ιηη,
3408 1798 3573 1819 n-_-2J

1960 1800 2203 1855 Habebat
2252 1815 2383 1855 sane
2412 1800 2494 1855 vir
2534 1799 2751 1870 patiens
2799 1798 2978 1854 exsilii
3032 1799 3119 1854 sui
3162 1799 3363 1855 ducem
3406 1798 3578 1855 David

1960 1911 2170 1968 regem,
2202 1896 2293 1967 qui
2335 1895 2598 1951 instinctu
2630 1894 2726 1949 filii
2758 1894 2843 1950 sui
2884 1894 3123 1950 Absalon
3154 1896 3270 1949 suis
3300 1900 3493 1950 contra
3522 1911 3585 1950 se

1964 1984 2432 2056 conspirantibus,
2482 1984 2781 2055 assumpsit
2826 1990 3038 2039 scutum
3085 1983 3395 2055 patientia;
3438 1989 3585 2039 etne

1958 2084 2115 2133 esset
2141 2093 2307 2133 causa
2350 2076 2526 2132 ruina
2566 2076 2623 2130 in
2657 2076 2845 2143 Israel,
2882 2076 3024 2130 flens
3077 2085 3274 2147 operto
3305 2075 3489 2148 capite
3530 2081 3587 2131 et

1968 2166 2134 2222 nudis
2169 2166 2407 2237 pedibus
2435 2164 2597 2240 fugit,
2632 2165 2742 2221 Deo
2774 2180 2995 2219 causam
3023 2163 3253 2236 justitia
3284 2180 3399 2220 sua
3432 2180 3587 2220 com-

1967 2259 2213 2312 mittens.

2037 2352 2126 2407 20.
2160 2352 2431 2422 Expetens
2460 2366 2591 2423 ergo
2622 2349 2917 2405 Stabulaus
2945 2350 3339 2405 monasterium
3370 2366 3401 2404 a
3431 2349 3587 2424 Sige-

1971 2447 2125 2501 berto
2150 2461 2278 2517 rege
2319 2443 2606 2499 fundatum
2631 2448 2759 2497 ante
2797 2442 3007 2514 aliquot
3039 2458 3231 2510 annos,
3280 2449 3334 2497 et
3372 2442 3587 2499 fervore

1969 2541 2171 2590 sancta
2240 2532 2524 2607 religionis
2568 2532 2779 2603 ubique
2846 2532 3211 2599 nominatum,
3268 2534 3585 2590 monasticae

1973 2626 2177 2699 quietis
2207 2632 2424 2696 portum
2455 2624 2642 2699 elegit,
2671 2624 2861 2695 ibique
2902 2639 3001 2695 per
3037 2632 3248 2692 septem
3288 2638 3464 2679 annos
3493 2640 3588 2679 an-

1971 2717 2205 2791 gelicam
2238 2717 2449 2771 ducens
2478 2715 2665 2782 vitam,
2703 2714 2968 2769 habitavit
2992 2729 3209 2768 secum.
3247 2713 3310 2767 At
3341 2729 3406 2767 ex
3434 2713 3585 2769 omni

1971 2808 2359 2864 ecclesiastica
2384 2806 2605 2861 familia
2634 2820 2861 2861 numero
2889 2805 2999 2860 duo
3028 2812 3240 2860 tantum
3272 2804 3428 2875 pueri
3466 2804 3587 2873 ejus

1970 2898 2241 2971 obsequio
2277 2898 2647 2964 adhaserunt,
2679 2912 2915 2968 quorum
2956 2894 3321 2951 Theodoenus
3359 2894 3586 2950 nomine

1974 2993 2073 3056 illi,
2109 2992 2203 3064 qui
2262 2992 2473 3063 primus
2503 2990 2722 3061 scripsit
2761 2990 2938 3045 Vitam
2990 2988 3164 3043 sancti
3204 2987 3328 3051 viri,
3386 2987 3589 3043 relator

1976 3098 2140 3138 verax
2189 3088 2244 3137 et
2299 3081 2456 3137 testis
2507 3080 2742 3137 idoneus
2791 3094 3023 3150 operum
3072 3079 3193 3148 ejus
3240 3077 3341 3132 fuit
3384 3076 3585 3147 (1030).

1906 3154 2112 3228 CEcce
2154 3172 2422 3226 habemus
2451 3170 2627 3226 virum
2674 3169 2742 3224 ad
2797 3167 3077 3240 exemplar
3113 3167 3373 3223 virtutum
3411 3165 3588 3221 omni-

1974 3262 2078 3317 bus
2130 3261 2500 3334 pr0positum,
2560 3260 2655 3332 qui
2696 3259 2897 3326 sciens,
2940 3257 3073 3331 quid
3123 3257 3303 3312 solum
3340 3272 3588 3311 summus

1972 3353 2230 3427 Magister
2250 3369 2279 3407 a
2309 3368 2370 3407 se
2397 3351 2612 3407 discere
2640 3350 2945 3415 mandarat,
2967 3348 3024 3402 in
3055 3346 3363 3402 humilitate
3382 3345 3584 3414 cordis,

1973 3449 2029 3497 et
2076 3457 2131 3496 1n
2162 3441 2430 3512 patientia
2454 3456 2553 3495 sua
2583 3439 2868 3511 quarebat
2913 3437 3161 3509 requiem
3217 3436 3417 3491 anima
3448 3451 3582 3491 sua.

1974 3534 2033 3588 lu
2073 3531 2391 3588 obedientia
2431 3546 2562 3586 vero
2589 3546 2648 3585 se
2681 3528 2955 3585 coharedi
2984 3543 3083 3583 suo
3116 3526 3326 3582 Christo
3364 3526 3587 3583 confor-

1973 3625 2179 3688 mabat,
2213 3624 2306 3696 qui
2337 3624 2582 3680 obedivit
2613 3616 2767 3677 Patri
2808 3636 2986 3692 usque
3025 3620 3095 3675 ad
3134 3626 3385 3676 mortem.
3419 3620 3589 3685 Quale

1974 3730 2130 3788 rogo,
2161 3720 2276 3768 erat
2299 3712 2491 3766 videre
2520 3711 2695 3767 virum
2724 3710 2972 3765 nobilem
3000 3717 3153 3776 natu,
3188 3709 3586 3764 nominabilem

1974 3806 2286 3872 sanctitate,
2328 3804 2619 3875 prasulem
2660 3801 2867 3869 officio,
2900 3801 3063 3857 rebus
3111 3800 3244 3856 olim
3280 3807 3586 3870 potentem,

1973 3901 2029 3955 in
2063 3899 2277 3955 tantillo
2309 3897 2576 3969 temporis
2601 3901 2858 3971 agentem
2898 3895 3012 3964 jam
3043 3893 3334 3965 probatum
3387 3908 3585 3948 mona-

1971 3994 2157 4059 chum,
2189 3991 2338 4064 quod
2364 3990 2454 4045 vix
2479 3988 2718 4061 quilibet
2760 3987 2900 4043 alter
2951 3992 3138 4057 posset
3167 3985 3389 4057 assequi
3417 3985 3588 4041 multa

1972 4102 2243 4142 annorum
2269 4083 2575 4156 quantitate
2605 4081 2634 4134 Ῥ

2040 4178 2129 4234 21.
2174 4178 2249 4233 Re
2288 4192 2418 4231 vera
2456 4191 2566 4231 nou
2594 4191 2720 4229 eum
2754 4173 2878 4244 plus
2908 4174 3079 4228 nimio
3123 4189 3210 4227 res
3239 4171 3585 4227 delectavere

1971 4273 2250 4341 secunda,
2301 4288 2465 4344 quem
2506 4277 2730 4326 mutata
2796 4285 2906 4325 non
2951 4273 3374 4340 quassaverunt:
3442 4282 3582 4321 nun-

1971 4380 2133 4437 quam
2164 4362 2313 4417 enim
2343 4360 2613 4415 amittitur
2639 4360 2760 4414 sine
2800 4359 3013 4427 dolore,
3043 4357 3193 4429 quod
3236 4373 3359 4411 cum
3394 4371 3583 4412 amore

250 4452 471 4509 cateris
500 4459 555 4507 et
600 4468 699 4524 pro
742 4454 958 4509 caeteris
995 4454 1223 4509 liberius
1265 4454 1551 4523 injustitia
1597 4453 1878 4508 adversari
1901 4446 2307 4529 Dpossidetur.
2343 4452 2444 4518 Qui
2465 4451 2636 4523 cupit,
2670 4450 2761 4505 ille
2801 4450 2968 4505 etiam
3014 4449 3237 4503 metuit:
3268 4449 3361 4520 qui
3392 4448 3588 4503 metuit

252 4544 516 4613 audebat,
575 4560 770 4601 omnes
844 4546 1049 4602 diaboli
1100 4546 1406 4617 complices
1472 4546 1767 4620 insurgunt
1815 4546 1872 4600 in

252 4637 631 4705 Lantbertum,
663 4638 909 4694 veritatis
960 4639 1219 4704 amicum,
1253 4645 1308 4693 et
1354 4637 1701 4695 concinnatis
1734 4638 1872 4706 inju-

252 4727 416 4782 stitia
459 4727 664 4794 causis,
712 4743 836 4782 eum
866 4728 934 4782 ab
975 4728 1298 4799 episcopatu
1340 4727 1628 4798 deponunt
1666 4725 1863 4799 (1028).

256 4820 447 4875 Fertur
476 4819 823 4876 Coloniensis
862 4821 1160 4893 episcopus
1184 4820 1533 4891 conspirasse
1584 4819 1713 4875 huic
1739 4835 1869 4890 pra-

252 4928 447 4968 vorum
498 4911 759 4979 factioni;
815 4912 1107 4984 quietiam
1164 4912 1428 4968 clericum
1458 4912 1706 4969 ecclesia
1753 4928 1866 4968 sua

328 5109 508 5179 (1025)
538 5109 765 5164 Videtur
790 5106 1165 5179 patriarchamg
1188 5106 1393 5179 Ioseph
1436 5105 1751 5178 designare,
1805 5105 1876 5179 de

257 5177 369 5252 quo
391 5181 447 5234 in
468 5180 667 5235 Genesi
682 5177 806 5251 cap.
829 5195 1035 5241 xxxvii,
1052 5187 1084 5237 γ
1103 5179 1132 5234 3
1156 5177 1385 5252 legitur:
1408 5177 1651 5247 Fecitdue
1676 5178 1874 5249 (pater)

254 5254 306 5307 ei
345 5255 583 5309 tunicam
610 5253 951 5321 polymitam.

328 5324 513 5393 (1026)
543 5325 692 5379 Hanc
709 5319 907 5378 vocem
936 5321 1019 5375 sic
1046 5319 1285 5393 restitui,
1314 5335 1436 5393 cum
1460 5319 1516 5393 in
1546 5335 1651 5393 ms.
1676 5324 1873 5393 nostro

253 5389 467 5451 tantum
502 5389 834 5456 legeretur:
883 5393 1121 5456 modem,
1162 5392 1366 5447 omisso
1406 5390 1612 5445 deinde
1659 5389 1875 5445 duabus

251 5474 345 5522 aut
375 5464 769 5522 tribuslitteris
792 5464 972 5535 spatio
1002 5478 1197 5517 vacuo.

326 5538 504 5610 (1027)
534 5540 637 5593 Pro
665 5532 917 5610 valebunt
948 5534 1002 5587 in
1025 5540 1285 5610 contextu
1307 5532 1513 5599 deleto,
1546 5533 1599 5587 in
1627 5532 1874 5607 margine

255 5606 365 5666 alia
394 5627 562 5664 manu
596 5609 1006 5678 ascriptumcst
1026 5606 1275 5678 volentes.

330 5682 519 5756 (1028)
576 5682 705 5734 ltam
744 5674 1255 5756 pseudosynodum,
1304 5674 1608 5756 inquas:
1671 5675 1869 5729 Leode-

257 5745 445 5826 garius
482 5745 1004 5825 Augustodunensis
1030 5747 1327 5816 episcopus
1360 5745 1702 5814 iniquissime
1732 5762 1875 5801 con-

1974 4564 2257 4619 nunquam
2288 4545 2428 4600 liber
2458 4544 2544 4599 vel
2574 4558 2803 4598 securus
2853 4542 2984 4596 vivit
3020 4540 3221 4611 (1031).
3257 4540 3585 4595 Lantbertus

1974 4644 2161 4693 noster
2185 4633 2324 4689 nihil
2352 4632 2541 4686 mundi
2564 4631 2740 4686 doluit
2770 4630 3029 4702 perdere,
3053 4629 3182 4701 quia
3214 4628 3350 4683 nihil
3368 4644 3582 4684 concu-

1972 4729 2135 4800 pivit:
2160 4744 2223 4783 ac
2252 4743 2351 4798 per
2372 4726 2476 4780 hoc
2495 4739 2715 4795 semper
2738 4738 2967 4777 securus
2994 4721 3078 4776 sui
3112 4721 3234 4786 fuit,
3264 4727 3320 4775 et
3356 4718 3499 4774 liber
3526 4720 3584 4774 in

1972 4818 2203 4874 Christo.
2260 4817 2482 4871 Amotus
2534 4814 2604 4869 ab
2668 4812 2990 4884 episcopatu
3055 4826 3156 4881 per
3210 4809 3580 4879 injustitiam,

1970 4911 2191 4984 quando
2226 4907 2591 4979 expostulavit
2617 4905 2685 4960 de
2727 4904 2966 4977 irrogata
3003 4900 3110 4957 sibi
3141 4900 3385 4972 injuria?
3414 4902 3583 4967 Quam

1978 5106 2271 5160 demnatus
2329 5102 2684 5176 fuitaliquot
2712 5099 2873 5176 annis
2926 5097 3128 5176 serius,
3177 5096 3307 5151 dum
3365 5101 3587 5176 sanctus

1979 5183 2166 5231 noster
2194 5174 2459 5231 Stabuleti
2479 5166 2590 5247 jam
2623 5171 2917 5236 exsularet,
2979 5168 3221 5223 habitam
3272 5182 3417 5233 esse,
3446 5166 3590 5221 dixi-

1977 5265 2117 5303 mus.

2046 5320 2224 5391 (1029)
2280 5317 2684 5391 Faramundum
2738 5315 2791 5391 i_n
2850 5311 3029 5391 sancti
3090 5311 3339 5391 episcopi
3388 5305 3588 5391 sedem

1974 5381 2165 5461 inique
2195 5381 2466 5444 i'ntrusum
2500 5388 2689 5453 fuisse,
2729 5386 2932 5440 docent
2961 5381 3139 5461 etiam
3174 5381 3586 5461 Godeschalcus

1976 5470 2031 5516 et
2057 5453 2400 5531 Stephanus;
2435 5462 2530 5513 sed
2560 5465 2754 5531 neuter
2784 5471 2976 5531 eorum
3012 5456 3253 5531 aliquem
3283 5453 3583 5531 Colonien-

1975 5548 2088 5587 sem
2118 5526 2599 5600 archiepisc0pum
2633 5529 2752 5595 ejus
2780 5526 3009 5600 sceleris
3030 5542 3181 5600 reum
3206 5526 3352 5580 facit.

2051 5603 2232 5668 (1030)
2269 5597 2345 5655 Ita
2370 5597 2487 5671 ipsc
2514 5617 2578 5654 cx
2605 5600 2723 5652 Vita
2752 5598 3098 5671 primanum.

2046 5663 2227 5742 (1031)
2253 5674 2311 5726 1n
2335 5663 2580 5745 margine
2622 5686 2719 5723 ms.
2752 5663 2938 5722 ~nostri
2976 5684 3072 5735 pro
3100 5669 3257 5730 vivit,
3285 5663 3391 5718 alia
3418 5671 3582 5713 manu

1975 5753 2199 5801 notatur
2224 5746 2345 5798 erit.
