3960 6198
382 283 483 335 791

1748 266 2087 325 SIGEBERTI
2129 264 2639 323 GEMBLACENSIS.

3632 277 3748 333 792

381 411 679 482 appellavit
730 407 1069 481 personam?
1109 407 1186 461 Ad
1218 407 1376 475 cujus
1406 422 1466 461 se
1510 405 1843 462 audientiam
1901 402 1995 457 ad-
2029 403 2078 471 Α
2105 399 2241 455 Dei?
2270 420 2300 451 »
2351 401 2515 458 solito
2563 401 2729 458 citius
2766 408 2987 459 cantum
3047 402 3255 459 dabant
3302 405 3453 478 galli.
3511 408 3744 468 Fratres

382 498 557 553 dixit?
589 497 681 552 Cui
709 497 1036 569 jurisperito
1075 512 1230 551 suam
1261 496 1776 551 commisitcausam
1798 494 1827 548 ‘P
1858 492 1992 548 Nul-

382 587 493 641 lum
527 602 697 659 regno
744 586 831 640 vel
862 584 1117 639 Ecclesia;
1150 585 1470 639 scandalum
1512 583 1829 650 concitavit,
1885 598 1999 637 suae

383 676 554 730 ruinae
588 674 791 729 nullius
816 673 991 729 voluit
1020 673 1258 728 miscere
1291 673 1524 727 ruinam.
1569 674 1681 728 Soli
1723 673 1831 727 Deo
1873 688 2001 726 cau-

380 781 495 820 sam
542 780 694 818 suam
754 763 1025 831 revelans,
1085 762 1325 829 dicebat,
1373 762 1520 832 quod
1570 761 1737 816 Filius
1792 761 1888 815 Dei
1934 759 2001 814 ad

386 858 597 912 Patrem
628 855 849 910 dicebat
880 870 976 926 per
1000 854 1358 924 Prophetam:
1391 874 1414 903 α
1452 854 1712 927 Exsurge,
1748 853 2002 920 Domine,

387 957 443 1004 et
486 948 711 1003 intende
762 946 971 1015 judicio
1029 961 1175 1010 meo,
1225 946 1367 1000 Deus
1417 962 1573 999 meus
1639 953 1694 999 ct
1738 945 2003 1001 Dominus

388 1059 561 1104 meus,
598 1042 652 1096 in
683 1057 901 1096 causam
935 1056 1138 1094 meam.
1191 1059 1214 1089 ι)
1256 1039 1375 1093 Jam
1430 1055 1580 1093 nunc
1631 1038 1916 1094 videamus
1943 1038 1999 1092 in

389 1130 837 1187 unotcstimonio
868 1128 1222 1194 obcdientize,
1254 1144 1418 1198 quam
1455 1128 1723 1182 aestimata
1748 1127 1819 1182 sit
1846 1128 2003 1181 Lant-

389 1223 528 1278 berti
574 1221 901 1277 etenobialis
955 1220 1321 1275 conversatio.
1362 1219 1616 1273 Tendens
1660 1234 1879 1288 semper
1932 1219 2000 1273 ad

385 1314 806 1386 perfectionem,
831 1313 1066 1387 augebat
1094 1311 1301 1383 aliquid
1334 1311 1401 1365 ad
1430 1327 1546 1365 sum
1574 1310 1850 1366 servitutis
1872 1326 2003 1365 sen-

386 1427 529 1476 sum,
564 1410 764 1473 sciens,
806 1407 1079 1480 quidquid
1110 1412 1556 1481 superemgaret,
1586 1423 1616 1460 a
1654 1420 1783 1461 vero
1812 1406 1998 1460 Sama-

386 1503 561 1557 ritano
591 1500 697 1554 sibi
740 1499 1082 1554 reddendum
1123 1514 1265 1553 esse.
1296 1498 1452 1553 Unde
1482 1497 1739 1553 noctibus
1770 1498 2002 1553 canoni-

387 1612 478 1650 cas
506 1594 722 1669 vigilias
752 1593 1123 1665 praeveniens,
1151 1591 1399 1647 solvebat
1426 1592 1535 1647 Deo
1568 1592 1808 1663 privatas
1845 1607 2006 1646 excu-

389 1685 535 1739 bias.

455 1775 545 1828 22.
568 1773 640 1827 Ad
674 1774 780 1828 hoc
804 1788 916 1827 una
943 1772 1184 1827 noctium
1217 1770 1542 1826 dormitorlo
1572 1771 1764 1826 volens
1792 1771 2003 1843 egredi,

388 1862 715 1935 inquietavit
744 1861 937 1916 fratres
964 1861 1319 1928 dormientes,
1355 1860 1527 1915 altero
1553 1860 1799 1916 sandalio
1829 1877 1861 1915 a
1890 1878 2007 1914 ma-

390 1969 461 2009 nu
494 1952 599 2005 sibi
630 1952 818 2022 elapso
844 1968 857 2004 :
891 1950 985 2021 qui
1015 1950 1218 2017 sciens,
1252 1950 1401 2022 quod
1429 1966 1492 2004 ex
1521 1966 1753 2004 censura
1784 1949 2006 2022 Regula:

390 2046 622 2101 deberet
659 2045 811 2101 adire
838 2061 1083 2112 crucem,
1118 2045 1211 2116 qui
1250 2045 1477 2100 fratrum
1514 2045 1755 2117 quietem
1790 2045 2006 2100 turbas-

389 2142 493 2201 set,
525 2134 705 2189 statim
740 2134 807 2187 ad
854 2140 1045 2188 nutum
1070 2133 1411 2205 indignantis
1463 2134 1675 2189 abbatis
1706 2134 1888 2205 (1032)
1924 2135 2007 2189 le-

390 2236 476 2281 cto
496 2226 750 2292 exsilivit,
776 2233 829 2281 et
854 2226 1125 2294 sandalia,
1151 2235 1207 2281 et
1243 2242 1364 2297 quae
1405 2226 1713 2281 habebatin
1747 2227 2004 2282 manibus

389 2316 733 2387 relinquens,
766 2331 877 2371 uno
908 2323 1116 2370 tantum
1169 2332 1366 2387 aspero
1403 2317 1581 2372 cilicio
1612 2317 1857 2383 indutus,
1891 2334 2000 2371 nu-

390 2407 475 2460 dis
506 2407 743 2477 pedibus
773 2406 1143 2474 discalciatus,
1177 2413 1231 2461 et
1270 2423 1409 2479 pene
1434 2408 1618 2463 nudus
1651 2425 1871 2463 crucem
1904 2410 2001 2464 ad-

392 2495 506 2551 ivit.
545 2496 667 2550 llaec
703 2512 834 2550 crux
865 2495 1082 2566 lapidea
1122 2496 1268 2550 inter
1300 2497 1597 2552 oratorium
1629 2504 1683 2553 et
1732 2498 2002 2554 dormito—

390 2592 528 2646 rium
560 2598 678 2646 crat
720 2597 942 2648 statuta.
970 2590 1086 2645 Filii
1120 2590 1286 2646 Israel
1327 2591 1383 2645 in
1424 2592 1644 2648 deserto
1670 2592 1741 2649 ob
1780 2594 2000 2647 taedium

390 2686 538 2760 longi
579 2686 792 2741 itineris
821 2703 886 2741 ac
926 2686 1132 2742 laboris
1173 2696 1604 2754 murmurantes,
1664 2696 1720 2743 at
1758 2704 1856 2759 pro
1904 2690 2004 2743 hac

389 2792 529 2832 noxa
556 2776 914 2846 percussione
957 2776 1253 2849 ignitorum
1285 2777 1625 2846 serpentium
1676 2786 1998 2848 pereuntes,

386 2867 724 2922 sanabantur
742 2867 811 2921 ab
839 2872 1065 2938 aspectu
1095 2868 1235 2922 aenei
1265 2868 1561 2938 serpentis,
1593 2868 1646 2921 in
1674 2866 1849 2941 figura
1881 2886 2006 2925 cru-

389 2960 648 3035 ciﬁgendi
686 2960 804 3013 Filii
843 2960 1083 3015 hominis
1140 2977 1172 3015 a
1200 2960 1385 3032 Moyse
1429 2976 1527 3031 pro
1554 2961 1712 3035 signo
1756 2962 1998 3017 exaltati.

388 3052 466 3106 Ad
496 3052 642 3106 hunc
672 3051 893 3106 modum
928 3050 1194 3106 credibile
1221 3060 1324 3117 est,
1353 3052 1494 3107 hanc
1522 3067 1746 3123 quoque
1777 3068 1997 3108 crucem
2024 3080 2074 3149 Ο

388 3160 487 3215 pro
504 3142 663 3215 signo
706 3142 939 3213 positam
980 3141 1173 3213 fuisse,
1206 3150 1265 3197 ut
1301 3143 1369 3196 ad
1411 3150 1696 3214 aspectum
1729 3142 1877 3199 illius
1917 3145 1996 3212 hi,

386 3233 480 3305 qui
520 3238 677 3287 erant
713 3231 930 3295 Christi,
968 3247 1190 3287 carnem
1232 3248 1386 3286 suam
1428 3232 1818 3305 cruciﬁgerent
1874 3249 1997 3289 cum

383 3327 533 3382 vitiis
563 3336 620 3383 et
662 3326 1154 3397 concupiscentiis;
1200 3334 1256 3381 et
1284 3326 1328 3380 si
1361 3327 1450 3397 qui
1485 3327 1705 3398 pert-arsi
1734 3327 1883 3404 longi
1914 3330 1993 3384 la-

384 3417 536 3472 boris
578 3418 635 3472 in
679 3417 766 3472 via
792 3418 886 3471 Dei
917 3416 1271 3483 lacesserent,
1314 3416 1382 3471 ad
1414 3424 1695 3488 aspectum
1728 3419 1906 3473 crucis
1931 3435 1997 3474 ex

384 3517 557 3566 morte
590 3509 784 3565 Christi
842 3508 1317 3582 longanimitatem
1378 3509 1499 3581 spei
1531 3517 1897 3577 resumerent,
1940 3519 1997 3566 et

382 3604 461 3659 sic
491 3602 663 3677 ignita
700 3599 915 3672 antiqui
942 3601 1217 3671 serpentis
1244 3617 1457 3657 venena
1491 3601 1813 3674 effugerent.

451 3696 539 3751 25.
573 3693 897 3750 Lantbertus
927 3708 1059 3766 ergo
1090 3694 1284 3748 eadem
1316 3694 1603 3765 patientia,
1634 3694 1826 3750 eadem
1860 3695 1997 3750 obe-

383 3792 609 3859 dientia,
642 3807 749 3862 qua
786 3788 1031 3844 Christus
1061 3789 1309 3845 obedivit
1349 3790 1489 3845 Patri
1519 3807 1691 3862 usque
1740 3791 1809 3846 ad
1849 3807 2000 3848 mor-

382 3892 489 3940 tem
521 3882 700 3940 crucis
728 3881 932 3954 (1033),
965 3896 1187 3936 crucem
1227 3881 1382 3949 adiit,
1437 3882 1505 3935 ad
1563 3898 1725 3952 quam
1783 3884 1986 3939 addicti

384 3973 712 4047 regulariter
753 3972 1118 4042 paenitebant,
1159 3972 1207 4027 si
1258 3972 1383 4044 quis
1418 3973 1786 4047 graviusculis
1815 3976 1991 4045 culpis

381 4061 818 4134 delinquebant;
870 4061 1056 4131 ibique
1097 4060 1323 4130 psalmis
1365 4068 1420 4116 et
1476 4062 1696 4133 hymnis
1747 4064 1992 4120 intentus

382 4153 743 4225 pernoctabat
764 4152 1082 4207 immobilis.
1109 4151 1300 4224 Frigus
1332 4153 1510 4208 noctis
1537 4154 1687 4209 illius
1712 4155 1841 4228 gelu
1862 4172 1992 4211 exa-

380 4247 724 4317 sperabatur,
764 4251 819 4299 et
848 4244 939 4298 nix
970 4260 1094 4299 cum
1136 4243 1286 4318 larga
1332 4244 1623 4312 deﬂueret,
1667 4263 1775 4302 non
1806 4254 1991 4305 tamen

381 4342 523 4396 ultra
543 4340 682 4397 talos
709 4339 961 4410 praesulis
986 4339 1319 4394 ascendebat
1350 4340 1552 4407 (1034).
1602 4343 1733 4398 Tota
1764 4360 1992 4415 prorsus

2101 498 2335 564 surgunt
2382 491 2450 546 ad
2504 493 2828 563 praescripta
2864 492 3174 568 vigiliarum
3235 495 3448 564 munia,
3495 506 3553 553 et
3609 509 3743 571 post

2099 587 2218 641 haec
2244 586 2466 642 domum
2489 587 2837 662 introgressi,
2865 589 3178 643 accendunt
3202 588 3388 664 ignem
3413 593 3735 663 copiosum.

2103 677 2251 732 Inter
2278 676 2716 733 calefaciendum
2743 677 2912 733 abbas
2936 678 3189 750 inquirit,
3216 680 3442 736 ubinam
3464 683 3537 738 sit
3564 684 3741 740 Lant-

2102 766 2308 832 bertus,
2353 767 2446 838 qui
2479 767 2705 823 fratrum
2741 768 3039 823 conventui
3080 768 3242 824 desit.
3295 770 3448 825 Unus
3497 771 3735 829 fratrum

2104 856 2259 922 dixit,
2290 857 2644 913 Lantbertum
2676 874 2821 927 esse,
2869 858 2963 930 qui
2996 859 3237 931 regulari
3261 859 3478 928 judicio
3512 880 3619 934 per
3643 864 3737 920 in-

2103 956 2433 1020 tempestam
2465 957 2686 1006 noctem
2717 950 2787 1005 ad
2812 965 3036 1006 crucem
3065 950 3136 1006 sit
3159 951 3440 1009 addictus.

2171 1038 2261 1093 24.
2308 1037 2490 1093 Abbas
2538 1039 2873 1111 expavescit,
2916 1046 2971 1095 et
3010 1040 3089 1094 ire
3139 1039 3337 1096 fratres
3384 1042 3451 1096 ad
3478 1058 3609 1098 eum
3647 1062 3741 1101 re-

2102 1127 2410 1186 vocandum
2465 1138 2648 1204 urget.
2690 1130 2856 1197 Eunt,
2910 1144 3154 1202 eumque
3209 1139 3499 1188 canentem
3556 1132 3745 1191 offen-

2103 1216 2241 1272 dunt
2284 1216 2499 1290 (1035):
2536 1239 2556 1268 ι
2595 1217 2696 1274 Cor
2747 1219 3044 1275 contritum
3096 1229 3152 1275 et
3205 1221 3555 1279 humiliatum
3587 1226 3743 1282 Deus

2105 1321 2215 1361 non
2242 1308 2471 1377 spernit.
2510 1328 2536 1359 )›
2575 1308 2647 1363 Eo
2686 1316 2971 1377 revocato,
3004 1308 3315 1364 advolvitur
3343 1311 3466 1380 ejus
3493 1314 3744 1388 genibus

2103 1398 2276 1453 abbas
2317 1406 2371 1454 et
2414 1400 2599 1455 omnis
2642 1400 3021 1475 congregatio.
3076 1401 3261 1456 Abbas
3296 1418 3359 1457 se
3410 1403 3630 1461 incusat
3683 1415 3743 1463 et

2104 1492 2320 1563 culpam
2369 1507 2656 1559 excusans,
2695 1493 2915 1547 veniam
2947 1493 3017 1547 de
3049 1492 3361 1565 ignorantia
3385 1496 3474 1551 vel
3514 1496 3734 1554 intem-

2106 1587 2355 1658 perantia
2387 1587 2647 1657 postulat.
2699 1587 3024 1642 Lantbertus
3063 1595 3357 1645 accusator
3386 1591 3739 1663 suiimputat

2033 1678 2208 1775 Bsibi
2253 1679 2493 1749 culpam,
2538 1678 2675 1733 nihil
2711 1695 2832 1734 esse
2872 1678 3093 1745 dicens,
3133 1681 3283 1751 quod
3328 1681 3411 1736 eis
3459 1682 3739 1757 ignoscat.

2107 1771 2324 1825 Fratres
2346 1771 2749 1826 benevolentia
2779 1771 2899 1839 ejus
2928 1781 3363 1843 recompensant
3392 1776 3655 1849 gratiam,
3688 1789 3744 1834 et

2108 1861 2367 1915 halneum
2388 1861 2465 1915 illi
2500 1868 2776 1932 parantes,
2811 1863 3139 1918 vestimenta
3162 1864 3281 1932 ejus
3310 1873 3547 1922 mutant.
3595 1868 3738 1927 Inde

2108 1970 2306 2008 manus
2362 1954 2482 2023 ejus
2532 1955 2823 2026 pedesque
2873 1956 3279 2023 exosculantes,
3337 1965 3632 2032 gratantur
3685 1964 3736 2018 ei

2107 2043 2398 2098 unanimes
2456 2045 2723 2111 dicentes,
2781 2044 2887 2099 hoc
2935 2043 3137 2099 factum
3170 2060 3293 2101 esse
3333 2063 3433 2118 pro
3467 2050 3592 2118 ejus
3631 2068 3736 2107 au-

2105 2133 2287 2206 genda
2315 2133 2511 2208 gloria.
2565 2133 2828 2207 Egregius
2884 2148 3014 2188 vero
3073 2134 3295 2205 praesul,
3355 2138 3621 2207 expansis
3674 2141 3734 2196 in

2106 2228 2305 2283 malum
2335 2228 2615 2295 manibus,
2645 2226 2845 2283 fratres
2872 2228 2952 2283 sic
2984 2228 3299 2284 benedixit:

2104 2319 2143 2375 0
2171 2320 2316 2374 Deus
2344 2319 2721 2390 omnipotens,
2757 2319 3010 2375 caelestia
3049 2320 3261 2376 lumine
3292 2323 3607 2394 complens,

2105 2414 2205 2479 Qui
2233 2414 2458 2481 coelum,
2486 2420 2680 2482 terras,
2715 2414 2901 2486 polum
2934 2414 3147 2471 ditione
3175 2415 3473 2488 gubernas,

2106 2507 2171 2562 Ut
2195 2506 2307 2561 sint
2334 2513 2532 2561 cuncta
2553 2506 2663 2561 tuis
2694 2507 2749 2561 in
2773 2513 3028 2578 tempore
3058 2507 3279 2563 subdita
3310 2510 3478 2580 votis‘

2105 2594 2230 2662 Hos,
2257 2609 2516 2665 exposco,
2535 2602 2658 2649 tuos
2682 2595 2921 2650 benedic
2948 2610 3047 2666 per
3074 2595 3280 2651 saecula
3302 2612 3518 2665 servos,

2104 2687 2337 2762 Protege
2364 2687 2432 2742 ab
2460 2687 2697 2753 insidiis,
2730 2703 2889 2743 serva
2917 2689 3216 2747 virtutibus
3244 2692 3428 2759 almis,

2107 2778 2291 2833 Donec
2322 2786 2374 2832 te
2402 2778 2646 2845 videant,
2688 2786 2746 2834 et
2771 2778 2897 2835 coeli
2921 2796 3091 2853 regna
3119 2783 3492 2854 prehendant,

2105 2867 2180 2921 Te
2211 2866 2510 2934 tribuente,
2551 2867 2717 2931 Deus,
2749 2866 2845 2938 qui
2893 2884 3041 2924 nunc
3078 2876 3133 2925 et
3161 2887 3385 2943 semper
3430 2872 3489 2927 in
3541 2882 3751 2930 aavum'

2106 2956 2166 3010 ln
2197 2954 2398 3027 triplici
2434 2955 2635 3010 virtute
2665 2955 2743 3010 tui
2774 2954 3104 3013 benedictus
3133 2958 3361 3015 haberis
3390 2959 3595 3031 (1036).

2744 3065 2954 3122 CAPUT
2991 3068 3083 3123 Ill.

2100 3160 2365 3216 Sanctiin
2390 3159 2578 3233 sedem
2606 3174 2760 3233 suam
2796 3164 3084 3233 restitutio,
3125 3165 3174 3216 et
3201 3177 3336 3217 cura
3362 3168 3674 3233 pastoralis
3709 3186 3725 3221 :

2172 3231 2456 3285 Tamandri
2484 3231 2553 3283 ab
2590 3231 2750 3286 idolis
2767 3232 2843 3285 ad
2874 3232 3155 3288 Christum
3178 3231 3407 3290 adducti
3434 3254 3448 3290 :
3485 3239 3544 3293 S.
3570 3240 3731 3294 Lan-

2168 3303 2358 3356 drada:
2384 3303 2663 3371 sepultura
2690 3319 2787 3373 per
2812 3305 2991 3374 ipsum
3006 3306 3269 3360 miraculo
3300 3306 3467 3362 claro.

2166 3410 2255 3465 25.
2291 3409 2515 3465 Evoluto
2545 3410 2859 3479 septennio,
2880 3411 3102 3467 tandem
3131 3411 3416 3469 Altissimo
3438 3415 3725 3485 placebat,

2098 3507 2155 3555 ut
2196 3504 2320 3570 post
2361 3498 2644 3553 horridam
2675 3506 2730 3553 et
2758 3498 3029 3554 diutinam
3058 3506 3447 3571 tempestatem
3478 3504 3608 3559 coeli
3639 3505 3730 3561 fa-

2095 3590 2236 3645 ciem
2291 3596 2597 3642 serenaret.
2650 3586 2925 3659 Pippinus
2995 3589 3297 3659 secundus,
3353 3592 3616 3666 Angisisii
3672 3602 3735 3650 et

2101 3681 2295 3755 Beggae
2344 3678 2522 3749 (1037)
2560 3677 2708 3733 filius
2756 3678 2852 3734 ubi
2883 3689 3134 3748 cunctos,
3177 3681 3272 3753 qui
3324 3682 3466 3739 inter
3494 3700 3556 3739 se
3589 3701 3734 3740 con-

2099 3768 2362 3825 certando
2381 3767 2663 3823 Franciam
2697 3768 3107 3836 discindebant,
3126 3769 3365 3826 viriliter
3392 3773 3546 3840 vicit,
3578 3774 3738 3830 solus

2098 3860 2199 3914 sub
2258 3856 2600 3913 Theoderico
2646 3873 2775 3932 rege
2832 3858 3202 3931 principatum
3256 3861 3425 3917 totius
3487 3862 3738 3919 Francia:

2100 3951 2361 4018 obtinuit,
2407 3955 2463 4004 et
2494 3950 2875 4021 perturbatum
2922 3951 3078 4025 regni
3114 3957 3171 4007 et
3202 3952 3461 4008 Ecclesiae
3524 3962 3728 4010 statum

2100 4042 2379 4115 disposuit
2398 4042 2715 4097 meliorare.
2744 4041 2842 4098 Cui
2874 4042 3018 4098 inter
3042 4043 3153 4098 alia
3184 4043 3302 4099 haec
3331 4044 3522 4099 laudis
3544 4054 3731 4102 mate-

2100 4140 2209 4195 ries
2252 4138 2520 4195 occurrit:
2561 4138 2926 4209 Trajectensis
2976 4139 3353 4195 mercenarius
3409 4140 3724 4198 Faramun-

2098 4236 2202 4290 dus
2226 4234 2446 4289 tandem
2466 4233 2615 4302 justa
2641 4233 2774 4289 cleri
2802 4241 2859 4290 et
2887 4234 3076 4306 p0puli
3095 4234 3385 4290 abdicatus
3413 4237 3725 4307 sententia,

2097 4346 2207 4386 non
2254 4336 2460 4385 tantum
2502 4329 2569 4383 ab
2620 4328 2865 4384 Ecclesia
2894 4328 3256 4398 Trajectensi,
3297 4329 3397 4385 sed
3457 4330 3629 4386 etiam
3663 4349 3731 4388 ex

381 4429 636 4485 hiemalis
666 4428 835 4483 facies
864 4428 1030 4482 nimis
1055 4427 1318 4482 horrebat
1342 4446 1355 4481 :
1387 4430 1485 4485 sed
1524 4430 1616 4485 ille
1643 4430 1987 4500 mitissimus,

2112 4431 2202 4481 ota
2245 4423 2528 4495 provincia
2556 4423 2850 4494 expellitur
2899 4422 3107 4492 (1038).
3155 4423 3307 4480 lllico
3363 4425 3621 4481 omnium
3656 4427 3727 4483 ad

380 4520 508 4592 quia
536 4518 765 4576 ardebat
794 4518 954 4590 plane
979 4518 1211 4572 interius
1256 4518 1477 4574 ﬂamma
1516 4520 1781 4577 Paracleti
1822 4522 1997 4593 Spiri-

380 4617 486 4670 tus.
542 4609 748 4665 idcirco
777 4607 1019 4663 exterius
1066 4606 1286 4681 frigoris
1325 4623 1437 4664 non
1469 4610 1642 4665 sensit
1696 4612 1991 4668 cruciatus.

382 4699 583 4756 Coelum
617 4699 740 4769 ejus
769 4698 945 4770 patuit
975 4697 1258 4769 precibus,
1286 4706 1343 4753 et
1385 4699 1560 4754 oratio
1591 4699 1660 4753 ad
1716 4717 1995 4772 supernos

379 4796 633 4865 pervenit
684 4793 924 4850 auditus.
988 4794 1112 4865 Ipso
1193 4793 1416 4849 interim
1488 4805 1726 4851 canente
1772 4814 1989 4854 versum

378 4885 574 4956 psalmi
628 4908 654 4932 η
697 4884 924 4950 Quando
952 4884 1169 4941 veniam
1202 4889 1258 4939 et
1285 4885 1567 4955 apparebo
1616 4893 1744 4941 ante
1795 4886 1990 4945 faciem

452 5076 1084 5148 (1032lGodeschalcus,
1109 5077 1201 5148 qui
1231 5076 1288 5132 id
1319 5093 1386 5133 ex
1423 5077 1763 5136 Theodoeno
1795 5079 1989 5135 audire

379 5147 559 5223 potuit
597 5147 796 5223 diserte
835 5148 940 5223 ait,
976 5147 1256 5223 abbatem,
1301 5149 1411 5223 qui
1440 5150 1752 5222 ignorabat,
1801 5168 1832 5205 a
1880 5167 1990 5223 quo

379 5218 638 5293 strepitus
662 5218 754 5293 ille
783 5218 966 5293 editus
986 5226 1155 5293 esset,
1178 5218 1373 5276 hocita
1400 5218 1721 5293 imperasse.

450 5288 634 5373 (170.33)
658 5289 722 5359 (Id
760 5297 845 5345 est
884 5288 1081 5346 Christi
1110 5293 1444 5363 exemplum,
1480 5288 1755 5365 quantum
1786 5293 1991 5367 potuit,

383 5363 649 5417 imitatus.

451 5433 629 5518 (1034)
662 5432 875 5518 ῌθεαὶο,
910 5433 1058 5518 quod
1093 5433 1243 5518 nivis
1268 5434 1708 5518 prodigium,_de
1736 5450 1861 5518 que
1888 5453 1992 5494 nec

378 5504 786 5576 Codeschalcus
815 5519 916 5559 nec
955 5504 1569 5576 Stephanus’meminit,
1611 5507 1702 5563 hic
1746 5504 1992 5565 indicare

376 5577 618 5651 voluerit
637 5574 978 5651 Sigebertus
1000 5622 1007 5627 .

2096 4520 2293 4577 caelum
2327 4518 2538 4575 tollitur
2566 4518 2761 4586 oratio,
2792 4519 3041 4573 omnium
3072 4519 3139 4574 ad
3184 4519 3499 4591 principem
3533 4520 3728 4593 Pippi-

2097 4628 2225 4666 num
2256 4609 2460 4684 legatio
2491 4608 2774 4681 dirigitur,
2833 4623 2905 4663 ne
2936 4608 3174 4678 amplius
3209 4608 3596 4677 Trajectenses
3651 4611 3724 4682 pii

2095 4704 2266 4776 patris
2322 4701 2602 4757 Lantberti
2657 4709 2881 4757 careant
2918 4701 3139 4757 solatio.
3187 4701 3387 4758 Punito
3451 4702 3722 4759 divinitus

2094 4796 2333 4852 Absalon
2370 4794 2627 4850 invasore
2683 4793 2902 4864 paterni
2956 4794 3133 4865 regni,
3174 4802 3382 4866 quanta
3424 4811 3598 4865 super
3622 4796 3726 4851 hoc

2093 4889 2196 4945 fuit
2220 4887 2510 4944 exsultatio
2538 4886 2596 4941 in
2630 4885 2799 4941 Israel
2839 4884 3048 4957 populo
3077 4886 3202 4954 Dei;
3248 4892 3402 4942 tanta
3432 4893 3568 4944 tunc
3606 4891 3724 4944 erat

2163 5078 2349 5153 (1036)
2389 5077 2500 5133 Hos
2536 5092 2731 5132 versus
2774 5080 3054 5131 mutuatus
3090 5082 3174 5132 est
3210 5093 3276 5132 ex
3312 5077 3435 5133 Vita
3469 5076 3720 5132 secunda

2092 5150 2243 5208 num.
2287 5150 2378 5204 22.

2163 5222 2337 5295 (1037l
2369 5221 2423 5277 S.
2442 5217 2905 5295 _Begga,_i’_ippini
2935 5217 3244 5295 Laudensis
3268 5217 3404 5295 filia,
3447 5219 3712 5295 Ansigisi,

2093 5292 2340 5367 Ansegisi
2369 5292 2481 5367 vel
2501 5289 2731 5367 Aifsigili
2753 5304 2910 5367 uxor.
2949 5296 3005 5367 _et
3028 5290 3249 5362 Pippini
3281 5290 3568 5347 Heristalli
3589 5289 3713 5344 'ma-

2092 5374 2195 5431 ter,
2217 5360 2415 5420 colitur
2429 5364 2519 5417 die
2546 5360 2663 5416 xvn"
2679 5360 3018 5416 Decembris.

2166 5434 2341 5506 (1038)
2392 5432 2723 5490 Faramundi
2777 5432 3159 5506 expulsionem
3205 5431 3504 5506 sanctique
3554 5431 3713 5506 Lam-

2093 5503 2233 5563 berti
2286 5503 2340 5560 in
2376 5506 2571 5561 sedem
2602 5520 2754 5560 suam
2788 5503 3222 5570 restitutionem,
3253 5503 3323 5559 ad
3368 5519 3578 5558 annum
3609 5503 3707 5558 681

2085 5580 2171 5635 vel
2200 5579 2331 5645 682,
2364 5592 2472 5649 quo
2495 5582 2743 5648 tempore
2772 5574 3036 5649 Pippinus
3066 5576 3238 5649 solius
3262 5574 3716 5649 Austrasia;_ma-

448 5649 627 5723 (1035)
653 5646 727 5704 ln'
760 5647 1009 5723 margine
1042 5662 1142 5723 ms.
1178 5659 1276 5716 pro
1322 5647 1618 5719 o/fendunt,
1663 5651 1770 5707 alia
1799 5650 1982 5707 denuo
2079 5651 2319 5723 joratum
2352 5646 2810 5723 domusgerebat,
2834 5646 3184 5723 referendam
3209 5661 3330 5704 esse
3355 5646 3716 5703 ostendimus

378 5720 542 5778 manu
570 5720 790 5779 natatur
817 5720 1118 5775 attendunt.

2083 5718 2140 5778 in
2170 5718 2637 5791 Commentario'ﬁ
2664 5720 2718 5790 6,
2751 5735 2918 5792 quem
2947 5718 3202 5777 consule.
