3960 6198
270 298 379 356 793

1520 301 1667 356 VITA
1704 301 1964 358 ALTERA
2010 304 2063 358 S.
2109 303 2461 358 LAMBERTI.

3505 312 3612 368 ’794

269 427 462 482 laetitia
485 425 691 498 populo
712 425 808 480 Dei
831 440 929 497 pro
961 425 1182 496 repulsa
1223 425 1494 481 invasoris
1532 425 1896 492 Faramundi;
1926 429 1974 498 Α
2070 423 2160 479 28.
2202 423 2372 479 Homo
2404 438 2486 487 es,
2519 422 2648 493 quia
2696 421 2764 476 de
2805 421 2936 478 limo
2981 422 3159 494 (1010)
3189 423 3488 494 plasmatus
3530 439 3611 490 es,

269 523 325 571 et
357 522 567 570 tantum
599 514 687 569 isti
720 515 1035 589 gestiebant
1082 531 1182 586 pro
1233 515 1544 571 revocando
1592 515 1887 572 Lantberto

268 604 340 658 ad
410 603 812 674 episcopatum,
897 610 1162 674 quantum
1221 603 1298 658 illi
1353 603 1735 659 laboraverant
1791 618 1889 676 pro

266 692 591 748 reducendo
663 691 830 746 David
876 690 933 745 in
1018 707 1268 766 regnum.
1353 691 1534 747 Placet
1578 691 1727 760 justa
1791 707 1893 763 pe—

268 784 395 839 titio
442 783 706 855 principi,
760 791 814 838 et
871 783 1038 838 edicit
1076 790 1352 854 pastorem
1405 783 1602 839 ovibus
1650 783 1766 839 suis
1807 801 1893 839 re-

267 875 446 931 stitui.

341 971 431 1025 26.
490 971 566 1024 lta
604 969 764 1024 miles
809 969 1073 1025 emeritus
1144 969 1483 1041 permaxima
1538 969 1894 1025 tribulatione

268 1067 560 1134 purgatus,
595 1058 779 1114 ovium
811 1074 1031 1112 suarum
1063 1058 1292 1114 vocibus
1319 1058 1603 1124 attollitur,
1641 1068 1694 1114 et
1717 1059 1771 1112 in
1805 1074 1892 1114 ca-

265 1151 468 1206 thedra
486 1150 917 1219 Trajectensium
950 1151 1218 1206 decenter
1245 1150 1536 1206 relocatur.
1581 1151 1644 1205 Et
1675 1151 1893 1217 merito,

264 1241 398 1312 quia
429 1240 484 1294 in
519 1240 684 1294 corde
707 1239 856 1293 illius
887 1246 1003 1295 erat
1034 1240 1328 1295 sinceritas
1347 1247 1401 1295 et
1421 1239 1559 1311 legis
1582 1240 1892 1310 plenitudo,

265 1336 328 1389 in
353 1349 448 1390 ore
483 1333 632 1388 illius
663 1333 863 1388 veritas
895 1344 1012 1389 erat
1057 1342 1111 1388 et
1142 1335 1510 1405 pulchritudo.
1547 1334 1756 1399 Quanta
1797 1352 1894 1390 su-

262 1444 367 1498 per
397 1427 528 1498 ejus
571 1425 751 1480 reditu
781 1425 880 1480 fuit
907 1426 1198 1482 exsultatio
1239 1427 1390 1482 omni
1425 1427 1630 1494 ordini,
1663 1428 1806 1481 aetati
1841 1434 1896 1482 et

262 1515 451 1572 sexuil
503 1515 743 1588 qualiter
783 1533 998 1584 omnes,
1041 1517 1096 1570 in
1151 1533 1249 1571 sua
1288 1517 1664 1588 unusquisque
1708 1533 1894 1584 causa,

254 1606 550 1675 jucundati
592 1611 738 1674 sunt,
792 1605 886 1659 ille
937 1606 1114 1672 novit,
1164 1606 1260 1677 qui
1293 1605 1442 1660 solus
1471 1606 1719 1660 omnium
1750 1605 1890 1660 affe-

261 1703 390 1752 ctus
435 1697 720 1752 discernit.
757 1695 1063 1770 Regressus
1109 1697 1274 1769 igitur
1317 1697 1399 1752 vir
1441 1698 1777 1768 apostolicus
1823 1697 1890 1752 ad

260 1784 547 1858 propriam
599 1785 815 1848 urbem,
851 1785 1200 1856 depravatam
1249 1803 1280 1840 a
1333 1786 1544 1857 pseudo
1575 1786 1888 1842 christianis

261 1873 656 1929 ecclesiasticae
717 1873 1084 1928 institutionis
1133 1875 1406 1945 reparavit
1436 1890 1704 1930 normam.
1739 1875 1800 1930 Et
1831 1881 1889 1929 ut

258 1965 434 2020 David
465 1964 708 2020 dicebat:
751 1965 868 2019 Non
896 1964 1095 2040 ignoro
1134 1981 1220 2021 me
1265 1966 1427 2021 hodie
1470 1982 1654 2042 regem
1685 1966 1886 2022 factum

260 2071 435 2126 super
467 2054 657 2121 Israel,
691 2059 743 2108 et
780 2053 900 2124 ipse
935 2055 1188 2118 credens,
1223 2071 1281 2109 se
1313 2071 1460 2110 nunc
1491 2055 1726 2125 primum
1758 2055 1885 2126 epi-

260 2160 496 2214 sc0pum
546 2143 777 2209 factum,
805 2158 890 2210 ea,
924 2160 1045 2215 quae
1093 2154 1239 2199 retro
1270 2152 1416 2212 sunt,
1443 2144 1671 2212 oblitus,
1704 2144 1760 2198 in
1787 2161 1887 2199 an-

261 2238 467 2294 teriora
495 2253 556 2292 se
598 2235 948 2292 extendebat.
981 2235 1186 2292 Maleas
1222 2253 1354 2312 ergo
1387 2253 1524 2305 esse,
1560 2253 1723 2309 quam
1776 2236 1887 2292 diei

261 2329 581 2401 episcopus,
621 2327 1114 2400 superintendebat
1144 2328 1458 2390 ,instantius
1500 2327 1605 2382 sibi
1656 2338 1710 2384 et
1761 2329 1885 2384 uni-

260 2436 423 2477 verso
474 2419 653 2494 gregi,
694 2434 805 2474 non
853 2419 1283 2494 subterfugiens,
1332 2435 1441 2491 quo
1486 2419 1670 2473 minus
1719 2434 1884 2474 omne

261 2508 555 2564 consilium
587 2508 681 2562 Dei
708 2508 1063 2563 annuntiaret
1089 2508 1378 2575 omnibus;
1404 2507 1714 2579 timensque
1740 2509 1884 2563 servi

262 2603 396 2658 mali
431 2611 483 2658 et
522 2603 664 2678 pigri
696 2610 904 2671 notam,
937 2603 1029 2674 qui
1067 2603 1318 2674 reposuit
1349 2605 1405 2658 in
1458 2603 1682 2658 sudario
1714 2619 1886 2674 pecu—

263 2691 418 2746 niam
461 2691 669 2748 domini
700 2691 808 2758 sui,
833 2690 972 2745 nihil
995 2691 1211 2746 remissi
1245 2691 1481 2747 faciebat
1511 2691 1662 2746 cordi
1690 2699 1743 2746 et
1773 2707 1888 2748 cor-

261 2785 386 2856 pori
418 2799 554 2851 suo;
595 2785 693 2839 sed
749 2784 914 2839 urbes
965 2792 1019 2838 et
1050 2783 1356 2855 municipia
1385 2783 1674 2849 lustrabat,
1707 2791 1760 2839 et
1790 2801 1889 2855 per

258 2877 451 2945 corda,
484 2875 766 2950 ligonibus
793 2875 948 2933 verbi
981 2877 1217 2944 exculta,
1255 2892 1447 2932 semen
1478 2875 1602 2932 vitae
1651 2875 1704 2930 in
1746 2885 1888 2931 tem-

259 2986 396 3042 pore
419 2968 685 3040 jaciebat.

333 3063 424 3118 27.
456 3059 768 3132 Aliquando
809 3061 972 3116 etiam
1019 3059 1222 3115 limites
1251 3075 1363 3115 suae
1418 3059 1678 3116 dioecesis
1724 3075 1886 3116 exce-

1916 1744 1966 1812 Β

1990 516 2192 574 animal
2222 515 2488 570 rationale
2512 520 2566 568 et
2591 513 2818 569 mortale
2841 530 2919 582 es,
2946 515 3166 570 medius
3182 515 3326 570 inter
3344 530 3542 586 pecora
3559 522 3615 571 et

1991 609 2244 683 angelos.
2278 608 2381 664 Per
2410 608 2679 663 rationem
2712 622 2771 661 es
2804 622 3006 677 pecore
3037 607 3250 673 melior,
3293 623 3390 676 per
3411 617 3614 662 morta-

1993 700 2201 754 litatem
2250 697 2449 770 angelo
2514 694 2760 750 inferior.
2815 694 3000 758 Qualis
3051 708 3181 748 vero
3235 703 3450 748 creatus
3513 695 3610 762 sis,

1999 790 2240 848 ostendit
2268 787 2516 860 corporis
2540 787 2620 842 tui
2653 786 2899 841 habitus.
2933 785 3040 840 Cur
3063 785 3214 840 solus
3261 785 3427 839 homo
3459 801 3613 839 crea-

1997 887 2086 937 tus
2116 889 2200 936 est
2223 879 2307 935 ori
2331 877 2580 943 sublimi,
2609 883 2790 932 erecto
2816 881 3041 948 pectore
3063 882 3116 930 et
3136 874 3301 929 rectis
3320 873 3616 928 manibus?

1997 975 2260 1030 Nimirum
2303 979 2362 1028 ut
2391 988 2625 1042 corpore
2675 978 2731 1026 et
2760 971 2928 1026 corde
2958 977 3015 1046 et
3052 977 3177 1025 actu
3231 983 3449 1039 semper
3479 968 3616 1024 ccelo

1999 1063 2270 1119 intendat.
2303 1063 2394 1117 Vis
2437 1062 2577 1117 scire
2602 1060 2782 1132 qualis
2815 1059 3030 1115 futurus
3073 1059 3147 1113 sis
3169 1058 3196 1113 ?
3249 1059 3413 1112 Terra
3450 1073 3531 1123 es,
3563 1064 3620 1112 et

1997 1157 2052 1210 in
2080 1163 2278 1211 terram
2331 1152 2646 1208 reverteris.
2680 1152 2734 1206 Si
2783 1157 2966 1206 tamen
3019 1150 3201 1222 (1041)
3235 1149 3468 1204 salutem
3499 1149 3618 1204 ani-

1999 1260 2099 1299 mae
2124 1242 2433 1315 quaesieris,
2471 1240 2941 1296 immortalitatem
2989 1239 3365 1311 consequeris.
3401 1239 3478 1292 Ad
3509 1239 3617 1295 hoc

1997 1334 2454 1406 consequendum
2516 1347 2744 1386 necesse
2775 1341 2858 1386 est
2899 1338 2956 1385 ut
2989 1331 3124 1386 sciat
3177 1331 3341 1386 homo
3374 1329 3500 1402 quis
3528 1331 3612 1385 vel

1997 1425 2130 1497 quid
2155 1424 2224 1478 sit
2254 1424 2396 1477 Deus
2452 1421 2532 1476 Sit
2561 1421 2742 1476 nescit
2771 1421 2895 1492 quis
2917 1420 3000 1476 vel
3025 1420 3156 1492 quid
3183 1420 3253 1474 sit
3284 1420 3445 1484 Deus,
3477 1419 3616 1474 sciat

1997 1520 2188 1574 saltem
2231 1517 2354 1588 quis
2393 1516 2478 1571 vel
2508 1517 2643 1588 quid
2693 1531 2803 1571 non
2844 1515 2913 1570 sit
2943 1516 3105 1569 Deus.
3170 1515 3259 1568 Vis
3288 1514 3452 1579 scire,
3481 1514 3614 1585 quid

1997 1612 2066 1666 sit
2093 1610 2282 1666 Deus?
2313 1611 2456 1665 Deus
2486 1616 2592 1676 est,
2623 1609 2717 1680 qui
2751 1609 2936 1664 omnia
2969 1624 3032 1662 ex
3065 1607 3238 1662 nihilo
3261 1607 3486 1674 ereavit,
3517 1607 3612 1678 qui

1998 1704 2184 1760 omnia
2226 1702 2386 1773 regit,
2417 1701 2510 1772 qui
2541 1717 2764 1771 semper
2800 1699 2934 1754 vivit
2961 1700 3082 1754 sine
3115 1699 3291 1762 initio,
3331 1699 3451 1752 sine
3479 1698 3611 1765 ﬁne,

1994 1790 2114 1844 sine
2140 1787 2651 1858 circumscriptione
2681 1787 2783 1842 loci
2816 1796 2870 1842 et
2898 1786 3183 1856 temporis,
3215 1787 3336 1840 sine
3368 1787 3611 1840 mutabi-

1988 1879 2139 1934 litate
2162 1879 2502 1934 substantiae.
2537 1878 2734 1933 Audite
2766 1878 2930 1933 etiam
2976 1878 3108 1948 quid
3151 1876 3222 1931 sit
3273 1877 3437 1934 Deus.
3469 1877 3612 1932 Deus

1989 1979 2074 2027 est
2103 1979 2340 2027 aeternus
2368 1979 2420 2026 et
2460 1970 2577 2042 ipsa
2636 1972 2934 2035 arternitas,
2975 1970 3196 2040 sapiens
3223 1978 3276 2024 et
3305 1969 3608 2039 sapientia;

1989 2072 2044 2118 et
2075 2062 2345 2134 quidquid
2386 2061 2605 2116 virtutis
2637 2061 2800 2116 alicui
2839 2061 2996 2114 adest
3044 2077 3143 2130 per
3189 2059 3468 2124 accidens,
3501 2060 3610 2115 hoc

1989 2153 2091 2208 soli
2120 2153 2229 2208 Deo
2259 2152 2403 2207 inest
2431 2151 2884 2206 substantialiter.
2934 2150 3064 2214 Quis
3093 2159 3276 2205 autem
3313 2151 3456 2204 Deus
3495 2165 3604 2206 non

1991 2248 2080 2314 sit,
2113 2247 2238 2319 quis
2257 2247 2538 2302 hominem
2573 2246 2792 2302 nescit?
2826 2246 3017 2311 Homo,
3052 2245 3210 2315 lapis,
3254 2245 3484 2316 lignum,
3518 2245 3605 2299 vel

1983 2337 2346 2411 aliquid‘tale,
2381 2354 2489 2394 non
2519 2345 2602 2392 est
2633 2338 2810 2392 Deus:
2857 2346 3136 2407 postremo
3169 2336 3316 2390 nulla
3355 2342 3606 2390 creatura

1985 2408 2128 2485 Deus
2157 2408 2255 2484 est.
2292 2429 2408 2484 Non
2455 2429 2636 2499 (1042)
2668 2435 2752 2483 est
2804 2429 2946 2482 Deus
2985 2426 3200 2498 aliquid
3257 2443 3445 2482 eorum
3479 2444 3601 2498 quae

1985 2538 2085 2594 per
2124 2521 2487 2593 privationem
2519 2530 2609 2575 aut
2652 2520 3096 2576 contrarietatem
3131 2519 3278 2589 [boni
3311 2519 3600 2584 dicuntur;

1986 2624 2046 2672 ut
2074 2615 2418 2682 sitinjustus,
2444 2615 2640 2680 malus,
2675 2615 2757 2669 vel
2784 2614 2994 2685 aliquid
3023 2613 3130 2668 tale
3183 2614 3280 2678 Qui
3305 2615 3469 2670 homo
3496 2622 3600 2682 est,

1988 2707 2108 2760 haec
2147 2705 2320 2759 solius
2378 2712 2584 2759 naturae
2645 2704 2964 2776 magisterio
3012 2704 3209 2771 discet,
3247 2710 3302 2758 et
3354 2704 3604 2776 inspecta

1989 2799 2254 2855 creatura,
2291 2792 2599 2848 Creatorem
2633 2791 2927 2864 intelliget.

2058 2882 2144 2935 29.
2190 2881 2334 2936 Deus
2363 2879 2794 2937 creavitcatlum
2853 2889 2907 2934 et
2959 2888 3184 2947 terram,
3238 2887 3293 2934 et
3349 2879 3599 2935 ultimum

1989 2971 2236 3025 omnium
2277 2977 2649 3026 creaturarum
2717 2971 3006 3042 plasmavit
3048 2970 3354 3038 hominem,
3387 2970 3524 3025 dans
3551 2971 3602 3026 ei

1987 3062 2197 3117 arbitrii
2227 3061 2562 3131 libertatem,
2594 3070 2652 3118 ut
2688 3080 2787 3134 per
2817 3063 3185 3118 voluntarium
3218 3063 3351 3118 boni
3393 3063 3604 3134 appeti-

261 3154 452 3221 debat,
493 3121 624 3207 ne-a
654 3152 885 3208 Domino
917 3151 1190 3206 diceretur
1224 3168 1416 3207 servus
1462 3151 1691 3219 inutilis,
1733 3153 1880 3224 quod
1907 3121 1954 3189 Ο
1982 3163 2095 3210 tum
2151 3157 2335 3228 (1043)
2389 3121 2703 3213 [πιεῖνεξέθιιιιυ⁸
2730 3157 2895 3212 etiam
2935 3157 3067 3212 boni
3123 3156 3405 3228 praemium
3428 3121 3600 3211 ntalem

260 3247 318 3301 id
385 3245 564 3300 solum
609 3243 820 3310 fecerit,
874 3244 1022 3316 quod
1076 3243 1257 3299 facere
1307 3244 1590 3300 debuerat.
1651 3245 1773 3299 Erat
1823 3245 1878 3298 in
1981 3262 2108 3302 eum
2148 3247 2418 3314 condens,
2452 3259 2531 3314 ut,
2564 3248 2608 3302 si
2642 3262 2753 3303 non
2787 3254 3062 3318 peccaret,
3091 3247 3414 3303 immortalis
3453 3253 3604 3301 esset

261 3337 516 3409 proximo
547 3335 834 3407 provincia
861 3335 1290 3390 Tessandrorum
1324 3335 1528 3404 (1039),
1577 3335 1670 3391 ubi
1700 3337 1881 3391 adhuc
1981 3340 2029 3394 si
2067 3347 2339 3410 peccaret,
2374 3340 2617 3396 mortalis
2648 3341 2820 3397 ﬁeret.
2856 3341 2956 3406 Qui
2987 3340 3210 3396 diabolo
3241 3339 3416 3415 magis
3437 3356 3601 3412 quam

263 3431 496 3505 vigebat
536 3429 879 3495 idololatria;
929 3437 984 3485 et
1031 3429 1224 3485 dolens
1257 3428 1415 3484 fortis
1439 3429 1633 3485 Christi
1662 3431 1885 3492 athleta,

263 3525 455 3579 hostes
491 3521 782 3577 Christiani
813 3522 1052 3577 nominis
1082 3522 1152 3576 de
1175 3529 1283 3576 tam
1311 3523 1572 3597 contiguo
1611 3523 1890 3578 adversari

270 3629 447 3686 regno
480 3613 625 3684 regis
654 3613 764 3680 sui,
797 3612 963 3667 armis
981 3611 1109 3668 ﬁdei
1137 3613 1460 3685 accingitur,
1495 3622 1550 3669 et
1578 3613 1761 3670 calore
1781 3614 1892 3670 vir-

263 3707 398 3763 tutis
434 3706 824 3772 inﬂammatus,
863 3707 1074 3762 crebris
1105 3722 1203 3762 eos
1233 3706 1530 3762 assultibus
1562 3707 1886 3774 lacessebat,

261 3803 319 3853 et
349 3796 530 3852 oblata
562 3797 642 3852 eis
690 3813 822 3867 pace
851 3797 1155 3864 Dominica,
1188 3797 1436 3854 tentabat
1462 3797 1816 3864 omnimodis,
1839 3798 1883 3852 si

262 3906 380 3963 quo
411 3891 574 3946 modo
624 3907 792 3962 super
823 3889 968 3946 ﬁlios
1009 3892 1158 3962 pacis
1214 3908 1317 3962 pax
1350 3908 1449 3946 sua
1490 3891 1882 3964 requiesceret.

263 3983 350 4038 llli
379 4000 502 4038 cum
536 3983 836 4039 fremerent
865 3984 1186 4051 utbarbari,
1219 3991 1273 4040 et
1300 4001 1420 4040 cum
1455 3985 1770 4056 discerpere
1793 4000 1889 4040 cu-

263 4081 492 4146 perent,
513 4073 632 4144 ipse
654 4074 799 4129 ultro
815 4089 873 4128 se
897 4073 1338 4148 ingerensbello,
1362 4075 1564 4147 templa
1591 4075 1889 4142 etgsimula-

266 4182 362 4222 cra
393 4179 582 4220 eorum
612 4164 956 4232 destruebat,
985 4165 1283 4238 aliquando
1307 4183 1436 4224 vero
1462 4183 1561 4223 eos
1591 4166 1743 4222 verbi
1764 4167 1891 4222 dul-

269 4257 472 4314 cedine
503 4257 846 4324 demulcens,
899 4258 1374 4314 sermocinabatur
1400 4260 1501 4316 eis.
1536 4260 1599 4315 Ut
1628 4275 1745 4326 vos,
1796 4260 1888 4314 in-

266 4349 408 4422 quit,
451 4348 670 4416 fratres,
699 4347 768 4402 de
800 4340 929 4403 vera
967 4348 1143 4404 salute
1173 4364 1452 4416 moneam,
1485 4365 1574 4405 me
1604 4358 1658 4405 et
1685 4366 1808 4406 mea
1837 4357 1891 4406 et

261 4447 447 4496 vestra
473 4439 681 4494 utilitas
707 4447 932 4505 monet;
966 4447 1027 4495 ut
1056 4447 1110 4494 et
1131 4456 1229 4497 vos
1261 4441 1568 4506 salvemini,
1603 4451 1658 4496 et
1689 4457 1792 4516 ego
1820 4441 1890 4496 de

263 4533 426 4590 vobis
459 4533 692 4588 fructum
727 4533 934 4588 laboris
967 4533 1220 4590 habeam.
1249 4535 1394 4589 Nihil
1433 4541 1517 4590 est
1559 4534 1768 4590 homini
1788 4534 1892 4590 uti-

265 4623 399 4691 lius,
441 4639 604 4694 quam
620 4622 854 4678 salutem
878 4638 1158 4694 quareret
1185 4624 1284 4679 sed
1313 4623 1438 4694 quis
1467 4622 1698 4678 salutem
1729 4640 1888 4696 quaa-

267 4723 373 4782 rat,
408 4715 516 4771 nisi
539 4715 678 4772 sciat
711 4716 843 4788 quid
899 4716 972 4771 sit
1002 4717 1200 4773 salus?
1229 4718 1516 4783 Quomodo
1556 4725 1786 4790 quaerat,
1844 4719 1888 4774 si

265 4809 481 4866 nesciat
526 4809 674 4864 unde
707 4810 1017 4881 expetenda
1073 4809 1187 4866 sit?
1216 4811 1316 4876 Qui
1355 4811 1600 4878 aliunde,
1642 4828 1804 4883 quam
1860 4827 1892 4866 a

263 4892 401 4959 Dco,
434 4894 528 4966 qui
562 4896 680 4967 ipsa
708 4896 857 4952 salus
881 4905 983 4964 est,
1022 4900 1239 4970 quaerit,
1275 4898 1412 4954 nihil
1443 4899 1574 4973 agit.
1611 4899 1666 4953 Si
1697 4900 1884 4968 homo,

263 4989 516 5061 neglecta
545 4991 750 5055 anima,
783 4993 999 5064 corpori
1018 5000 1226 5050 tantum
1257 4995 1526 5059 consulat,
1563 4994 1699 5049 nihil
1724 4995 1891 5051 distat

263 5096 295 5134 a
323 5080 560 5150 pecude,
604 5098 727 5154 quae
768 5085 1077 5140 secundum
1117 5087 1365 5158 corporis
1389 5086 1473 5141 sui
1507 5086 1751 5140 habitum
1783 5093 1890 5142 ter-

262 5187 380 5227 ram
422 5171 750 5245 inspiciens,
785 5175 886 5231 soli
930 5177 1146 5248 corpori
1198 5178 1451 5233 intendit.
1515 5178 1649 5243 Quia
1681 5177 1774 5234 ille
1806 5187 1891 5236 est

263 5265 453 5324 homo,
497 5263 592 5334 qui
621 5263 862 5335 seipsum
915 5266 1193 5340 agnoscit;
1250 5282 1490 5340 agnosce
1543 5268 1728 5330 homo,
1763 5268 1890 5340 quis

258 5355 356 5424 sis,
392 5355 575 5426 qualis
615 5361 832 5411 creatus
861 5357 961 5424 sis,
995 5357 1120 5429 quis
1152 5357 1348 5413 futuris
1365 5358 1458 5413 sis.

284 5504 841 5587 ._(1039)_'.I'axandria
892 5505 1046 5579 regio
1097 5523 1127 5560 a
1153 5506 1487 5578 Trajectensi
1521 5507 1728 5578 oppido
1763 5509 1889 5564 mil-

261 5577 409 5633 libus
434 5594 471 5631 ιι
505 5577 688 5630 distat.
959 5577 982 5579 ”

334 5648 518 5721 (1040)
544 5647 608 5721 _ln
636 5647 885 5721 margine
917 5647 1117 5720 legitur
1137 5651 1314 5703 humo.

334 5720 510 5791 (1041)
542 5719 600 5773 ln
629 5719 880 5792 margine
900 5719 1119 5774 notatur
1146 5721 1238 5776 s'ed
1263 5735 1402 5774 cum.

1991 3431 2101 3486 Deo
2133 3431 2387 3496 credens;
2431 3431 2486 3485 in
2517 3440 2748 3486 mortem
2781 3447 2904 3487 cum
2935 3431 3087 3486 omni
3115 3446 3318 3504 genere
3347 3445 3448 3485 suo
3477 3445 3604 3486 cor-

1993 3522 2121 3589 ruit,
2163 3523 2311 3594 quod
2343 3522 2397 3575 in
2433 3530 2635 3577 tantam
2666 3524 2930 3578 malitiam
2962 3524 3166 3594 erupit,
3222 3532 3280 3578 ut
3309 3523 3605 3594 paeniteret

1993 3613 2163 3668 Deum
2196 3613 2389 3668 fecisse
2430 3614 2733 3681 hominem,
2765 3624 2820 3670 et
2860 3631 2959 3685 per
2987 3615 3252 3670 diluvium
3294 3615 3506 3670 deleret
3533 3613 3604 3668 de

1989 3705 2093 3759 sub
2130 3706 2272 3761 coelo
2292 3721 2513 3760 omnem
2535 3721 2780 3772 carnem,
2813 3707 2960 3762 solas
2990 3715 3114 3762 octo
3144 3707 3357 3762 animas
3383 3723 3484 3777 per
3503 3722 3603 3760 an-

1990 3813 2120 3852 num
2171 3797 2441 3872 integrum
2495 3799 2550 3852 in
2605 3813 2731 3852 arca
2785 3814 3090 3853 reservans.
3145 3798 3342 3852 Horum
3396 3798 3600 3868 posteri

1988 3901 2178 3949 contra
2208 3893 2376 3946 Deum
2407 3891 2656 3946 volentes
2688 3890 2893 3945 habere
2921 3889 3214 3964 refugium,
3248 3889 3377 3942 dum
3409 3887 3601 3943 turrim

1989 4001 2166 4057 usque
2194 3984 2248 4039 in
2279 3984 2478 4040 caelum
2510 3982 2808 4056 erigerent,
2843 3983 2985 4038 Deus
3013 3981 3327 4052 superbiam
3363 3980 3600 4036 ﬁliorum

1990 4074 2159 4129 Adam
2202 4090 2416 4146 ponens
2446 4089 2616 4144 super
2641 4087 2736 4128 cor
2755 4087 2936 4138 suum,
2969 4071 3156 4144 lingua
3195 4071 3456 4138 humana,
3479 4086 3602 4143 quae

1990 4179 2101 4218 una
2123 4163 2383 4219 omnibus
2409 4169 2544 4229 erat,
2572 4162 2748 4219 divisa
2769 4162 2826 4216 in
2857 4162 3211 4235 septuaginta
3239 4161 3455 4216 duabus
3497 4160 3602 4215 lin-

1992 4256 2138 4329 guis,
2180 4271 2276 4310 eos
2317 4272 2348 4309 a
2398 4271 2459 4310 se
2489 4254 2692 4309 divisit.
2737 4253 2894 4309 Omni
2926 4254 3068 4309 malo
3106 4253 3326 4327 gravior
3362 4252 3603 4308 excrevit

1993 4346 2325 4412 idololatria,
2365 4361 2527 4416 quam
2587 4344 2720 4416 quia
2767 4345 2918 4400 solus
2975 4359 3119 4416 pene
3176 4343 3446 4398 Abraham
3499 4341 3602 4397 ab-

1993 4438 2227 4504 horruit,
2255 4436 2704 4492 benedictionem
2745 4454 2777 4492 a
2805 4437 2916 4492 Deo
2955 4437 3157 4492 meruit
3195 4442 3249 4490 et
3279 4435 3604 4506 promissio-

1993 4550 2141 4598 nem,
2183 4531 2330 4604 quod
2371 4531 2427 4585 in
2458 4531 2672 4585 semine
2717 4530 2858 4599 ejus,
2890 4530 2982 4601 qui
3011 4537 3094 4584 est
3133 4529 3394 4596 Christus,
3427 4528 3600 4584 bene-

1991 4624 2308 4680 dicerentur
2362 4637 2558 4677 omnes
2601 4627 2812 4694 gentes.
2869 4620 2963 4674 llic
3019 4619 3090 4674 de
3149 4618 3372 4694 Virgine
3421 4624 3600 4684 natus,

1990 4729 2152 4769 verus
2178 4713 2321 4766 Deus
2351 4719 2405 4766 et
2436 4726 2596 4766 verus
2628 4711 2792 4765 homo
2848 4709 2905 4763 in
2957 4725 3068 4764 una
3107 4725 3204 4765 sua
3259 4723 3495 4780 persona
3525 4707 3606 4763 fa-

1989 4807 2143 4864 ciens
2173 4822 2344 4878 Opera
2373 4805 2560 4860 divina
2582 4813 2636 4860 et
2667 4805 2920 4860 humanae
2963 4812 3192 4870 naturae,
3221 4803 3492 4876 quidquid
3520 4811 3608 4860 est

1990 4896 2228 4952 hominis
2267 4895 2476 4967 absque
2501 4901 2747 4966 peccato,
2782 4894 2838 4948 in
2865 4893 3089 4950 homine
3120 4893 3233 4967 egit
3253 4899 3307 4949 et
3347 4893 3599 4966 pertulit;

1989 4989 2276 5044 etclarens
2295 4987 2478 5043 verbis
2507 4994 2561 5042 et
2585 4985 2779 5058 signis,
2807 4987 2958 5059 quod
2980 4987 3076 5042 Dei
3099 4994 3204 5054 est,
3229 5003 3339 5043 non
3365 4987 3604 5043 abscon-

1990 5082 2087 5137 dit.

2059 5174 2149 5231 30.
2185 5173 2294 5228 Sed
2325 5179 2383 5228 ut
2412 5187 2523 5227 uno
2555 5171 2738 5227 calore
2768 5171 2904 5227 solis
2943 5187 3068 5226 cera
3099 5171 3391 5238 mollescit,
3435 5177 3491 5228 et
3535 5170 3603 5226 li-

1989 5284 2112 5324 mus
2141 5266 2399 5331 durescit,
2455 5265 2536 5320 sic
2569 5265 2638 5320 ad
2677 5265 2912 5321 calorem
2944 5264 3095 5320 verbi
3139 5264 3312 5320 divini
3362 5263 3494 5321 boni
3534 5264 3601 5318 ad

1992 5361 2156 5415 ﬁdem
2188 5358 2417 5415 emolliti
2448 5367 2599 5424 sunt,
2627 5358 2758 5413 mali
2796 5364 2987 5414 contra
3018 5355 3181 5412 ﬁdem
3221 5357 3604 5414 obduruerunt

2060 5509 2241 5580 (1042)
2271 5508 2328 5561 ln
2362 5507 2630 5580 margine.
2671 5525 2778 5562 non
2808 5511 2962 5578 quid.

2056 5575 2236 5649 (1043)
2270 5580 2328 5632 In
2362 5575 2680 5634 ms.hostro
2712 5575 2834 5634 haec
2868 5594 2972 5634 vox
3000 5579 3203 5647 luxata,
3246 5578 3329 5634 sic
3366 5575 3604 5631 habetur

1985 5666 2168 5721 oppe-.
