3960 6198
383 264 487 318 ’795

1593 259 1937 316 SIGEBERTI
1978 259 2484 316 GEMBLACENSIS.

3608 269 3720 326 796

385 398 450 452 Ut
494 410 624 469 ergo
652 396 793 450 Deus
830 398 1152 465 operaretur
1201 408 1339 464 opus
1388 407 1571 459 suum,
1611 400 1671 447 ut
1708 390 1990 447 hominem
2019 389 2421 462 Aidololatriae
2480 391 2707 448 fetorem
2787 392 2969 465 (1044)
3023 408 3350 463 removens,
3412 398 3721 472 spargebat

382 487 594 543 scilicet
635 487 891 552 salvaret,
931 501 1071 556 opus
1100 484 1448 559 peregrinum
1480 491 1535 539 et
1579 483 1821 538 alienum
1854 483 1993 540 adeo

382 589 645 653 operatus
673 588 776 647 est,
809 587 867 635 ut
897 580 1035 651 ipse,
1090 580 1185 651 qui
1226 589 1309 634 est
1337 580 1446 634 vita
1472 578 1742 645 omnium,
1787 578 1844 631 in
1892 578 1994 633 ho-

384 670 539 725 mine
571 685 670 740 pro
703 669 925 724 homine
951 674 1196 742 gustaret
1234 676 1488 732 mortem,
1519 674 1573 721 et
1600 674 1833 721 mortem
1873 682 1995 721 cru-

384 763 481 818 cis.
511 763 633 828 Qui,
664 760 900 832 spoliato
958 761 1196 825 interno,
1247 777 1279 814 a
1311 759 1543 815 mortuis
1585 758 1745 813 tertia
1798 757 1889 812 die
1918 773 1998 812 re-

385 870 641 927 surgens,
683 863 737 908 et
774 853 843 907 ad
888 854 1057 909 caelos
1097 852 1426 918 ascendens,
1467 861 1522 906 et
1562 850 1827 922 Spiritum
1869 866 1997 905 san-

385 948 532 995 ctum
564 941 789 996 mittens
835 940 1120 1011 discipulis
1164 956 1288 995 cum
1328 939 1561 994 scientia
1602 938 1850 994 omnium
1892 938 1999 993 lin-

385 1050 636 1107 guarum.
671 1032 819 1088 misit
846 1048 944 1087 eos
969 1033 1026 1086 in
1053 1032 1318 1086 mundum
1363 1031 1689 1102 praedicare,
1729 1037 1783 1085 et
1814 1029 1999 1101 bapti-

387 1142 510 1179 zare
542 1126 595 1179 in
637 1126 860 1180 nomine
916 1132 1118 1179 sancta:
1147 1123 1449 1178 Trinitatis.
1510 1123 1647 1179 Hinc
1678 1122 1732 1177 in
1775 1137 1996 1178 omnem

386 1225 584 1271 terram
623 1215 793 1270 exivit
827 1230 997 1270 sonus
1034 1216 1406 1286 apostolorum
1465 1223 1520 1269 et
1573 1213 1999 1285 apostolicorum

386 1310 649 1364 virorum.
682 1307 778 1362 Hic
818 1323 987 1363 sonus
1025 1307 1246 1362 tandem
1279 1307 1346 1361 ad
1375 1323 1472 1362 vos
1502 1323 1676 1378 usque
1726 1305 1997 1377 pervenit.

389 1398 543 1454 Unde
584 1413 681 1468 pro
709 1398 888 1464 vobis,
931 1397 1143 1465 fratres,
1189 1397 1351 1452 doleo
1406 1412 1582 1468 usque
1637 1396 1704 1450 ad
1736 1396 1999 1462 animam,

387 1494 517 1565 quia
550 1492 883 1563 repellentes
915 1493 1142 1547 verbum
1174 1492 1291 1553 Dei,
1330 1491 1589 1560 judicatis
1616 1506 1714 1545 vos
1743 1492 2001 1563 indignos

389 1599 511 1637 esse
560 1592 765 1637 aeterna
799 1582 928 1637 vita.
974 1583 1165 1656 Fugite
1204 1581 1537 1648 charissimi,
1571 1582 1639 1636 ab
1668 1582 1978 1637 idololatria

2095 481 2304 554 ubique
2333 481 2527 537 Christi
2565 484 2770 538 bonum
2806 485 3056 540 odorem.
3116 484 3196 539 llli
3229 493 3412 541 tamen
3451 487 3721 541 humani-

2099 574 2224 629 tatis
2248 582 2499 645 respectu
2524 575 2770 643 adducti,
2803 576 3161 631 attendebant
3180 577 3434 632 virtutem
3461 586 3515 633 et
3533 580 3721 649 pieta-

2098 676 2206 722 tem
2237 668 2410 722 sancti
2450 667 2574 733 viri,
2638 669 2732 739 qui
2788 668 2934 740 quod
2995 684 3093 724 ore
3133 670 3489 741 praedicabat,
3540 687 3724 742 opere

2096 762 2384 833 explebat;
2419 769 2613 817 eteum
2643 762 2842 818 imitari
2871 765 3141 832 volentes,
3172 765 3523 836 patiebantur
3552 782 3614 821 se
3646 766 3723 820 ab

2097 869 2164 909 eo
2193 854 2249 908 in
2290 853 2396 909 ﬁde
2429 854 2628 910 Christi
2651 853 2983 911 confirmari.
3009 856 3121 911 Nec
3148 865 3279 911 ante
3304 858 3515 913 destitit
3534 859 3728 933 Signi-

2097 949 2181 1003 fer
2206 948 2425 1015 Christi,
2459 966 2623 1021 quam
2669 965 2888 1006 omnem
2946 950 3096 1006 illam
3136 959 3382 1025 gentem,
3414 952 3485 1007 de
3542 969 3727 1027 regno

2099 1042 2305 1097 diaboli
2370 1042 2644 1114 abactam,
2683 1043 2752 1098 ad
2801 1060 3031 1119 regnum
3090 1042 3265 1115 (1045)
3308 1044 3473 1118 Regis
3522 1060 3724 1116 regum

2101 1131 2428 1186 transduxit.
2473 1130 2596 1185 Haec
2633 1140 2735 1199 est,
2787 1131 3018 1199 Christe,
3088 1142 3181 1187 tua
3237 1132 3438 1205 gratia:
3483 1132 3603 1187 haec
3634 1141 3731 1186 est

2102 1220 2232 1276 boni
2285 1220 2475 1275 militis
2530 1221 2609 1275 tui
2658 1222 2983 1285 constantia,
3035 1221 3129 1293 qui
3178 1237 3321 1292 opus
3356 1221 3726 1292 apostolicum

2104 1327 2418 1384 aggressus,
2451 1311 2520 1365 ad
2560 1318 2733 1366 castra
2779 1317 2871 1366 tua
2923 1311 3198 1385 insignem
3242 1311 3471 1366 adduxit
3521 1310 3727 1364 trium-

2102 1404 2291 1474 phum.
2357 1403 2493 1457 Ecce
2532 1403 2914 1457 Thessandriaa
2954 1403 3287 1473 apostolum,
3323 1401 3521 1456 merito
3576 1415 3729 1471 apo-

2101 1495 2259 1551 stolis
2300 1500 2354 1549 et
2398 1494 2721 1566 apostolicis
2769 1495 2902 1549 viris
2941 1494 3362 1550 conferendum.
3411 1493 3541 1548 Cum
3571 1492 3724 1547 enim

2102 1586 2170 1640 ad
2187 1585 2549 1655 judicandum
2569 1587 2783 1640 venerit
2803 1586 3066 1657 Princeps
3085 1594 3389 1656 pastorum,
3413 1592 3467 1639 et
3484 1584 3728 1656 quisque

390 1675 747 1745 Sapientibus
796 1674 1021 1745 loquor;
1068 1691 1163 1730 vos
1214 1675 1321 1745 ipsi
1356 1674 1598 1744 judicate
1654 1674 1801 1745 quod
1857 1674 1977 1729 dico
2032 1704 2078 1772 Β
2104 1684 2385 1749 pastorum
2428 1677 2476 1732 ei
2507 1677 3004 1747 repraesentaverit,
3036 1687 3258 1749 quotam
3289 1683 3499 1747 partem
3533 1675 3733 1730 mundi

392 1766 532 1830 Quid
567 1766 785 1835 prodest
819 1766 925 1820 coli
957 1766 1272 1830 simulacra,
1303 1765 1505 1837 quibus
1544 1780 1654 1819 non
1688 1774 1771 1819 est
1800 1766 2002 1833 anima,

392 1872 573 1928 neque
627 1856 780 1910 vita?
837 1858 1026 1931 Fugite
1066 1859 1311 1929 inquam,
1370 1858 1439 1912 ab
1495 1857 1826 1917 idololatria.
1880 1857 2012 1928 quia

394 1944 543 2000 nulla
583 1946 757 2015 major
800 1947 903 2000 hac
942 1953 1024 2001 est
1058 1946 1261 2015 injuria
1286 1947 1343 2001 in
1375 1947 1568 2013 Deum,
1611 1947 1703 2018 qui
1736 1947 1870 2002 dicit
1914 1963 2013 2018 per

393 2038 746 2109 prephetam:
789 2058 808 2087 ι
846 2038 1078 2093 Gloriam
1116 2054 1290 2092 meam
1323 2039 1479 2093 alteri
1510 2054 1619 2093 non
1652 2038 1815 2093 dabo.
1852 2060 1872 2088 ι
1898 2038 2008 2092 Fu-

393 2127 504 2200 gite
537 2143 568 2181 a
600 2127 867 2194 tenebris,
895 2127 989 2198 qui
1035 2127 1214 2182 lucem
1250 2127 1514 2182 naturalis
1554 2128 1784 2183 rationis
1840 2127 2010 2182 habe-

395 2221 481 2276 tis.

467 2312 554 2367 3i.
586 2313 702 2367 1am
737 2330 880 2384 pene
919 2320 1065 2369 totus
1109 2313 1348 2367 mundus
1378 2313 1631 2369 credidit.
1689 2314 1750 2368 Ut
1787 2312 1869 2368 sol
1901 2320 2013 2369 tres

396 2402 588 2458 mundi
620 2404 893 2470 cardines,
926 2402 1226 2470 Orientem,
1257 2402 1568 2470 Meridiem,
1628 2404 2011 2471 Occidentem,

395 2512 495 2550 sua
539 2495 832 2566 priesentia
861 2495 1111 2568 attingit:
1143 2495 1642 2565 Septentrionalem
1675 2511 1804 2551 vero
1831 2496 2013 2550 cardi-

398 2603 521 2641 nem
564 2587 726 2656 jactis
758 2587 926 2641 radiis
963 2604 993 2642 a
1044 2587 1208 2658 longe
1252 2587 1518 2653 illustrat;
1551 2588 1631 2643 sic
1680 2586 1776 2643 Sol
1814 2587 2012 2642 mundi

398 2680 642 2735 Christus
695 2680 971 2735 Orientem
1001 2680 1281 2735 nascendo
1322 2680 1575 2747 sacravit,
1621 2680 1901 2734 Meridiem
1958 2678 2013 2734 in

395 2769 683 2841 A-Zgyptum
713 2768 931 2843 fugiens
969 2768 1175 2835 invisit,
1217 2784 1321 2823 nec
1359 2768 1585 2839 reliquit
1633 2768 2010 2838 Occidentem,

396 2862 491 2916 ubi
518 2862 798 2932 apostolos
826 2861 994 2929 misit,
1028 2878 1126 2932 per
1152 2877 1292 2933 quos
1317 2862 1428 2930 jam
1462 2872 1625 2932 caput
1665 2862 1857 2916 mundi
1900 2862 2011 2916 Ro-

398 2968 484 3005 ma
514 2950 723 3005 inﬂexit
743 2951 1040 3005 cervicem.
1095 2952 1326 3016 Quartus
1354 2951 1443 3006 hic
1485 2951 1672 3022 cardo,
1702 2966 1865 3023 quem
1926 2952 2011 3005 in-

2108 1787 2209 1825 sua
2265 1770 2659 1841 praedicatione
2707 1770 2999 1825 adduxerit
3053 1770 3122 1823 ad
3176 1768 3362 1836 fidem,
3403 1767 3497 1823 hic
3534 1768 3735 1823 Pastor

2112 1869 2301 1915 noster
2348 1859 2493 1914 inter
2554 1868 2803 1930 pastores
2870 1875 2982 1914 non
3022 1859 3203 1913 inanis
3259 1856 3589 1928 apparebit;
3631 1856 3732 1910 sed

2113 1949 2276 2003 etiam
2312 1948 2429 2019 ipse
2461 1948 2659 2004 multos
2691 1964 2792 2003 suo
2825 1947 3013 2002 labore
3047 1948 3115 2001 ab
3146 1947 3460 2003 idololatria
3486 1946 3573 2001 vel
3620 1962 3734 1999 ma—

2112 2039 2231 2094 litia
2269 2046 2532 2095 retractos
2563 2047 2687 2110 post
2715 2057 2774 2095 se
2807 2040 3004 2107 trahet,
3029 2046 3083 2094 et
3108 2038 3344 2110 accipiet
3365 2038 3728 2109 multiplicem

2113 2135 2306 2210 gloria:
2338 2151 2618 2191 coronam.

2184 2228 2269 2283 33.
2292 2229 2459 2292 Quam
2489 2228 2765 2301 gloriosus
2794 2226 2865 2282 sit
2892 2228 3036 2281 Deus
3065 2226 3121 2280 in
3148 2225 3356 2297 seipse,
3387 2224 3539 2280 nullo
3567 2225 3739 2282 modo

2113 2318 2625 2389 deprehenderetur
2651 2316 2719 2371 ab
2743 2315 3082 2381 hominibus,
3116 2315 3221 2369 nisi
3244 2314 3429 2386 aliqua
3460 2314 3739 2368 mirabili-

2113 2412 2197 2460 ter
2227 2405 2283 2459 in
2311 2405 2514 2460 sanctis
2543 2405 2658 2459 suis
2706 2411 3049 2475 eperaretur,
3079 2419 3179 2475 per
3207 2420 3329 2476 quae
3356 2420 3388 2457 a
3440 2403 3604 2458 nobis
3646 2404 3739 2457 in-

2115 2494 2392 2569 telligatur
2418 2511 2545 2549 vere
2591 2510 2713 2549 esse
2738 2494 3029 2548 mirabilis.
3064 2494 3283 2549 Francis
3320 2493 3557 2563 Pippino
3589 2493 3741 2564 prin-

2113 2583 2354 2653 cipante,
2373 2585 2676 2640 construxit
2702 2584 3017 2639 coenobium
3048 2583 3104 2637 in
3134 2582 3262 2639 villa
3289 2582 3489 2637 Belisia
3512 2583 3566 2637 S.
3603 2583 3741 2637 Lan-

2116 2676 2287 2731 drada
2316 2678 2470 2751 virgo
2507 2678 2716 2748 (1046),
2747 2694 2845 2748 per
2884 2676 3072 2731 omnia
3097 2676 3149 2729 S.
3181 2675 3462 2731 Lantberti
3495 2676 3736 2732 consilio

2114 2774 2354 2830 animata
2386 2780 2441 2827 et
2469 2787 2567 2826 usa
2596 2770 2830 2835 auxilio;
2862 2786 2984 2841 quae
3014 2769 3341 2823 imminente
3363 2768 3452 2822 die
3485 2768 3569 2822 sui
3614 2770 3737 2824 cxi-

2111 2879 2222 2937 tus,
2276 2873 2337 2921 ut
2366 2870 2552 2936 parata
2590 2862 2657 2917 ad
2703 2862 2919 2932 nuptias
2971 2861 3171 2932 Sponsi
3210 2860 3295 2915 sui
3342 2860 3573 2914 intraret
3612 2876 3738 2915 cum

2112 2972 2347 3016 accensa
2376 2955 2645 3009 bonorum
2676 2966 2905 3022 cperum
2948 2950 3223 3021 lampade,
3256 2948 3547 3005 accersivit
3576 2948 3743 3003 fami-

396 3039 597 3105 comisa
629 3039 881 3110 (ἶιιθπινίε
910 3046 1135 3111 Pl'OPler
1181 3040 1314 3095 δοιίε
1343 3040 1646 3094 absentiam
1676 3040 1887 3095 tardius
1926 3041 2009 3095 Ῐυ-
2034 3075 2084 3142 C
2112 3052 2321 3107 liariter
2343 3046 2601 3104 eumdem
2633 3045 2688 3100 S.
2714 3042 3092 3109 Lantbcrtum,
3124 3049 3183 3098 ut
3215 3043 3284 3097 ab
3322 3058 3390 3098 eo
3420 3043 3555 3098 Vitae
3577 3044 3743 3100 viati-

397 3143 516 3183 cem
546 3126 814 3194 admittat,
833 3133 1015 3181 tamen
1042 3127 1265 3203 alonge
1305 3128 1642 3183 illuminatos
1676 3128 1845 3197 videt,
1878 3139 1932 3184 et
1961 3130 2005 3184 si

399 3220 691 3292 pnescntia
727 3219 859 3274 solis
888 3226 1057 3285 caret,
1116 3220 1310 3275 solaris
1359 3228 1541 3275 tamen
1592 3221 1731 3276 lucis
1762 3238 1866 3276 usu
1898 3237 2007 3278 non

399 3311 582 3366 minus
610 3319 754 3383 eget.
790 3310 902 3365 Hoc
940 3311 1127 3377 modo,
1177 3311 1507 3379 cbarissimi,
1543 3312 1588 3366 si
1638 3312 1816 3383 ipsum
1849 3312 2009 3369 Chri-

398 3409 563 3468 stum,
595 3404 639 3458 si
683 3401 879 3456 Christi
921 3402 1201 3473 apostolos
1246 3418 1357 3458 non
1386 3403 1619 3459 vidistis.
1654 3405 1800 3459 beati
1849 3402 2004 3472 estis,

400 3493 449 3548 si
483 3491 711 3547 creditis
746 3491 803 3544 in
847 3506 975 3545 eum
1015 3508 1179 3563 quem
1222 3507 1330 3547 non
1373 3492 1604 3548 vidistis.
1648 3494 1702 3548 Si
1737 3495 1792 3549 in
1830 3497 2008 3567 ipsum

397 3585 570 3641 solem
603 3599 713 3639 non
745 3583 973 3655 potestis
1002 3584 1175 3638 aciem
1217 3582 1469 3657 infigere,
1518 3584 1786 3642 intendite
1816 3589 2009 3645 oculos

401 3673 468 3727 ad
500 3679 716 3728 montes
755 3689 786 3726 a
811 3672 929 3727 sole
959 3671 1272 3727 illustratos.
1316 3672 1419 3727 Per
1465 3673 1565 3728 hos
1618 3683 1857 3743 montes,
1907 3694 2008 3749 per

400 3766 733 3838 apostolicos
777 3764 989 3821 scilicet
1037 3765 1201 3829 viros,
1241 3765 1406 3839 longe
1449 3766 1667 3841 lateque
1698 3767 1828 3824 ﬁdei
1889 3771 2008 3827 luce

401 3856 745 3922 transmissa,
770 3856 885 3924 jam
916 3856 1151 3911 credidit
1182 3856 1459 3928 Hispania,
1493 3859 1766 3930 tripartita
1810 3861 2006 3927 Gallia,

402 3944 711 4011 Germania,
743 3954 799 4000 et
823 3952 1048 4000 remotae
1070 3945 1172 4000 sub
1200 3945 1308 4001 alio
1338 3948 1471 4003 orbe
1486 3948 1766 4003 Britannia
1795 3959 1851 4005 et
1876 3951 2009 4007 Sco-

398 4037 493 4093 tia.
526 4037 755 4092 Francia
781 4036 851 4092 de
874 4037 1123 4108 proximo
1152 4053 1249 4093 vos
1300 4040 1479 4110 arguit
1506 4039 1800 4095 obstinatae
1830 4042 2010 4097 incre-

2110 3159 2233 3199 cum
2278 3138 2574 3207 acciperet.
2626 3135 2977 3190 Accelerante
3027 3133 3170 3188 viam
3217 3140 3409 3187 sancto
3458 3133 3600 3197 viro,
3648 3134 3741 3189 illa

2110 3232 2331 3288 interim
2370 3229 2549 3284 soluta
2600 3235 2686 3281 est
2721 3225 2901 3280 carnis
2954 3223 3262 3299 ergastulo;
3298 3224 3395 3277 sed
3436 3224 3603 3290 Deus,
3649 3226 3738 3279 cui

2111 3322 2248 3377 nihil
2279 3318 2487 3395 gratius
2518 3316 2754 3371 fraterna
2785 3313 3069 3380 charitate,
3109 3328 3211 3367 nec
3243 3311 3420 3377 illum,
3450 3328 3556 3367 nec
3582 3313 3734 3367 illam

2110 3425 2305 3482 passus
2344 3415 2426 3463 est
2467 3404 2669 3478 privari
2708 3403 2883 3459 fructu
2925 3409 3128 3456 mutuae
3168 3401 3444 3455 amicitiae.
3488 3401 3623 3454 Nam
3677 3402 3735 3456 in

2112 3500 2298 3556 eundo
2320 3497 2565 3566 jucunda
2613 3492 2835 3548 Praesuli
2864 3491 3115 3563 apparuit
3149 3489 3305 3545 visio.
3344 3491 3481 3544 Ante
3539 3490 3736 3546 oculos

2108 3588 2360 3662 jacentis,
2392 3594 2449 3642 et
2478 3584 2636 3657 quasi
2682 3600 2781 3654 per
2827 3582 3056 3637 extasim
3097 3580 3518 3654 semivigilantis
3556 3579 3740 3636 stabat

2107 3684 2252 3739 clara
2304 3679 2478 3735 videri
2528 3678 2646 3749 ipsa
2674 3678 2829 3748 virgo
2887 3673 3084 3729 Christi
3136 3672 3443 3737 Landrada,
3489 3688 3736 3744 eumque

2109 3772 2385 3830 amicabili
2432 3771 2615 3825 vultus
2645 3778 2699 3824 et
2745 3768 2857 3823 oris
2902 3767 3075 3840 gratia
3131 3765 3493 3836 compellans.
3557 3765 3736 3831 Unde,

2110 3863 2311 3935 inquit,
2356 3860 2478 3927 tibi,
2511 3875 2543 3915 ο
2574 3858 2647 3912 mi
2678 3857 2875 3922 amice,
2911 3856 3026 3911 haec
3056 3854 3281 3909 incolita
3326 3852 3434 3907 mei
3494 3853 3734 3920 incuria,

2110 3963 2170 4011 ut
2199 3963 2249 4011 te
2282 3954 2350 4008 ad
2378 3968 2464 4007 me
2493 3950 2822 4007 visitandam
2856 3955 3004 4003 tanta
3029 3946 3267 4002 tenuerit
3290 3944 3483 4000 mora?

2181 4047 2267 4101 34.
2301 4044 2648 4107 Lantbertus,
2697 4040 3052 4112 praetendens
3097 4036 3352 4092 affectum
3381 4035 3737 4095 familiarita-

400 4129 661 4185 dulitatis.
705 4130 835 4185 Cum
888 4130 1271 4186 misericordia
1297 4131 1512 4185 Domini
1559 4132 1723 4202 plena
1750 4133 1821 4187 sit
1846 4141 2009 4201 terra,
2112 4140 2201 4206 tis,
2235 4136 2503 4193 reddebat
2531 4136 2648 4189 haec
2677 4134 2842 4190 verba
2872 4130 3279 4186 excusationis:
3313 4129 3395 4184 Me
3446 4146 3555 4186 nec
3588 4132 3740 4188 incu-

400 4238 570 4294 quare
600 4239 768 4294 super
795 4238 912 4289 vos,
936 4230 1198 4294 tanquam
1238 4238 1405 4294 super
1433 4223 1576 4280 filios
1606 4224 2012 4282 incredulitatis
2113 4230 2207 4284 riae
2238 4242 2340 4282 nec
2376 4240 2545 4280 morae
2584 4224 2840 4279 incusare
2880 4220 3073 4286 habes,
3117 4235 3282 4291 quem
3327 4219 3396 4273 ad
3431 4228 3487 4274 te
3540 4222 3740 4277 venire

401 4320 586 4368 manet
615 4313 696 4368 ira
742 4313 880 4368 Dei?
908 4313 1119 4368 Currite
1148 4314 1216 4368 ad
1264 4314 1465 4380 lucem,
1505 4316 1713 4372 credite
1753 4317 1807 4371 in
1838 4318 2008 4373 Deum
2110 4326 2477 4375 maturantem
2516 4314 2784 4388 praevenit
2833 4312 2986 4370 ocior
3032 4312 3223 4367 mortis
3269 4317 3376 4365 tuae
3407 4312 3739 4367 necessitas.

397 4405 635 4475 Patrem,
674 4410 732 4460 et
769 4404 826 4458 in
873 4404 1060 4460 Jesum
1093 4405 1361 4461 Christum
1414 4407 1609 4462 Filium
1655 4408 1797 4476 ejus,
1848 4418 1904 4463 et
1951 4409 2005 4464 in
2033 4412 2271 4504 DEcce,
2306 4410 2435 4484 quia
2482 4409 2698 4475 adsum,
2755 4415 2809 4463 et
2839 4413 2896 4463 tu
2940 4405 3053 4475 jam
3103 4402 3316 4458 intrasti
3359 4402 3414 4456 in
3467 4404 3740 4475 gaudium

395 4499 657 4570 Spiritum
704 4506 975 4555 sanctum.
1024 4497 1241 4556 Credite
1295 4500 1532 4557 futuram
1591 4503 1772 4558 carnis
1820 4496 2082 4558 resur-'
2112 4504 2329 4561 Domini
2357 4504 2628 4575 tui,justa
2670 4500 2769 4555 tibi
2801 4499 3009 4555 solvam
3041 4514 3104 4554 ex
3137 4496 3354 4563 debito;
3413 4504 3492 4560 tu,
3528 4512 3741 4567 quaeso,

397 4592 720 4661 rectionem,
748 4592 937 4648 timete
965 4593 1216 4649 ultimum
1241 4594 1437 4663 judicii
1471 4595 1643 4664 diem,
1684 4596 1741 4651 in
1773 4614 1883 4669 quo
1914 4599 2013 4653 ha-
2114 4595 2250 4649 mihi
2275 4593 2479 4655 indica,
2507 4604 2616 4662 quo
2649 4590 2705 4642 in
2732 4588 2854 4643 loco
2885 4587 3270 4658 corpusculum
3314 4602 3379 4640 ex
3413 4593 3507 4641 tuo
3537 4585 3743 4657 placito

398 4684 657 4742 bebimus
702 4700 897 4741 omnes
941 4686 1210 4754 judicari;
1243 4687 1393 4753 mali,
1441 4694 1503 4743 ut
1530 4695 1658 4744 eant
1687 4689 1743 4743 in
1795 4689 2014 4762 suppli-
2114 4685 2400 4758 sepeliam.
2446 4683 2508 4737 Et
2550 4680 2677 4735 illa:
2713 4678 2965 4748 Suspice,
2998 4678 3198 4749 inquit,
3243 4678 3466 4745 coelum,
3511 4686 3569 4732 et
3605 4678 3741 4732 dili-

399 4775 545 4830 cium
603 4781 898 4840 aeternum;
955 4774 1107 4843 boni,
1154 4784 1214 4833 ut
1253 4776 1493 4833 habeant
1525 4776 1692 4832 vitam
1747 4785 2012 4835 aeternam

403 4884 526 4923 cum
556 4868 790 4943 angelis,
814 4884 926 4924 non
957 4869 1012 4924 in
1043 4870 1353 4944 angelicam
1383 4868 1574 4924 mutati
1605 4878 1881 4939 naturam,
1911 4872 2013 4927 sed

402 4973 503 5028 pro
529 4959 847 5014 meritorum
865 4960 1131 5016 varietate
1160 4959 1214 5015 in
1256 4959 1418 5014 variis
1446 4961 1774 5035 angelorum
1810 4961 2019 5017 ordini-

403 5047 507 5102 bus
527 5048 597 5102 ad
630 5048 935 5124 angelicam
976 5049 1219 5122 provecti
1245 5049 1496 5124 gloriam.

473 5141 562 5197 32.
589 5140 678 5197 His
701 5150 756 5199 et
787 5143 988 5198 talibus
1018 5144 1350 5200 Praedicator
1370 5142 1566 5199 Christi
1584 5143 1846 5216 paulatim
1878 5145 2014 5200 abo-

404 5231 525 5289 lens
548 5233 617 5289 ab
656 5250 848 5291 eorum
879 5235 1138 5291 cordibus
1177 5235 1489 5291 barbariem
1520 5233 1865 5310 gentilitatis,
1894 5234 2014 5289 ine-

404 5322 594 5379 scabat
649 5339 746 5381 eos
795 5325 865 5380 ad
915 5324 1335 5382 Christianitatis
1402 5325 1905 5393 mansuetudinem,
1963 5330 2018 5380 et

476 5481 657 5554 (1044)
683 5482 748 5554 in
780 5479 1030 5554 margine
1059 5486 1162 5547 est,
1180 5483 1469 5550 feruorem.

477 5550 658 5624 (1045)
681 5552 749 5607 In
801 5550 1052 5622 mar'gine
1101 5567 1200 5620 pro
1252 5568 1475 5620 regnum
1534 5550 1764 5624 habetur
1805 5550 2019 5604 aeterni:

408 5621 555 5681 unde
596 5621 1009 5703 consequenter
1036 5636 1160 5703 mox
1201 5637 1298 5703 pro
1332 5639 1521 5690 regum
1550 5621 1847 5703 legendum
1879 5625 2026 5675 esset

407 5713 650 5769 regnum.
710 5692 976 5751 Caeterum
1013 5698 1161 5747 totus
1205 5692 1298 5748 ille
1336 5708 1517 5747 sermo
1570 5692 1864 5766 Sigeberti,
1912 5706 2023 5747 non

2114 4780 2310 4850 genter
2360 4772 2512 4825 illum
2553 4769 2612 4823 in
2632 4767 2793 4822 terris
2831 4767 3011 4821 locum
3055 4772 3264 4832 notato,
3296 4767 3361 4820 ~in
3391 4782 3504 4838 quo
3536 4767 3745 4822 videris

2115 4864 2279 4918 modo
2309 4877 2409 4933 per
2428 4859 2724 4914 micantem
2762 4855 2942 4910 lucem
2975 4853 3196 4909 ccelitus
3221 4870 3490 4925 apparere
3533 4865 3741 4911 sanetm

2118 4952 2295 5010 crucis
2358 4951 2598 5022 signum.
2653 4944 2984 5000 Lantbertus
3018 4959 3143 4999 eam
3189 4948 3589 4999 monstrantem
3651 4961 3743 5000 se-

2118 5056 2296 5115 quens
2334 5038 2512 5095 oculis
2552 5044 2608 5091 et
2646 5043 2853 5099 mente,
2905 5022 3036 5090 ecce
3067 5034 3217 5089 videt
3262 5033 3439 5088 locum
3484 5032 3542 5086 in
3577 5033 3744 5087 terris

2114 5129 2325 5188 caelesti
2369 5129 2492 5183 luce
2522 5124 2800 5199 designari
2833 5124 2888 5177 in
2939 5124 3167 5179 modum
3214 5130 3417 5178 sanctae
3448 5122 3652 5188 crucis,
3690 5130 3746 5177 et

2115 5226 2183 5282 ab
2214 5239 2309 5280 ore
2340 5219 2709 5293 colloquentis
2747 5218 2859 5274 sibi
2913 5217 3149 5292 virginis
3179 5218 3301 5272 haec
3331 5217 3524 5271 ultima
3574 5216 3742 5271 verba

2116 5319 2361 5391 accipit:
2414 5317 2566 5372 Hunc
2616 5315 2822 5380 locum,
2879 5312 3172 5368 Lantberte
3228 5311 3349 5379 tibi,
3394 5311 3737 5366 insinuatum

2123 5481 2476 5616 εδῗξὲιὲῖῐδ.
2502 5542 2818 5616 iliandradte
2858 5539 3093 5616 virginis
3122 5545 3178 5593 et
3216 5539 3739 5616 primaaabbatissre

2128 5610 2467 5673 Be'lisiensis.
2501 5615 2620 5669 Vita
2653 5614 2778 5668 data
2824 5610 2999 5667 estad
3032 5610 3180 5664 diem
3213 5627 3304 5664 vm
3333 5610 3484 5676 Julii,
3518 5618 3739 5668 auctore

2124 5688 2468 5746 Theoderico
2508 5687 2703 5742 abbate
2722 5681 3250 5752 Trudonopolitano.
