3960 6198
259 322 366 376 797

1475 322 1626 377 VlTA
1667 322 1922 377 ALTERA
1963 323 2018 377 8.
2063 321 2411 377 LAMBERTI.

3490 323 3603 378 798

257 449 504 514 caelitus,
525 449 668 503 scias
699 447 828 504 olim
855 448 1167 523 delegatum
1190 464 1222 502 a
1250 449 1363 504 Deo
1393 465 1532 505 meae
1559 451 1878 521 sepulturae,
1905 452 1958 522 Α
1983 449 2442 504 Wentreshovum
2488 447 2749 514 curritur,
2783 447 2879 518 qui
2929 454 3112 502 mente
3157 457 3212 502 et
3261 447 3434 502 oculis
3462 447 3601 502 rele-

259 541 373 596 Hac
411 541 530 595 vice
551 556 868 596 sermonum
903 549 1092 597 sancta
1115 542 1326 615 virgine
1347 543 1485 597 ccelo
1515 550 1756 612 recepta,
1797 544 1880 597 vir

255 641 488 688 sanctus
510 648 708 687 somno
735 633 968 698 solutus,
1002 634 1373 704 applaudebat
1405 635 1513 689 sibi
1536 636 1604 688 de
1634 635 1878 690 cmlestis

254 723 489 778 visionis
526 722 769 777 oraculo.
826 723 1000 777 Locus
1047 731 1252 789 autem,
1296 725 1388 796 qui
1447 725 1685 780 caelestis
1740 724 1876 779 lucis

255 815 420 884 signo
477 811 891 877 irradiabatur,
960 812 1416 868 Wentreshovum
1472 814 1650 884 (1047)
1719 820 1876 881 erat,

254 919 424 973 quem
459 902 577 972 ipse
605 902 660 956 S.
703 901 1049 967 Lantbertus,
1089 918 1120 956 a
1152 903 1206 957 S.
1243 903 1558 958 Landoaldo
1603 903 1736 957 inibi
1772 919 1878 956 nu-

254 993 441 1059 tritus,
474 993 650 1064 prima
680 993 763 1047 sui
799 994 1050 1063 tyrocinii
1081 994 1266 1050 indole
1298 993 1670 1066 insigniverat.

330 1083 418 1137 35.
453 1083 778 1137 Lantbertus
818 1089 965 1138 tanto
1015 1085 1238 1154 quidem
1287 1083 1670 1154 preperantius
1705 1090 1881 1139 matu-

252 1173 413 1227 rabat
444 1173 607 1239 viam,
640 1180 845 1244 quanto
885 1174 1101 1229 sciebat
1133 1175 1236 1230 hoc
1266 1176 1377 1230 Deo
1419 1185 1473 1229 et
1513 1190 1731 1246 sponsae
1759 1176 1881 1244 ejus

253 1270 374 1327 fore
393 1271 630 1345 gratius;
666 1278 719 1325 et
740 1271 974 1326 veniens
999 1271 1249 1325 Belisiam
1283 1272 1494 1326 tardius
1534 1279 1681 1338 voto,
1715 1287 1876 1341 quam

251 1362 494 1433 pedibus
523 1362 732 1433 (animo
756 1363 907 1416 enim
939 1363 1182 1432 cupienti
1225 1363 1360 1417 nihil
1385 1365 1517 1418 satis
1549 1363 1880 1430 festinatur),

249 1454 520 1508 visionem
579 1455 836 1508 omnibus
884 1455 1098 1523 pandit,
1167 1471 1373 1527 eosque
1407 1457 1472 1509 ad
1531 1456 1678 1510 illam
1733 1471 1884 1510 exse-

247 1545 528 1615 quendam
580 1544 769 1598 nititur
799 1545 1046 1612 ﬂectere,
1088 1562 1252 1616 quam
1297 1555 1480 1616 potest
1533 1547 1787 1600 blandius
1817 1562 1879 1600 ac

249 1633 563 1686 facundius.
608 1633 810 1688 Omnes
858 1640 1050 1687 contra
1091 1650 1259 1688 unum
1313 1634 1632 1695 reclamant.
1687 1649 1879 1689 omnes

249 1739 369 1779 uno
427 1739 522 1779 ore
592 1725 983 1780 tumultuando
1043 1726 1418 1780 conclamant:
1480 1726 1652 1789 Absit,
1715 1727 1875 1780 Lant-

1981 557 2120 612 geus
2159 539 2403 596 caelestis
2442 539 2584 612 signi
2637 546 2861 593 ostensa
2899 538 3005 592 sibi
3053 539 3306 612 vestigia.
3359 539 3604 594 ostendit

1979 633 2159 688 locum
2196 631 2606 703 beneplacitum
2649 640 2850 686 sanctae
2891 631 3112 704 virgini.
3145 631 3183 684 0
3213 647 3328 686 rem
3370 631 3600 686 novamvl

1979 727 2060 782 lbi
2111 727 2283 782 sancti
2326 726 2572 797 corporis
2628 725 2870 799 glebam,
2931 741 3056 779 cum
3115 725 3232 794 ipso
3263 726 3602 797 sarcophago

1977 823 2397 886 transportatam
2466 815 2777 880 inveniunt,
2854 821 2960 867 tam
3019 813 3324 883 composite
3381 821 3602 884 tamque

1978 903 2240 958 decenter
2294 903 2610 965 rclocatam,
2675 909 2730 956 ut
2791 901 2927 955 nulli
2982 907 3128 955 esset
3187 899 3444 967 dubium,
3513 914 3605 952 an-

1980 993 2160 1070 gelico
2194 994 2498 1050 ministerio
2528 1004 2770 1049 sanctam
2819 993 3090 1067 virginem
3125 993 3253 1047 illuc
3283 989 3601 1046 translatam

1982 1087 2176 1143 fuisse.

2051 1181 2140 1238 37.
2171 1181 2231 1234 Et
2261 1180 2391 1251 quid
2421 1180 2642 1246 mirum,
2694 1179 2738 1234 si
2773 1179 2885 1244 ille,
2940 1179 3033 1250 qui
3075 1178 3296 1250 martyri
3353 1192 3453 1232 suo
3487 1175 3605 1230 Cle-

1985 1272 2158 1327 menti
2215 1272 2583 1327 habitaculum
2654 1271 2707 1325 in
2766 1271 2990 1327 modum
3048 1269 3239 1340 templi
3308 1267 3603 1324 marmorei

1987 1367 2316 1438 praeparavit
2347 1366 2401 1420 in
2448 1366 2581 1420 mari
2615 1367 2883 1440 angelicis
2913 1364 3173 1420 manibus
3199 1363 3406 1435 (1018),
3437 1363 3602 1431 hujus

1985 1471 2210 1526 quoque
2239 1455 2470 1527 virginis
2515 1470 2714 1526 corpus
2752 1471 2849 1524 per
2904 1453 3154 1526 angelos,
3213 1451 3600 1522 mysteriorum

1984 1545 2074 1598 Dei
2107 1545 2481 1610 administros,
2506 1553 2613 1599 tam
2654 1551 3036 1615 competenter
3061 1541 3338 1597 transtulit
3371 1538 3603 1610 (1049)?

1983 1636 2115 1693 Huic
2142 1636 2410 1691 miraculo
2438 1643 2697 1706 tanquam
2753 1636 3014 1690 inusitato
3058 1634 3103 1688 si
3155 1634 3281 1705 quis
3315 1631 3598 1696 discredit,

1980 1740 2197 1784 moveat
2235 1747 2358 1784 eum
2393 1731 2586 1784 saltem
2619 1736 3044 1803 argumentuma
3073 1727 3368 1783 contrario.
3389 1725 3602 1796 Quippe

437 1777 449 1779 -
503 1777 513 1778 κ
600 1777 632 1778 η
1984 1777 2197 1784 ων.---
2238 1777 2664 1784 ...
2723 1777 3043 1783 -.----------κ
3079 1777 3594 1796 "unm—ww..-

249 1814 430 1881 berte,
463 1813 625 1883 absit,
659 1829 691 1867 o
723 1813 921 1883 praesul
968 1812 1161 1868 beate!
1228 1814 1320 1867 Hic
1348 1815 1464 1884 ipsa
1495 1823 1684 1870 sancta
1723 1814 1874 1888 virgo
1905 1777 2104 1873 Bcum
2154 1818 2290 1873 sciat
2339 1818 2634 1873 multorum
2677 1777 2907 1887 corpora
2960 1817 3015 1869 in
3067 1815 3271 1870 sanctis
3325 1813 3463 1868 locis
3516 1813 3603 1865 in-

247 1922 281 1960 a
326 1912 377 1959 te
404 1905 516 1959 Deo
547 1912 868 1959 consecrata
903 1904 1032 1959 fuit:
1068 1905 1182 1959 hac
1222 1905 1458 1960 ecclesia
1488 1906 1607 1974 ejus
1627 1921 1797 1976 Opera
1823 1914 1878 1960 et

249 1993 519 2064 impensis
547 2001 892 2056 constructa,
923 2010 953 2047 a
983 2000 1032 2047 te
1066 2010 1164 2064 per
1203 2010 1323 2048 eam
1357 2001 1441 2047 est
1469 1993 1756 2047 dedicata:
1792 1992 1879 2048 hic

247 2089 438 2146 omnia
461 2089 580 2157 ejus
621 2103 718 2158 per
750 2096 798 2143 te
839 2088 907 2142 ab
937 2103 1000 2142 ea
1031 2089 1142 2144 Deo
1182 2089 1434 2163 delegata
1459 2097 1616 2142 sunt:
1654 2088 1740 2142 hic
1767 2088 1877 2142 Deo

203 2193 208 2197 ·
248 2177 636 2232 famulantium
670 2177 832 2232 turba
863 2193 961 2248 per
991 2193 1110 2232 eam
1144 2184 1198 2231 et
1225 2194 1324 2248 per
1374 2184 1426 2231 te
1458 2177 1646 2232 adulta
1677 2184 1791 2243 est;
1829 2183 1884 2231 et

253 2271 351 2326 ubi
387 2272 610 2344 dignius
641 2288 768 2328 ossa
793 2273 914 2341 ejus
939 2273 1246 2344 quiescent,
1286 2289 1448 2343 quam
1483 2271 1592 2337 hic,
1617 2271 1708 2326 ubi
1743 2288 1883 2343 prae-

250 2361 562 2415 seutialiter
585 2368 660 2416 tot
692 2361 961 2416 bonorum
995 2362 1116 2429 ejus
1161 2377 1390 2432 operum
1422 2372 1693 2432 apparent
1724 2362 1882 2416 testi-

250 2449 440 2504 monia
460 2449 487 2502 ξ)
517 2450 576 2504 Ει
607 2451 723 2504 haec
755 2451 978 2521 quidem
1012 2451 1198 2505 omnia
1228 2451 1391 2506 etiam
1426 2457 1531 2505 tuae
1571 2451 1880 2506 sanctitatis

251 2541 472 2608 merita,
513 2541 828 2609 Lantberte,
859 2543 1229 2609 accumulant,
1268 2544 1396 2596 dum
1430 2558 1526 2613 per
1557 2551 1662 2596 tuae
1696 2551 1878 2614 pasto-

250 2629 479 2684 ralitatis
509 2630 751 2684 studium
787 2631 875 2685 hic
901 2638 956 2685 et
995 2631 1192 2685 merito
1220 2639 1274 2685 et
1305 2647 1540 2686 numero
1563 2639 1724 2686 aucto
1745 2631 1876 2686 fide-

254 2719 390 2772 lium
424 2719 648 2790 pOpulo,
684 2717 812 2773 ﬁdei
848 2727 902 2774 et
933 2719 1149 2774 virtutis
1182 2720 1486 2774 exuberant
1525 2721 1690 2776 dona.
1727 2721 1887 2776 Lant-

258 2807 454 2860 bertus
520 2805 764 2861 offensus
823 2807 1130 2878 pervicacia
1182 2809 1451 2862 omnium.
1505 2809 1727 2862 Gratum
1780 2816 1884 2895 est,

251 2899 458 2969 inquit,
491 2915 729 2968 praeesse
762 2899 1006 2966 civibus;
1031 2900 1126 2954 sed
1160 2916 1325 2974 grave
1359 2907 1443 2954 est
1476 2900 1735 2955 omnibus
1768 2902 1883 2972 pla-

245 3006 396 3044 cere.
432 2991 588 3057 Ecce,
651 2991 782 3063 quia
834 3007 1015 3047 sermo
1060 2993 1153 3047 Dei
1195 3000 1249 3048 et
1281 3009 1435 3048 meus
1481 3009 1592 3048 non
1641 2994 1787 3066 capit
1827 2995 1883 3048 in

248 3083 431 3149 vobis,
476 3099 571 3139 vos
625 3099 819 3139 omnes
859 3085 1060 3139 invitus
1114 3101 1346 3156 sequar:
1399 3098 1582 3142 certus
1622 3104 1742 3142 sum
1801 3093 1881 3142 ta-

250 3191 405 3242 men,
447 3177 577 3247 quia
596 3177 835 3231 ecelestis
863 3178 1071 3233 oraculi
1107 3194 1216 3233 non
1251 3178 1432 3234 deerit
1463 3177 1708 3234 eﬂ‘ectus.

325 3265 413 3319 36.
449 3265 775 3320 Lantbertus
806 3266 992 3339 igitur,
1038 3267 1254 3338 sepulta
1301 3276 1491 3322 sancta
1520 3267 1731 3340 virgine
1763 3285 1882 3323 ma-

251 3361 343 3436 gis
377 3375 441 3414 ex
472 3358 690 3430 p0puli,
725 3375 886 3430 quam
921 3377 988 3414 ex
1018 3375 1120 3414 suo
1160 3360 1378 3430 placito,
1417 3360 1602 3415 animo
1652 3360 1883 3416 ﬂuctua-

253 3455 370 3517 bat,
418 3451 543 3504 hinc
575 3451 644 3504 de
684 3450 895 3505 caelesti
928 3450 1150 3506 oraculo
1192 3458 1396 3518 certus,
1439 3450 1595 3506 illinc
1636 3451 1883 3507 incertus

254 3547 327 3600 de
357 3543 576 3614 sepulto
615 3543 847 3616 virginis
877 3544 1225 3614 corpusculo.
1257 3543 1334 3597 0b
1373 3544 1474 3598 hoc
1505 3543 1654 3598 omni
1685 3545 1878 3599 orandi

253 3639 424 3694 modo
465 3653 524 3692 se
563 3637 850 3703 addicens,
893 3638 1175 3708 quaerebat
1216 3653 1330 3690 rem
1361 3638 1430 3691 ab
1476 3653 1564 3704 eo,
1605 3637 1694 3692 cui
1745 3638 1880 3692 nihil

251 3729 598 3800 impossibile
628 3744 752 3783 esse
782 3729 1012 3783 sciebat.
1061 3729 1148 3783 Sic
1179 3734 1368 3784 exacto
1419 3727 1625 3792 triduo,
1679 3745 1881 3785 convo-

247 3832 375 3881 cato
407 3822 612 3895 populo
640 3822 737 3889 ait,
768 3823 1037 3897 virginem
1079 3822 1276 3878 Christi
1301 3822 1514 3892 pridem
1543 3822 1878 3890 defunctam,

250 3924 436 3972 vestro
470 3915 634 3970 etiam
678 3914 889 3984 judicio
941 3914 1126 3988 magni
1169 3914 1292 3968 dico
1358 3913 1531 3968 fuisse
1577 3915 1788 3980 meriti;
1830 3923 1883 3970 et

253 4008 387 4062 ideo
413 4023 524 4062 non
556 4007 675 4061 leve
708 4021 828 4060 esse
856 4005 1019 4072 duco,
1054 4005 1204 4076 quod
1238 4005 1305 4059 ab
1340 4020 1434 4060 ore
1468 4006 1588 4075 ejus
1613 4006 1725 4078 jam
1757 4022 1880 4061 cum

254 4096 476 4151 Christo
514 4095 794 4168 regnantis
834 4093 967 4148 mihi
1028 4102 1192 4149 teneo
1249 4094 1568 4150 indicatum.
1626 4095 1756 4152 ldeo
1811 4111 1880 4151 ne

255 4187 585 4264 gravemini,
621 4189 771 4260 quod
801 4201 1017 4258 precor,
1073 4196 1131 4243 ut
1181 4198 1371 4260 aperta
1399 4190 1628 4263 virginis
1672 4191 1878 4257 tumba,

255 4294 376 4333 rem
411 4278 584 4348 ipsam
615 4277 791 4333 oculis
820 4277 1186 4348 experiamur.
1225 4279 1489 4333 Oheditur
1521 4279 1572 4333 ei
1603 4279 1670 4332 ab
1698 4279 1880 4334 omni-

258 4370 400 4431 bus;
450 4369 637 4424 tumba
665 4369 942 4439 aperitur;
969 4370 1067 4424 sed
1100 4369 1237 4423 nihil
1280 4370 1554 4440 reperitur
1578 4370 1648 4424 de
1692 4378 1882 4427 sancto

1978 1908 2146 1983 digne
2167 1908 2403 1978 sepulta,
2429 1924 2524 1978 per
2548 1908 2776 1981 angelos
2795 1907 2967 1960 malos
2987 1907 3148 1978 longe
3172 1903 3418 1974 projecta
3443 1917 3593 1966 esse,

1981 2016 2090 2055 non
2124 2000 2339 2054 diffidat
2379 2007 2598 2055 sanctos
2642 1999 2871 2070 angelos
2910 1998 2977 2052 ad
3021 2004 3213 2051 nutum
3269 1994 3361 2048 Dei
3403 2000 3602 2048 sancta:

1980 2090 2179 2163 virgini
2208 2106 2360 2144 suam
2395 2089 2739 2160 impendisse
2770 2103 3016 2158 Operam,
3058 2092 3112 2140 et
3144 2093 3270 2139 voto
3306 2083 3601 2153 verbisque

1986 2181 2039 2236 8.
2074 2180 2350 2235 Lantberti
2384 2180 2548 2235 iidem
2581 2179 2797 2234 fecisse.
2833 2178 3099 2232 Attollunt
3129 2190 3261 2249 ergo
3293 2173 3472 2228 cuncti
3505 2171 3600 2226 Dei

1982 2273 2256 2339 virtutem,
2305 2288 2472 2341 super
2498 2271 2684 2326 omnia
2716 2269 3015 2341 praedicant
3047 2266 3210 2320 iidem
3252 2273 3307 2319 et
3348 2263 3602 2318 meritum

1981 2361 2204 2432 gloriosi
2247 2361 2544 2426 Lantberti,
2598 2359 2755 2427 cujus
2793 2355 3136 2412 conversatio
3183 2354 3296 2422 jam
3338 2353 3392 2406 in
3449 2351 3604 2406 coelis

1984 2459 2120 2518 erat,
2144 2452 2399 2523 quamvis
2424 2467 2655 2521 corpore
2684 2450 2864 2504 adhuc
2897 2455 3179 2502 teneretur
3219 2445 3272 2498 in
3331 2444 3512 2509 terris,
3548 2443 3602 2496 in

1984 2559 2094 2614 quo
2125 2541 2394 2595 videbant
2437 2540 2654 2611 impleri
2687 2540 2834 2593 iltam
2863 2537 3075 2592 Domini
3107 2551 3324 2590 vocem:
3363 2555 3386 2583 α
3412 2531 3605 2586 Omnia

1978 2633 2266 2703 possibilia
2284 2631 2683 2686 suntcredenti
2747 2651 2771 2680 »
2820 2629 3057 2683 Ovirum
3099 2628 3327 2700 dignum
3363 2624 3602 2688 Deo,cui

1991 2725 2124 2779 nihil
2157 2725 2311 2778 deest
2341 2725 2406 2778 ad
2441 2723 2794 2794 perfectionis
2823 2722 3129 2786 cumulum,
3165 2725 3408 2789 paratum
3439 2716 3604 2770 etiam

1988 2820 2291 2874 ascendere
2321 2819 2389 2873 ad
2426 2818 2571 2872 illam
2614 2817 2960 2882 charitatem,
3003 2831 3108 2886 qua
3149 2814 3410 2881 majorem
3441 2825 3604 2864 nemo

1989 2908 2176 2972 habet,
2224 2918 2283 2963 ut
2322 2907 2558 2962 animam
2611 2923 2765 2960 suam
2809 2911 3039 2976 poneret
3094 2919 3191 2974 pro
3231 2901 3423 2955 amicis
3460 2898 3600 2954 suis!

1985 2999 2152 3062 Quam
2188 2997 2334 3052 enim
2378 2998 2639 3065 majorem
2697 2996 2851 3049 daret
2883 3012 2976 3050 rex
3017 3009 3115 3048 suo
3156 2991 3386 3046 emerito
3420 2987 3604 3055 militi,

1984 3104 2146 3159 quam
2226 3095 2284 3142 ut
2365 3094 2682 3144 coronatum
2769 3085 3029 3156 martyrio
3113 3084 3388 3148 donaret,
3471 3080 3604 3134 rude

1981 3187 2200 3234 aeternae
2231 3181 2456 3251 quietis.
2491 3181 2598 3235 Nos
2628 3187 2687 3234 ut
2717 3189 3016 3233 extremam
3059 3192 3280 3231 manum
3313 3173 3467 3245 operi
3496 3173 3604 3226 im-

1985 3287 2273 3341 ponamus,
2303 3272 2411 3343 jam
2441 3287 2588 3327 nunc
2633 3271 2908 3342 passionis
2963 3269 3082 3339 ejus
3110 3267 3370 3322 vexillum
3419 3263 3599 3339 eriga-

1983 3380 2125 3418 mus.

2627 3452 2835 3507 CAPUT
2877 3451 2959 3506 lV.

1981 3564 2247 3632 Pippinus
2277 3564 2340 3616 ob
2379 3563 2597 3617 ductam
2645 3561 2933 3629 Alpaidem
2988 3560 3231 3632 pellicem
3274 3560 3552 3632 correptus
3589 3573 3602 3607 :

2047 3630 2253 3704 pellicis
2293 3635 2475 3688 odium
2528 3639 2577 3688 et
2610 3633 2850 3688 insidias:
2892 3634 3088 3694 sancti,
3139 3630 3238 3683 illa
3295 3631 3604 3696 instigante,

2053 3708 2395 3773 martyrium.

2053 3819 2138 3874 38.
2168 3819 2454 3890 Pippinus,
2494 3823 2552 3871 ut
2581 3815 2956 3887 praediximus,
2993 3813 3408 3883 principahatur
3437 3826 3602 3886 egre—

1983 3909 2072 3983 gie
2122 3925 2292 3978 super
2336 3923 2528 3962 omnes
2559 3905 2838 3976 principes
2889 3903 3237 3968 Francorum,
3283 3901 3438 3969 cujus
3483 3901 3605 3974 glo-

1984 4001 2118 4054 riam
2160 3998 2437 4071 augebant
2475 3997 2654 4052 crebri
2714 3994 3063 4050 victoriarum
3106 3993 3271 4058 tituli,
3314 4008 3475 4063 quem
3535 3992 3604 4046 ad

1984 4090 2242 4168 virtutem
2295 4086 2525 4142 incitare
2568 4091 2823 4155 poterant
2859 4083 3052 4137 saltem
3087 4082 3322 4136 deducta
3351 4081 3419 4134 ab
3458 4091 3606 4136 utro-

1983 4195 2091 4250 que
2142 4185 2367 4247 parente
2423 4173 2731 4230 nobilitatis
2770 4180 2824 4228 et
2865 4171 3172 4228 sanctitatis
3223 4175 3599 4263 mpnumenta.

1984 4271 2049 4324 Ut
2095 4270 2242 4324 enim
2299 4268 2490 4322 sileam
2547 4266 2618 4320 de
2656 4265 2947 4319 sanctitate
3001 4262 3298 4318 Gerdrudis
3347 4269 3604 4315 materte-

1985 4379 2058 4418 τω
2098 4360 2280 4431 (1050)
2325 4360 2446 4427 ejus
2483 4359 2569 4413 vel
2621 4357 2868 4412 Clodulei
2915 4356 3098 4426 (1051)
3167 4353 3446 4408 Mettensis
3485 4351 3605 4423 epi-

255 4457 337 4512 ibi
403 4459 621 4528 sepulto
671 4473 945 4529 corpore,
990 4475 1113 4512 cum
1181 4458 1302 4528 ipso
1356 4459 1696 4534 sarcOphago
1751 4451 2164 4522 aliastcopi,
2219 4449 2310 4520 qui
2341 4448 2443 4502 fuit
2475 4446 2724 4517 patrinus
2773 4445 2972 4516 ipsius;
3005 4444 3128 4515 quis
3175 4444 3229 4496 S.
3275 4444 3467 4514 lteggae
3489 4455 3604 4494 ma-

258 4551 614 4621 transposito.
653 4551 898 4622 Expallet
939 4550 1122 4605 vultus
1175 4551 1456 4619 omnium;
1517 4552 1668 4606 solus
1725 4553 1884 4608 Lant-

257 4646 453 4700 bertus
474 4643 698 4716 gaudet,
727 4650 781 4698 et
810 4644 1072 4698 attonitos
1095 4652 1326 4714 paterae
1355 4643 1699 4702 demulcens.
1728 4646 1881 4711 Quia,

259 4735 460 4806 inquit.
497 4732 863 4788 difﬁdentiam
897 4739 1129 4787 vestram
1175 4734 1386 4803 experti
1415 4734 1568 4801 estis,
1593 4734 1704 4802 jam
1737 4751 1886 4790 nunc

263 4823 360 4878 Dei
396 4821 803 4876 mirificentiam
837 4821 1205 4891 experiamur,
1241 4831 1294 4876 et
1326 4821 1380 4875 in
1416 4822 1535 4878 loco
1567 4822 1704 4878 mihi
1735 4823 1882 4878 desi-

261 4922 430 4991 gnato
459 4914 632 4970 sancti
684 4913 936 4986 corporis
994 4913 1214 4988 glebam
1259 4930 1589 4986 quaeramus.
1634 4915 1708 4972 Eo
1740 4917 1880 4972 duce

337 5073 521 5143 (10-17)
553 5073 689 5143 Vide
707 5071 961 5126 adnotata
1006 5072 1073 5126 ad
1106 5087 1224 5140 cap.
1261 5089 1298 5136 ι,
1332 5071 1434 5127 litt.
1461 5075 1498 5127 i.

341 5142 524 5211 (1048)
566 5144 620 5196 8.
656 5142 1110 5215 Clemenspapa
1133 5150 1186 5196 et
1231 5151 1454 5215 martyr,
1483 5159 1649 5215 quem
1690 5144 1779 5198 hic
1805 5145 1886 5198 in-

263 5215 435 5280 dicat,
471 5215 670 5269 colitur
722 5231 852 5268 xxm
894 5214 1212 5281 Novembr.,
1243 5230 1352 5286 quo
1378 5214 1514 5269 die
1539 5215 1653 5269 haec
1682 5217 1888 5270 exami-

268 5287 388 5340 nari
417 5293 698 5355 poterunt.

337 5357 524 5439 (1049)
560 5356 1121 5439 Eademlegunturin
1152 5357 1270 5412 Vita
1297 5358 1350 5413 8.
1384 5358 1702 5424 ιεηάι-δάαξ,
1738 5359 1887 5413 unde

263 5444 331 5483 ea
363 5429 580 5482 discere
603 5427 777 5497 potuit
809 5427 1151 5497 Sigebertus.

339 5499 521 5574 (1050)
558 5498 844 5574 ιηάὶρθῐβ.
867 5498 1192 5574 Certrudem
1225 5500 1514 5574 virginem,
1553 5500 1885 5574 abbatissam

266 5569 730 5642 Nivellensemin
765 5571 1071 5642 Brabantia,
1095 5572 1253 5639 cujus
1279 5569 1432 5642 gesta
1458 5573 1731 5628 elucidata
1761 5582 1888 5627 sunt

266 5642 334 5718 ad
369 5639 846 5718 d_iem_17llt_l-artii.
901 5644 1022 5696 Erat
1053 5639 1414 5718 ηαξ(ξᾷΡίιὶῂίΠί
1446 5645 1487 5709 l,
1520 5651 1889 5718 cognomento

268 5711 598 5776 Landensis,
632 5711 768 5780 tilia,
794 5722 849 5769 et
875 5729 1030 5769 soror
1069 5714 1124 5768 S.
1157 5711 1374 5787 Beggae,
1398 5730 1464 5769 ex
1495 5711 1682 5787 qua'et
1719 5717 1891 5770 Anse-

1989 4547 2086 4601 tris
2116 4546 2236 4614 ejus
2261 4544 2424 4596 vitam
2460 4557 2568 4596 non
2601 4539 2858 4595 miretur!
2908 4539 3036 4604 Quis
3065 4537 3272 4592 nesciat
3301 4535 3606 4589 sanctimo-

1987 4639 2134 4692 niam
2169 4635 2382 4707 paterni
2424 4634 2509 4688 avi
2549 4635 2670 4702 ejus
2714 4632 2979 4703 Arnulphi
3022 4631 3224 4700 (1052),
3282 4629 3375 4699 qui
3425 4627 3604 4697 primo

1986 4727 2161 4796 major
2199 4727 2395 4782 domus
2426 4723 2593 4797 regis,
2627 4731 2747 4794 post
2790 4720 3078 4776 Mettensis
3109 4719 3426 4790 episc0pus,
3460 4726 3514 4770 et
3547 4715 3604 4769 in

1985 4823 2093 4879 vita
2131 4831 2184 4877 et
2223 4822 2278 4875 in
2337 4829 2511 4876 morte
2562 4819 2828 4874 mirabilis
2877 4817 3084 4871 mundo
3118 4814 3264 4870 fuit?
3301 4813 3420 4868 .lam
3478 4825 3607 4867 vero

1983 4917 2152 4973 etiam
2181 4914 2418 4970 ﬁliorum
2439 4913 2486 4982 ej
2505 4929 2568 4968 us
2588 4911 2833 4984 potentia
2859 4909 3077 4983 vigebat
3104 4908 3160 4963 in
3192 4921 3388 4982 regno,
3423 4922 3454 4960 e
3482 4904 3612 4978 qui_

1983 5075 2101 5148 giso
2126 5073 2468 5148 Pippinule
2496 5079 2656 5148 _na_tu_s
2683 5076 2784 5124 est.

2060 5134 2247 5212 (1051)
2381 5142 2751 5216 Clodulphum
2807 5156 2907 5216 seu
2938 5137 3341 5216 Chlodulphum
3371 5134 3608 5216 Metten-

1985 5232 2100 5271 sem
2141 5217 2462 5286 episcOpum
2494 5211 2737 5267 indicare
2767 5213 2956 5274 voluit,
2990 5211 3147 5279 cujus
3173 5215 3326 5282 gesta
3352 5211 3608 5277 exposita

1985 5301 2113 5341 sunt
2143 5289 2211 5340 ad
2235 5287 2382 5341 diem
2414 5286 2446 5339 8
2485 5285 2632 5340 Junii
2666 5300 2775 5341 auo
2803 5283 3025 5338 colitur.

1985 5301 2113 5342 sunt
2143 5299 2211 5340 ad
2235 5299 2382 5341 (110m
2414 5299 2446 5339 δ
2485 5299 2632 5340 Junu
2666 5300 2775 5342 (1υο
2803 5299 3025 5338 (δοιηιιιδ.

2060 5301 2113 5341 nt
2143 5301 2211 5340 ad
2235 5301 2382 5341 diem
2414 5301 2446 5339 δ
2485 5301 2632 5340 Junn
2666 5301 2775 5355 quo
2803 5301 3025 5338 contur.
3195 5350 3205 5360 ί
3551 5347 3561 5357 ,

2060 5357 2242 5428 (1052)
2308 5359 2362 5410 S.
2458 5355 2734 5428 Amulius,
2801 5355 3053 5428 additum
3119 5356 3502 5428 episcopatum
3549 5362 3605 5400 in

1987 5429 2190 5483 saeculo
2224 5424 2504 5493 uxoratus,
2552 5429 2604 5481 S.
2646 5426 3076 5496 Chlodulphum,
3119 5424 3274 5493 cujus
3303 5436 3428 5475 mox
3487 5432 3606 5496 me;-

1989 5500 2272 5572 minimuﬁs,
2320 5510 2373 5572 et
2421 5487 2768 5572 Angesisum‘
2803 5487 3131 5572 procreavit,
3185 5487 3253 5548 ex
3299 5507 3433 5572 quo"
3458 5487 3609 5572 et‘S.

1990 5573 2180 5643 Begga
2215 5559 2634 5643 Pippinus,vu_t_
2661 5559 2920 5643 diximus,
2972 5559 3198 5643 genitus
3239 5559 3341 5618 est.
3403 5562 3458 5612 S.
3507 5559 3608 5610 Ar—

1992 5588 2062 5625 ne
2103 5588 2171 5643 gat
2215 5588 2502 5640 rlpplnus,
2549 5588 2610 5621 ur.
2661 5588 2920 5631 (lleIllUS,
2972 5588 3190 5641 genitus

1992 5588 2184 5711 ηιιῆὴί
2215 5657 2305 5696 res
2333 5647 2518 5713 gentas
2547 5638 2672 5692 vide
2701 5638 2767 5692 ad
2803 5638 2944 5692 diem
2981 5639 3045 5691 18
3074 5636 3224 5690 Julii.
