3960 6198
353 268 457 322 799
1581 265 1925 322 SlGEBERTl
1975 263 2486 320 GEMBLACENSIS.
3604 267 3717 324 800

355 394 459 450 bus
511 395 688 466 Drogo
729 393 901 465 (1053)
933 393 1042 448 dux
1090 399 1208 448 erat
1237 393 1718 465 Campanensium,
1760 399 1815 448 at
1853 391 1973 446 Gri-
1996 393 2052 462 Α
2075 406 2236 446 suum
2266 390 2526 462 martyrio
2553 388 2808 454 devovit;
2854 387 3054 444 tertius
3099 389 3334 444 duorum
3372 390 3716 447 Lantbertus

354 485 604 540 moaldus
665 486 848 556 (1054)
891 486 1300 540 Ῐῖἱθΐϐἀίῐᾶτίυῐη
1368 486 1536 555 patris
1597 485 1966 556 principatum

2099 500 2130 540 e
2181 499 2402 556 quoque
2433 483 2660 554 dignum
2715 481 2965 537 exhibuit
2991 481 3059 535 ad
3113 481 3426 538 bibendum
3472 483 3712 539 calicem

352 574 728 645 exspectabat.
766 575 871 629 Hos
896 575 973 628 illi
1021 580 1289 645 genuerat
1321 573 1567 648 legitima
1628 589 1727 627 sua
1770 572 1969 640 conjux
2070 579 2311 636 Domini.

355 662 662 717 Plictrudis.
697 663 905 718 Etcum
941 663 1174 734 Pippino
1208 664 1343 717 nihil
1374 663 1583 735 gloriae,
1609 663 1745 716 nihil
1775 670 1971 733 poten-
2141 671 2228 726 41,
2279 668 2461 723 Pellex
2493 685 2607 722 rem
2638 669 2707 723 ad
2747 668 2966 724 fratrem
2999 683 3162 722 suum
3192 666 3476 722 Dodonem
3509 665 3709 732 refert,

355 752 460 814 tiae,
494 753 629 806 nihil
683 752 962 807 felicitatis
1001 754 1238 820 deesset,
1282 769 1564 825 nunquam
1597 754 1647 807 ei
1679 769 1847 824 super
1885 753 1971 806 in-
2077 760 2238 831 eique
2269 773 2434 814 omne
2487 758 2777 813 consilium
2824 774 2982 813 suum
3038 755 3318 821 deferens,
3369 755 3715 826 precabatur

355 846 616 901 dustriam
650 847 866 901 fortuna
933 846 1053 901 fuit.
2076 859 2136 908 ut
2155 853 2274 921 ejus
2303 867 2407 922 Ope
2439 850 2724 906 aboleatur
2752 849 3114 922 opprobrium
3137 848 3360 922 generis
3387 849 3496 913 sui,
3544 849 3701 919 quod

425 937 514 993 39.
563 938 600 992 0
651 938 787 992 nihil
835 955 1075 1010 unquam
1118 945 1291 994 tutum
1345 939 1492 1010 apud
1542 937 1853 994 diabolum!
1888 937 1980 991 Vir
2079 943 2245 998 nimis
2285 942 2668 1008 invalesceret,
2691 942 2734 996 si
2763 957 2862 1012 per
2896 940 3178 996 Lantberti
3227 955 3525 994 censuram
3559 955 3710 995 eon-

359 1034 464 1080 tam
506 1025 829 1081 victoriosus
869 1027 934 1080 de
992 1026 1176 1097 seipso
1241 1043 1351 1081 non
1391 1027 1564 1097 potuit
1617 1027 1976 1096 triumphare,
2081 1033 2317 1105 tingeret
2368 1047 2526 1085 suum
2572 1047 2603 1084 a
2650 1030 2903 1101 principe
2953 1029 3273 1085 divortium.
3340 1029 3438 1082 Ille
3478 1044 3708 1084 causam

360 1127 413 1174 et
443 1119 683 1174 ferreum
726 1129 915 1189 pectus
947 1137 1106 1174 suum
1144 1136 1336 1190 passus
1386 1121 1649 1191 perforari
1688 1121 1840 1176 molli
1871 1121 1980 1176 telo
2081 1137 2234 1183 suam
2262 1126 2316 1175 et
2343 1119 2549 1175 sororis
2577 1135 2700 1173 cum
2729 1118 3126 1174 valentioribus
3163 1118 3248 1172 sui
3287 1119 3512 1190 generis
3545 1135 3714 1174 com-

360 1210 627 1277 libidinis,
668 1212 902 1281 puellam
961 1213 1205 1267 nobilem
1258 1220 1313 1267 et
1367 1213 1703 1287 elegantem,
1760 1213 1983 1268 nomine
2085 1213 2392 1278 municans,
2422 1227 2521 1282 per
2549 1227 2608 1267 se
2640 1219 2693 1265 et
2746 1228 2845 1281 per
2873 1226 2968 1266 eos
2998 1210 3318 1281 episcOpum
3352 1226 3713 1281 compescere

358 1303 662 1372 Alpaidem,
693 1304 1018 1375 superduxit
1042 1304 1300 1376 legitimae
1325 1306 1702 1378 conjugi,'sua3
1726 1302 1985 1360 Plictrudi
2085 1301 2155 1355 ab
2188 1301 2566 1370 increpatione
2614 1299 2881 1370 principis
2914 1299 3152 1364 laborat;
3197 1315 3360 1370 quem
3389 1300 3520 1371 quia
3552 1300 3712 1356 inve-

359 1408 426 1446 ex
458 1409 565 1462 qua
609 1393 772 1447 etiam
805 1395 1049 1464 suscepit
1108 1394 1279 1448 filium
1327 1395 1605 1462 Karolum,
1647 1397 1733 1451 cui
1794 1405 1988 1467 postea
2091 1391 2170 1444 nit
2201 1389 2580 1454 inflexibilem,
2615 1404 2718 1442 nec
2748 1388 2940 1442 faciem
2969 1389 3204 1457 alicujus
3221 1389 3714 1456 contrajustitiam

360 1485 602 1554 propter}
631 1483 948 1539 indomitam
991 1486 1234 1540 bellandi
1292 1486 1669 1542 fortitudinem
1731 1488 1988 1559 Tudetes,

361 1573 475 1626 sive
511 1574 812 1642 Martcllus,
847 1592 1121 1647 agnomen
1181 1576 1301 1632 fuit.
1345 1578 1467 1633 Haec
1497 1593 1652 1634 soror
1702 1587 1819 1634 erat
1872 1576 1979 1634 Do-

2091 1485 2330 1541 revereri
2355 1485 2544 1551 sensit,
2568 1482 2831 1554 proximis
2863 1492 2917 1537 et
2947 1483 3138 1537 amicis
3168 1482 3284 1536 suis
3329 1483 3606 1552 promittit
3637 1484 3711 1538 de

2082 1594 2245 1634 causa
2272 1577 2479 1633 sororis
2522 1576 2812 1632 ultionem.
2861 1576 2995 1630 Hinc
3025 1576 3135 1630 duo
3169 1574 3380 1640 fratres,
3425 1575 3615 1630 Gallus
3654 1583 3712 1631 et

361 1667 526 1723 donis
558 1669 763 1738 (1055),
799 1671 891 1741 qui
925 1671 1261 1726 domesticus
1293 1672 1510 1743 Pippini
1542 1673 1815 1744 principis
1845 1679 1980 1740 erat,

2097 1666 2336 1731 Rioldus,
2380 1664 2779 1738 consanguinei
2821 1664 3066 1720 Dodonis
3106 1663 3313 1732 (1058),
3368 1664 3554 1734 neptis
3593 1681 3711 1719 suae

360 1760 445 1812 vir
469 1760 666 1831 plenus
706 1760 907 1830 opibus
951 1779 1162 1847 genere
1192 1762 1393 1829 clarus,
1426 1780 1525 1834 par
1555 1765 1760 1820 amicos
1791 1771 1844 1819 et
1890 1780 1987 1820 co-
2015 1754 2064 1769 υ
2087 1757 2332 1828 Alpaidis
2376 1757 2702 1810 miserantes
2758 1756 2957 1821 vicem,
2993 1755 3326 1847 lacessendi
3377 1754 3709 1847 episcopum

364 1858 586 1923 gnatos,
620 1858 674 1905 et
713 1854 915 1908 multos
946 1854 1053 1907 sibi
1085 1854 1458 1926 obsequentes
1502 1872 1726 1926 pueros,
1761 1857 1984 1911 multam

365 1941 666 2010 potentiam
728 1952 1014 1998 assecutus
1070 1945 1123 1998 in
1169 1961 1360 2018 regno.
1415 1949 1545 2001 (lum
1589 1957 1772 2002 autem
1809 1949 1989 2002 nullus

369 2041 517 2087 esset
557 2033 969 2104 episcoporum,
1004 2036 1095 2106 qui
1131 2044 1300 2092 staret
1351 2054 1418 2092 ex
1448 2039 1679 2095 adverso
1719 2047 1770 2094 et
1803 2055 1985 2110 oppo-

367 2131 522 2175 neret
560 2138 617 2176 se
657 2139 870 2178 murum
906 2140 1001 2193 pro
1034 2126 1196 2180 domo
1232 2127 1421 2185 lsrael.
1465 2135 1524 2182 ut
1562 2136 1728 2183 staret
1755 2129 1809 2182 in
1841 2129 1987 2183 bello

372 2211 429 2264 in
458 2211 548 2264 die
578 2212 816 2278 Domini,
855 2213 1181 2270 Lantbertus
1203 2225 1537 2288 opportune,
1564 2220 1878 2290 importune
1901 2237 1988 2273 ar-

365 2304 566 2378 guebat
599 2306 932 2376 principem,
960 2314 1013 2361 et
1045 2308 1273 2363 alterum
1317 2326 1375 2364 se
1406 2311 1575 2364 Eliam
1609 2311 1695 2365 vel
1718 2313 1986 2368 Joannem

367 2392 677 2458 exhibebat,
711 2399 765 2448 et
809 2410 1043 2464 quorum
1102 2396 1415 2453 imitabatur
1453 2400 1652 2465 zelum,
1693 2401 1762 2454 ad
1792 2416 1982 2455 eorum

366 2499 587 2555 quoque
621 2485 884 2540 tendebat
926 2488 1202 2554 meritum,
1237 2499 1296 2543 ut
1335 2491 1534 2561 quibus
1595 2508 1694 2562 per
1758 2501 1877 2547 erat
1929 2494 1984 2547 in

364 2577 624 2631 certando
659 2579 992 2638 constantia.
1022 2596 1121 2649 par
1173 2580 1312 2637 foret
1361 2583 1419 2636 in
1474 2584 1748 2640 vincendo
1788 2585 1980 2656 gloria.

371 2663 510 2718 Elias
566 2664 678 2718 Aab
710 2665 891 2735 (1056)
1042 2683 1227 2740 regem
1287 2668 1452 2722 Israel
1499 2669 1712 2724 hostem
1765 2671 1986 2739 pertulit

368 2763 423 2810 et
462 2755 612 2820 vicit,
647 2765 702 2810 et
724 2773 849 2810 eum
881 2758 947 2811 ad
980 2759 1084 2813 hoc
1114 2760 1398 2831 arguendo
1432 2762 1671 2826 attraxit,
1713 2770 1771 2815 ut
1802 2762 1987 2816 inten-

369 2853 533 2902 tatam
571 2848 666 2902 Dei
722 2849 855 2903 iram
913 2866 943 2903 a
991 2866 1049 2904 se
1080 2850 1344 2918 differret,
1379 2870 1542 2924 quam
1574 2853 1715 2908 forte
1757 2870 1819 2908 ex
1873 2861 1986 2910 toto

371 2933 678 3008 etlugisset,
715 2937 819 2991 nisi
851 2953 974 2994 eum
1006 2939 1225 2995 Jezabel
1254 2957 1392 2996 uxor
1425 2958 1546 3008 sua,
1589 2951 1780 2997 contra
1818 2943 1984 2997 Deum

369 3029 672 3097 concitans,
700 3031 802 3085 sub
836 3040 1058 3102 peccato
1089 3034 1452 3090 vendidisset.

439 3120 526 3176 40.
561 3122 827 3179 Joannem
864 3125 1103 3180 Herodes
1143 3142 1203 3180 se
1243 3135 1562 3201 arguentem
1591 3129 1896 3196 metuebat,
1930 3139 1985 3185 et

371 3225 470 3280 pro
501 3227 568 3266 eo
600 3213 770 3266 multa
806 3211 1074 3280 faciebat;
1117 3217 1215 3268 sed
1269 3233 1394 3271 eum
1449 3233 1671 3289 quoque
1722 3219 1987 3275 Herodias

371 3319 507 3356 uxor
553 3318 652 3372 per
682 3303 959 3358 lasciviam
1016 3305 1263 3362 saltantis
1317 3306 1440 3362 filia:
1473 3311 1540 3363 ad
1575 3310 1980 3378 jusjurandum,

373 3397 428 3444 et
447 3407 544 3460 per
573 3391 676 3446 hoc
706 3392 774 3444 ad
817 3408 1010 3447 necem
1059 3395 1246 3450 Sancti
1282 3399 1544 3468 perpulit.
1570 3400 1782 3454 Tertius
1824 3401 1984 3468 Elias,

375 3481 461 3535 vel
499 3483 935 3538 alterJohannes
961 3493 1149 3542 noster
1167 3488 1378 3543 scilicet
1410 3488 1750 3552 Lantbertus,
1788 3492 1841 3546 in
1873 3493 1991 3562 spi—

379 3575 486 3629 ritu
531 3582 584 3630 et
608 3577 806 3633 virtute
838 3579 964 3633 Elia:
1019 3589 1074 3635 et
1108 3581 1360 3647 Joannis,
1395 3584 1558 3638 etiam
1583 3585 1702 3655 ipse
1750 3585 1992 3642 directus

379 3679 570 3732 parare
609 3665 752 3719 viam
824 3667 1077 3734 Domino,
1137 3671 1403 3744 arguebat
1475 3673 1644 3728 libere
1700 3673 1988 3745 Pippinum

382 3752 712 3823 principem,
738 3770 840 3810 nec
872 3758 1131 3812 secundae
1158 3758 1480 3815 Herodiadis
1505 3762 1732 3817 timebat
1755 3762 1984 3818 rabiem.

377 3843 514 3897 Nam
561 3846 708 3916 quod
761 3847 927 3902 animi
969 3849 1203 3905 habebat
1244 3851 1526 3920 Herodias,
1573 3871 1697 3908 cum
1750 3856 1990 3912 Herodes

375 3933 593 4002 Joanni,
627 3953 752 3992 eum
776 3955 873 4008 pro
902 3941 1175 3996 adulterio
1206 3944 1482 4015 arguenti,
1515 3944 1754 4000 libenter
1772 3962 1987 4002 accom-

377 4028 634 4084 modabat
684 4047 902 4097 aurem;
938 4033 1043 4088 hoc
1093 4034 1261 4088 animi
1321 4035 1558 4091 habebat
1588 4038 1752 4092 etiam
1801 4039 1991 4116 alpais

375 4119 576 4190 (1857),
607 4137 732 4176 cum
763 4123 1028 4194 Pippinus
1060 4126 1372 4192 Lantberto,
1430 4144 1556 4182 eum
1615 4145 1714 4199 pro
1747 4133 1987 4200 pelicatu

377 4227 477 4267 suo
506 4215 778 4285 arguenti,
811 4215 1130 4272 obediebat.
1168 4219 1437 4290 Equidem
1467 4221 1550 4275 vir
1567 4221 1704 4276 alias
1735 4223 1992 4278 laudabi-

376 4299 450 4355 lia
476 4309 532 4357 et
563 4302 875 4376 religiosus,
908 4305 1011 4360 hoc
1041 4315 1291 4377 excepto,
1325 4309 1552 4363 multum
1587 4310 1864 4367 Lantberti
1890 4313 1989 4382 ju-

374 4391 720 4448 cundabatur
747 4393 1016 4461 consiliis,
1077 4402 1131 4449 et
1174 4397 1397 4452 monitis
1446 4397 1766 4456 flectebatur
1796 4403 1891 4474 qui
1941 4404 1988 4458 si

375 4492 650 4538 amantem
680 4483 932 4555 pellicem
957 4485 1144 4541 fallere
1176 4487 1465 4557 potuisset,
1491 4489 1748 4546 nimirum
1775 4493 1990 4550 lucrose

377 4576 622 4631 audisset
642 4593 703 4632 se
742 4577 937 4633 merito
972 4577 1349 4650 increpantem
1380 4583 1691 4652 praesulem.
1744 4585 1886 4640 Elias
1934 4587 1990 4642 in

378 4664 577 4720 coelum
607 4673 795 4736 raptus
835 4674 1114 4736 exspectat
1162 4668 1343 4724 adhuc
1388 4686 1484 4739 per
1515 4673 1832 4728 Antichristi
1866 4676 1988 4748 gla-

379 4755 528 4812 dium
555 4757 799 4814 victorize
830 4759 1097 4830 palmam;
1126 4760 1408 4816 Johannes
1439 4777 1538 4832 pro
1569 4764 1796 4820 veritate
1825 4775 1991 4838 caput

453 4923 628 4990 (1053)
656 4925 837 5007 Drogo
857 4926 1168 5007 Campaniae
1195 4929 1324 5007 dux,
1357 4929 1576 5007 Pippini
1633 4938 1719 5007 e_t__
1745 4933 1992 5007 legitima

379 5009 550 5078 exere
579 5011 678 5049 sua
699 4996 1179 5078 Plectrude'filius,
1207 5001 1263 5054 in
1317 4996 1480 5078 variis
1509 4996 1831 5060 Annalibusw
1845 5007 1992 5078 apud

381 5065 648 5120 Cointium
677 5068 882 5123 obiisse
914 5077 1132 5126 notatur
1158 5087 1305 5126 anno
1336 5073 1456 5127 708.

451 5136 628 5220 (1054)
671 5138 793 5220 Fuit
818 5140 906 5220 hic
935 5141 1385 5220 alterlegitimus
1413 5143 1635 5220 Pippini
1671 5145 1840 5220 filius,
1872 5149 1989 5220 qui,

381 5207 703 5300 duml’an‘no
737 5210 935 5300 in
956 5207 1219 5300 ecclesia
1249 5207 1640 5300 S.._Lamberti
1680 5207 1863 5300 ‘Legiae
1889 5207 1992 5300 pro

380 5280 696 5356 aegrotantis
726 5281 897 5352 patris
949 5285 1034 5338 sui
1075 5285 1454 5342 incolumitate
1512 5296 1715 5356 oraret,
1761 5280 1993 5346 interfe-

381 5355 500 5404 ctus
522 5359 624 5404 est.

455 5419 628 5502 (1055)
673 5423 958 5504 qupnem
1009 5426 1226 5498 Pippini
1267 5429 1630 5504 domesticum
1685 5448 1748 5488 ac
1796 5441 1994 5504 poten-

381 5501 489 5563 tem
522 5495 698 5549 virum
731 5495 918 5563 fuisse,
967 5495 1240 5555 testantur
1281 5501 1444 5556 etiam
1501 5495 1909 5560 Godeschal'cus
1939 5512 1994 5561 et

383 5562 731 5645 Stephanus;
774 5569 872 5624 sed
908 5562 1476 5645 eumdem_Alpaidis
1523 5573 1745 5630 fratrem
1801 5575 1989 5645 fuisse,

384 5637 612 5716 primus,
637 5656 801 5716 quem
837 5639 989 5716 n_ovi,
1017 5639 1240 5716 scripsit
1273 5637 1603 5714 a'nonymus,
1646 5647 1802 5716 cujus
1826 5637 1994 5703 verba

386 5708 737 5769 recitavinius
767 5712 824 5769 in
860 5708 1262 5768 Commentario
1294 5708 1445 5768 num'.
1475 5708 1598 5771 128.

2087 1845 2552 1918 opportunitatem
2585 1850 2858 1915 quaerunt,
2899 1851 2952 1898 et
2991 1843 3341 1917 insurgentes
3368 1859 3492 1897 cum
3524 1843 3712 1899 omni-

2089 1936 2193 1991 bus
2221 1935 2335 1989 suis
2374 1933 2429 1987 in
2469 1933 2717 1988 ecclesiae
2773 1931 3138 2002 Trajectensis
3167 1933 3428 1987 familiam
3459 1948 3708 2000 omnem,

2089 2027 2460 2099 qualicunque
2490 2033 2606 2079 arte
2639 2034 2830 2080 contra
2849 2040 2945 2080 eos
2981 2025 3312 2079 calumniam
3345 2026 3706 2093 concinnant,

2089 2116 2317 2177 nullam,
2347 2131 2512 2186 quam
2543 2115 2623 2169 eis
2654 2113 2856 2168 inferre
2912 2121 3158 2184 possunt,
3201 2115 3515 2170 molestiam
3562 2131 3703 2186 pm-

2092 2204 2494 2268 termittunt;si
2527 2219 2636 2274 quo
2665 2203 2828 2258 modo
2859 2210 3085 2273 possent
3117 2220 3215 2274 per
3238 2204 3341 2260 hoc
3367 2205 3704 2259 sententiam

2091 2296 2338 2368 praesulis
2368 2295 2670 2361 inﬂectere,
2703 2303 2762 2350 ut
2790 2295 2982 2350 saltem
3014 2311 3179 2351 causa
3205 2311 3429 2351 suorum
3458 2313 3490 2350 a
3522 2297 3714 2351 redar-

2084 2386 2310 2460 gutione
2342 2385 2608 2456 principis
2652 2385 2961 2440 desisteret.
3006 2385 3114 2440 Sed
3168 2403 3255 2440 res
3291 2386 3449 2440 aliter
3489 2402 3553 2441 ac
3605 2388 3711 2442 rati

2087 2484 2263 2541 erant,
2296 2474 2479 2529 cessit.
2505 2474 2690 2529 Justus
2732 2490 2955 2545 nempe,
2983 2480 3042 2528 ut
3067 2474 3154 2529 leo
3185 2473 3498 2541 conﬁdens,
3521 2475 3708 2546 clipeo

2089 2567 2370 2639 patientia:
2419 2574 2608 2621 contra
2643 2581 2840 2621 omnes
2879 2582 2938 2621 se
2994 2566 3233 2636 protexit
3299 2566 3581 2632 incursus,
3654 2575 3711 2622 et

2086 2659 2270 2735 gladio
2301 2657 2557 2728 Spiritus,
2588 2658 2736 2728 quod
2769 2667 2853 2711 est
2902 2658 3135 2711 verbum
3173 2657 3288 2724 Dei,
3317 2665 3507 2712 contra
3528 2657 3715 2712 minas

2085 2753 2318 2802 terrenae
2349 2746 2638 2817 potestatis
2667 2762 2727 2800 se
2775 2745 3032 2813 accinxit,
3081 2752 3134 2799 et
3164 2746 3374 2817 galeam
3406 2747 3602 2801 salutis
3634 2747 3717 2801 in-

2089 2836 2252 2890 dutus
2284 2835 2483 2908 agebat
2513 2834 2892 2890 indubitanter
2943 2850 3058 2888 rem
3098 2835 3373 2889 veritatis.
3436 2835 3499 2890 Et
3528 2836 3714 2906 primo

2088 2925 2312 2996 quidem
2353 2925 2557 2981 blande
2586 2926 2952 2997 compellebat
2994 2942 3109 2992 eos,
3171 2935 3226 2981 et
3271 2927 3477 3000 quibus
3533 2928 3720 2983 modis

2013 3035 2062 3102 Ο
2090 3014 2266 3085 pietas
2305 3014 2498 3082 Patris,
2549 3023 2604 3069 et
2647 3030 2882 3070 censura
2923 3015 3175 3085 praesulis
3209 3022 3450 3087 poterat,
3497 3031 3598 3072 eos
3646 3017 3717 3071 ab

2088 3107 2290 3176 injusta
2328 3107 2645 3162 deterrebat
2673 3107 2964 3163 violentia.

2155 3199 2242 3252 42.
2278 3199 2387 3253 Sed
2428 3200 2558 3270 quia
2589 3200 2645 3254 in
2681 3207 2910 3255 ventum
2939 3199 3208 3255 fundebat
3234 3201 3426 3270 verba,
3459 3217 3519 3257 se
3551 3219 3720 3274 quam

2087 3287 2430 3346 familiariter
2451 3291 2504 3345 in
2533 3291 2701 3346 Deum
2728 3292 3006 3362 rejiciens,
3035 3293 3285 3348 dicebat:
3308 3293 3580 3368 Exsurge,
3610 3296 3723 3350 Do-

2091 3385 2260 3453 mine,
2296 3393 2350 3440 et
2375 3386 2564 3454 judica
2594 3402 2815 3441 causam
2845 3403 3063 3452 meam;
3112 3403 3324 3443 memor
3355 3396 3473 3444 esto
3506 3405 3720 3460 Oppre-

2093 3477 2194 3532 brii
2226 3493 2506 3533 servorum
2533 3485 2771 3535 tuorum.
2802 3501 2820 3529 ι
2855 3478 3036 3533 Atfilii
3067 3479 3236 3534 Belial
3259 3480 3441 3536 acrius
3456 3481 3549 3535 Dei
3579 3482 3725 3538 tide-

2093 3569 2174 3625 les
2202 3569 2563 3640 impetebant,
2587 3580 2642 3626 et
2667 3571 2818 3626 omni
2856 3587 3059 3644 genere
3113 3573 3351 3628 nocendi
3383 3575 3726 3631 tribulabant

2093 3660 2438 3716 innocentes.
2475 3661 2577 3730 llli,
2607 3662 2808 3734 quibus
2834 3679 2920 3717 res
2940 3669 3056 3717 erat
3081 3678 3179 3732 pro
3207 3663 3415 3731 anima,
3443 3674 3498 3718 et
3520 3666 3724 3736 quibus

2092 3756 2206 3805 tota
2234 3765 2360 3820 spes
2411 3750 2467 3804 in
2509 3751 2628 3805 sola
2683 3751 3004 3806 innocentia
3050 3751 3349 3822 pendebat,
3397 3752 3721 3809 inconsulto

2091 3841 2354 3914 episcopo
2384 3842 2548 3896 armis
2577 3842 2796 3897 obviam
2837 3843 2914 3897 ire
2942 3849 3156 3914 parant,
3191 3851 3249 3898 ut
3300 3851 3395 3898 aut
3433 3844 3724 3900 ulciscan-

2091 3942 2179 3990 tur
2203 3951 2332 3990 suas
2376 3935 2629 4003 injurias,
2677 3944 2770 3990 aut
2803 3951 2868 3990 ne
2914 3935 3220 3992 moriantur
3252 3936 3436 3993 inulti.
3487 3937 3724 3994 Concur.

2091 4046 2210 4085 sum
2243 4037 2346 4096 est,
2381 4038 2683 4102 pugnatum
2716 4037 2816 4086 est.
2853 4031 3103 4102 Pugnant
3138 4031 3215 4084 illi
3249 4047 3348 4102 pro
3380 4033 3724 4092 temeritate,

2089 4127 2400 4192 repugnant
2438 4119 2524 4174 isti
2561 4136 2658 4191 pro
2690 4120 2896 4174 salute:
2930 4120 3139 4175 Gallum
3169 4129 3223 4176 et
3257 4122 3540 4189 Rioldum,
3572 4139 3716 4180 con-

2091 4207 2428 4283 sanguineos
2457 4208 2723 4275 Dodonis,
2755 4208 2898 4264 locat
2936 4210 3200 4279 superbia
3228 4210 3284 4264 in
3333 4211 3511 4281 prima
3543 4212 3723 4269 fronte

2093 4303 2248 4368 belli,
2280 4303 2497 4358 Petrum
2531 4309 2586 4358 et
2631 4303 2989 4371 Audolecum,
3019 4305 3466 4376 consanguineos
3507 4324 3725 4378 praesuc

2019 4370 2074 4438 D
2095 4398 2181 4464 lis,
2228 4414 2294 4453 ex
2327 4399 2560 4454 adverso
2591 4398 2647 4452 in
2681 4401 2857 4469 prima
2893 4370 3008 4454 acie
3040 4370 3276 4470 opponit
3316 4370 3555 4469 iustitia.
3588 4403 3723 4457 Galli

2091 4501 2145 4547 et
2178 4491 2358 4547 Bioldi
2397 4493 2703 4564 degeneres
2731 4492 2947 4549 animos
2997 4492 3161 4547 timor
3211 4494 3423 4565 arguit;
3478 4495 3624 4550 Petri
3669 4502 3724 4550 et

2094 4581 2358 4637 Audoleci
2409 4582 2662 4636 dexteras
2718 4580 2786 4637 ad
2835 4581 3092 4636 virtutem
3151 4581 3315 4655 erigit
3370 4583 3716 4638 innocentia.

2089 4677 2276 4732 Virtus
2330 4676 2662 4733 innocentiae
2709 4675 2860 4742 favit,
2892 4674 3126 4731 victoria
3166 4676 3333 4730 cessit
3367 4675 3506 4746 parti
3543 4677 3717 4731 eccle.

2091 4769 2355 4824 siasticae:
2392 4768 2574 4823 Gallus
2628 4784 2692 4823 ac
2730 4767 2979 4834 Rioldus,
3020 4765 3278 4822 factionis
3308 4767 3517 4838 iniquae
3562 4767 3717 4838 prin-

2164 4935 2342 5006 (1056)
2370 4936 2512 5010 Lege
2534 4934 2740 5010 Achab.
2775 4934 2869 4988 Hic
2895 4934 2951 5010 i_n
2982 4949 3082 4987 ms.
3127 4939 3333 5010 nostro
3358 4933 3568 5010 deinde
3610 4950 3712 4991 vox

2094 5004 2203 5062 una
2234 5015 2324 5062 aut
2353 5004 2522 5062 alte'ra
2552 5006 2776 5072 excidit,
2809 5014 2869 5060 ut
2899 5005 3054 5060 locus
3085 5020 3289 5059 vacuus
3321 5004 3548 5059 indicat.

2164 5079 2337 5148 (1057)
2367 5080 2423 5133 In
2443 5094 2543 5132 ms.
2581 5084 2765 5132 nostro
2797 5075 3063 5131 mendose
3096 5077 3187 5130 hic
3214 5075 3416 5148 legitur
3445 5076 3708 5148 Alpaidis.

2093 5147 2260 5205 Porro
2306 5148 2614 5223 hicjncipit
2646 5148 2972 5223 Sigcbertus
3018 5155 3209 5223 contra
3256 5147 3617 5223 Godeschalci
3650 5164 3715 5203 ac

2094 5222 2356 5292 Stephani
2398 5220 2578 5292 fidem
2606 5218 2802 5275 novam
2850 5218 3096 5289 martyrii
3145 5219 3199 5274 S.
3259 5218 3535 5272 Lamberti
3581 5235 3710 5274 cau-

2094 5291 2207 5349 sam
2239 5291 2606 5348 comminisci.

2169 5364 2344 5441 (1058)
2373 5363 2579 5441 Gallum
2608 5369 2661 5416 et
2694 5361 2944 5441 Rioldum
2976 5360 3222 5440 Dodonis
3247 5360 3706 5441 consanguineos

2096 5436 2267 5491 fuisse
2291 5431 2347 5489 et
2375 5434 2780 5503 Trajecteusem
2813 5431 3104 5487 ecclesiam
3146 5432 3353 5501 rapinis
3379 5431 3501 5486 suis
3527 5431 3706 5502 gravi-

2094 5514 2179 5564 ter
2207 5505 2485 5571 afﬂixisse,
2536 5505 2730 5560 didicit
2767 5520 2831 5558 ex
2861 5503 3231 5557 Godeschalco
3271 5510 3324 5556 et
3369 5503 3654 5571 Stephano
3689 5521 3702 5556 :

2094 5594 2284 5634 verum
2341 5577 2395 5631 bi
2423 5576 2628 5631 nullam
2670 5574 2954 5648 afﬂigendi
2987 5590 3208 5629 causam
3251 5573 3564 5645 assignant,
3603 5589 3706 5630 nec

2095 5648 2338 5720 Alpaidis
2351 5665 2594 5721 unquam
2615 5646 3008 5703 meminerunt.
