3960 6198
246 321 357 378 801

1447 321 1596 376 VITA
1638 320 1896 377 ALTERA
1937 319 1993 373 S.
2039 315 2388 372 LAMBEBTI.

3476 325 3584 382 802

244 451 426 521 cipes,
467 448 595 504 caesi
626 454 926 520 oppetunt;
973 449 1166 503 Petrus
1194 454 1359 520 atque
1400 449 1728 517 Audolecus,
1763 449 1866 505 Ec—
1888 452 1944 522 Α
1966 445 2189 516 Vesperi
2212 450 2441 516 parente
2459 446 2636 500 redire
2653 447 3006 518 episcopo,ei
3043 466 3142 522 per
3170 452 3583 525 suggestionem

248 545 434 602 clesiae
472 543 748 610 vindices,
781 542 1029 598 referunt
1066 542 1328 598 vexillum
1383 543 1625 599 victoria:
1663 542 1864 614 (1059)·

253 639 480 694 Confusi
513 644 639 692 sunt
671 637 846 708 impii,
891 653 995 691 nec
1025 636 1397 700 erubuerunt;
1438 637 1564 691 victi
1596 643 1744 702 sunt,
1774 636 1870 690 sed

253 729 540 804 defatigati
574 744 683 784 non
715 734 1036 782 cesserunt:
1070 726 1222 781 Dodo
1247 727 1416 792 enim,
1447 727 1540 797 qui
1583 725 1757 782 fuerat
1787 725 1872 780 in-

251 830 449 879 centor
478 821 723 877 omnium
775 821 1039 874 malorum
1077 819 1189 888 jam
1221 825 1276 874 et
1306 820 1423 890 ipse
1452 819 1689 874 efﬁcitur
1717 818 1874 886 belli,

253 919 467 977 auctor,
501 918 555 965 et
576 909 947 980 vilipendens,
987 907 1136 980 quod
1175 909 1243 963 de
1273 907 1653 963 sacerdotibus
1675 908 1873 962 dicitur

247 1003 450 1073 exzore
477 1001 606 1056 Dei:
645 1021 669 1051 α
713 1000 813 1065 Qui
857 1000 1030 1073 tangit
1067 1015 1184 1067 vos,
1217 1001 1390 1072 tangit
1433 999 1694 1070 pupillam
1725 997 1872 1054 oculi

252 1095 405 1158 mei;
449 1113 478 1144 ι
510 1100 790 1163 grassatur
845 1092 902 1145 in
954 1091 1132 1162 ipsum
1184 1096 1347 1161 caput
1377 1091 1549 1146 sancti
1599 1089 1872 1160 episcopi,

259 1185 497 1238 devovet
529 1198 654 1236 eum
701 1181 885 1249 morti,
920 1181 973 1235 in
1007 1197 1132 1236 eum
1164 1180 1340 1236 solum
1373 1187 1653 1252 retorquet
1698 1195 1873 1251 nepo-

251 1283 371 1331 tum
405 1291 627 1330 suorum
660 1274 951 1330 ultionem.

326 1368 415 1422 43.
451 1367 716 1438 Pippinus
747 1367 1009 1437 princeps
1042 1366 1150 1421 illis
1180 1366 1378 1421 diebus
1407 1364 1663 1436 Jopiliam
1698 1363 1874 1434 (1060)

245 1461 504 1522 venerat,
537 1455 606 1510 ad
648 1454 831 1510 villam
882 1453 1097 1526 Leggiae
1143 1453 1481 1525 contiguam,
1511 1453 1605 1507 ubi
1640 1453 1723 1507 vir
1747 1469 1878 1506 san-

255 1556 402 1617 ctus,
434 1548 588 1620 quasi
617 1563 718 1618 pro
757 1547 909 1618 regni
951 1547 1172 1619 negotio
1201 1547 1268 1601 ad
1298 1547 1418 1616 ejus
1447 1547 1652 1602 curiam
1681 1546 1881 1601 invita-

259 1651 370 1706 tus,
429 1657 582 1696 suam
633 1639 983 1711 praesentiam
1033 1654 1144 1694 non
1203 1639 1442 1713 negavit.
1512 1640 1774 1710 Princeps
1826 1645 1881 1694 et

1969 537 2184 608 pellicis
2234 553 2266 591 a
2300 537 2549 608 principe
2583 537 2831 608 jubetur,
2876 556 2943 594 ne
2976 542 3135 597 abeat
3165 543 3456 600 insalutata
3486 559 3585 600 sua

1971 629 2227 703 conjuge.

2044 726 2134 779 45.
2176 724 2501 794 EpiSCOpus,
2557 725 2818 797 loquente
2850 726 2906 780 in
2956 743 3014 782 se
3066 728 3270 799 Spiritu
3323 732 3588 800 veritatis,

1975 820 2190 886 Testor,
2221 818 2314 882 ait,
2344 833 2375 872 o
2399 819 2634 873 maxime
2671 819 2948 892 princeps,
2994 829 3164 878 testor
3201 841 3330 879 vere
3381 826 3591 892 Iesum,

1971 927 2126 982 spem
2169 909 2291 964 vitze
2318 917 2540 977 nostrae,
2572 927 2661 966 me
2690 927 2970 984 nunquam
3005 912 3312 970 fornicarize
3340 931 3594 972 commu-

1973 1001 2310 1063 nicaturum;
2343 999 2472 1070 quia
2502 1000 2779 1054 mandavit
2808 1001 2969 1056 nobis
3001 1003 3231 1058 Paulus:
3276 1025 3300 1054 α
3342 1005 3420 1059 Ne
3451 1019 3596 1060 com-

1972 1086 2316 1142 misceamini
2343 1086 2672 1141 fornicariis.
2713 1113 2737 1134 ιο
2764 1087 2972 1154 Testor,
3009 1090 3255 1161 inquam,
3289 1093 3480 1156 Deum,
3508 1108 3599 1148 me

1976 1193 2256 1248 nunquam
2290 1193 2408 1232 eam
2453 1177 2841 1244 salutaturum;
2875 1180 3004 1250 quia
3049 1181 3163 1235 scio
3207 1181 3414 1236 dixisse
3454 1182 3597 1236 ami-

1978 1281 2100 1320 cum
2152 1264 2248 1320 Dei
2273 1266 2574 1322 Joannem:
2620 1291 2645 1313 α
2679 1267 2733 1320 Si
2764 1267 2888 1338 quis
2933 1283 3043 1322 non
3072 1275 3358 1338 permanet
3409 1270 3464 1323 in
3493 1270 3596 1325 do-

1976 1359 2152 1414 ctrina
2183 1357 2400 1425 Christi,
2434 1374 2542 1412 non
2575 1375 2702 1413 eum
2735 1360 3041 1430 recipiatis,
3075 1377 3177 1415 nec
3206 1378 3305 1415 ave
3349 1362 3400 1416 ei
3443 1361 3599 1416 dixe-

1978 1451 2122 1504 ritis:
2153 1451 2247 1521 qui
2302 1450 2447 1504 enim
2490 1449 2623 1504 dicit
2650 1449 2727 1503 illi
2772 1466 2889 1517 ave,
2933 1452 3305 1507 communicat
3329 1453 3597 1522 operibus

1981 1545 2130 1600 illius
2181 1545 2457 1619 malignis.
2492 1567 2512 1594 ι
2549 1545 2621 1598 Te
2671 1545 2722 1599 ei
2752 1546 3161 1602 communicare
3218 1546 3383 1601 nimis
3411 1548 3595 1616 doleo,

1980 1644 2035 1692 te
2067 1635 2216 1692 nolle
2237 1636 2568 1707 resipiscere
2594 1653 2738 1710 wgre
2772 1636 2916 1702 fero;
2953 1647 3176 1709 prepter
3203 1638 3305 1693 hoc
3333 1639 3427 1692 Dei
3460 1640 3594 1694 iram

245 1731 538 1803 principis
577 1729 760 1800 pellex
800 1728 1005 1784 vultum
1056 1736 1320 1784 serenant
1359 1735 1547 1784 contra
1589 1745 1746 1793 eum;
1789 1728 1881 1782 alii
1905 1753 1958 1821 B
1983 1729 2083 1783 tibi
2111 1729 2298 1784 timeo.
2329 1728 2512 1783 Pellex
2536 1729 2701 1800 igitur
2727 1729 3136 1796 videns,causae
3165 1746 3277 1784 sua:
3306 1730 3446 1784 nihil
3477 1747 3596 1786 esse

263 1823 398 1877 iram
435 1821 804 1883 dissimulant,
848 1819 1112 1874 simulant
1143 1821 1236 1874 alii
1295 1821 1560 1885 laetitiam,
1593 1819 1749 1874 multi
1782 1835 1881 1891 pro

259 1923 362 1962 suo
395 1908 632 1979 quisque
685 1907 912 1962 arbitrio
953 1907 1200 1962 habitum
1253 1909 1436 1963 cordis
1486 1908 1716 1964 variant.
1749 1909 1883 1963 Tra-

258 1993 443 2048 ctabat
473 2000 653 2048 autem
695 1994 874 2064 pellex
905 2000 1216 2064 opportune
1264 1995 1506 2066 aliquem
1539 2011 1732 2066 parare
1774 1995 1882 2050 sibi

258 2097 624 2160 precatorem,
656 2105 755 2160 per
783 2091 940 2159 cujus
990 2090 1361 2146 interventum
1395 2099 1582 2162 posset
1611 2091 1716 2146 sibi
1745 2106 1883 2146 con-

264 2182 455 2237 ciliare
483 2183 728 2237 animum
762 2182 1030 2254 episcopi,
1071 2183 1157 2238 vel
1206 2184 1399 2238 saltem
1455 2183 1523 2238 ab
1573 2182 1885 2254 importuna

263 2274 702 2344 reprehensione
743 2273 1010 2344 principis
1068 2275 1545 2346 inprzesentiarum
1609 2274 1880 2349 mitigare.

265 2365 588 2420 Convivium
633 2369 952 2435 apparatur;
995 2363 1257 2418 invitatur
1309 2364 1636 2435 episcopus;
1680 2365 1885 2433 jucun-

266 2461 431 2515 datur
463 2476 692 2530 prorsus
746 2459 926 2515 omnis
968 2459 1190 2514 curialis
1234 2459 1566 2532 frequentia.
1626 2459 1886 2530 Princeps

266 2548 516 2603 oblatum
549 2548 654 2602 sibi
683 2565 713 2602 a
747 2547 1014 2618 pincerna
1046 2549 1301 2618 poculum
1337 2549 1517 2604 innuit
1545 2547 1884 2604 afferendum

263 2658 393 2698 esse
425 2643 709 2713 episc0p0,
745 2641 954 2696 ducens
980 2641 1392 2697 benedictionis
1414 2643 1554 2710 vice,
1578 2643 1622 2697 si
1656 2643 1724 2697 de
1751 2659 1888 2698 con-

261 2741 482 2789 secrata
539 2733 717 2788 sancti
764 2732 1011 2803 episcopi
1064 2750 1232 2787 manu
1274 2733 1530 2804 poculum
1589 2735 1885 2804 acciperet,

267 2826 422 2898 quod
470 2827 600 2881 olim
641 2843 672 2880 a
715 2826 966 2886 Martino.
1019 2825 1326 2880 Turonensi
1361 2825 1646 2897 episcOpo,
1679 2825 1890 2880 sciebat

269 2921 538 2993 quaesisse
567 2920 854 2975 Maximum
891 2921 1280 2992 imperatorem
1320 2919 1524 2989 (1061).
1565 2919 1670 2974 Sed
1705 2919 1891 2992 Pippi-

274 3029 382 3067 nus
411 3013 677 3082 majorem
721 3013 1164 3068 benedictionem
1224 3029 1252 3066 a
1286 3012 1582 3068 Lantberto
1611 3013 1890 3084 percepis-

1983 1823 2204 1894 reliqui,
2230 1823 2590 1895 jamjamque,
2625 1823 2668 1876 si
2710 1823 2806 1878 diu
2868 1825 3084 1879 advivat
3136 1825 3485 1890 Lantbertus,
3530 1827 3601 1880 ti-

1983 1927 2142 1966 mens
2179 1911 2286 1966 sibi
2321 1912 2610 1966 imminere
2647 1911 2966 1978 divortium,
2999 1928 3110 1966 rem
3154 1919 3322 1968 totam
3355 1914 3596 1969 seriatim

1983 2004 2134 2060 fratri
2168 2004 2375 2061 furioso
2399 2005 2646 2072 mandat,
2673 2014 2727 2060 et
2757 2006 2940 2060 oleum
2982 2006 3198 2062 camino
3229 2007 3458 2075 addens,
3491 2007 3599 2063 ob-

1984 2103 2234 2163 testatur,
2267 2103 2328 2150 ut
2367 2097 2694 2167 quantocius
2725 2102 2850 2170 agat
2880 2095 2949 2150 de
2975 2096 3283 2152 occidendo
3315 2097 3599 2168 episcopo.

1984 2193 2261 2257 Dolorem,
2295 2209 2458 2264 quem
2490 2192 2641 2248 Dodo
2672 2192 2907 2246 habebat
2931 2193 2999 2247 de
3027 2209 3161 2248 nece
3187 2201 3450 2264 nepotum
3473 2210 3603 2249 suo-

1986 2297 2128 2353 rum,
2157 2285 2526 2358 exaggerabat
2554 2283 2866 2358 geminatus
2896 2284 2965 2338 de
2997 2285 3218 2354 repulsa
3247 2284 3451 2340 sororis
3488 2301 3603 2340 suae

1988 2374 2178 2439 dolor;
2216 2375 2440 2446 jamque
2471 2373 2524 2427 in
2561 2374 2666 2428 hoc
2693 2380 2840 2428 totus
2869 2381 3010 2441 erat,
3059 2382 3120 2428 ut
3177 2373 3284 2428 sibi
3315 2381 3373 2428 et
3428 2374 3600 2429 sorori

1986 2481 2100 2520 suae
2141 2465 2500 2520 satisfaceret.

2057 2553 2141 2607 46.
2178 2552 2363 2607 Praeco
2397 2551 2646 2607 veritatis
2701 2551 3053 2619 Lantbertus,
3110 2553 3218 2621 jam
3248 2553 3484 2608 tendens
3537 2554 3606 2610 ad

1988 2640 2236 2696 bravium
2257 2656 2514 2712 supernae
2541 2641 2862 2700 vocationis.
2883 2649 3111 2696 venerat
3133 2641 3427 2708 Leodium;
3455 2642 3608 2701 Dodo

1987 2746 2117 2787 vero
2164 2730 2232 2784 ad
2281 2730 2460 2785 vicum
2519 2729 2782 2784 Auridum
2839 2739 3162 2800 secesserat,
3218 2733 3350 2787 satis
3404 2733 3608 2789 Leodio

1989 2819 2340 2894 contiguum:
2384 2825 2541 2890 parat
2572 2835 2741 2881 arma,
2803 2820 2984 2874 socios
3017 2828 3298 2894 aggregat,
3355 2838 3387 2877 a
3439 2823 3606 2878 domo

1991 2915 2153 2970 etiam
2185 2914 2358 2986 regia,
2381 2929 2481 2969 suo
2511 2914 2596 2969 vel
2627 2913 2832 2968 sororis
2861 2930 2974 2968 suae
3006 2915 3229 2970 nomine
3261 2925 3610 2987 comparatos

1991 3012 2184 3059 evocat
2203 3003 2538 3059 auxiliarios.
2575 3003 2864 3058 Dilationis
2895 3019 3076 3059 moras
3103 3005 3240 3071 odit,
3265 3005 3374 3060 iras
3401 3006 3612 3081 colligit

269 3108 376 3168 set,
409 3117 574 3173 quam
614 3102 878 3157 Maximus
929 3102 1226 3172 imperator
1263 3117 1294 3155 a
1351 3100 1582 3156 Martino
1623 3100 1890 3171 percepit,
1917 3123 1967 3192 Ο
1993 3097 2322 3166 diﬁerendo,
2365 3099 2654 3154 irascendo
2691 3099 2945 3154 stimulos
2973 3097 3172 3155 furoris
3203 3101 3270 3155 ad
3297 3109 3476 3156 cotem
3500 3102 3608 3156 du-

266 3195 314 3248 si
348 3195 511 3249 talem
535 3195 762 3269 gratiam
791 3193 938 3264 apud
971 3193 1323 3248 Lantbertum
1368 3207 1509 3249 uxor
1535 3192 1753 3264 Pippini
1781 3209 1893 3248 me-

275 3287 480 3342 ruisset
511 3286 731 3358 qualem
763 3287 910 3358 apud
940 3286 1231 3342 Martinum
1259 3302 1399 3342 uxor
1426 3285 1643 3341 Maximi
1674 3301 1889 3357 prome-

270 3379 386 3435 ruit
419 3380 620 3451 (1062).

342 3475 432 3530 44.
471 3474 733 3530 Martinus
794 3476 1040 3532 melioris
1090 3475 1326 3531 Maximo
1383 3476 1714 3546 imperatore
1743 3476 1894 3531 aesti-

269 3565 440 3619 mavit
491 3563 877 3636 presbyterum
937 3581 1120 3631 suum,
1162 3565 1250 3620 cui
1313 3563 1574 3635 poculum
1624 3563 1888 3634 porrexit.

270 3664 400 3712 ante
443 3671 667 3730 regem;
713 3656 1040 3711 Lantbertus
1095 3656 1307 3711 nullum
1352 3655 1589 3726 Pippino
1630 3656 1886 3726 praetulit.

272 3745 596 3816 Exemplum
628 3745 894 3816 principis
919 3745 1092 3800 secuti
1117 3745 1359 3800 minores
1391 3759 1667 3815 proceres,
1697 3760 1894 3800 omnes

269 3857 303 3896 a
341 3846 531 3894 sancta
560 3855 725 3893 manu
757 3839 929 3894 sancti
957 3838 1205 3910 episcopi
1237 3839 1495 3910 poculum
1524 3838 1628 3894 sibi
1689 3838 1895 3913 porrigi

270 3931 598 4007 efﬂagitant.
635 3931 768 3984 Dum
797 3930 864 3984 ad
894 3930 1001 3985 hoc
1025 3945 1220 3985 omnes
1251 3929 1453 3984 mistim
1487 3930 1721 3996 irruunt,
1755 3936 1810 3986 et
1835 3946 1894 3985 se

270 4024 508 4080 confuse
553 4023 831 4094 ingerunt,
867 4028 924 4076 ut
950 4022 1089 4076 alter
1127 4021 1360 4077 alterum
1404 4022 1732 4094 praeveniat;
1767 4038 1896 4079 ecce

271 4111 456 4183 pellex
488 4126 587 4166 sua
617 4126 782 4164 manu
814 4109 1121 4166 clanculum
1153 4111 1412 4165 manibus
1455 4111 1688 4167 aliorum
1720 4111 1895 4167 inter-

270 4200 454 4263 mista,
487 4198 772 4272 satagebat
801 4197 886 4252 vel
918 4197 996 4252 sic
1027 4197 1095 4253 de
1118 4214 1283 4252 manu
1316 4197 1563 4270 episcOpi
1597 4198 1897 4270 praeripere

272 4287 556 4360 poculum.
592 4285 688 4340 llle
720 4292 844 4340 ante
877 4293 930 4340 et
961 4292 1105 4341 retro
1138 4287 1408 4352 oculatus,
1452 4288 1706 4356 przecavit
1735 4286 1899 4341 femi-

223 4370 239 4380 ’
271 4391 408 4430 neas
438 4374 668 4429 insidias
720 4374 940 4429 callenti
987 4374 1193 4441 animo,
1235 4381 1289 4430 et
1315 4375 1383 4429 ad
1424 4375 1731 4446 principem
1761 4391 1897 4431 con-

1992 3189 2194 3247 rissimi
2239 3191 2420 3247 cordis
2477 3190 2642 3247 acuit.
2691 3191 3018 3246 Lantbertus
3075 3193 3295 3248 interim
3338 3211 3606 3264 praescius

1994 3279 2199 3334 instare
2255 3296 2414 3335 suum
2472 3295 2749 3355 agonem,
2799 3288 3017 3336 noctem
3087 3281 3236 3336 illam
3299 3283 3609 3338 insomnem

1993 3369 2167 3435 duxit,
2231 3384 2341 3424 non
2399 3369 2530 3441 quia
2589 3378 2862 3426 terrerent
2916 3386 3040 3425 eum
3097 3371 3280 3443 aliqua
3335 3372 3609 3428 insomnia

1993 3461 2184 3516 mortis
2236 3461 2333 3517 sed
2385 3462 2514 3532 quia
2565 3478 2665 3533 spe
2715 3464 3138 3534 praeoccupabat
3176 3463 3357 3520 futura
3406 3466 3608 3537 quietis

1993 3552 2208 3625 gaudia.
2254 3553 2312 3605 In
2344 3552 2464 3622 ipso
2491 3569 2729 3625 namque
2747 3555 3048 3611 conticinio
3080 3557 3258 3612 noctis
3287 3573 3520 3629 surgens
3543 3559 3612 3613 ad

1993 3642 2366 3698 confitendum
2398 3643 2651 3710 Domino,
2683 3647 2936 3717 angelico
2977 3662 3035 3701 se
3067 3647 3123 3700 in
3155 3649 3316 3703 terris
3344 3648 3614 3721 obsequio

1995 3731 2305 3788 exercebat.
2333 3733 2470 3788 Hora
2497 3733 2841 3790 celebrandae
2875 3744 3158 3790 nocturnae
3179 3737 3398 3808 synaxis
3429 3738 3613 3809 (1064)

1997 3821 2244 3876 excitatis
2273 3820 2581 3892 discipulis,
2606 3821 2709 3876 ait:
2743 3822 2961 3897 Surgite
2985 3823 3160 3890 ocius,
3192 3825 3445 3894 promisit
3469 3826 3617 3880 Deus

1998 3928 2256 3968 coronam
2273 3913 2642 3984 vigilantibus.
2678 3912 2872 3969 Officio
2901 3915 3143 3984 expleto,
3173 3915 3363 3970 caeteri
3394 3916 3616 3972 selecto

1999 4006 2264 4071 reddunt;
2307 4006 2426 4077 ipse
2471 4012 2692 4076 praestat
2735 4006 2894 4077 [forte
2946 4008 3167 4078 perstat]
3231 4009 3362 4064 boni
3429 4010 3617 4080 operis

1997 4111 2214 4151 cursum
2291 4095 2749 4150 consummando.
2823 4094 2974 4150 Circa
3045 4095 3430 4167 crepusculum
3493 4113 3618 4154 cor-

2001 4201 2135 4258 pore
2162 4186 2476 4257 corruptivo
2530 4193 2860 4261 aggravante
2903 4187 3166 4254 animam,
3230 4188 3395 4259 coepit
3433 4205 3619 4244 exem-

1999 4275 2092 4346 plo
2129 4275 2345 4330 Domini
2403 4274 2586 4329 euntis
2622 4275 2690 4330 ad
2740 4275 3052 4347 passionem
3115 4276 3340 4342 taedere,
3403 4284 3456 4332 et
3485 4293 3618 4332 ocu-

1999 4372 2067 4426 lis
2131 4371 2366 4446 gravatis
2420 4386 2638 4439 somno,
2695 4372 2954 4443 captabat
3011 4373 3292 4428 dormiens
3340 4372 3615 4428 modicum

269 4483 489 4533 versus,
540 4465 608 4520 de
657 4465 940 4519 nimietate
998 4464 1254 4520 femineae
1283 4464 1732 4535 priesumptionis
1763 4479 1976 4566 con-D
2001 4465 2224 4538 quietis.

273 4560 549 4632 queritur,
573 4573 694 4630 quae
723 4557 921 4612 callida
951 4564 1067 4612 arte
1099 4558 1385 4630 quaesisset
1413 4557 1631 4612 inurere
1661 4555 1768 4611 sibi
1793 4572 1900 4612 no-

274 4661 387 4708 tam
421 4667 531 4706 non
585 4648 800 4720 placitae
832 4650 943 4705 Deo
982 4649 1410 4705 communionis.
1475 4648 1608 4703 lnde
1667 4665 1727 4703 se
1769 4650 1900 4704 aula

277 4743 575 4816 proripuit,
607 4748 900 4797 etomnem
933 4741 1082 4796 illam
1116 4740 1440 4813 principalis
1456 4740 1691 4796 convivii
1722 4741 1901 4795 immi-

278 4837 402 4892 nuit
425 4835 831 4905 jncunditatem
882 4834 1085 4906 (1063).
1120 4833 1232 4889 Nec
1269 4833 1349 4889 sic
1387 4833 1600 4905 quievit
1657 4833 1900 4889 versutia

278 4927 575 4995 femineae,
633 4926 772 4981 nihil
821 4925 1056 4982 volentis
1137 4925 1459 4998 relinquere
1521 4925 1891 4996 inexpertum.

354 5132 539 5204 (1059)
576 5132 767 5188 Totum
803 5131 1007 5187 bellum
1050 5131 1154 5188 hoc
1183 5131 1507 5204 Sigebertus
1546 5148 1645 5204 pro
1674 5148 1774 5188 suo
1815 5133 1902 5187 in-

280 5203 920 5280 genio_exornavit_,‘cum
945 5203 1348 5280 Go_d_es_c_haléus
1373 5212 1429 5280 et
1450 5203 1777 5280 Stephanus
1788 5212 1904 5280 tan-

284 5275 398 5333 tum
433 5277 641 5339 dicant,
677 5275 886 5330 Gallum
919 5291 982 5330 ac
1012 5275 1262 5330 Rioldum
1303 5292 1335 5330 a
1380 5275 1541 5330 Petro
1581 5283 1636 5330 et
1665 5275 1902 5330 Audole-

283 5366 373 5415 eo,
428 5347 522 5418 qui
556 5345 1044 5401 ecclesiasticarum
1091 5362 1270 5418 rerum
1322 5346 1694 5417 praedationes
1764 5348 1904 5402 ultra

284 5420 430 5475 ferre
452 5417 563 5472 non
596 5426 871 5487 poterant,
898 5418 1109 5472 occisos
1134 5417 1326 5472 fuisse.

355 5487 779 5556 (1060).!0pilia,
812 5488 1011 5558 Jopila,
1043 5487 1305 5558 Jopilum,
1346 5487 1551 5558 Jupila,
1579 5487 1899 5554 Jobii-villa,

284 5559 686 5631 vulgoJupille,
712 5559 868 5631 vicus
891 5568 975 5611 est
994 5558 1194 5631 in_ripa
1225 5559 1388 5631 Mosae
1412 5574 1595 5631 propin
1621 5558 1903 5631 Leodium,

280 5629 715 5754 ubiéofippinus
758 5629 941 5683 villam
993 5629 1204 5696 habuit,
1238 5629 1292 5682 in
1343 5643 1453 5698 qua
1501 5629 1666 5683 etiam
1699 5629 1906 5684 obiisse

283 5717 376 5754 ere
422 5717 437 5754 ι
468 5716 550 5754 ur.

283 5701 550 5758 creditur.

2071 4558 2156 4613 47.
2191 4555 2340 4611 Tunc
2370 4571 2520 4620 ecce,
2553 4555 2698 4612 circa
2723 4571 2975 4612 auroram
3015 4557 3426 4615 rarescentibus
3457 4567 3618 4628 tene-

2001 4645 2136 4712 bris,
2158 4644 2412 4700 hostilem
2448 4644 2746 4699 exercitum
2794 4645 3066 4699 cuneatim
3101 4645 3358 4702 incedere
3382 4645 3532 4702 videt
3562 4655 3618 4702 et

2001 4740 2219 4796 nuntiat
2249 4738 2538 4794 excubitor
2565 4735 2898 4810 episcopalis
2918 4739 3137 4806 domus,
3162 4739 3385 4797 nomine
3417 4742 3619 4797 Baldo-

1998 4848 2166 4899 veus;
2199 4839 2253 4885 et
2284 4830 2537 4902 quamvis
2585 4829 2786 4885 nebula
2843 4846 3006 4886 mane
3035 4831 3346 4886 ascendens
3379 4832 3616 4888 liberum

2000 4924 2256 4980 intuitum
2295 4923 2634 4988 retunderet,
2676 4920 2834 4979 facile
2880 4929 2997 4979 erat
3049 4939 3164 4979 rem
3196 4923 3619 4997 deprehendere

2078 5129 2587 5204 (iOGlllHistoriam
2634 5131 2776 5204 hanc
2820 5129 3287 5204 refertHSeverus
3341 5130 3621 5204 sulpicius

2003 5219 2125 5285 cap.
2156 5203 2227 5257 23
2255 5203 2390 5257 Vitae
2427 5203 2481 5258 S.
2523 5202 2762 5271 Martini,
2794 5203 2888 5274 qui
2941 5202 3138 5258 colitur
3165 5203 3257 5258 die
3294 5219 3348 5257 χι
3389 5202 3623 5259 Nevem-

2005 5275 2258 5416 bram?)
2280 5345 2376 5399 Adi
2405 5345 2660 5418 Dialogos
2682 5345 2931 5414 ejusdem
2965 5345 3151 5400 Severi
3174 5345 3405 5416 Sulpicii
3438 5345 3532 5403 lib.
3563 5363 3620 5414 ιι,

2288 5487 2365 5560 Et,
2404 5488 2758 5560 hocquoque
2817 5493 2986 5560 totum
3029 5489 3343 5560 convivium
3373 5490 3626 5560 antiquo-

2007 5556 2162 5610 ribus
2199 5559 2457 5612 omnibus
2513 5556 2763 5631 ignotum
2808 5559 3016 5628 primus
3072 5557 3334 5614 conﬁnxit
3365 5556 3620 5680 Sifgeber-

2008 5636 2099 5682 tus
2129 5634 2293 5682 atoue
2335 5629 2409 5682 ita
2439 5629 2645 5682 retulit.
2677 5630 2837 5682 quasi
2891 5630 3007 5682 inse
3038 5629 3220 5682 eidem
3255 5629 3399 5682 inter
3427 5628 3620 5682 uisset.

2008 5636 2099 5701 tus
2115 5634 2310 5701 atque,
2335 5629 2409 5701 ita
2439 5629 2654 5701 retulit,
2669 5630 2837 5701 quasi
2891 5630 3007 5700 ipse
3038 5629 3220 5685 eidem
3255 5629 3399 5683 inter

2079 5697 2268 5770 (1064)
2296 5700 2352 5755 ld
2395 5705 2483 5768 est
2513 5697 2994 5756 ofﬁcii'nocturni.
