3960 6198
385 317 492 373 803

1594 311 1944 365 SlGEBERTl
1986 309 2500 364 GEMBLACENSIS.

3616 315 3736 371 804

387 441 473 496 vel
504 456 568 494 ex
597 440 712 494 visa
741 437 1093 493 multitudine
1122 437 1388 503 virorum,
1419 436 1503 491 vel
1537 451 1601 490 ex
1631 435 1814 490 audita
1842 435 2004 490 colli-
2032 442 2079 506 Α
2110 435 2236 488 tatis
2282 433 2584 500 damnavit,
2632 441 2687 488 et
2725 433 2852 504 quia
2899 433 3086 489 illicite
3142 433 3334 490 saltem
3362 441 3738 494 attentaverat

388 535 544 589 sione
575 549 868 588 armorum.
891 532 1162 587 Mieabant
1199 532 1400 596 loricae,
1427 530 1849 600 proeminebant
1887 546 2006 585 cas-

388 626 537 680 sides
596 626 648 679 in
704 626 903 695 capite;
948 625 1084 678 leva:
1120 623 1451 695 tegebantur
1491 622 1721 692 clypeis,
1765 623 2004 676 dexterae

389 713 746 769 armabantur
777 713 949 783 spatis
980 723 1034 766 et
1065 713 1308 777 lanceis;
1345 711 1616 782 przeibant
1648 711 2001 765 fundibularii

389 823 513 862 cum
555 805 870 877 sagittariis.
908 805 1104 860 Audito
1134 821 1245 858 rem
1281 803 1617 868 mirabilem,
1652 802 1851 856 divina:
1885 803 2006 874 pie-

390 899 518 953 tatis
570 896 838 952 indicem!
898 898 961 951 Ut
1019 896 1164 950 enim
1231 895 1482 958 clareret,
1544 895 1892 950 Lantbertum
1949 895 2003 949 in

392 988 543 1042 nullo
589 986 832 1061 gloriari,
885 987 989 1040 nisi
1050 986 1101 1038 in
1157 1001 1320 1040 cruce
1373 983 1588 1039 Domini
1648 984 1818 1040 nostri
1876 984 2003 1038 Jesu

393 1080 606 1144 Christi,
641 1095 738 1148 per
767 1095 930 1150 quem
964 1078 1013 1132 ei
1044 1077 1284 1131 mundus
1312 1075 1605 1130 cruciﬁxus
1635 1085 1774 1142 erat,
1803 1083 1858 1130 et
1887 1074 2005 1145 ipse

392 1171 618 1235 mundo,
662 1171 824 1241 eique
867 1170 977 1237 jam
1021 1187 1050 1223 a
1089 1175 1232 1223 terra
1267 1169 1321 1222 in
1366 1169 1564 1223 crelum
1601 1185 1698 1238 per
1744 1167 2000 1222 virtutem

391 1259 566 1313 crucis
591 1274 878 1312 ascensum
922 1258 976 1310 in
1008 1257 1164 1311 caelis
1205 1257 1404 1328 parari,
1439 1257 1663 1328 quidam
1706 1264 2002 1328 sequentes

393 1347 714 1412 exercitum,
734 1345 1151 1418 videntsignum
1173 1345 1499 1399 admirabile
1525 1353 1813 1415 stupentes
1839 1361 2004 1414 supra

391 1434 642 1499 domum,
673 1434 727 1487 in
757 1450 863 1505 qua
894 1441 1008 1488 erat
1037 1433 1302 1504 pontifex,
1349 1433 1520 1488 instar
1551 1433 1844 1488 Dominicze
1874 1449 2002 1487 cru-

391 1529 470 1584 cis
511 1528 711 1583 clarius
739 1529 888 1583 omni
923 1529 1166 1594 metallo,
1198 1544 1228 1582 a
1278 1537 1420 1583 terra
1467 1545 1642 1600 usque
1703 1529 1769 1582 ad
1802 1529 2003 1583 coelum

390 1620 632 1674 rutilare.
684 1618 902 1673 Constat
940 1619 1293 1690 quihusdam,
1328 1618 1422 1689 qui
1457 1635 1555 1688 spe
1591 1626 1762 1688 pacta:
1793 1634 2005 1673 merce-

392 1712 496 1778 dis,
530 1727 639 1766 non
661 1711 919 1764 aviditate
952 1710 1219 1764 fundendi
1253 1711 1558 1784 sanguinis,
1594 1718 1647 1765 et
1698 1718 1904 1764 tantum
1940 1712 2006 1764 ad

392 1800 704 1871 augendum
762 1813 1046 1852 numerum
1108 1798 1364 1863 militum,
1412 1813 1519 1852 non
1574 1798 1641 1851 ad
1683 1799 2006 1868 patrandum

392 1891 572 1945 scelus
635 1889 913 1943 Dodonem
980 1889 1401 1959 sequebantur,
1481 1898 1725 1943 sanctam
1790 1905 2007 1943 crucem

395 1982 563 2038 fuisse
594 1983 983 2053 conSpicuam;
1033 1982 1143 2036 illis
1181 1990 1404 2036 econtra
1446 1982 1822 2038 occultabatur
1851 1984 2009 2053 obje-

394 2082 483 2131 etu
527 2074 763 2141 nebulae,
800 2075 894 2145 qui
926 2074 1226 2145 cupiditate
1265 2074 1468 2144 rapinae
1523 2081 1577 2129 et
1625 2076 2004 2146 expectatione

395 2166 608 2237 praemii
683 2165 964 2238 spirabant
1014 2165 1068 2218 in
1139 2165 1439 2235 perniciem
1500 2166 1672 2220 sancti
1729 2166 2004 2237 pontiﬁcis

395 2257 596 2329 (1065).

463 2390 550 2446 48.
625 2389 804 2445 Primo
863 2389 1220 2445 Constantino
1294 2391 1614 2461 imperatori
1671 2393 1739 2446 ad
1801 2392 2003 2447 bellum

394 2477 576 2532 aemuli
598 2477 814 2551 signum
848 2477 901 2531 in
928 2478 1105 2534 crucis
1125 2478 1284 2550 igneo
1311 2479 1526 2554 fulgore
1546 2480 1767 2535 rutilum
1792 2481 1847 2534 in
1867 2481 2005 2537 coelo

393 2566 665 2636 apparuit,
691 2581 800 2636 quo
821 2566 1142 2636 inscriptum
1164 2566 1482 2621 videbatur:
1506 2573 1684 2636 Τούτῳ
1709 2569 2003 2639 νίκα,ψ]οό

393 2668 494 2723 est,
543 2659 600 2711 ln
633 2659 738 2712 hoc
767 2658 928 2729 signo
975 2658 1162 2712 vinces
1194 2659 1393 2727 (1066).
1452 2658 1744 2713 Lantberto
1785 2675 2004 2731 quoque

394 2746 449 2800 in
493 2746 774 2816 procinctu
823 2746 956 2799 belli
1004 2754 1202 2810 stante,
1254 2747 1471 2820 signum
1531 2748 1710 2803 crucis
1751 2750 2008 2819 apparuit

394 2852 560 2906 super
590 2839 814 2891 domum
849 2838 987 2906 ejus,
1027 2838 1190 2908 plane
1221 2839 1560 2908 portendens
1601 2839 1699 2908 illi,
1735 2841 1827 2911 qui
1869 2841 2007 2911 stig-

395 2935 539 2982 mata
566 2929 744 2984 crucis
775 2928 971 2983 Christi
1031 2930 1085 2983 in
1118 2931 1283 2984 corde
1316 2940 1370 2985 et
1417 2947 1651 3002 corpore
1690 2949 1790 2988 suo
1820 2941 2007 3004 pertu-

393 3015 550 3082 lerat,
587 3017 697 3084 jam
733 3033 763 3070 a
795 3017 904 3071 Deo
935 3017 1217 3072 victoriam
1261 3025 1313 3072 et
1340 3035 1600 3074 coronam
1634 3023 1832 3090 parari.
1870 3023 2008 3077 Dile-

394 3118 484 3164 cto
515 3124 739 3180 quoque
791 3109 1004 3163 Domini
1063 3111 1361 3166 Benedicto
1401 3113 1488 3167 via
1531 3086 1714 3183 pall-iis
1762 3123 1928 3169 strata
1955 3086 2082 3170 etC

396 3201 747 3271 lampadibus
786 3217 817 3254 a
879 3208 1024 3255 terra
1076 3218 1253 3273 usque
1294 3203 1360 3256 ad
1399 3205 1598 3259 coelum
1639 3213 1827 3275 parata
1864 3223 2004 3274 esse,

396 3309 498 3362 per
527 3309 690 3362 quam
725 3293 790 3346 ad
841 3292 1033 3346 caelum
1077 3294 1422 3361 ascenderet,
1475 3295 1804 3366 quibusdam
1837 3315 2007 3370 appa-

397 3381 504 3434 ruit
535 3381 743 3450 (1067):
778 3380 1074 3436 Lantberto
1113 3397 1244 3437 vero
1273 3399 1436 3454 quam
1476 3384 1777 3440 Benedicto
1799 3387 2006 3461 glorio-

395 3468 508 3523 sior
545 3469 630 3522 via
666 3480 853 3539 parata
893 3477 994 3535 est,
1046 3470 1138 3542 qui
1171 3487 1269 3541 per
1299 3471 1473 3541 ipsam
1529 3488 1767 3539 crucem,
1805 3491 1833 3528 a
1865 3483 2008 3530 terra

395 3576 570 3632 usque
615 3561 682 3615 ad
715 3562 910 3615 coelum
946 3562 1280 3629 rutilantem,
1314 3563 1486 3618 cmlos
1539 3567 1802 3622 ascendit.
1849 3567 2005 3622 Lant-

397 3651 588 3707 bertus
634 3669 852 3724 quoque
909 3653 1123 3708 felicior
1149 3653 1250 3709 fuit
1279 3655 1399 3726 ipso
1449 3657 1596 3711 Elia:
1669 3658 1808 3713 Elias
1858 3661 2005 3714 enim

396 3739 562 3814 igneo
596 3758 754 3796 curru
785 3742 837 3795 il
868 3743 1065 3797 coelum
1099 3751 1308 3813 raptus,
1343 3753 1517 3800 morte
1561 3745 1749 3813 dilata,
1784 3747 2003 3820 longam

393 3844 546 3899 spem
587 3830 712 3886 vitae
754 3839 974 3886 aeternae
1006 3833 1186 3887 adhuc
1214 3841 1391 3888 tenet:
1427 3835 1773 3903 Lantbertus,
1829 3845 2004 3892 morte

393 3920 564 3989 obita,
589 3921 643 3976 in
677 3923 872 3977 coelum
923 3925 1121 3980 ductus
1169 3941 1265 3994 per
1291 3942 1508 3981 crucem
1544 3927 1720 4001 igneze
1752 3927 1912 3996 lucis,
1947 3929 2001 3982 in

392 4021 595 4072 aeterna
639 4017 750 4072 vita
776 4019 980 4092 gaudet
1005 4035 1130 4074 cum
1163 4020 1396 4076 Christo.

462 4149 552 4203 49.
595 4149 754 4204 Acies
794 4150 1032 4207 hostium
1079 4153 1194 4221 jam
1231 4155 1387 4225 quasi
1420 4155 1488 4209 ad
1529 4157 1883 4227 praecinctum
1912 4177 2004 4232 ap-

388 4239 826 4310 prOpinquabat:
859 4243 1149 4298 excubitor
1177 4245 1376 4299 domus
1428 4247 1687 4302 inclamat
1716 4250 2002 4307 dormien-

390 4334 490 4393 tes,
521 4327 726 4398 quibus
761 4329 879 4398 ipse
901 4330 1011 4397 jam
1044 4331 1405 4388 circumstans
1439 4337 1710 4393 exercitus
1743 4355 1866 4394 esse
1909 4356 2004 4412 po-

386 4421 524 4471 terat
570 4416 808 4471 nuncius
863 4419 1128 4473 horroris.
1191 4421 1366 4477 Testis
1415 4425 1613 4479 Christi
1677 4410 2078 4487 LantbertusD

384 4505 652 4560 attonitus
690 4507 992 4582 gravedine
1031 4511 1210 4564 somni
1241 4519 1296 4566 et
1334 4513 1412 4568 rei
1453 4515 1768 4585 acerbitate,
1798 4519 2002 4578 discal-

382 4593 542 4649 ciatis
598 4596 835 4666 pedibus
863 4598 1058 4670 surgit,
1113 4607 1168 4654 et
1196 4601 1386 4674 arripit
1417 4604 1684 4680 gladium,
1737 4610 1893 4680 quasi
1938 4627 2000 4666 se

382 4705 623 4764 suosque
650 4691 1010 4748 defensurus:
1039 4695 1136 4750 sed
1169 4696 1237 4751 ad
1278 4714 1336 4753 se
1372 4715 1642 4769 reversus,
1677 4720 1738 4758 se
1775 4709 1999 4763 temeri-

453 4948 634 5030 (1066)
665 4951 874 5030 Quibus
915 4967 982 5007 ea
1021 4967 1151 5030 crux
1199 4954 1313 5030 visa
1345 4955 1530 5025 fuerit,
1567 4959 1768 5030 quibus
1815 4963 1996 5017 occul-

381 5027 515 5086 tata,
549 5022 870 5101 Sigebertus
911 5040 984 5101 ex
1013 5026 1130 5080 sola
1150 5027 1476 5101 conjectura
1506 5022 1713 5087 dixisse
1753 5032 1992 5101 videtur,

383 5106 514 5172 nam.
542 5094 880 5172 antiquiores
911 5094 1444 5172 biographitantum
1467 5101 1675 5166 dicunt,
1708 5120 1827 5158 eam
1861 5094 1996 5159 non;

381 5161 548 5242 nullis
576 5163 645 5216 de
678 5161 798 5244 ipso
829 5161 1090 5236 exercitu,
1110 5161 1124 5168 ’
1147 5169 1232 5224 vel
1285 5172 1582 5227 exercitum
1635 5161 1996 5245 sequentibus

384 5239 454 5286 ita
482 5249 826 5286 apparuisse.

384 5249 454 5286 lla
482 5249 826 5304 apparursse.

450 5304 632 5386 (1066)
761 5306 1490 5386 Constaptiniimperatoriis
1539 5322 1694 5386 gesta
1727 5317 1992 5374 illustrata

377 5376 1290 5468 adjdiem‘ﬂiuMaiibibique
1324 5384 1391 5468 de
1446 5376 1764 5468 proidigiosa
1807 5405 1989 5456 cruce,

379 5461 562 5525 quam“
575 5448 1216 5525 a(l_versus_Maxentium_
1237 5448 1483 5511 moturus
1513 5448 1667 5525 vidii,
1697 5467 1879 5515 actum
1910 5448 1993 5516 est

2105 542 2272 581 arma.
2315 542 2373 580 se
2430 533 2555 580 ante
2589 526 2758 580 Deum
2798 525 3137 598 [congruenti
3181 527 3391 582 addixit
3449 530 3741 598 paeniten-

2105 617 2193 670 tia;
2248 617 2426 685 (1068)
2505 617 2601 681 Te,
2665 615 2865 686 inquit,
2923 616 3068 671 bone
3127 617 3278 682 Jesu,
3340 618 3432 689 qui
3503 619 3736 675 dixisti:

2107 730 2136 760 α
2167 710 2290 763 Mihi
2321 709 2639 773 vindictam,
2673 716 2726 762 et
2755 723 2858 782 ego
2899 709 3223 776 retribuam,
3258 730 3283 760 υ
3320 719 3373 764 te
3405 727 3627 781 precor,
3661 729 3741 769 ne

2106 803 2332 872 perdam
2361 801 2644 856 victoriam
2673 816 2876 866 meam,
2908 801 3037 872 quia
3067 802 3239 856 satius
3269 809 3351 856 est
3402 803 3534 858 mihi
3586 806 3740 860 mori

2107 891 2163 944 in
2191 897 2267 958 te,
2301 907 2463 962 quam
2494 907 2664 961 super
2717 889 2974 945 inimicos
3015 905 3168 944 meos
3207 891 3467 946 bellando
3506 892 3738 950 mittere

2106 1001 2323 1040 manus.
2352 985 2427 1039 Tu
2469 985 2702 1040 bellator
2726 983 2902 1050 fortis,
2927 985 3285 1055 apprehende
3327 1002 3482 1040 arma
3508 995 3563 1041 et
3596 1005 3738 1043 scu-

2108 1083 2242 1140 tum,
2276 1082 2331 1129 et
2361 1090 2598 1148 exsurge
2653 1074 2706 1128 in
2739 1073 3074 1142 adjutorium
3129 1074 3286 1130 mihi.
3345 1075 3463 1130 Jam
3496 1075 3737 1144 irruptis

2107 1167 2296 1236 portis,
2333 1168 2445 1234 jam
2498 1165 2734 1221 effractis
2785 1165 3016 1231 foribus,
3059 1166 3210 1237 ipsos
3237 1167 3435 1222 domus
3486 1168 3738 1238 parietes

2105 1253 2488 1328 impingebant
2508 1254 2750 1320 lanceis;
2785 1254 2955 1326 aliqui
2977 1254 3144 1309 etiam
3170 1255 3519 1328 introgressi,
3541 1257 3734 1326 ignem

2107 1346 2474 1402 intentabant.
2512 1347 2704 1402 Petrus
2735 1356 2789 1401 et
2818 1347 3129 1402 Audolecus
3154 1347 3522 1422 introgressos
3541 1348 3737 1402 elimi-

2105 1436 2331 1498 nabant,
2367 1443 2420 1490 et
2449 1444 2559 1490 tam
2595 1437 2781 1491 multis
2819 1443 2928 1492 tam
2957 1452 3256 1506 paucorum
3289 1437 3501 1492 viribus
3526 1436 3737 1493 frustra

2106 1528 2448 1584 conabantur
2495 1529 2783 1594 resistere;
2849 1543 2990 1599 quos
3045 1538 3270 1584 sanctus
3327 1543 3426 1599 pro
3482 1536 3736 1600 tempore

2108 1625 2418 1679 consolans.
2465 1625 2543 1692 Si,
2583 1625 2781 1696 inquit,
2839 1640 2949 1692 me,
2986 1623 3201 1690 fratres,
3250 1624 3453 1679 viearie
3483 1625 3735 1690 amastis,

2035 1717 2405 1808 BChristum,
2462 1719 2603 1774 sicut
2657 1734 2760 1792 ego
2797 1718 2990 1793 diligo,
3061 1718 3308 1791 diligite:
3368 1726 3550 1774 vestra
3599 1719 3734 1774 Jesu

2113 1821 2337 1882 peccata
2365 1810 2732 1876 confitemini,
2761 1819 2817 1865 et
2845 1819 2996 1866 orate
3045 1825 3146 1880 pro
3178 1809 3438 1880 invicem,
3470 1817 3532 1865 ut
3553 1809 3737 1865 salve-

2111 1903 2264 1959 mini.
2316 1904 2398 1959 Me
2437 1903 2786 1974 oportetjam
2819 1902 3071 1968 dissolvi,
3103 1910 3160 1957 et
3207 1918 3333 1958 cum
3377 1901 3590 1958 Christo
3646 1901 3736 1957 vi-

2109 2011 2235 2050 vere
2246 2037 2258 2049 .

2175 2123 2264 2180 50.
2294 2123 2452 2178 Scitis
2475 2138 2590 2190 vos,
2622 2138 2654 2179 o
2683 2130 2914 2194 nepotes
2937 2122 3067 2190 mei,
3099 2136 3224 2178 reos
3244 2127 3299 2176 et
3320 2120 3515 2177 noxios
3549 2121 3720 2176 fuisse

2106 2213 2162 2267 in
2205 2212 2437 2267 crimine
2492 2211 2596 2266 isto
2648 2211 2849 2280 (1069),
2906 2211 2976 2265 de
3046 2225 3156 2281 quo
3214 2209 3381 2265 modo
3431 2209 3568 2265 ultio
3632 2226 3728 2264 ex-

2107 2301 2343 2372 petitur;
2396 2301 2545 2371 quod
2592 2307 2724 2355 tunc
2781 2299 2986 2368 injuste
3026 2298 3220 2374 egistis
3263 2296 3453 2365 modo,
3504 2313 3725 2368 precor,

2099 2389 2248 2458 justo
2278 2404 2340 2444 ac
2370 2387 2643 2458 patienter
2667 2387 2823 2442 luite.
2856 2387 2972 2443 Non
2997 2386 3271 2456 judicabit
3290 2387 3434 2442 Deus
3462 2385 3551 2441 bis
3580 2386 3637 2440 in
3673 2388 3729 2442 id

2109 2481 2285 2552 ipsum
2313 2495 2416 2535 nec
2441 2487 2735 2551 consurget
2761 2479 2962 2550 duplex
3004 2478 3305 2534 tribulatio.
3363 2479 3465 2546 Ne,
3509 2495 3728 2550 quaeso,

2108 2577 2392 2642 peccatum
2425 2577 2665 2625 vestrum
2698 2578 2823 2624 ante
2861 2571 3028 2624 Deum
3072 2570 3330 2639 inundet,
3353 2585 3456 2624 nec
3485 2585 3586 2639 per
3619 2586 3732 2624 ma-

2108 2679 2210 2717 nus
2240 2671 2449 2716 \estras
2478 2662 2704 2736 sanguis
2745 2661 3075 2735 sanguinem
3109 2667 3309 2732 tangat.
3367 2660 3483 2715 Non
3527 2661 3728 2716 timea-

2108 2768 2228 2805 mus
2259 2751 2523 2806 szevitiam
2581 2757 3020 2822 persecutorum,
3069 2749 3196 2822 quia
3229 2749 3337 2803 illis
3380 2749 3485 2804 erit
3513 2749 3569 2802 in
3609 2751 3734 2803 vin-

2108 2841 2308 2894 dictam
2337 2840 2556 2914 gladius
2582 2847 2636 2893 et
2661 2839 2824 2910 ignis,
2862 2840 2956 2910 qui
2985 2838 3344 2893 manducabit
3369 2855 3565 2893 carnes
3607 2839 3734 2894 illo-

2110 2951 2226 2988 rum
2260 2951 2436 3006 usque
2461 2935 2527 2988 ad
2561 2933 2878 2988 medullam.
2915 2933 3020 2988 Vos
3051 2940 3262 2988 tantum
3295 2948 3488 2988 manus
3520 2940 3733 2987 vestras

2107 3033 2318 3082 servate
2351 3026 2625 3092 innoxias,
2658 3035 2717 3080 ut
2765 3032 2820 3080 et
2863 3025 3090 3096 spiritus
3130 3035 3312 3080 vester
3361 3027 3416 3078 in
3459 3033 3732 3080 aeternum

2110 3119 2420 3173 sitsalvus:
2453 3125 2665 3172 vestras
2696 3117 2858 3171 etiam
2890 3133 3086 3172 carnes
3119 3117 3243 3171 date
3278 3117 3387 3170 illis
3427 3116 3494 3170 ad
3520 3117 3738 3171 dilace-

2111 3207 2360 3262 randum.
2405 3207 2499 3260 llis
2532 3206 2740 3260 ultimis
2768 3205 2991 3261 monitis
3023 3205 3194 3260 Patris
3219 3206 3324 3271 sui,
3353 3205 3466 3274 jam
3496 3206 3553 3259 in
3598 3221 3736 3278 ago-

2110 3300 2196 3354 uis
2235 3299 2543 3369 constituti,
2593 3299 2814 3353 animati
2854 3305 2982 3353 sunt
3035 3314 3230 3354 omnes
3275 3300 3345 3353 ad
3383 3298 3732 3354 occumben-

2109 3391 2238 3446 dum
2281 3407 2379 3462 pro
2405 3390 2619 3460 justitia
2651 3396 2705 3444 et
2735 3389 3073 3444 innocentia.
3131 3391 3254 3460 Ipse
3283 3397 3504 3460 arrepto
3528 3389 3737 3444 Psalte-

2109 3484 2211 3548 rio,
2255 3491 2310 3539 et
2365 3484 2603 3555 primum
2647 3481 2842 3552 psalmi
2888 3498 3127 3549 versum,
3171 3481 3266 3553 qui
3325 3482 3584 3547 occurrit,
3633 3496 3732 3552 pro

2111 3576 2382 3648 praesagio
2413 3575 2725 3646 accipiens:
2781 3599 2804 3620 ιε
2853 3574 3120 3637 Quoniam
3177 3573 3420 3646 requiret
3469 3571 3733 3628 Dominus

2109 3668 2440 3740 sanguinem
2470 3682 2750 3722 servorum
2783 3681 3038 3733 suorum;
3074 3689 3099 3716 ι»
3143 3667 3248 3721 hoc
3277 3665 3561 3734 subjunxit
3589 3665 3726 3719 ulti-

2109 3774 2292 3812 mum:
2327 3756 2519 3811 Videat
2541 3756 2822 3822 Dominus,
2865 3764 2919 3810 et
2948 3756 3214 3827 requirat.
3250 3756 3313 3810 Et
3339 3756 3580 3830 egressis
3611 3771 3730 3810 om-

2106 3849 2271 3903 nibus
2297 3857 2446 3903 extra
2478 3847 2818 3913 cubiculum,
2841 3855 2895 3903 et
2925 3848 3080 3919 quasi
3125 3848 3284 3921 agnis
3309 3848 3365 3901 in
3414 3847 3599 3902 medio
3643 3846 3731 3901 fu-

2105 3939 2362 3995 rientium
2393 3940 2454 4008 [ι.
2499 3938 2814 4006 furentium)
2857 3938 3147 4009 expositis,
3188 3940 3308 4010 ipse
3341 3939 3586 3994 extensis
3614 3956 3729 3993 ma-

2105 4034 2288 4099 nibus,
2314 4039 2473 4087 terrae
2507 4032 2563 4085 in
2594 4032 2818 4087 modum
2849 4031 3027 4087 crucis
3056 4033 3445 4102 prosternitur,
3475 4039 3532 4087 et
3562 4047 3723 4087 orans

2102 4138 2225 4178 cum
2284 4119 2561 4190 lacrymis,
2617 4120 2670 4173 in
2730 4136 2925 4174 manus
2977 4120 3195 4175 Domini
3255 4121 3494 4174 animam
3572 4137 3722 4174 suam

2101 4211 2527 4279 commendavit,
2565 4218 2626 4267 ut
2655 4227 2818 4268 nemo
2848 4227 3089 4284 unquam
3145 4210 3477 4268 affectuosus
3501 4228 3561 4268 se
3616 4213 3724 4266 Deo

2101 4303 2592 4360 commendaverit.

2174 4436 2260 4490 51.
2295 4435 2591 4490 Carnifices
2638 4435 2852 4490 interea
2890 4435 3110 4490 Petrum
3133 4443 3188 4491 et
3232 4435 3575 4490 Audolecum
3601 4453 3724 4508 per-

2101 4531 2377 4593 emerunt,
2408 4531 2462 4580 et
2489 4533 2762 4596 quotquot
2787 4523 3179 4580 ecclesiasticae
3212 4524 3485 4579 clientelae
3517 4525 3723 4580 ibidem

2099 4616 2448 4672 invenerunt.
2486 4616 2634 4671 Unus
2661 4616 2875 4672 caeteris
2916 4616 3296 4682 truculentior,
3329 4631 3564 4672 ascenso
3599 4616 3721 4672 tecti

2099 4709 2362 4779 culmine,
2389 4726 2628 4782 eumque
2675 4711 2866 4767 videns
2907 4710 3210 4768 hzerentem
3243 4710 3362 4766 solo
3390 4711 3718 4781 pavimenti,

2095 4969 2320 5038 auctore
2346 4963 2399 5038 L:
2436 4961 2698 5038 Gregorio
2743 4961 2958 5038 magno,
3006 4962 3132 5017 data
3163 4968 3247 5017 est
3276 4960 3367 5016 die
3405 4960 3472 5016 21
3521 4959 3722 5029 Martii,

2095 5035 2188 5090 ubi
2223 5051 2344 5105 cap.
2373 5037 2407 5088 6
2439 5033 2706 5090 ista'visio
2729 5033 2984 5090 refertur.

2168 5104 2350 5174 (1068)
2377 5107 2634 5160 Sanctum
2669 5107 2884 5176 abjecto
2930 5118 3057 5158 mox
3089 5104 3489 5176 gladio._quem
3522 5117 3720 5160 somno

2095 5177 2276 5251 gravis
2301 5177 2476 5246 primo
2505 5178 2708 5232 mentis
2737 5174 2952 5251 impetu
2980 5177 3045 5229 ad
3094 5174 3179 5251 sui
3223 5174 3625 5251 defensionem
3643 5191 3723 5228 ar-

2097 5245 2366 5318 Fipuerat,
2419 5255 2663 5302 mutasse
2717 5245 3259 5318 sententiam,aiunt
3303 5246 3469 5318 etiam
3512 5245 3719 5300 Godes-

2096 5316 2318 5374 chalcus
2348 5327 2400 5374 et
2441 5320 2781 5390 Stephanus;
2841 5318 2936 5372 sed
2963 5318 3039 5390 de
3089 5316 3296 5390 indicta
3325 5316 3428 5370 sibi
3461 5323 3715 5388 pr0pter-

2094 5407 2159 5444 ea
2190 5388 2762 5460 pmnitentiapeuter
2809 5388 3294 5460 meminitsPoeta
3344 5402 3714 5458 annonymus,

2095 5458 2384 5517 num.174
2431 5462 2656 5529 relatus,
2688 5479 2753 5516 ex
2818 5475 3036 5516 rumore
3089 5458 3366 5513 fabulatus
3417 5465 3522 5522 est,
3591 5473 3713 5512 cum

377 5531 496 5604 cap.
532 5518 582 5604 3.
636 5519 808 5604 Voces
839 5522 1054 5604 Graecas
1094 5525 1332 5594 restitui,
1383 5543 1506 5581 cum
1554 5530 1608 5584 in
1655 5518 1768 5586 'ms.
1803 5539 1990 5588 nostro
2091 5532 2388 5604 septennio
2428 5518 2720 5603 poenitere,
2749 5533 2793 5587 si
2823 5533 3032 5604 viveret
3059 5532 3341 5604 statuisse.

376 5586 878 5664 legereturhvitiose
918 5590 1220 5664 D_uthoyca.

446 5661 623 5734 (1067)
660 5662 778 5717 Vita
833 5664 888 5716 S.
949 5661 1255 5731 Benedicti,
1288 5665 1504 5724 Ordinis
1533 5671 1618 5727 sui
1662 5671 1986 5736 fundatoris,

2164 5601 2344 5674 (1069)
2377 5601 2441 5658 In
2469 5604 2621 5660 caede
2647 5603 2858 5661 scilicet
2882 5601 3017 5657 Galli
3049 5607 3103 5656 et
3131 5601 3330 5657 Rioldi.
