3960 6198
195 336 306 394 805

1394 338 1543 394 VlTA
1583 338 1837 394 ALTERA
1877 338 1931 394 S.
1977 337 2331 394 LAMBERTI.

3421 342 3527 399 806

196 479 295 520 cor
330 464 452 535 ejus
484 462 632 533 jacto
658 462 769 518 telo
808 462 1076 518 transfixit
1113 464 1327 533 (1070);
1386 466 1625 521 animam
1674 482 1806 523 vero
1832 468 1885 538 Α
1906 466 2111 522 sanctis
2141 465 2405 521 membris
2432 464 2665 541 inﬁgere
2695 466 2901 522 oscula.
2935 467 3266 523 Delectabile
3283 483 3346 523 ac
3368 466 3522 539 pium

197 555 323 625 ejus
361 562 499 610 cum‘
529 554 652 626 ipso
681 554 949 610 orationis
1002 557 1307 612 murmurio
1351 558 1532 631 angeli
1575 558 1810 614 intulere

198 644 369 699 coelo.
427 642 705 698 Pretiosus
746 658 848 715 ego
888 644 1146 700 sacerdos
1190 645 1408 701 Domini
1469 646 1813 714 Lantbertus,

198 734 297 805 qui
346 732 437 788 hic
504 732 679 787 fuerat
735 733 1016 804 particeps
1078 734 1329 790 omnium
1388 736 1815 793 custodientium

197 826 461 881 mandata
491 825 586 880 Dei
638 824 835 881 fruitur
861 825 977 882 illic
1002 828 1252 901 gaudens
1283 835 1338 884 et
1369 830 1671 895 exsultans,
1699 845 1818 885 om-

198 916 356 972 nium
399 924 714 972 sanctorum
772 916 1161 973 contubernio.
1213 919 1346 976 Cum
1403 918 1820 975 continentibus

199 1013 262 1061 et
298 1004 610 1079 virginibus
650 1006 944 1085 redimitus
989 1014 1138 1064 serto
1181 1009 1470 1076 castitatis,
1534 1008 1822 1066 confessor

201 1111 329 1150 cum
359 1093 790 1164 confessoribus,
822 1103 948 1151 ante
976 1097 1147 1151 Deum
1170 1096 1312 1152 bibit
1340 1098 1644 1153 secundum
1685 1098 1820 1154 cali-

198 1199 322 1239 cem
352 1183 757 1249 confessionis;
802 1185 1103 1240 monachus
1133 1202 1258 1241 cum
1298 1170 1584 1243 monachis
1620 1189 1822 1260 accipit

199 1274 523 1344 centuplum
594 1282 814 1328 aeternae
887 1275 1458 1346 recompensationis;
1535 1279 1820 1349 apostolus

201 1380 331 1420 cum
362 1365 638 1435 Apostolis
682 1366 739 1419 in
777 1365 907 1421 sede
953 1366 1260 1435 judiciariae
1298 1370 1587 1440 potestatis
1632 1370 1818 1437 sedet;

202 1460 476 1530 prepheta
506 1475 628 1514 eum
660 1459 947 1530 prOphetis
970 1476 1069 1533 Spe
1096 1463 1323 1535 gaudet,
1360 1464 1669 1535 patriarcha
1695 1481 1818 1520 cum

201 1553 535 1623 patriarchis
564 1551 673 1608 fide
702 1552 900 1628 fulget;
941 1563 1219 1625 postremo
1251 1564 1458 1628 martyr
1510 1573 1633 1613 cum
1666 1575 1819 1613 mar-

200 1646 416 1715 tyribus
446 1645 679 1701 calicem
710 1645 970 1701 salutaris
1013 1648 1315 1718 accipiens,
1358 1665 1560 1705 nomen
1602 1651 1820 1705 Domini

199 1738 450 1805 invocat,
495 1738 628 1809 quia
667 1739 848 1811 majus
890 1755 1000 1796 non
1039 1740 1238 1797 habuit
1289 1743 1435 1814 quod
1477 1744 1710 1801 Domino
1742 1759 1822 1799 re-

201 1829 473 1885 tribueret
502 1845 601 1901 pro
631 1830 913 1898 omnibus,
956 1848 1077 1903 quae
1108 1833 1363 1889 retribuit
1382 1834 1509 1890 sibi.
1544 1837 1692 1891 Inter
1720 1852 1825 1892 no-

202 1935 329 1975 vem
372 1919 535 1975 etiam
569 1920 751 1975 locum
791 1920 1018 1976 ordines
1043 1922 1363 1996 angelorum
1396 1923 1585 1992 habet,
1628 1925 1684 1979 in
1714 1940 1826 1997 quo

205 2013 445 2087 singulis
472 2030 570 2086 pro
606 2014 803 2071 merito
830 2015 1000 2071 ofﬁcii
1030 2017 1116 2071 sui
1166 2017 1477 2089 participet.
1520 2021 1711 2091 Itaque
1738 2019 1825 2075 fa-

205 2108 330 2158 ctus
359 2103 607 2159 omnium
638 2104 936 2176 particeps,
991 2104 1201 2161 electus
1229 2112 1311 2160 est
1354 2105 1412 2160 in
1442 2112 1649 2162 aeterna
1676 2109 1831 2163 curia

209 2192 527 2264 municeps,
564 2193 663 2247 ubi
707 2193 918 2249 obtinet
956 2194 1195 2265 palmam
1236 2194 1500 2265 perennis
1527 2194 1742 2268 gloriae,
1775 2202 1832 2252 et

211 2286 406 2343 stolam
424 2287 794 2359 jucunditatis
826 2295 1068 2345 aeternae.
1680 2284 1685 2297 ’

880 2417 1087 2473 CAPUT
1110 2420 1172 2475 V.

219 2534 481 2604 Corporis
533 2533 814 2603 sepultura
870 2533 1140 2602 Trajecti:
1193 2532 1420 2587 Dodonis
1466 2537 1517 2589 et
1563 2535 1834 2590 sociorum

287 2621 474 2675 poma:
514 2605 779 2659 miracula
817 2604 1000 2659 Leodii
1045 2605 1215 2671 facta,
1248 2608 1296 2658 et
1343 2605 1559 2659 ecclesia
1592 2605 1673 2659 ibi
1696 2607 1835 2661 2di-

288 2679 496 2744 ﬁcata:
550 2690 740 2746 corpus
791 2691 851 2730 eo
892 2678 1260 2731 translatum:
1319 2675 1618 2732 Grimoaldi
1669 2678 1836 2733 caedes

291 2748 558 2802 divinitus
580 2749 813 2816 punita:
846 2748 1211 2804 Northmanni
1247 2763 1281 2801 a
1311 2762 1467 2802 sacro
1496 2763 1714 2815 corpore
1742 2765 1831 2803 re-

285 2819 465 2888 pulsi:
499 2820 731 2873 auctoris
758 2819 1088 2873 observatio:
1119 2822 1322 2889 tempus
1344 2821 1621 2887 martyrii.

288 2926 380 2980 52.
423 2925 583 2981 Pauci
614 2942 681 2981 ex
727 2926 988 2982 satellitio
1035 2926 1211 2982 sancti
1250 2926 1522 2998 martyris.
1579 2927 1677 2999 qui
1708 2943 1836 2983 eva-

217 3023 413 3072 serunt
438 3017 630 3071 mortis
659 3017 987 3086 periculum,
1022 3022 1273 3091 tegentes
1303 3015 1401 3069 vili
1433 3016 1678 3091 tegmine
1710 3031 1839 3072 cor-

1850 1790 1900 1858 Β

1916 560 2034 610 erat
2072 553 2260 609 videre
2309 569 2502 609 omnes
2543 554 2747 625 pastori
2798 570 2899 610 suo
2955 555 3275 626 impendere
3328 555 3528 631 pignus

1917 641 2152 707 amoris;
2194 641 2293 696 sed
2325 640 2643 697 miserabile
2673 658 2737 696 ac
2765 642 2965 697 mirum
2998 651 3115 697 erat
3159 645 3303 699 circa
3332 644 3530 699 errati—

1917 745 2009 784 cas
2036 745 2169 785 oves
2196 729 2329 784 iram
2363 730 2437 801 pii
2480 729 2716 801 pastoris
2747 730 3033 785 advertere
3087 731 3345 786 Traditur
3382 731 3528 786 enim

1918 837 1949 875 a
1987 820 2313 891 majoribus,
2372 820 2521 892 quia,
2572 837 2697 876 cum
2728 820 2990 877 omnibus
3026 826 3274 876 sanctum
3305 837 3535 878 exoscu-

1918 918 2070 974 landi
2092 918 2236 973 liber
2255 917 2441 973 aditus
2468 925 2703 989 pateret,
2734 918 2779 972 si
2805 934 2911 989 qua
2948 916 3130 989 pellex
3159 933 3220 972 se
3248 916 3537 992 ingerebat

1921 1010 1989 1065 ad
2015 1025 2216 1082 corpus
2253 1009 2510 1081 martyris
2540 1009 2925 1073 osculandum,
2963 1009 3118 1082 quasi
3151 1009 3393 1082 quodam
3422 1017 3538 1065 tur-

1920 1097 2050 1153 bine
2080 1103 2277 1164 rotata,
2329 1097 2713 1154 retrocedebat
2742 1098 2946 1170 (1072).
2981 1098 3083 1153 Per
3113 1098 3369 1169 pellicum
3403 1112 3534 1173 ergo

1922 1193 2199 1265 repulsam
2220 1193 2463 1249 clarebat
2492 1193 2676 1258 nimis,
2701 1194 2811 1248 Deo
2841 1200 2895 1248 et
2911 1202 3100 1249 sancto
3129 1193 3350 1264 martyri
3379 1192 3539 1263 pelli-

1920 1300 2039 1340 cem
2082 1284 2264 1357 (1073)
2312 1285 2457 1340 illam
2499 1285 2747 1340 odiosam
2791 1284 2978 1352 fuisse,
3021 1301 3144 1357 quae
3177 1285 3385 1357 duplici
3429 1285 3541 1341 cri-

1921 1376 2073 1432 mine
2113 1377 2393 1432 Franciam
2446 1376 2826 1444 infamaverat,
2862 1383 2918 1431 et
2955 1383 3198 1431 sanctam
3240 1376 3540 1431 conturba-

1921 1471 2072 1521 verat
2128 1465 2442 1521 Ecclesiam.
2486 1467 2693 1521 Tantus
2738 1474 2920 1521 autem
2958 1466 3121 1521 timor
3161 1465 3540 1535 Trajectenses

1922 1578 2021 1633 pro
2052 1562 2217 1630 hujus
2247 1562 2325 1615 rei
2371 1561 2670 1616 acerbitate
2724 1561 3048 1628 incesserat,
3092 1568 3152 1616 ut
3181 1576 3285 1616 nec
3314 1576 3536 1616 mauso-

1921 1654 2069 1708 leum
2115 1652 2345 1728 dignum
2396 1653 2531 1708 tanti
2572 1653 2817 1708 nominis
2862 1653 2978 1709 viro
3026 1653 3297 1709 auderent
3326 1669 3536 1725 praepa-

1923 1759 2083 1798 rare:
2162 1743 2368 1799 idcirco
2427 1751 2616 1815 aperta
2685 1743 2875 1799 tumba
2938 1744 3067 1815 Apri
3137 1744 3309 1815 patris
3366 1744 3542 1815 ipsius

1929 1833 1985 1887 8.
2020 1832 2328 1900 Lantberti,
2359 1849 2521 1888 mane
2549 1834 2689 1889 facto
2712 1849 2832 1888 cum
2856 1834 3076 1890 ossibus
3106 1834 3275 1906 patris
3301 1834 3387 1889 sui
3420 1850 3544 1890 cor-

1929 1939 2034 1995 pus
2064 1923 2397 1979 sanctissimi
2429 1922 2527 1978 filii
2559 1924 2681 1992 ejus
2711 1939 2892 1995 usque
2917 1923 2985 1978 ad
3019 1929 3238 1995 tempus
3265 1922 3544 1979 tumulan-

1931 2015 2061 2071 dum
2095 2015 2482 2107 decreverupt.

2002 2131 2092 2185 54.
2125 2132 2423 2186 Exanimes
2462 2133 2611 2185 artus
2648 2146 2756 2186 non
2793 2132 2951 2200 liquit
2979 2131 3161 2185 cmlica
3188 2132 3384 2195 virtus,
3428 2135 3478 2185 et

2007 2204 2323 2258 Monstravit
2349 2202 2582 2272 populis.
2618 2206 2829 2272 quantos
2856 2204 3061 2269 fuerint
3089 2202 3359 2257 bonitatis.

2007 2295 2083 2350 Ne
2115 2294 2262 2349 enim
2296 2301 2637 2350 terrerentur
2662 2295 2850 2365 populi
2900 2296 3141 2349 humano
3176 2301 3405 2360 terrore,
3438 2306 3548 2364 quo

1934 2390 2119 2446 minus
2140 2397 2385 2446 sanctum
2411 2390 2619 2444 domini
2646 2389 2993 2444 Lantbertum
3024 2388 3193 2462 digno
3214 2389 3427 2443 honore
3448 2403 3544 2443 ve-

1935 2489 2280 2547 nerarentur,
2299 2482 2466 2551 coepit
2485 2482 2551 2537 ad
2575 2482 2844 2536 tumulum
2871 2481 2992 2549 ejus
3009 2488 3173 2535 noctu
3197 2488 3250 2535 et
3273 2479 3549 2534 interdum

1937 2570 2096 2625 indie
2115 2570 2291 2624 audiri
2312 2569 2627 2645 angelicum
2639 2569 2998 2624 conticinium
3019 2568 3393 2639 psallentium,
3418 2583 3551 2639 quo-

1936 2652 2041 2717 ti'es
2071 2661 2145 2716 ibi
2176 2663 2476 2717 humanum
2507 2661 2786 2716 silentium
2816 2678 2943 2717 esse
2974 2661 3287 2716 videbatur.
3316 2660 3427 2716 Nec
3450 2660 3553 2715 de-

1937 2749 2179 2814 fuerunt,
2233 2750 2327 2822 qui
2386 2749 2464 2804 rei
2496 2748 2673 2819 ipsius
2701 2750 2990 2804 veritatem
3045 2747 3451 2810 scrutabantur,
3498 2754 3555 2803 et

1938 2854 2064 2894 cum
2095 2847 2441 2911 apponerent
2470 2853 2691 2893 omnem
2730 2838 2932 2893 mentis
2972 2845 3027 2894 et
3057 2839 3269 2893 aurium
3300 2838 3548 2913 diligen-

1938 2926 2092 2993 tiam,
2126 2927 2418 2982 videbatur
2448 2927 2530 2983 eis
2553 2927 2640 2998 [ex
2679 2926 2943 2998 qualitate
2982 2927 3133 2982 vocis
3163 2928 3217 2981 S.
3274 2925 3554 2981 Lamberti

1937 3021 2084 3076 bene
2106 3019 2212 3074 sibi
2228 3018 2595 3092 nota(1074)],
2618 3019 2767 3091 quod
2783 3018 2903 3091 ipse
2916 3025 3139 3074 sanctus
3159 3034 3284 3074 cum
3296 3018 3443 3087 aliis,
3462 3019 3556 3091 qui

222 3123 329 3179 pus
357 3120 518 3161 roseo
544 3120 737 3161 cruore
767 3104 1071 3176 perfusum,
1107 3106 1436 3177 quantocius
1462 3105 1680 3179 navigio
1707 3106 1837 3161 Tra—
1869 3134 1919 3204 Ο
1940 3125 2128 3165 secum
2161 3109 2555 3175 occubuerant,
2589 3108 2789 3163 divinae
2818 3107 3092 3176 majestati
3124 3107 3343 3162 dulcem
3381 3108 3555 3163 melo-

216 3200 428 3268 jectum
460 3204 896 3253 transvexerunt.
938 3197 1095 3252 Volat
1126 3196 1271 3252 fama
1308 3214 1410 3269 per
1440 3199 1697 3269 pOpulos,
1742 3215 1842 3269 pa-
1878 3196 1918 3204 '
1942 3199 2088 3255 diam
2120 3208 2341 3255 caneret
2394 3200 2447 3252 Si
2481 3199 2606 3270 quis
2628 3215 2692 3253 ea
2724 3198 2856 3253 hora
2885 3198 3052 3253 vellet
3074 3197 3224 3253 adire
3249 3197 3554 3265 basilicam,

222 3303 360 3344 vore
382 3293 437 3342 et
454 3288 684 3343 horrore
706 3287 994 3342 universos
1013 3288 1376 3346 concutiens:
1414 3295 1616 3360 pavent
1648 3304 1844 3344 omnes

225 3393 330 3449 pro
354 3376 563 3433 offensa
592 3377 856 3448 principis
893 3377 1100 3449 (1071),
1130 3378 1356 3435 horrent
1386 3395 1584 3435 omnes
1612 3395 1711 3451 pro
1753 3379 1844 3433 in-

226 3466 421 3522 debita
450 3482 586 3522 nece
625 3465 900 3536 praesulis,
942 3465 1154 3521 deﬂent
1181 3467 1581 3536 Trajectenses,
1618 3483 1679 3523 se
1706 3467 1845 3522 ami-

229 3556 374 3612 sisse
406 3556 482 3627 pii
514 3554 686 3626 patris
715 3554 1181 3624 benevolentiam,
1222 3571 1326 3612 nec
1364 3563 1548 3612 tamen
1585 3557 1716 3611 satis
1744 3573 1847 3612 au-

232 3653 371 3707 dent
404 3650 646 3707 debitam
675 3658 824 3707 tanto
855 3652 994 3723 patri
1026 3653 1391 3708 reverentiam
1422 3652 1705 3707 exhibere.
1749 3652 1847 3706 Vix

234 3761 397 3802 caros
448 3745 660 3820 lugere,
698 3745 790 3801 vix
837 3760 963 3801 reos
1010 3752 1168 3803 vacat
1203 3746 1410 3802 odisse.
1467 3744 1729 3816 Exposito
1781 3745 1848 3800 ad

235 3846 459 3912 portum
504 3846 692 3894 sancto
733 3851 985 3909 corpore,
1034 3838 1273 3894 occurrit
1300 3838 1543 3910 populus
1581 3838 1704 3892 sine
1748 3853 1852 3893 no-

233 3928 389 3983 mine
419 3935 475 3982 et
504 3942 757 3993 numero,
787 3933 843 3982 et
871 3928 1063 3998 quanti
1094 3926 1241 3999 apud
1272 3942 1467 3982 omnes
1497 3927 1556 3985 S.
1586 3926 1849 3982 Lantber-

235 4024 327 4073 tus
379 4015 682 4072 aestimatus
728 4016 819 4084 sit,
853 4031 920 4070 ex
964 4014 1210 4071 confusis
1248 4016 1496 4071 omnium
1538 4014 1851 4088 planctibus

233 4105 497 4162 aestimari
526 4110 755 4177 poterat.
792 4104 1086 4175 lmpositus
1117 4105 1317 4161 feretro
1356 4102 1604 4160 defertur
1628 4110 1852 4159 sanctus

233 4201 442 4266 martyr
469 4194 538 4249 ad
583 4194 867 4249 basilicam
903 4194 957 4249 S.
1013 4193 1152 4249 Petri
1183 4210 1309 4249 cum
1366 4194 1578 4251 honore
1625 4193 1848 4260 debito;

235 4290 422 4345 clerus
476 4301 598 4343 cum
656 4286 882 4357 psalmis
919 4292 974 4342 et
1028 4286 1260 4343 canticis
1316 4286 1695 4360 prosequitur,
1752 4301 1851 4358 po-

1943 3307 2055 3363 prae
2086 3292 2310 3346 horrore
2350 3304 2462 3344 non
2496 3296 2713 3361 poterat
2737 3289 2984 3356 introire,
3026 3295 3082 3344 et
3110 3295 3317 3360 quanto
3345 3287 3471 3359 quis
3499 3303 3558 3342 se

1945 3380 2172 3452 prapius
2214 3380 2511 3454 ingereret,
2549 3388 2700 3434 tanto
2729 3379 2911 3433 minus
2955 3378 3234 3453 angelicas
3263 3393 3426 3433 voces
3462 3378 3559 3432 ad-

1946 3473 2196 3528 mittebat
2246 3471 2444 3526 retusis
2469 3470 2736 3526 auribus:
2791 3487 2914 3526 cum
2953 3482 3137 3527 autem
3183 3471 3559 3544 elongabatur,

1945 3560 2197 3636 angelica
2226 3560 2468 3616 melodia
2526 3559 2769 3630 amplius
2807 3559 3126 3615 iterabatur.
3170 3560 3208 3615 0
3268 3558 3564 3614 incffabilis

1946 3652 2193 3724 potentia
2219 3659 2332 3712 tua,
2374 3650 2615 3706 Christe!
2676 3650 2814 3717 Quis
2859 3659 3180 3723 compensat
3222 3658 3315 3707 tua
3344 3668 3563 3724 magna-

1950 3743 2060 3799 lia?
2086 3745 2243 3809 Ecce,
2283 3742 2461 3814 palam
2502 3741 2656 3809 facis,
2690 3742 2838 3813 quod
2870 3758 2965 3797 ore
3013 3749 3107 3799 tuo
3135 3743 3353 3797 dixisti:
3390 3763 3416 3793 α
3444 3744 3561 3799 Νοη

1951 3841 2034 3891 est
2070 3836 2215 3891 Deus
2253 3843 2614 3896 mortuorum.
2665 3834 2761 3888 sed
2811 3833 3081 3889 vivorum.
3116 3857 3141 3880 »
3178 3833 3378 3889 Omnes
3414 3834 3560 3888 enim

1950 3924 2051 3979 tibi
2093 3923 2304 3989 vivunt,
2338 3923 2430 3995 qui
2480 3922 2619 3978 vivis
2648 3929 2702 3978 et
2739 3938 2939 3997 regnas
2989 3922 3044 3976 in
3078 3921 3279 3977 saecula
3326 3921 3565 3977 saeculo-

1951 4030 2094 4070 rum.

2020 4106 2091 4161 55
2164 4105 2320 4160 Miles
2375 4105 2571 4161 Christi
2619 4104 2892 4178 gloriosus
2943 4104 3287 4170 Lantbertus,
3329 4114 3569 4177 quantus

1953 4197 2099 4269 apud
2132 4198 2333 4271 Regem
2370 4214 2560 4271 regum
2592 4197 2647 4252 in
2680 4197 2833 4252 costis
2861 4202 3028 4261 esset,
3076 4194 3244 4267 coepit
3286 4195 3476 4250 statim
3510 4196 3566 4250 in

1952 4291 2114 4348 terris
2160 4291 2493 4363 patefacere,
2527 4308 2626 4362 per
2664 4292 2767 4347 hoc
2805 4291 2979 4345 multo
3010 4289 3251 4347 beatior.
3291 4288 3439 4360 quod
3468 4306 3568 4360 per

242 4381 409 4454 pulus
465 4380 768 4452 complodit
818 4396 1014 4436 manus
1088 4397 1212 4436 cum
1269 4380 1559 4438 lamentis:
1617 4380 1853 4452 populus
1877 4410 1932 4478 Β
1954 4396 2079 4435 eum
2110 4379 2272 4435 etiam
2301 4385 2424 4450 post
2450 4386 2680 4435 mortem
2714 4394 2917 4434 nomen
2951 4376 3163 4433 Domini
3196 4376 3564 4431 benediceha-

239 4477 533 4545 pernoctat
573 4469 914 4538 solemniter,
968 4470 1148 4526 clerus
1185 4470 1289 4526 rite
1333 4469 1650 4544 frequentat
1691 4466 1925 4525 excu—"
1959 4476 2045 4524 tur
2074 4468 2129 4522 in
2182 4468 2419 4539 populis.
2473 4469 2761 4539 Apparens
2801 4467 2950 4522 enim
3008 4472 3167 4522 nocte
3199 4466 3564 4526 thesaurario.

240 4564 386 4620 bias.

313 4653 405 4709 53.
453 4653 612 4709 Juvat
655 4666 849 4708 omnes
899 4650 1201 4706 allambere
1250 4651 1481 4723 vestigia
1528 4651 1605 4723 pii
1637 4650 1855 4722 patris;

239 4759 445 4818 magna
482 4759 544 4799 se
571 4749 727 4813 putat
754 4738 1014 4815 suffragia
1042 4739 1331 4808 meruisse,
1375 4739 1464 4796 cui
1502 4737 1860 4814 contingebat

319 4972 495 5044 (1070)
535 4971 757 5046 Primus
797 4970 1138 5046 _Sigebertus
1171 4968 1524 5046 _sc_ripsit_S.
1586 4966 1863 5024 Lamberti

246 5040 345 5104 cor
382 5040 702 5101 transfixum
734 5040 924 5107 fuisse,
953 5040 1362 5098 Godeschalcus
1399 5040 1504 5096 ait:

317 5141 384 5194 1n
412 5140 524 5193 ictu
551 5138 645 5193 teli
664 5136 937 5206 jaculavit
964 5151 1082 5191 eum
1118 5152 1132 5190 :

244 5247 565 5319 Stephanus
597 5261 611 5298 :

322 5358 592 5413 Percussit
619 5354 720 5409 telo
746 5356 1016 5409 victurum
1044 5355 1106 5408 in
1125 5353 1320 5408 secula
1348 5352 1559 5410 Christo
1586 5368 1600 5404 :

245 5469 419 5524 Poeta
442 5479 791 5536 annonymus
821 5480 833 5517 :

318 5580 476 5634 Hunc
504 5577 605 5631 telo
642 5577 830 5643 ﬁgens,
862 5576 1024 5628 auxit
1049 5574 1157 5628 sibi
1184 5572 1405 5627 vulnera
1430 5573 1618 5643 culpat.

317 5691 483 5761 1071)
507 5690 625 5745 lmo
655 5686 917 5753 Dodonis,
949 5691 1011 5743 ut
1032 5685 1166 5742 alibi
1204 5700 1350 5756 saepe
1378 5685 1585 5742 dictum
1615 5688 1724 5738 est.

1958 4559 2187 4615 nomine
2210 4559 2487 4633 Amalgiso
2520 4558 2738 4629 (1075);
2766 4558 2940 4627 judici
2972 4558 3251 4630 quondam
3281 4572 3405 4624 suo,
3440 4573 3566 4612 eum

1956 4647 2163 4702 blando
2195 4647 2564 4718 compellabat
2603 4647 2873 4720 alloquio:
2908 4647 3003 4719 qui
3055 4647 3123 4701 de
3171 4661 3337 4701 causa
3362 4645 3569 4701 adven-

1959 4745 2046 4793 tus
2059 4735 2145 4792 sui
2161 4736 2230 4791 ab
2259 4736 2456 4792 eodem
2479 4736 2599 4793 viro
2629 4736 2927 4809 diligenter
2951 4735 3284 4808 inquisitus:
3318 4734 3569 4802 Romam,

2036 4968 2215 5041 (1072)
2255 4969 2407 5043 lianc
2451 4966 3062 5043 mirabilempellicum
3111 4967 3388 5040 repulsam
3419 4968 3574 5043 Sige-

1965 5038 2154 5096 bertus
2186 5038 2397 5110 primus
2435 5055 2465 5094 e
2493 5038 2814 5110 biographis
2844 5039 3087 5095 tradidit.

2039 5110 2217 5179 (1073)
2258 5111 2539 5192 Aﬁlpaidem
2572 5110 2844 5192 designat,
2883 5126 3046 5182 quam
3086 5110 3140 5165 S.
3173 5110 3449 5167 Lamberti
3478 5127 3579 5166 ne—

1970 5183 2049 5239 eis
2077 5198 2224 5237 ream
2266 5182 2434 5237 fuisse
2466 5197 2575 5237 non
2605 5182 2905 5237 credimus.

2046 5252 2222 5323 (1074)
2264 5254 2390 5318 Quae
2447 5254 2607 5308 uncis
2659 5254 2871 5309 inclusa
2921 5258 3069 5321 sunt,
3103 5251 3450 5308 restituimus
3511 5270 3577 5307 ex

1975 5324 2091 5379 Vita
2146 5325 2383 5380 hreviori
2426 5325 2494 5377 ab
2548 5324 2742 5380 eodem
2800 5324 3108 5393 Sigeberto,
3150 5324 3485 5393 conscripta,
3526 5330 3579 5377 et

1977 5395 2209 5450 Reinero
2237 5411 2522 5466 perperam
2554 5395 2830 5450 attributa.
2864 5395 2925 5450 In
2958 5413 3060 5451 ms.
3089 5395 3237 5451 enim
3281 5402 3463 5450 nostro
3493 5396 3581 5448 hic

1976 5467 2169 5539 luxato
2212 5466 2289 5539 ita
2347 5466 2572 5539 legitur:
2635 5467 2932 5539 Videbatur
2974 5467 3057 5522 eis
3083 5467 3237 5521 vocis
3283 5466 3391 5518 sibi
3440 5473 3581 5519 notae

1973 5537 2119 5608 unde
2150 5538 2205 5591 8.
2250 5537 2726 5608 Lamb—erthquod
2759 5538 2878 5608 ipse
2910 5545 3155 5604 sanctus,
3187 5544 3293 5591 etc.
3493 5580 3499 5586 ,

2066 5607 2218 5680 1075)
2250 5608 2291 5680 Α
2340 5607 3098 5680 GodeschalcoAmalgisilus
3134 5615 3380 5680 vocatur,
3412 5610 3578 5673 atque

1974 5679 2049 5735 ita
2075 5679 2238 5734 etiam
2269 5677 2473 5753 legitur
2501 5677 2556 5732 in
2580 5678 2698 5733 Vita
2727 5677 2968 5736 breviori
2998 5694 3121 5734 mox
3148 5678 3327 5733 citata.
