3960 6198
399 310 500 363 807
1623 305 1968 361 SlGEBERTl
2009 306 2524 369 GEMBLACENSIS.
3639 301 3750 374 sos

397 437 598 510 lnquit,
645 436 892 502 ivimus;
955 437 1145 504 Roma,
1200 452 1353 503 ecce.
1421 437 1684 503 redimus.
1748 437 2016 494 ViSilaluri
2045 445 2094 510 Α
2125 446 2328 502 cubare
2361 448 2430 502 ad
2462 448 2640 504 locum
2673 447 2915 520 martyrii
2951 449 3094 519 ejus,
3124 456 3178 506 et
3205 450 3343 505 alter
3373 447 3604 522 quidam
3635 450 3746 506 Ra-

398 531 678 586 Dodonem
711 537 768 583 ει
794 529 1095 599 complices
1127 529 1280 597 ejus;
1312 529 1538 602 sanguis
1564 529 1713 582 enim
1747 527 2021 584 innocen-
2119 538 2393 614 ginfridus
2422 539 2677 595 eumdem
2714 541 2890 595 locum
2935 541 3239 596 emundare
3279 542 3542 606 monitus,
3577 543 3748 598 ambo

397 621 554 690 tium,
595 620 688 692 qui
722 635 935 674 mecum
970 635 1067 690 pro
1113 619 1324 674 Christo
1365 635 1529 689 super
1567 628 1766 674 terram
1812 619 2020 674 effusus
2119 630 2307 684 lumen
2333 629 2639 697 oculorum,
2690 645 2799 700 quo
2829 626 3110 698 carebant,
3144 639 3491 702 receperunt,
3554 631 3611 684 in
3645 647 3750 686 suo

397 722 500 778 est,
527 713 867 782 jamjamque
897 710 1104 782 expetit
1135 711 1203 765 ab
1247 726 1311 766 eo
1344 710 1662 776 vindictam,
1709 727 1810 766 nec
1857 727 2017 766 suam
2120 719 2357 793 quisque
2379 727 2647 790 tempore,

397 808 542 863 Deus
583 807 650 861 ab
692 807 773 861 eis
814 807 1050 880 gratiam
1101 806 1400 878 elongabit.
1450 805 1542 859 llis
1587 806 1773 872 dictis,
1835 806 2020 876 dispa-

400 903 508 958 ruit
576 902 683 956 Sed
715 902 843 972 quia
877 902 1011 955 visio
1044 917 1153 955 non
1188 899 1291 955 fuit
1339 901 1646 968 fantastica,
1700 918 1879 956 rerum
1927 917 2024 956 ex-

400 997 509 1051 itus
537 994 741 1050 docuit.
764 993 916 1048 Dodo
943 1009 1142 1063 nempe
1174 993 1380 1046 sanctis
1411 993 1671 1048 antistitis
1704 992 2026 1048 interfector

400 1085 582 1140 statim
634 1083 869 1137 incurrit
927 1082 1059 1135 iram
1110 1081 1309 1135 divinae
1359 1081 1615 1135 ultionis:
1677 1098 1800 1136 nam
1835 1081 2024 1136 omnia

401 1181 590 1236 vitalia
625 1178 932 1250 putrefacta
965 1186 1019 1232 et
1068 1177 1237 1232 fetida
1271 1195 1368 1248 per
1397 1194 1460 1233 os
1507 1195 1666 1233 suum
1703 1179 2022 1250 projiciens,

402 1269 642 1324 ostendit
673 1266 929 1322 omnibus
970 1265 1351 1319 infelicitatem
1405 1283 1559 1320 suam
1590 1282 1688 1336 per
1731 1266 2024 1320 miserabi-

339 1409 348 1418 τ
403 1361 506 1414 lem
539 1360 662 1413 vitae
703 1359 942 1422 exitum;
977 1363 1030 1411 et
1061 1357 1156 1428 qui
1197 1357 1286 1410 hic
1328 1373 1529 1428 pompa
1577 1358 1764 1412 saeculi
1821 1358 2029 1412 abusus

280 1453 298 1468 '
399 1457 502 1515 est,
535 1448 830 1518 deputatus
863 1452 948 1500 est
980 1445 1034 1498 in
1077 1444 1293 1500 inferno
1323 1446 1435 1512 jam
1464 1444 1624 1518 [igni]
1660 1446 2029 1519 inexstingui—

401 1541 520 1608 bili,
544 1548 600 1595 ct
627 1541 802 1594 vermi
832 1555 943 1594 non
975 1539 1256 1594 morienti.

472 1631 560 1688 56.
595 1633 782 1686 Fertur
811 1631 1000 1698 etiam,
1037 1630 1183 1702 quod
1219 1638 1443 1701 propter
1483 1631 1896 1686 intolerantiam
1937 1631 2025 1684 ni-

2191 809 2282 864 58.
2315 809 2580 864 Veniebat
2624 825 2746 864 cum
2780 807 2890 864 fide
2928 809 2995 864 ad
3030 809 3176 865 hunc
3207 811 3386 866 locum
3420 810 3578 884 virgo
3610 809 3750 876 Oda,

2126 908 2180 957 et
2217 901 2336 972 ipsa
2370 919 2548 968 caeca;
2597 909 2650 958 et
2691 904 2810 958 loco
2843 903 3097 974 prpxima
3129 911 3188 958 ut
3229 919 3433 959 nomen
3467 903 3753 958 invocavit

2125 992 2298 1046 sancti
2355 992 2628 1064 martyris,
2670 993 2815 1064 quod
2874 993 3096 1048 volebat
3133 993 3350 1064 accepit
3408 991 3606 1062 (1082).
3658 992 3752 1044 llis

2125 1079 2432 1154 augebatur
2462 1097 2657 1136 recens
2685 1081 2967 1136 veneratio
3001 1081 3128 1136 novi
3161 1081 3754 1158 patroni,et_accensa

2127 1172 2316 1242 pepuli
2349 1172 2569 1227 devotio
2615 1180 2805 1226 sancto
2842 1170 3125 1225 basilicam
3175 1168 3433 1238 aediﬁcat,
3467 1178 3624 1226 tanto
3669 1171 3754 1224 ci-

2131 1260 2260 1322 tius,
2303 1268 2509 1331 quanto
2549 1260 2823 1316 devotius.
2865 1261 3060 1315 Lectus
3096 1259 3259 1314 etiam
3301 1260 3477 1314 sancti
3501 1276 3534 1313 a
3565 1259 3756 1330 fideli-

2130 1352 2234 1407 bus
2277 1351 2594 1420 fabricatus,
2638 1354 2693 1406 in
2725 1353 2820 1409 illo
2850 1353 2972 1409 loco
3008 1353 3219 1424 positus
3249 1360 3350 1418 est,
3386 1353 3478 1408 ubi
3521 1359 3754 1407 sanctus

2131 1444 2239 1498 telo
2285 1445 2459 1516 iniqui
2495 1445 2786 1500 transfixus
2827 1444 2949 1500 fuit.
2983 1445 3107 1500 Haec
3137 1445 3484 1519 Legiensium
3522 1445 3754 1500 devotio

2131 1537 2270 1592 adeo
2297 1538 2528 1593 Domino
2563 1538 2786 1608 placuit,
2817 1546 2876 1593 ut
2909 1537 3021 1606 jam
3049 1536 3246 1592 crebro
3275 1537 3461 1592 multis
3487 1536 3756 1593 fidelibus

2129 1627 2345 1681 caelitus
2385 1629 2501 1684 viso
2541 1636 2854 1700 appareret,
2886 1635 2946 1683 ut
2972 1635 3196 1684 sanctus
3234 1627 3430 1700 Marlyr
3471 1627 3684 1682 relatus
3721 1645 3751 1682 a

403 1727 498 1782 mii
542 1726 730 1781 fetoris
760 1741 960 1795 corpus
991 1725 1112 1793 ejus
1144 1725 1196 1778 in
1219 1724 1443 1779 fluvium
1477 1725 1681 1780 Mosam
1717 1725 2020 1796 projectum
2050 1776 2095 1796 η
2122 1720 2365 1790 Trajecto
2408 1724 2654 1795 martyrii
2700 1724 2786 1779 sui
2839 1724 2960 1779 loco
3037 1723 3439 1778 restitueretur.
3505 1723 3750 1778 Sanctus

403 1819 494 1885 sit,
523 1817 802 1872 vermibus
842 1823 894 1870 et
934 1816 1056 1870 tabe
1103 1823 1420 1887 corruptum
1456 1816 1671 1886 (1076);
1717 1832 1820 1870 nec
1861 1816 2020 1870 aliam

406 1910 746 1980 sepulturam
776 1907 996 1971 meruit,
1039 1908 1134 1978 qui
1187 1907 1558 1962 miserabilem
1614 1907 1748 1962 tanti
1779 1907 2028 1962 criminis

407 2000 510 2054 sibi
594 1998 914 2053 memoriam
989 1998 1304 2069 acquisivit.
1382 1998 1595 2052 Dodoni
1663 1999 1719 2052 in
1795 1998 2028 2052 crimine

407 2090 710 2163 azquandus
760 2090 870 2153 ille,
920 2089 1011 2160 qui
1065 2100 1313 2144 sanctum
1362 2090 1575 2144 Domini
1623 2089 1738 2143 suis
1777 2090 2032 2144 manibus

410 2179 666 2252 peremit,
699 2178 849 2232 fratri
883 2193 982 2233 suo
1024 2180 1190 2233 miser
1218 2179 1363 2233 bello
1393 2179 1769 2252 congreditur,
1823 2185 1879 2232 et
1924 2178 2033 2233 fra-

408 2280 545 2326 trem
578 2270 876 2341 perimens,
911 2277 1100 2324 mutuo
1134 2286 1165 2323 a
1194 2269 1359 2324 fratre
1401 2270 1705 2339 perimitur.
1751 2268 1816 2324 Ut
1854 2270 2031 2336 aiunt,

408 2361 596 2432 paucis
630 2360 814 2414 omnia
841 2359 1198 2413 concludam:
1235 2357 1376 2413 infra
1415 2359 1544 2412 anni
1577 2359 1752 2430 ipsius
1782 2359 2029 2429 spatium

407 2451 495 2507 vix
521 2452 720 2523 aliquis
759 2450 956 2515 evasit,
988 2449 1084 2521 qui
1129 2449 1183 2504 in
1220 2466 1355 2504 nece
1384 2450 1556 2505 sancti
1613 2450 1870 2521 martyris
1911 2465 2036 2503 reus

407 2543 537 2599 fuit:
593 2552 646 2599 et
707 2545 754 2598 si
815 2544 940 2614 quis
1014 2543 1330 2614 superfuit,
1386 2544 1440 2598 in
1511 2551 1724 2598 tantum
1801 2559 1860 2598 se
1937 2548 2034 2597 aut

406 2651 572 2690 sensu
630 2635 812 2704 (1077)
870 2633 1146 2705 perdoluit
1200 2634 1496 2699 annullari,
1549 2642 1608 2690 ut
1663 2635 1787 2690 illos
1841 2633 2034 2689 felices

409 2723 628 2778 duxerit
660 2738 800 2787 esse,
844 2739 937 2794 qur
971 2723 1155 2789 citata,
1191 2723 1443 2795 quamvis
1484 2723 1807 2790 miserabili,
1850 2728 2027 2777 morte

410 2813 723 2883 consumpti
752 2822 899 2868 sunt.
942 2815 1008 2868 At
1041 2813 1236 2869 Christi
1277 2824 1480 2886 martyr
1517 2822 1814 2870 coronatus
1845 2815 2034 2869 trium-

411 2907 564 2977 phat,
625 2913 679 2960 et
714 2907 956 2962 victoria:
1016 2910 1250 2978 palmam
1288 2910 1465 2976 (1078)
1522 2916 1740 2975 tenens,
1794 2909 1849 2961 in
1905 2908 2029 2962 sinu

411 2997 640 3051 Abrahze
660 2999 915 3053 exsultat.
959 3000 1068 3065 Sic,
1101 3000 1335 3069 Christe,
1369 3002 1424 3055 in
1456 3001 1661 3056 sanctis
1695 3001 1803 3056 tuis
1831 3001 1899 3055 de
1922 3000 2032 3054 ini-

411 3088 572 3143 micis
594 3089 918 3160 triumphas,
953 3098 1007 3145 et
1025 3091 1322 3167 diligentes
1352 3103 1404 3148 te
1421 3092 2032 3168 diligens,honoriﬁcas

414 3180 750 3236 honorantes
781 3189 852 3236 te.

483 3273 572 3324 57.
602 3271 788 3346 Legia,
820 3289 943 3343 quas
978 3273 1238 3329 illustrari
1280 3275 1480 3329 meruit
1512 3275 1728 3346 patroni
1763 3275 1848 3330 sui
1879 3292 2029 3330 mar-

414 3362 578 3433 tyrio,
607 3365 862 3434 quamvis
889 3381 1121 3436 corpore
1146 3367 1323 3438 ipsius
1352 3383 1412 3422 se
1453 3367 1519 3422 ad
1551 3375 1770 3440 tempus
1795 3369 2034 3424 doluerit

416 3452 692 3507 viduatam
726 3469 868 3520 esse,
917 3460 1102 3509 tamen
1161 3456 1549 3511 miraculorum
1611 3457 1730 3526 ejus
1770 3457 2036 3512 immunis

417 3561 530 3602 non
555 3546 670 3601 fuit.
709 3549 764 3602 In
798 3549 1055 3605 cubiculo
1089 3565 1328 3622 namque
1355 3552 1598 3623 martyrii
1635 3551 1784 3607 illius
1814 3553 2034 3608 conscio

420 3638 733 3704 luminaria,
763 3639 1026 3695 divinitus
1046 3658 1301 3706 accensa,
1325 3643 1528 3714 sapius
1565 3643 2037 3714 resplendebant;

419 3737 480 3786 ut
510 3738 620 3787 tota
651 3732 869 3800 domus,
904 3734 1060 3805 quasi
1091 3736 1240 3790 solus
1273 3736 1479 3802 radius,
1513 3736 1813 3811 refulgeret
1848 3737 1926 3807 [ut
1955 3736 2042 3790 lu-

417 3841 534 3882 cem
568 3825 714 3881 illam
768 3828 855 3882 vix
889 3828 1165 3884 humanus
1195 3829 1361 3886 ferret
1401 3830 1626 3902 (1079)],
1658 3831 1868 3886 oculus.
1915 3830 2040 3885 Haec

420 3917 576 3974 fama:
601 3920 900 3990 primordia
948 3921 1267 3978 verificabat
1297 3939 1539 3994 sequens
1581 3924 1756 3995 gratia
1801 3922 2040 3978 miracu-

420 4009 620 4073 lorum,
651 4025 884 4080 quorum
925 4011 1014 4066 hic
1043 4028 1257 4066 summa
1288 4013 1639 4082 capitulanda
1670 4022 1772 4068 est.
1801 4013 2040 4068 Theodi-

419 4112 570 4152 mum
599 4096 780 4169 (1080)
809 4099 1101 4170 quemdam
1130 4101 1213 4154 vir
1238 4111 1464 4156 sanctus
1508 4102 1678 4156 semel
1715 4118 1816 4172 per
1860 4103 2034 4157 visum

418 4189 654 4255 monuit,
704 4197 763 4244 ut
793 4191 1071 4261 pectinem
1104 4208 1263 4247 suum
1303 4194 1570 4264 optimum
1637 4193 1914 4262 redderet,
1967 4194 2037 4250 ab

423 4281 544 4348 ejus
598 4297 764 4336 uxore
795 4283 898 4336 sibi
932 4291 1290 4354 praereptum:
1325 4286 1488 4341 tertio
1546 4285 1730 4357 (1081)
1786 4302 1898 4342 non
1939 4304 2039 4358 pa-

422 4371 595 4428 rentis
623 4373 725 4426 sibi
759 4381 950 4443 pectus
981 4374 1161 4430 afiecit
1182 4375 1474 4431 insanabili
1500 4377 1631 4445 ictu,
1655 4377 1843 4450 sicque
1879 4395 2036 4434 suum

421 4464 491 4517 ab
522 4463 693 4520 invito
733 4465 955 4536 recepit.
991 4465 1346 4540 Baldigisilus
1375 4468 1566 4537 jussus
1602 4483 1702 4540 per
1732 4469 1906 4525 visum
1937 4485 2041 4525 ex—

499 4676 676 4758 (1076)
707 4677 788 4758 _De
816 4695 983 4758 corpo
1013 4697 1044 4736 e
1085 4680 1140 4736 in
1166 4680 1367 4739 Mosam
1397 4684 1645 4756 projecto
1675 4684 1814 4739 nihil
1843 4684 2042 4758 legitur

425 4752 575 4822 apud
607 4752 1063 4807 Godeschalcum.

503 4822 684 4898 (1077)
726 4824 788 4877 In
821 4840 922 4878 ms.
968 4831 1153 4880 nostro
1191 4841 1350 4880 censu
1383 4825 1610 4898 legitur:
1666 4826 1826 4882 Forte
1858 4834 2041 4883 tamen

428 4891 748 4968 legendum
761 4910 998 4968 sensum.

496 4963 674 5042 (1078)
731 4965 829 5042 Ms.
899 4973 1144 5042 nostrum
1208 4968 1400 5042 habet:
1453 4969 1744 5042 Victoriam
1813 4968 2038 5042 palmae;

426 5035 577 5104 quod
598 5051 664 5088 ex
695 5036 888 5091 eadem
921 5038 1037 5093 Vita
1067 5039 1310 5094 breviori
1339 5040 1572 5095 correxi.

497 5105 676 5174 (1079)
715 5106 875 5161 Uncis
905 5108 1114 5164 inclusa
1154 5127 1218 5166 ex
1262 5111 1480 5166 laudata
1506 5111 1615 5166 vita
1654 5112 1898 5169 breviori
1935 5112 2038 5166 de-

427 5190 539 5231 nuo
564 5178 958 5258 restituihcum
993 5181 1048 5233 in
1067 5198 1162 5258 _ms
1231 5191 1418 5238 nostro
1447 5190 1570 5253 post
1598 5185 1828 5239 verbum
1871 5183 2042 5258 reful—

425 5253 1131 5326 gere‘tLerli‘ssiscaateris,
1188 5260 1396 5326 tantum
1441 5263 1789 5326 sequeretur,
1822 5256 2036 5326 oculus.

497 5319 672 5394 (1080)
703 5319 1085 5394 Theoduinum
1119 5324 1284 5379 habet
1307 5326 1424 5380 Vita
1451 5319 2037 5394 brévior,GOdeschal-

425 5403 540 5449 cus.
570 5389 984 5445 Theodoenum.

493 5459 672 5541 (1081)
704 5460 1109 5541 Godeschalcus
1147 5473 1355 5541 tantum
1388 5467 1475 5521 bis
1527 5475 1775 5541 sanctum
1802 5468 1904 5541 ipsi
1937 5485 2040 5541 ap-

421 5536 670 5657 paruisse
722 5539 983 5598 testatur;
1037 5536 1253 5591 tertiam
1284 5537 1458 5602 vicem
1491 5540 1746 5608 adjunxit
1775 5536 2039 5614 Si'gebe'r-

447 5619 527 5657 us.

447 5619 527 5658 US.

490 5674 676 5750 (1082)
724 5676 801 5731 De
832 5673 986 5729 hisce
1016 5673 1193 5734 tribus
1243 5679 1453 5734 lumine
1501 5681 1721 5738 donatis
1768 5681 1880 5755 agit
1931 5681 2037 5738 Go-

2055 3185 2396 3254 Chonorem
2462 3185 2633 3241 sancti
2686 3185 2936 3256 martyris
2985 3183 3377 3238 fundabantur.

2127 1810 2417 1880 Hubertus,
2448 1812 2785 1868 sanctissimi
2836 1813 3116 1867 Lantberti
3153 1813 3462 1884 discipulus
3505 1821 3564 1869 et
3621 1830 3750 1869 suc-

2129 1917 2335 1968 cessor,
2376 1917 2486 1958 non
2539 1901 2844 1958 contraibat
2897 1902 2994 1957 Dei
3047 1911 3102 1957 et
3156 1903 3408 1973 martyris
3448 1903 3749 1958 voluntati.

2132 1995 2288 2049 Anno
2325 1994 2494 2067 igitur
2531 1995 2886 2066 episcopatus
2943 1994 3028 2048 sui
3082 2010 3176 2048 xm
3228 1994 3410 2065 (1083)
3470 1994 3749 2050 tumulum

2135 2083 2310 2139 sancti
2365 2085 2642 2154 aperiens,
2683 2099 2882 2155 corpus
2929 2085 3049 2153 ejus
3078 2084 3316 2139 solidum
3367 2084 3643 2139 illibatum
3692 2100 3754 2139 ac

2135 2179 2276 2234 miro
2306 2179 2476 2234 odore
2506 2195 2817 2250 respersum
2849 2179 3092 2234 invenit:
3128 2178 3355 2234 mutavit
3394 2179 3752 2247 vestimenta,

2136 2278 2190 2326 et
2215 2272 2394 2342 priora
2424 2287 2525 2343 pro
2564 2272 2761 2327 dandis
2795 2271 3122 2344 pignoribus
3151 2270 3329 2344 (1084)
3379 2273 3654 2326 servanda
3684 2272 3756 2326 si-

2135 2363 2365 2436 gillavit.

2205 2455 2294 2508 59.
2356 2454 2559 2509 Claruit
2609 2455 2696 2509 vel
2775 2453 3161 2510 transferendo
3194 2496 3208 2522 ,
3265 2455 3372 2510 hoc
3423 2454 3752 2526 beneplaci-

2137 2556 2252 2604 tum
2306 2547 2476 2603 fuisse
2515 2547 2774 2604 Domino:
2816 2548 2872 2602 in
2904 2548 3037 2603 villa
3079 2548 3286 2620 quippe
3325 2547 3521 2604 Nuella
3568 2549 3753 2617 (1085)

2134 2638 2520 2709 requiescente
2550 2637 2776 2708 populo,
2836 2653 3049 2708 pauper
3087 2644 3143 2692 et
3181 2653 3384 2704 caecus,
3417 2637 3628 2692 ditatus
3675 2643 3758 2691 est

2135 2729 2350 2784 reddito
2383 2729 2486 2784 sibi
2547 2728 2733 2784 officio
2764 2730 3070 2785 oculorum.
3133 2730 3242 2784 Nec
3289 2730 3463 2784 multo
3523 2739 3649 2800 post
3702 2729 3755 2782 in

2135 2819 2264 2874 villa
2293 2819 2547 2874 llermala
2579 2820 2752 2890 (1086)
2803 2819 3016 2874 cunctis
3044 2819 3241 2890 requie
3273 2819 3654 2873 relevantibus
3687 2819 3761 2872 la-

2134 2914 2322 2968 borem
2349 2911 2685 2982 paralyticus
2719 2909 2897 2981 (1087)
2927 2911 3132 2965 ibidem
3152 2910 3420 2965 adductus
3443 2909 3498 2963 in
3523 2920 3754 2980 aspectu

2130 3008 2302 3064 sancti
2346 3006 2533 3061 feretri
2597 3005 2830 3061 solidata
2876 3021 3140 3081 compage
3192 3004 3597 3072 membrorum,
3648 3005 3756 3060 sibi

2133 3097 2379 3153 redditus
2416 3105 2515 3152 est.
2555 3097 2614 3150 1n
2644 3094 2876 3169 singulis
2906 3096 2990 3149 his
3028 3095 3164 3150 locis
3193 3095 3372 3149 statim
3406 3094 3654 3150 basilicas
3702 3095 3757 3149 in

3465 3185 3599 3238 Cum
3654 3184 3754 3238 tali

2133 3282 2374 3354 tripudio
2415 3277 2962 3351 apprOpinquabatur
2999 3286 3113 3343 tuo,
3173 3292 3206 3332 ο
3256 3276 3437 3351 Legia,
3503 3277 3751 3331 munici-

2135 3372 2226 3443 pio
2259 3368 2460 3441 (1088)!
2507 3369 2715 3433 Quanta
2767 3371 2821 3422 et
2849 3366 3030 3438 qualis
3073 3365 3240 3420 fuerit
3280 3364 3562 3436 processio
3623 3366 3760 3420 cleri

2137 3471 2190 3521 et
2222 3463 2436 3536 populi,
2468 3469 2672 3534 quanta
2698 3466 2752 3514 et
2805 3459 2984 3530 qualis
3011 3459 3298 3514 exsultatio
3330 3459 3580 3532 undique
3610 3475 3757 3514 con-

2141 3553 2501 3618 currentium,
2552 3557 2756 3622 quanta
2808 3549 3052 3604 omnium
3094 3549 3395 3603 liberalitas
3453 3549 3509 3603 in
3551 3548 3756 3602 dandis

2141 3651 2330 3699 sancto
2383 3641 2724 3706 muneribus,
2761 3646 2967 3710 quanta
2999 3637 3164 3693 fuerit
3191 3636 3440 3692 ﬁdelium
3483 3637 3682 3692 orandi
3709 3645 3764 3690 et

2140 3739 2267 3789 vota
2317 3730 2568 3787 solvendi
2609 3727 2854 3800 puritas;
2894 3728 3015 3782 haec
3060 3733 3115 3781 et
3161 3725 3479 3795 hujusmodi
3536 3724 3761 3780 facilius

2141 3840 2172 3878 a
2199 3823 2450 3893 sapiente
2475 3817 2734 3875 aestimari
2773 3823 3054 3889 poterunt,
3086 3832 3250 3888 quam
3282 3815 3518 3886 alicujus
3545 3830 3644 3871 ore
3674 3817 3763 3872 vel

2138 3916 2281 3987 stylo
2312 3915 2540 3970 narrari.

2207 4006 2294 4061 60.
2352 4005 2548 4070 Habes,
2609 4002 2794 4076 Legia,
2837 4009 2990 4057 tuum
3030 3999 3331 4076 gaudium;
3382 4015 3537 4065 ecce,
3599 4005 3761 4054 tenes

2140 4103 2290 4152 tuum
2336 4095 2578 4166 Speciale
2636 4092 3023 4165 patrocinium.
3068 4089 3202 4145 Hinc
3251 4089 3419 4161 cmpit
3448 4089 3526 4143 tui
3588 4088 3767 4161 profe-

2137 4192 2257 4242 ctus
2281 4185 2370 4256 [αι.
2395 4181 2706 4256 provectus]
2737 4181 2979 4247 initium,
3005 4196 3104 4252 per
3131 4182 3279 4236 hunc
3300 4181 3355 4234 in
3377 4178 3579 4234 urbem
3607 4179 3762 4233 exal-

2140 4286 2270 4344 tata,
2299 4275 2621 4349 proveheris
2647 4275 2718 4331 de
2750 4274 2862 4329 filia
2886 4274 2943 4329 in
2970 4281 3202 4328 matrem
3236 4273 3449 4345 (1089):
3481 4287 3585 4342 per
3614 4272 3762 4326 hunc

2141 4374 2198 4429 in
2229 4372 2603 4444 episcopalem
2634 4371 2824 4427 sedem
2855 4376 3125 4442 promota,
3169 4370 3224 4424 in
3257 4383 3479 4425 omnem
3512 4366 3761 4438 profeci-

2141 4467 2209 4523 sti
2256 4467 2621 4523 honestatem.
2662 4464 2797 4520 Aliis
2853 4464 3087 4520 urbibus
3125 4463 3180 4518 in
3223 4462 3443 4519 senium
3476 4463 3758 4535 quodam-

2141 4683 2470 4740 deschalcus
2508 4699 2629 4754 cap.
2660 4683 2740 4754 ,3,
2771 4697 2838 4736 ex
2885 4680 3131 4754 quo,gu_ti
3153 4685 3231 4754 get
3260 4695 3383 4754 quae
3413 4678 3485 4735 de
3516 4680 3759 4737 ecclesia

2141 4755 2329 4811 Leodii
2370 4762 2553 4810 erecta
2575 4751 2798 4817 'subdit,
2829 4751 3117 4808 ea'didicit
3145 4751 3491 4822 Sigebertus.

2211 4825 2394 4897 (1083)
2429 4826 2579 4880 Hunc
2606 4841 2833 4897 annum,
2866 4839 3030 4897 quem
3061 4823 3116 4877 in
3158 4822 3478 4897 Christi_721
3517 4822 3608 4897 vel
3655 4822 3759 4897 72}

2141 4893 2404 4968 incidisse
2453 4896 2818 4968 ostendimus,
2851 4893 3195 4965 deprompsit
3238 4910 3305 4949 ex
3357 4893 3668 4968 biographo
3700 4894 3755 4948 S.

2143 4965 2370 5024 Huberti
2399 4969 2542 5024 apud
2576 4967 2814 5022 Surium.

2239 5040 2397 5109 1084)
2431 5035 2488 5094 1d
2521 5046 2604 5094 est
2634 5054 2731 5109 pro
2760 5037 2931 5109 scaris
2960 5035 3646 5109 reliquiisdistribuenda.

2236 5107 2395 5179 1085)
2425 5111 2483 5165 In
2516 5107 2645 5164 Vita‘
2665 5108 2903 5164 breviori
2936 5107 3138 5179 legitur
3166 5107 3395 5163 Nivella.

2233 5178 2391 5239 1086)
2425 5183 2483 5236 In
2515 5182 2705 5236 eadem
2737 5178 2856 5234 Vita
2882 5178 3122 5234 breviori
3148 5187 3231 5233 est
3271 5179 3542 5233 Harmala.

2213 5250 2440 5322 (1087M
2482 5252 2850 5307 Godeschalco
2883 5257 3194 5305 contractus
3224 5250 3442 5322 dicitur.

2215 5320 2394 5399 (1088)
2425 5325 2589 5399 Legia
2616 5325 2730 5378 sive
2771 5322 3063 5399 Leodium,
3089 5322 3306 5399 vivente
3353 5321 3406 5375 S.
3441 5320 3748 5379 Lamberto,

2139 5397 2266 5451 villa
2295 5393 2742 5450 tantumvfuerat:
2775 5394 2875 5448 sed
2901 5393 3201 5448 verisimile
3257 5400 3444 5447 tamen
3499 5399 3602 5457 est,
3632 5405 3752 5444 eam

2141 5468 2212 5524 ob
2243 5469 2422 5522 locum
2459 5467 2713 5538 martyrii
2736 5465 2905 5533 illius,
2947 5463 3228 5538 miraculis
3257 5470 3311 5517 et
3351 5463 3589 5518 ecclesia
3626 5462 3753 5515 illu-

2141 5545 2390 5605 stratum,
2411 5539 2526 5610 jam
2557 5534 2674 5593 tum
2703 5537 3046 5610 incrementa
3060 5534 3304 5610 cepisse.

2217 5604 2396 5681 (1089)
2413 5604 2651 5664 'Matrem
2696 5606 2922 5681 restitui
2952 5622 3015 5662 ex
3059 5604 3175 5660 Vita
3215 5605 3488 5672 breviori;
3519 5621 3646 5661 nam
3694 5604 3749 5658 in

2141 5677 2243 5738 ms.
2277 5677 2462 5739 nostro
2493 5695 2784 5752 perperam
2817 5677 3037 5751 legitur,
3070 5685 3385 5747 martyrem.
