3960 6198
261 276 374 339 ,809

1525 278 1669 333 VlTA
1712 279 1963 335 ALTERA
2006 280 2058 335 S.
2108 280 2457 334 LAMBERTI.

3485 287 3595 345 .810

262 402 433 458 modo
466 400 843 476 vergentibus,
877 409 932 457 tu
969 416 1067 472 per
1116 401 1263 457 hunc
1318 400 1605 458 efﬂoruisti
1650 402 1705 455 in
1747 403 1878 473 pnl-
1909 409 1954 473 Α
1987 402 2195 457 Deinde
2225 403 2292 457 ad
2325 402 2503 457 locum
2537 403 2590 456 in
2625 419 2734 475 quo
2774 411 3019 459 sanctum
3049 421 3248 478 corpus
3286 406 3596 463 veneraba-

260 494 742 563 cbrzejuventutis
795 500 1013 549 statum.
1076 494 1330 565 Protegat
1380 502 1431 550 te
1472 494 1526 548 in
1559 510 1732 548 aevum
1766 495 1882 549 suis

257 583 471 643 sanctis
502 589 708 652 martyr
739 580 1038 656 suﬁ’ragiis,
1066 581 1159 653 qui
1202 589 1252 637 te
1288 584 1354 636 ad
1388 584 1491 639 hoc
1525 583 1789 652 provexit,
1823 589 1883 636 ut

261 675 322 729 in
352 682 496 729 terra
524 674 721 728 merito
772 679 825 727 et
858 674 1082 728 nomine
1140 673 1529 749 magniﬁceris.
1571 675 1636 728 Ex
1666 681 1794 729 tunc
1826 674 1879 728 in

265 766 540 837 reliquum
576 772 795 835 tempus
828 779 936 818 non
968 770 1050 818 est
1080 764 1276 819 modus
1306 765 1390 819 vel
1424 781 1686 819 numerus
1717 765 1879 818 mira-

262 857 553 923 culorum;
608 872 732 910 cum
776 854 1036 910 omnibus
1084 871 1185 926 per
1230 855 1506 911 Lantberti
1563 872 1764 910 nomen
1806 854 1882 909 ibi

264 950 441 1004 Deum
508 946 898 1002 invocantibus
948 946 1003 1001 in
1078 947 1308 1002 veritate
1361 964 1582 1019 semper
1650 946 1884 1018 patuerit

264 1040 471 1094 ostium
511 1038 709 1092 divina:
754 1037 1169 1093 misericordize.
1209 1038 1329 1092 Erat
1363 1038 1475 1093 illic
1518 1039 1706 1093 videre
1734 1054 1885 1093 com-

264 1131 581 1202 peditorum
609 1129 847 1195 vincula,
898 1114 1166 1185 debilium
1196 1131 1591 1193 sustentacula,
1641 1130 1694 1184 in
1722 1146 1886 1200 argu-

259 1227 514 1274 mentum
561 1220 778 1274 virtutis
813 1220 905 1273 Dei
946 1236 1211 1290 appensa.
1262 1220 1588 1292 Quicunque
1625 1218 1885 1275 veniebat

258 1308 394 1364 ﬁdei
430 1317 611 1375 tenax,
643 1326 925 1380 nunquam
959 1309 1173 1364 redibat
1202 1310 1473 1366 inefﬁcax.

332 1406 423 1461 61.
458 1405 552 1459 Hic
584 1420 807 1476 quoque
835 1410 1061 1458 sanctus
1091 1411 1316 1475 martyr,
1345 1405 1489 1459 sicut
1521 1404 1628 1474 piis
1662 1411 1716 1458 et
1748 1401 1887 1457 fide-

256 1493 410 1548 libus
442 1494 568 1564 pius
598 1500 653 1547 et
700 1502 1046 1563 opportunus
1089 1492 1308 1564 adjutor
1336 1498 1471 1559 erat,
1503 1494 1577 1547 ita
1605 1502 1720 1548 erat
1750 1508 1886 1548 con-

263 1591 350 1639 tra
390 1585 592 1656 impios
621 1594 714 1640 aut
743 1600 970 1639 severus
1020 1592 1306 1655 correptor
1360 1593 1455 1640 aut
1484 1585 1665 1653 justus
1720 1584 1884 1639 ultor.

270 1674 398 1729 Post
456 1689 659 1745 paucos
704 1674 853 1728 enim
906 1689 1083 1728 annos
1125 1672 1503 1727 translationis
1541 1672 1659 1740 ejus
1686 1670 1863 1741 (1090)

267 1772 574 1839 aegrotante
610 1782 762 1836 saepe
819 1765 1102 1820 nominato
1136 1764 1374 1835 Pippino
1416 1764 1624 1832 majore
1663 1764 1883 1827 domus,

262 1859 383 1914 ibat
406 1860 474 1913 ad
508 1876 631 1913 eum
663 1859 996 1914 visitandum
1032 1858 1181 1913 filius
1220 1858 1341 1927 ejus
1389 1857 1753 1922 Grimoaldus,
1790 1856 1883 1929 qui

263 1951 501 2006 devotus
532 1951 588 2007 8.
627 1950 942 2017 Lantberto,
993 1950 1117 2006 ideo
1173 1948 1311 2006 forte
1341 1949 1579 2020 amplius
1632 1950 1759 2021 quia
1789 1965 1880 2004 oc-

258 2041 534 2098 cubuerat
569 2058 668 2114 pro
709 2041 939 2098 defenso
979 2043 1170 2097 matris
1204 2042 1325 2113 ejus
1366 2041 1659 2095 Plictrudis
1690 2040 1885 2095 matri-

258 2132 476 2199 monio,
513 2131 737 2187 divertit
767 2130 1009 2203 Legiam,
1058 2138 1112 2185 et
1150 2130 1218 2185 ad
1248 2130 1521 2185 tumulum
1554 2129 1724 2184 sancti
1760 2145 1883 2184 ora-

262 2230 422 2278 turus
453 2222 704 2278 accessit.
742 2222 889 2276 Inter
913 2221 1183 2278 orandum
1217 2229 1483 2292 exceptus
1525 2221 1731 2275 ibidem
1760 2228 1883 2275 ante

264 2317 440 2373 altare
478 2318 533 2372 S.
594 2316 872 2373 Lantberti
917 2316 1204 2388 perimitur
1258 2334 1290 2371 a
1345 2316 1582 2388 quodam
1646 2314 1883 2369 satellite

267 2409 631 2465 Babbodonis
662 2409 821 2464 ducis
853 2408 1117 2475 Frisonis,
1167 2408 1326 2476 cujus
1368 2407 1495 2461 filiae
1527 2423 1556 2461 a
1598 2416 1751 2478 patre
1782 2422 1882 2462 suo

268 2499 508 2570 Pippino
578 2498 686 2553 sibi
768 2497 1114 2568 desponsata;
1183 2497 1524 2552 connubium
1593 2505 1876 2567 exspecta-

266 2591 364 2645 bat
397 2590 606 2662 (1891).
648 2589 753 2645 Sed
788 2588 1049 2644 Rabbodo
1081 2588 1135 2642 id
1166 2589 1391 2660 impune
1412 2604 1522 2643 non
1556 2588 1694 2656 tulit,
1723 2588 1880 2657 cujus

264 2684 533 2738 instinctu
566 2683 834 2737 innocens
864 2681 1123 2740 occubuit
1185 2681 1561 2736 Grimoaldus:
1616 2698 1739 2735 nam
1770 2696 1879 2737 non

273 2772 450 2827 multo
474 2780 599 2843 post
628 2772 774 2827 idem
804 2770 1071 2827 Rabbodo
1103 2771 1428 2826 mirabiliter
1457 2788 1487 2826 a
1517 2771 1771 2826 daemone
1801 2770 1890 2825 lu-

268 2860 549 2926 diﬁcatus,
582 2860 764 2915 subita
795 2860 959 2932 periit
983 2869 1039 2917 et
1066 2860 1312 2914 aeternali
1334 2866 1508 2915 morte
1541 2859 1747 2931 (1092).

342 2958 433 3012 62.
453 2958 582 3014 Post
604 2958 891 3012 decessum
920 2956 972 3012 S.
1003 2956 1282 3012 Lantberti
1311 2972 1450 3029 gens
1466 2956 1894 3011 Northmannica

1984 498 2094 555 tur,
2123 491 2411 546 barbarica
2458 492 2883 562 praesumptione
2920 494 3170 548 volentes
3205 495 3492 567 accedere,
3538 502 3593 551 et

1983 582 2210 652 Optima,
2246 597 2481 653 quaeque
2514 581 2847 645 invenirent,
2898 582 3160 651 diripere,
3207 585 3470 640 divinitus
3508 586 3593 640 in-

1984 689 2141 727 cussa
2168 673 2458 728 formidine
2493 673 2801 727 resilicnies
2848 673 3214 746 aufugerunt;
3248 677 3341 746 qui
3383 676 3595 749 fugien-

1985 772 2066 817 tes
2112 763 2216 819 lioc
2246 763 2410 818 modo
2454 762 2633 835 fugam
2671 779 2825 817 suam
2858 765 3304 831 consolabantur,
3347 768 3594 823 dicentes

1984 856 2088 910 Sibi
2122 856 2471 927 dispendium
2505 856 2777 923 evenisse,
2808 857 2955 928 quod
2988 858 3158 912 solam
3202 865 3255 912 et
3282 874 3427 914 nunc
3455 861 3595 916 adeo

1986 951 2278 1021 pretiosam
2312 951 2455 1005 circa
2487 952 2731 1022 Martyris
2758 967 2959 1023 corpus
2993 953 3066 1008 ita
3099 953 3394 1008 micantem
3430 953 3597 1010 fabri-

1985 1058 2102 1096 cam
2159 1059 2269 1097 non
2300 1042 2655 1098 abstulissent
2694 1044 2897 1110 (1093).
2942 1044 3075 1108 Quia
3134 1045 3357 1117 longum
3408 1054 3490 1101 est
3542 1054 3596 1102 et

1986 1132 2272 1186 taediosum
2303 1131 2521 1206 singula
2552 1132 2605 1186 S.
2640 1133 2918 1187 Lantberti
2952 1133 3216 1188 miracula
3248 1134 3597 1205 particulari-

1987 1228 2070 1276 ter
2099 1238 2377 1287 enarrare,
2412 1222 2505 1277 Dei
2536 1238 2634 1293 per
2664 1239 2790 1277 eum
2819 1224 3102 1294 operantis
3125 1224 3424 1293 potentiam
3465 1226 3591 1280 lau-

1987 1313 2180 1368 demus
2199 1313 2600 1370 universaliter.

2056 1409 2143 1464 63.
2188 1409 2360 1463 Vitam
2416 1410 2471 1464 S.
2519 1408 2795 1463 Lantberti
2852 1409 3107 1480 primitus
3149 1408 3309 1477 jussu
3350 1410 3597 1483 Agilfridi

1988 1501 2235 1573 episcopi
2267 1500 2487 1572 scripsit
2515 1500 2902 1567 Codescalcus,
2935 1501 3202 1557 diaconus
3240 1502 3419 1573 ipsius
3467 1519 3602 1559 con-

1989 1590 2347 1665 gregationis,
2380 1589 2472 1661 qui
2505 1588 2607 1644 fuit
2638 1596 2884 1660 tempore
2917 1588 3132 1661 Pippini
3168 1592 3310 1646 tertii
3342 1599 3397 1648 et
3424 1593 3596 1650 Caroli

1992 1679 2169 1754 Magni
2221 1679 2433 1749 (1094);
2473 1694 2635 1750 quam
2686 1677 2816 1732 licet
2846 1693 2943 1748 pro
3001 1678 3353 1748 simplicitate
3402 1694 3600 1733 sensus

1989 1772 2174 1827 multis
2231 1770 2557 1825 barbarismi
2613 1778 2668 1825 et
2717 1770 3019 1842 stylocismi
3086 1770 3237 1825 vitiis
3313 1784 3604 1840 expresse-

1986 1866 2056 1921 rit
2084 1865 2283 1936 (1091.).
2336 1881 2455 1919 eam
2506 1871 2687 1920 tamen
2739 1871 2909 1920 totam
2969 1866 3037 1919 ad
3090 1865 3358 1919 honorem
3420 1865 3596 1919 sancti

1985 1957 2237 2029 martyris
2267 1956 2384 2027 ipse
2434 1956 2801 2028 aurigraphus
2831 1956 3012 2011 aureis
3050 1956 3247 2011 litteris
3277 1956 3518 2026 scripsit,
3548 1964 3604 2012 et

1986 2056 2139 2126 gesta
2160 2051 2387 2122 quidem
2443 2050 2564 2118 ejus
2600 2050 2874 2105 veraciter
2926 2056 3277 2122 prosecutus,
3327 2049 3396 2104 de
3433 2065 3598 2105 causa

1985 2143 2229 2214 martyrii
2261 2140 2442 2213 (1095)
2476 2158 2667 2213 parum
2699 2141 2878 2198 libero
2933 2157 3030 2197 ore
3062 2148 3146 2197 est
3176 2143 3411 2198 locutus.
3444 2142 3598 2207 Quod

1987 2231 2088 2287 hac
2128 2233 2194 2287 de
2234 2248 2399 2287 causa
2425 2231 2619 2286 fecisse
2651 2231 2912 2295 creditur,
2935 2247 3003 2286 ne
3036 2232 3119 2286 sui
3149 2231 3413 2302 temporis
3444 2233 3599 2306 regi-

1986 2325 2088 2380 bus
2117 2324 2332 2395 culpam
2363 2324 2631 2394 majorum
2665 2340 2891 2379 suorum
2938 2324 3218 2379 videretur
3243 2323 3598 2394 exprobrare.

1986 2417 2055 2471 Ex
2088 2416 2282 2472 illicito
2311 2417 2516 2487 quippe
2548 2416 2767 2487 Pippini
2791 2415 2974 2486 (1096)
3002 2423 3057 2472 et
3079 2416 3320 2487 Alpaidis
3337 2416 3597 2491 conjugio

1981 2515 2142 2563 natus
2171 2515 2251 2561 est
2284 2507 2508 2562 Carolus
2538 2507 2837 2573 Martellus,
2871 2524 2937 2562 ex
2970 2507 3159 2564 Carolo
3191 2507 3457 2579 Pippinus
3485 2508 3599 2563 ter‘!

1981 2598 2111 2664 tius,
2154 2598 2246 2669 qui
2287 2613 2351 2652 ex
2384 2597 2637 2668 principe
2686 2596 2741 2651 in
2782 2612 2967 2672 regem
3009 2595 3342 2653 Francorum
3378 2612 3603 2668 promo-

1993 2697 2081 2744 tus
2126 2696 2237 2754 est;
2302 2687 2371 2741 de
2422 2686 2655 2758 Pippino
2707 2686 2928 2742 Carolus
2982 2685 3228 2756 Magnus,
3275 2702 3384 2759 quo
3437 2703 3602 2743 nemo

1994 2788 2119 2837 ante
2168 2781 2346 2852 ipsum
2374 2778 2459 2834 vel
2491 2787 2617 2849 post
2653 2778 2830 2850 ipsum
2867 2778 2968 2833 luit
2998 2778 3200 2847 major;
3231 2779 3301 2834 de
3342 2793 3454 2850 quo
3496 2779 3601 2833 du-

1994 2870 2157 2926 bitari
2206 2876 2388 2941 potest
2425 2868 2615 2925 fortior
2652 2884 2721 2923 an
2773 2867 2986 2924 felicior
3025 2877 3191 2935 esset,
3233 2869 3511 2940 potentior
3548 2867 3604 2921 in

1994 2962 2297 3034 republica,
2340 2977 2408 3014 an
2440 2958 2754 3031 religiosior
2785 2956 2839 3011 in
2885 2956 3259 3013 ecclesiastica
3289 2955 3605 3028 disciplina.

271 3051 503 3108 beluina
561 3050 780 3108 feritate
805 3052 1041 3123 spirans,
1100 3050 1387 3115 Leodium,
1417 3051 1470 3106 id
1512 3061 1595 3109 est
1650 3052 1888 3128 Legiam,
1915 3065 1965 3135 Ο
1993 3053 2195 3108 Passus
2226 3058 2307 3105 est
2346 3054 2530 3104 autem
2570 3048 2624 3102 S.
2661 3047 2989 3135 Lantbertus
3016 3063 3086 3135 av
3133 3045 3404 3135 Kalendas
3454 3045 3609 3102 Octo-

266 3141 546 3205 violenter
575 3141 794 3213 irrupit,
826 3147 881 3197 et
910 3140 1233 3212 municipiis
1268 3140 1510 3196 effractis
1541 3150 1709 3213 atque
1739 3158 1890 3198 com-

269 3235 476 3304 bustis,
533 3234 747 3290 civibus
786 3235 952 3291 etiam
1003 3234 1366 3290 immoderata
1418 3234 1570 3290 czedc
1629 3235 1787 3304 fusis,
1838 3244 1893 3291 et

271 3331 601 3388 substantiis
632 3330 885 3403 direptis,
917 3330 984 3387 ad
1024 3330 1277 3386 ultimum
1318 3330 1611 3386 ecclesiam
1636 3331 1691 3385 S.
1726 3330 1892 3386 Lant-

270 3421 414 3477 berti
446 3422 573 3498 igne
605 3428 1088 3494 consumpserunt.
1129 3429 1185 3477 et
1218 3438 1338 3477 eam
1367 3421 1485 3476 solo
1516 3427 1892 3492 coarquantes,

269 3514 394 3569 sola
451 3514 622 3571 ruina:
681 3524 735 3571 et
788 3513 1194 3571 combustionis
1241 3514 1477 3589 vestigia
1536 3513 1891 3586 reliquerant.

347 3754 532 3827 (1090)
564 3755 693 3820 Quae
752 3755 840 3810 hic
873 3761 1073 3827 narrat,
1126 3769 1272 3810 anno
1318 3753 1666 3827 Christi7H
1713 3750 1893 3827 conti:

272 3823 424 3899 giSse
464 3827 824 3897 probavimus
854 3827 909 3881 in
941 3826 1345 3899 Commentario
1377 3825 1579 3899 praevio
1603 3839 1755 3899 num.
1798 3823 1894 3878 118

274 3895 336 3954 et
362 3895 749 3969 sequentibus;
784 3899 1022 3970 ideoque
1052 3898 1253 3970 erravit
1281 3895 1633 3970 Sigebertus._
1656 3895 1785 3948 dum
1809 3910 1897 3948 ea-

277 3966 651 4051 demaiiquot
709 3969 869 4051 annis
909 3966 1032 4041 post
1063 3969 1305 4024 delatum
1346 3966 1425 4025 eo
1466 3966 1637 4022 sancti
1696 3982 1895 4037 corpus

276 4041 585 4113 contigisse
614 4041 870 4096 asseruit.

356 4107 715 4186 (1091)”Errat
743 4111 1063 4186 Sigebertus
1082 4129 1097 4178 ;
1116 4185 1119 4186 ν
1140 4110 1389 4186 Cointius
1417 4109 1564 4186 enim
1592 4107 1892 4186 ad_annuin

1995 3141 2126 3208 bris,
2155 3155 2301 3195 anno
2331 3137 2685 3209 episcopatus
2710 3134 2795 3190 sui
2825 3151 2914 3202 XL,
2955 3134 3059 3189 sub
3101 3150 3232 3208 rege
3269 3134 3603 3190 Francorum

1994 3233 2311 3288 Hildeberto
2339 3228 2665 3285 Theoderici
2694 3227 2841 3302 regis
2868 3226 3001 3290 ﬁlio,
3048 3243 3081 3281 a
3123 3241 3235 3299 quo
3262 3225 3608 3282 Theoderico

1994 3341 2155 3395 reges
2207 3323 2538 3378 Francorum
2593 3321 2711 3375 solo
2754 3319 2980 3374 nomine
3031 3318 3358 3392 regnabant,
3438 3332 3611 3388 penes

1995 3415 2466 3488 majores-domus
2496 3412 2745 3484 potentia
2777 3410 2931 3486 regni
2971 3410 3290 3475 constituta,
3332 3424 3512 3481 usque
3542 3407 3611 3463 ad

2001 3510 2293 3583 Pippinum
2326 3508 2545 3563 tertium
2589 3508 2646 3562 in
2674 3522 2859 3581 regem
2892 3511 3226 3577 promotum.

1995 3756 2099 3813 set,
2146 3754 2207 3803 ut
2246 3746 2406 3818 apud
2439 3743 2734 3818 eumdemA
2755 3741 3021 3818 Coi_nt_ium
3051 3740 3147 3818 ad“
3167 3756 3370 3794 annum
3414 3739 3613 3818 Christi

1997 3811 2100 3878 716
2123 3811 2324 3874 num.'1
2364 3817 2547 3870 videre
2570 3821 2671 3869 est.
2705 3813 2858 3878 Quod
2889 3813 2959 3866 de
2998 3811 3375 3865 ludificationc
3407 3812 3616 3867 daemo-

1996 3892 2084 3946 nis
2113 3891 2208 3957 ait,
2241 3888 2469 3945 consule
2508 3887 2572 3939 At
2625 3885 2680 3939 S.
2727 3884 2993 3957 Wlfranni
3041 3882 3289 3957 episc0pi
3324 3882 3613 3938 Senonen-

1997 3963 2083 4038 sis
2107 3953 2241 4038 toni.
2274 3957 2558 4038 [_llll1_artii_,
2592 3973 2621 4010 a
2650 3972 2774 4038 pag.
2809 3953 3368 4038 itti'in‘appendice.

2068 4033 2247 4105 (1093)
2280 4032 2362 4105 De
2399 4031 2499 4084 hac
2542 4023 2850 4105 irruptiope
2879 4023 3607 4105 _Nort_hinann_icadc0_nsule

1999 4096 2460 4160 commentarium
2494 4096 2805 4171 prmvium§
2832 4099 2925 4171 1i,
2952 4096 3048 4171 ubi
3079 4113 3140 4151 ex
3169 4096 3454 4171 vetustiori
3479 4109 3613 4149 auo-

282 4164 960 4248 Ch‘ristiﬁl'ililInuiii’."7h
1084 4164 1405 4237 ’Ahhdiibu’s
1428 4164 1793 4235 iMeteusibus
1843 4189 1897 4234 et
1922 4226 1971 4248 ,λ
2000 4192 2165 4247 nymo
2192 4174 2455 4248 ostendit,
2496 4164 2735 4248 ininime
2767 4164 3087 4248 verisimilia
3121 4183 3241 4221 esse
3271 4183 3397 4248 qum
3426 4164 3492 4219 de
3547 4180 3613 4220 eo

280 4255 465 4329 gestis
516 4272 707 4329 regum
749 4255 775 4309 1'
789 4270 1075 4329 raucorum

274 4324 750 4392 Theodosin'dam,
820 4326 1068 4381 Radbodi

278 4396 599 4453 Grimoaldo
646 4397 832 4467 reipsa
887 4406 1112 4467 nuptam
1156 4396 1345 4463 fuisse,
1377 4410 1523 4449 anno
1563 4393 1773 4448 scilicet
1801 4394 1898 4448 711

278 4469 594 4524 secundum
627 4469 824 4524 citatos
844 4468 1101 4523 Annales.

354 4539 538 4610 (1092)
574 4540 865 4595 Fabulatur
896 4539 986 4594 hic
1002 4541 1187 4611 denuo
1218 4537 1561 4611 Sigebertus,
1590 4535 1724 4611 dum
1760 4533 1902 4611 Rad-

1922 4226 1973 4292 ί)
2001 4226 2158 4302 Eii’e'i'd
2188 4226 2648 4325 rid—sgviamberti
2699 4256 2902 4325 corpus
2932 4226 3327 4325 Northmannis
3386 4237 3611 4325 incusso

1152 4325 1435 4380 Frisonum
1490 4322 1646 4377 ducis
1706 4321 1901 4387 ﬁliam,

1997 4325 2181 4374 narrat
2211 4315 2460 4390 ,λΕεὶάίυὲ
2501 4308 2925 4390 _.\‘ure_ze-Vallis;
2977 4310 3073 4365 sed
3105 4309 3347 4390 {ibidem
3371 4323 3480 4363 non
3507 4308 3615 4362 ob-

1997 4380 2362 4454 servaveram,
2396 4385 2612 4458 [Egidio
2642 4386 2746 4440 bac
2793 4384 2851 4438 in
2894 4391 3049 4458 parte
3103 4380 3449 4455 Sigcbertum
3478 4393 3621 4449 pra:-

1997 4461 2222 4518 luxisse.
2267 4455 2552 4529 Auonyino
2593 4465 2775 4511 tamen
2815 4455 3071 4510 standum
3114 4462 3393 4529 putamus.

2070 4533 2253 4603 (1094)
2307 4531 2367 4584 ln
2418 4522 2514 4584 llis.
2559 4536 2744 4583 nostro
2799 4540 3088 4598 perperam
3117 4522 3360 4599 legitur:
3409 4534 3623 4592 repres-

280 4604 492 4666 bodum
519 4604 637 4667 non
670 4611 843 4666 multo
876 4617 1000 4682 post
1047 4604 1606 4682 Grimoaldiczedem,
1641 4605 1713 4682 in_
1747 4605 1905 4674 cujus
2005 4604 2160 4682 serit:

278 4683 660 4753 suspicionem
690 4683 810 4753 ipse
843 4677 1030 4736 revera
1055 4681 1229 4745 venit,
1256 4678 1593 4753 ludiﬁcatum
1620 4693 1651 4731 a
1683 4677 1901 4753 (ime-

2077 4648 2260 4744 (1‘095)
2292 4674 2371 4728 Ita
2400 4671 2637 4728 correxit
2661 4684 2727 4744 ex_
2760 4648 2889 4744 Vita
2927 4667 3078 4744 edita
3107 4665 3331 4744 nomine
3358 4660 3621 4744 Reiperi;

278 4735 353 4808 ne
381 4735 594 4810 bbiisse
625 4735 726 4809 ait:
764 4735 984 4808 Constat
1011 4735 1158 4807 enim
1201 4735 1265 4806 ex
1299 4749 1603 4806 Annalibus
1626 4765 1658 4802 a
1691 4746 1906 4803 Cointio
2008 4735 2134 4801 nam
2194 4735 2291 4800 Ms.
2349 4751 2596 4800 nostrum
2638 4742 2831 4796 vitiose
2863 4739 3054 4794 habet:
3114 4742 3163 4792 ct
3192 4752 3314 4810 cum
3342 4735 3619 4803 martyrii.

279 4825 351 4880 ad
383 4824 821 4899 annumﬂChristi
872 4823 1299 4899 7l_9._niim._14
1330 4823 1532 4886 citatis,
1586 4821 1767 4890 ipsum
1794 4818 1907 4899 pri-

280 4913 436 4952 mum
452 4896 719 4958 praedicto
745 4911 891 4950 anno
920 4896 1024 4950 719
1047 4894 1158 4950 vita
1188 4894 1438 4949 functum
1469 4887 1620 4957 esse,
1647 4906 1771 4945 cum
1793 4887 1906 4958 jam
2011 4887 2230 4945 ex'mox
2260 4887 2475 4943 laudata

484 4968 694 5021 arolum
725 4966 1029 5022 Martellum
1079 4982 1201 5019 cum
1233 4964 1477 5020 exercitu
1536 4978 1636 5016 suo
1666 4960 1907 5016 cecidis-

279 4976 408 5022 ante

2080 4817 2259 4888 (1096)
2290 4816 2398 4871 Pox
2426 4813 2643 4940 Pip‘pini
2675 4811 2867 4894 exilis.
2896 4818 3084 4866 nostro
3108 4807 3424 4865 exciderat:
3458 4819 3623 4876 quam

2106 4904 2230 4940 mox
2260 4887 2475 4940 laudata
2551 4891 2878 4940 itarestitul.

1534 5339 2385 5381 κ--ψθεεωοεεηκα--Μ

622 5806 928 5870 PATROL.
978 5800 1175 5863 CLX.

3194 5787 3272 5845 26
