3960 6198
443 312 544 370 811
1671 309 2016 366 SIGEBERTI
2053 308 2568 366 GEMBLACENSIS.
3650 317 3770 374 .812

1639 629 2601 770 SIGEBEBT'I

1009 922 1610 1051 SERMO
1698 921 1925 1046 DE
2010 917 2656 1046 SANCTA
2754 920 3278 1048 LUCIA

1607 1155 1924 1224 (Maumssa,
1959 1155 2092 1208 Hist.
2121 1154 2186 1208 de
2209 1157 2342 1208 Metz.
2374 1169 2428 1224 p.
2461 1153 2608 1214 320.)

515 1493 783 1564 Tempore
812 1506 922 1564 quo
955 1490 1424 1561 ConstantinOpOIi
1463 1489 1809 1545 Justinianus
1856 1502 2056 1543 secun-
2090 1493 2133 1558 Α
2162 1485 2576 1542 incursionibus
2623 1486 2692 1541 ad
2751 1485 2855 1543 hoc
2904 1487 3125 1543 redacta
3173 1495 3284 1556 est,
3341 1498 3402 1546 ut
3465 1492 3648 1565 qualis
3685 1495 3773 1549 vel

449 1585 573 1651 dus,
605 1593 659 1640 et
689 1591 811 1656 post
831 1600 958 1640 eum
992 1584 1330 1654 Philippicus
1361 1583 1668 1654 imperavit,
1703 1582 1846 1653 apud
1883 1583 2057 1636 Fran-
2162 1585 2368 1650 quanta
2413 1577 2579 1634 fuerit
2609 1577 2763 1642 olim,
2795 1579 2960 1636 modo
3015 1579 3151 1636 solis
3178 1581 3575 1653 parietinarum
3624 1582 3773 1640 iudi-

448 1693 542 1734 cos
580 1693 712 1732 vero
767 1678 1035 1747 Pippinus
1077 1676 1284 1743 senior,
1331 1673 1475 1729 ﬁlius
1524 1675 1782 1747 Ausigisi,
1825 1683 1879 1729 et
1939 1682 2060 1746 post
2161 1668 2266 1724 ciis
2296 1671 2586 1726 monstrari
2631 1670 2827 1742 possit.

447 1783 573 1823 eum
632 1768 854 1822 Carolus
904 1765 1177 1820 Martellus
1226 1764 1595 1834 principatum
1658 1764 2060 1823 administravit
2233 1762 2358 1817 Post
2385 1763 2612 1818 multam
2641 1779 2909 1818 annorum
2969 1762 3370 1833 evolutionem,
3429 1782 3556 1822 cum
3597 1768 3775 1825 multa

447 1857 627 1929 regni,
684 1855 1166 1928 Longobardorum
1212 1868 1439 1926 regnum
1508 1853 1788 1924 Aripertus
1832 1863 2057 1908 strenue
2159 1869 2485 1926 magnzeque
2511 1863 2869 1926 tempestates
2923 1871 2955 1910 a
2981 1862 3219 1928 quatuor
3255 1858 3432 1913 ventis
3463 1859 3590 1915 caeli
3617 1859 3776 1938 longe

449 1943 611 2009 rexit,
659 1953 712 1998 et
744 1951 867 2014 post
896 1960 1020 1996 eum
1062 1942 1208 1996 ﬁlius
1239 1943 1360 2010 ejus
1393 1941 1762 1996 Liutbrandus
1793 1942 2056 2012 regnavit.
2164 1944 2382 2016 lateque
2411 1945 2505 2000 diu
2553 1947 2902 2019 multumque
2945 1948 3359 2003 concussissent
3383 1949 3577 2006 orbem
3619 1961 3780 2008 terra-

449 2035 561 2089 Sub
586 2035 692 2100 his,
719 2036 968 2104 :iriperto
999 2034 1213 2087 scilicet
1243 2039 1296 2087 et
1327 2033 1680 2098 Liutbrando,
1715 2032 1860 2086 inter
1891 2033 2062 2086 duces
2164 2052 2304 2103 rum,
2350 2037 2572 2092 tandem
2623 2037 2827 2093 divinae
2879 2038 3252 2094 miserationis
3304 2039 3499 2096 oculus
3539 2043 3776 2113 respexit

449 2125 934 2200 Longobardorum
969 2127 1073 2178 (lux
1107 2126 1513 2196 Spoletinorum
1549 2125 1864 2190 Faroalllus,
1921 2123 2066 2178 ﬁlius
2167 2141 2334 2196 super
2362 2125 2506 2182 ﬁlios
2537 2127 2848 2195 hominum,
2872 2129 3001 2184 dum
3032 2129 3100 2184 ad
3129 2130 3436 2204 regendum
3460 2131 3779 2204 reipublicae

449 2218 831 2282 Trasamumb,
863 2217 1138 2272 fortissimi
1170 2218 1345 2280 ducis,
1376 2216 1622 2286 polentia
1653 2226 1707 2269 et
1740 2215 2063 2270 fortitudine
2165 2227 2387 2288 statum,
2426 2221 2636 2276 invenit
2663 2222 2839 2278 virum
2876 2223 3180 2278 secundum
3211 2240 3308 2279 cor
3328 2241 3510 2293 suum,
3543 2226 3777 2298 primum

449 2311 944 2381 domimilitizeque
996 2311 1250 2362 clarabat.
1297 2311 1351 2362 Et
1407 2327 1512 2361 non
1557 2310 1731 2361 solum
1769 2309 1904 2362 ﬁnes
1935 2326 2063 2364 suos
2165 2319 2374 2374 scilicet,
2415 2319 2688 2386 Ouonem,
2737 2319 2959 2382 fortem.
2995 2321 3328 2392 sapientem,
3370 2328 3425 2378 et
3449 2323 3770 2397 religiosum

447 2400 680 2455 viriliter
729 2401 795 2452 ab
853 2400 973 2450 aliis
1028 2400 1298 2462 tuebatur,
1343 2415 1526 2451 verum
1577 2398 1738 2451 etiam
1794 2398 2058 2453 ﬁnitimos
2165 2424 2374 2481 regem,
2427 2407 2541 2472 Hic,
2603 2409 2912 2479 inspirante
2965 2411 3075 2465 Deo
3126 2410 3284 2466 bona;
3315 2411 3583 2466 γοιιιηιειί
3639 2413 3780 2483 ejus,

395 2516 404 2524 ”
446 2508 577 2549 SUOS
606 2493 788 2546 hOSiill
818 2493 1140 2546 CXCUl‘SiOllO
1180 2491 1372 2543 (Y-l‘f‘ijll‘O
1407 2489 1678 2552 illl‘ililih'li,
1724 2497 1777 2544 Ci.
1812 2491 2058 2560 potentia
2159 2508 2446 2572 postquam
2475 2501 2736 2558 intestina
2775 2509 2830 2557 et
2861 2503 3164 2558 domeslica
3189 2503 3338 2559 bella
3369 2503 3696 2562 fortitudine
3727 2511 3780 2562 et

443 2600 543 2640 sua
563 2583 768 2638 abusus
800 2583 900 2653 ipsi
935 2592 1135 2636 sanctae
1170 2582 1426 2633 llomame
1463 2579 1722 2633 Ecclesia:
1753 2588 1867 2634 erat
1894 2581 2058 2634 nimis
2159 2589 2432 2646 industria
2457 2607 2556 2646 sua
2585 2591 2815 2646 extinxit
2855 2591 3126 2658 funditus,
3176 2592 3558 2666 barbarasque
3586 2601 3782 2670 gentes

442 2674 712 2730 infensus.
759 2673 852 2727 Hic
896 2673 1057 2726 etiam
1093 2682 1242 2725 trans
1267 2672 1432 2724 maris
1470 2671 1652 2724 littora
1685 2671 1872 2725 laxans
1904 2672 2056 2742 prin-
2157 2684 2226 2739 ab
2257 2685 2462 2742 invasis
2491 2687 2708 2758 imperii
2740 2686 3049 2742 exturbavit
3087 2685 3312 2753 ﬁnibus,
3344 2688 3413 2742 ad
3434 2703 3781 2760 compone“-

441 2769 654 2840 cipatus
683 2769 767 2823 sui
800 2769 1064 2829 habenas,
1111 2767 1334 2820 devenit
1365 2766 1564 2820 Sicilire
1595 2766 1922 2836 Syracusas;
1971 2769 2056 2821 in-
2082 2813 2128 2878 Β
2159 2775 2288 2831 dum
2339 2777 2559 2848 imperii
2603 2784 2802 2834 statum
2840 2785 2989 2834 ιοιιιε
3049 2778 3320 2836 incubuit.
3368 2779 3474 2837 Ριιο
3527 2781 3782 2838 Ecclesia,

447 2857 616 2878 .J_.____
663 2857 910 2878 ___t‘___-___
952 2856 1282 2878 -.,---,..-ι»11ἷ,..
1325 2855 1499 2878 ἰ-.,.2....
1555 2871 1766 2878 ...ιη---μ
1830 2873 2022 2878 -------
2627 2876 2633 2878 .
2727 2867 2761 2878 ιο
2808 2867 2818 2878 ι
3036 2867 3057 2878 ρ
3267 2868 3281 2878 ι
3567 2869 3579 2878 .
3763 2870 3776 2878 .

439 2857 620 2931 deque
659 2857 914 2912 auferens
952 2856 1286 2910 venerabilis
1325 2855 1501 2908 Lucia:
1554 2871 1770 2910 sacrum
1825 2873 2046 2927 corpus,
2082 2855 2128 2878 "
2161 2881 2383 2937 quoque
2420 2881 2556 2938 pace
2585 2876 2641 2922 θι
2662 2867 2934 2942 religione
2969 2867 3320 2923 reformanda
3349 2883 3462 2924 non
3504 2869 3692 2926 ηιίηοιι
3727 2870 3779 2926 ei

439 2946 714 3003 transtulit
756 2947 888 3000 illud
933 2947 987 3036 in
1031 2945 1262 3010 italiam,
1297 2945 1365 2998 ad
1412 2944 1935 3036 Corﬁnumturbem
1971 2947 2056 3036 sui
2159 2973 2288 3013 cum
2335 2958 2448 3014 fuit.
2487 2959 2586 3025 Qui
2637 2959 3042 3032 οεριιιίηιρθι-ίί
3082 2961 3278 3016 adiens
3308 2961 3562 3029 Romam,
3603 2963 3780 3036 impe-

435 3035 796 3106 principatus.
844 3035 1051 3107 Agebat
1093 3036 1197 3088 hoc
1231 3049 1362 3088 sane
1393 3034 1532 3087 mira
1564 3033 1655 3087 Dei
1687 3033 2051 3126 dispensatio,
2155 3045 2348 3102 rialem
2381 3047 2595 3118 accepit
2623 3063 2910 3116 coronam,
2931 3055 2986 3104 et
3016 3065 3116 3120 ρει-
3147 3047 3449 3104 triennium
3473 3033 3778 3126 pel-agri,“

433 3135 494 3184 ut
521 3129 737 3186 scilicet
767 3128 987 3182 lucerna
1021 3126 1155 3180 tanti
1195 3126 1420 3180 luminis
1451 3141 1684 3180 accensa
1732 3125 1787 3178 in
1819 3126 2048 3194 mundo,
2152 3135 2386 3199 Italiam,
2429 3135 2499 3190 ab
2531 3137 2682 3192 omni
2719 3144 3078 3209 tyrannorum
3108 3139 3402 3195 vexatione
3429 3125 3690 3197 liba-ani;
3715 3141 3782 3198 il-

431 3219 486 3275 in
505 3227 657 3276 arcto
683 3217 1098 3283 brevisinsulze,
1133 3234 1256 3288 quae
1297 3219 1460 3288 paulo
1489 3216 1655 3272 latius
1689 3233 1852 3288 quam
1883 3233 2044 3272 sexa-
2147 3221 2276 3278 lam.
2308 3223 2366 3278 ln
2402 3224 2501 3279 hac
2533 3223 2797 3280 triennali
2822 3223 3199 3296 expeditione,
3229 3225 3561 3282 individuus
3599 3228 3653 3284 ei
3683 3229 3776 3286 ad-

427 3309 582 3382 ginta
607 3307 854 3362 millibus
883 3307 1161 3372 dilatatur,
1189 3322 1302 3360 non
1329 3306 1523 3360 lateret
1551 3305 1782 3377 angulo;
1813 3306 1911 3360 sed
1939 3321 2040 3377 pa-
2146 3310 2306 3364 haesit
2359 3311 2697 3368 Deodericus
2730 3354 2744 3381 ,
2793 3312 3051 3388 gloriosa:
3107 3313 3390 3371 memoria:
3441 3311 3772 3374 Metensium

425 3403 532 3460 lam
559 3402 890 3459 candelabro
919 3401 1286 3472 superposita,
1321 3401 1588 3456 mundum
1619 3399 1784 3472 longe
1819 3400 2041 3472 lateque
2145 3402 2604 3477 quadragesimus
2631 3411 2818 3460 sextus
2844 3405 3165 3477 episcopus,
3197 3405 3292 3478 qui
3313 3405 3491 3479 ipsius
3530 3405 3778 3481 impera-

426 3497 748 3569 multiplicis
775 3495 989 3566 jubaris
1036 3495 1338 3550 illustraret
1384 3493 1580 3569 gratia.
1628 3493 1797 3550 Porro
1851 3501 2044 3549 contra
2145 3491 2280 3546 toris
2340 3492 2731 3561 consobrinus,
2772 3493 3079 3550 nobilitatis
3134 3495 3310 3568 gloria
3367 3503 3423 3552 et
3477 3498 3770 3568 sapientiae

423 3585 746 3642 Faroaldum
775 3583 922 3638 ﬁlius
949 3583 1070 3651 ejus
1097 3583 1505 3638 Trasamundus
1537 3583 1853 3650 insurrexit,
1885 3599 2040 3636 eum-
2142 3579 2320 3655 gratia
2381 3581 2776 3652 praeeminebat
2843 3583 3108 3654 palatinis
3153 3583 3434 3640 omnibus.
3460 3584 3566 3642 Per
3617 3586 3771 3644 hunc

422 3695 532 3752 que
588 3677 898 3750 principatu
946 3679 1242 3747 privatum,
1293 3676 1348 3730 in
1400 3675 1662 3731 clericum
1715 3675 2035 3730 lonsuravit.
2140 3674 2514 3730 tractabantur
2542 3682 2740 3732 cuncta
2782 3675 3002 3748 imperii
3052 3676 3309 3752 negotia;
3342 3693 3443 3750 per
3469 3678 3622 3738 hunc
3648 3696 3768 3737 me-

419 3767 778 3824 Atteudamus
807 3775 862 3822 et
882 3765 972 3822 hic
1014 3765 1109 3820 Dei
1151 3765 1578 3834 ordinationem,
1612 3772 1668 3820 et
1693 3771 1897 3819 sanctaa
1927 3763 2040 3818 vir-
2141 3767 2484 3824 liorabantur
2535 3768 2946 3834 ecclesiastica;
3001 3785 3100 3840 per
3136 3770 3286 3826 hunc
3339 3769 3598 3842 placebat
3627 3773 3765 3845 qui-

415 3860 564 3933 ginis
603 3861 866 3930 pietatem
899 3873 1030 3933 erga
1068 3857 1333 3913 devotum
1361 3855 1468 3910 sibi
1501 3855 1718 3911 ducem.
1771 3855 1907 3920 Quia
1935 3855 2035 3910 hu-
2137 3871 2357 3928 cunque
2391 3856 2704 3928 imperatori
2738 3857 3020 3928 placebat;
3065 3873 3166 3929 per
3193 3857 3344 3914 hunc
3369 3859 3610 3932 quisque
3639 3875 3768 3934 qua:

411 3952 656 4025 jusmodi
695 3951 852 4006 ducis
894 3951 1072 4006 bonos
1123 3955 1280 4006 actus
1331 3947 1637 4004 oﬂ’uscabat
1677 3949 2030 4023 negligentiae
2132 3943 2438 4001 obtinenda
2475 3953 2652 4014 erant,
2684 3945 2992 4002 obtinebat.
3035 3948 3155 4004 Jam
3197 3947 3337 4004 mira
3375 3949 3684 4008 dilectione
3704 3959 3762 4010 et

413 4043 645 4100 maculis
683 4041 964 4098 saecularis
1006 4039 1332 4112 occupatio;
1390 4038 1522 4110 quia
1547 4045 1731 4094 tamen
1780 4054 1909 4112 erga
1935 4039 2030 4094 Dei
2131 4035 2504 4092 familiaritate
2535 4037 2853 4109 imperatori
2904 4039 3256 4110 coniunctus,
3291 4046 3349 4095 et
3377 4039 3583 4098 divinae
3613 4042 3757 4100 reli-

414 4129 672 4188 famulam
719 4130 1016 4186 aﬁ'ectuosa
1059 4128 1160 4184 fuit
1206 4129 1326 4198 ejus
1357 4127 1604 4192 devotio,
1645 4126 1910 4181 credibile
1939 4134 2025 4182 est
2044 4132 2094 4202 ρ
2123 4128 2306 4203 gionis
2333 4129 2504 4184 cultui
2535 4129 2779 4196 deditus,
2809 4145 3158 4203 quaecunque
3180 4131 3248 4187 ad
3281 4131 3552 4188 honorem
3574 4143 3636 4190 et
3655 4135 3760 4190 de-

413 4222 564 4294 quod
584 4221 1014 4276 meritissanctze
1036 4217 1270 4292 virginis
1296 4219 1352 4272 in
1392 4216 1648 4288 praesenti
1667 4217 1872 4272 saeculo
1895 4233 2024 4288 pec-
2125 4233 2308 4274 corem
2341 4234 2440 4274 seu
2489 4219 2895 4276 munimentum
2939 4235 3058 4277 suae
3087 4227 3292 4276 sancte
3322 4221 3500 4284 sedis.
3541 4223 3758 4279 Meten-

409 4309 548 4366 catis
577 4310 724 4364 illius
766 4326 797 4362 a
821 4309 932 4363 Deo
963 4306 1130 4364 fuerit
1156 4307 1488 4373 retaliatum,
1521 4312 1576 4361 et
1607 4305 1728 4362 loco
1766 4313 1822 4361 et
1845 4307 2023 4377 spatio
2123 4307 2267 4362 sium
2315 4308 2532 4364 scilicet
2581 4308 2866 4376 Ecclesiae,
2917 4318 3074 4366 erant
3111 4309 3360 4368 certatim
3393 4309 3755 4383 exquirebat,

409 4397 721 4471 pmuitendi
751 4413 780 4451 a
821 4397 930 4451 Deo
957 4394 1062 4449 sibi
1096 4393 1330 4460 indulto,
1367 4395 1566 4448 animae
1605 4395 1726 4464 ejus
1753 4395 1808 4448 in
1839 4394 2024 4451 futuro
2125 4404 2180 4452 et
2204 4405 2263 4454 ut
2305 4397 2607 4456 efﬁcaciter
2635 4399 2778 4456 votis
2816 4400 2937 4470 ejus
2964 4408 3164 4457 cuncta
3209 4408 3594 4474 suppeterent,
3624 4417 3754 4460 cor-

408 4489 480 4546 sit
528 4488 860 4548 consultum.
900 4485 1324 4555 ;Trasamundus
1372 4495 1579 4554 autem,
1632 4485 1726 4558 qui
1779 4485 2021 4542 edictum
2122 4503 2318 4560 porum
2357 4497 2674 4545 sanctorum
2701 4489 3000 4544 maximam
3028 4490 3247 4562 copiam
3266 4506 3334 4547 ex
3361 4491 3604 4549 diversis
3633 4493 3752 4550 Ita-

407 4581 502 4638 Dei
533 4579 866 4652 contempsit
893 4578 1156 4635 dicentis:
1204 4579 1425 4634 Honora
1471 4583 1683 4648 patrem
1743 4583 1914 4644 tuum,
1964 4584 2022 4634 ut
2121 4578 2210 4634 lie
2237 4578 2395 4646 locis,
2435 4579 2622 4635 divina
2649 4595 2712 4634 se
2740 4577 2917 4656 gratia
2960 4581 3256 4650 adiuvante
3284 4581 3531 4658 collegit,
3578 4591 3640 4641 et
3667 4585 3756 4640 di-

403 4679 478 4734 tis
506 4677 780 4747 longaevus
808 4689 974 4746 super
998 4679 1225 4742 terram,
1246 4688 1358 4730 non
1385 4671 1579 4748 effugit
1595 4671 1690 4728 Dei
1708 4671 2029 4744 vindictam.
2131 4669 2311 4746 gniori
2341 4670 2491 4727 cultu
2539 4678 2704 4744 atque
2731 4672 2942 4728 honore
2987 4672 3122 4730 alibi
3170 4677 3525 4746 prastantius
3567 4692 3755 4735 vene-

402 4768 538 4825 Nam
567 4768 846 4825 rebellans
873 4775 1062 4822 contra
1095 4781 1277 4839 regem
1311 4765 1733 4832 Liutbrandum,
1767 4763 2029 4820 ducatum
2131 4763 2303 4820 randa
2321 4763 2504 4818 eidem
2526 4777 2641 4818 sum
2663 4767 2866 4818 sanctae
2892 4763 3013 4817 sedi
3039 4762 3270 4819 Metensi
3299 4763 3486 4821 invehi
3506 4766 3752 4838 studuit,

401 4874 566 4930 quem
589 4857 731 4930 patri
763 4855 1126 4929 praeripuerat
1155 4853 1374 4910 tandem
1417 4852 1682 4924 perdidit,
1714 4859 1770 4909 et
1813 4853 1869 4908 in
1899 4855 2016 4909 cle-
2116 4862 2172 4913 et
2212 4853 2268 4908 in
2299 4851 2552 4918 ecclesia,
2611 4851 2668 4906 in
2707 4851 2918 4908 honore
2947 4852 3127 4909 sancti
3159 4853 3435 4910 Vincentii
3468 4855 3657 4914 levita:
3690 4863 3752 4914 et

399 4946 574 5002 ricum
616 4953 953 5012 tonsuratus,
1009 4943 1338 5000 sententiam
1371 4959 1534 5015 quam
1592 4941 1730 5013 patri
1786 4958 1889 4999 suo
1921 4943 2011 4998 in-
2113 4943 2369 5014 martyris
2399 4957 2433 4997 a
2456 4956 2516 4997 se
2551 4940 2608 4996 in
2657 4939 2845 4996 insula
2876 4939 3110 4996 Metensi
3161 4939 3392 5000 fundato
3423 4943 3748 5003 honoriﬁce

398 5031 615 5089 uixerat
661 5042 716 5089 et
746 5034 864 5105 ipse
895 5033 1130 5104 excepit.
1190 5031 1388 5088 Civitas
1418 5045 1546 5086 vero
1579 5029 1830 5086 Corﬁnus
1861 5032 2008 5104 quod
2111 5037 2440 5094 recondidit.
2487 5035 2552 5091 Et
2579 5035 2729 5093 inter
2761 5043 2966 5092 caetera
2997 5043 3316 5094 sanctorum
3347 5039 3583 5112 pignora
3614 5057 3750 5115 quae

397 5122 564 5180 fuerit
580 5125 887 5197 antiquitus
913 5124 1094 5180 valida
1121 5124 1316 5191 muris,
1347 5131 1403 5179 et
1451 5123 1617 5194 plena
1665 5121 1891 5186 divitiis,
1951 5129 2008 5180 et
2107 5128 2374 5187 laudabili
2402 5126 2708 5200 cupiditate
2738 5127 3116 5200 undecunque
3145 5129 3251 5184 sibi
3278 5133 3587 5204 congessit,
3615 5141 3752 5191 tan-

396 5228 466 5271 ex
490 5225 776 5285 poetarum
804 5213 1070 5279 carmine,
1103 5218 1159 5268 et
1185 5227 1253 5268 ex
1273 5210 1630 5267 historiarum
1651 5209 1762 5266 ﬁde
1792 5210 2004 5268 discere
2105 5221 2231 5278 dem
2262 5235 2461 5296 magna
2488 5225 2544 5275 et
2569 5218 2897 5275 universalis
2946 5218 3207 5276 Ecclesiae
3242 5221 3574 5280 celebritate
3617 5241 3747 5282 me-

394 5307 570 5364 lector
611 5307 828 5379 poterit.
863 5305 1027 5376 Cujus
1067 5305 1413 5362 nobilitatem
1445 5305 1670 5360 adauxit
1703 5305 1836 5361 satis
1891 5305 2002 5361 dux
2101 5308 2390 5366 morabilis
2415 5308 2570 5383 virgo
2604 5313 2661 5364 et
2699 5313 2905 5379 martyr
2938 5308 3106 5364 Lucia
3129 5307 3403 5380 Syracusa
3427 5312 3498 5367 ad
3525 5314 3746 5372 avidis-

392 5397 689 5457 Faroaldus
721 5441 736 5466 ,
791 5399 923 5454 dum
1004 5396 1060 5451 in
1113 5413 1232 5454 eam
1283 5405 1486 5453 sanctae
1540 5397 1770 5472 virginis
1823 5397 2001 5452 Luciae
2028 5453 2081 5477 η
2105 5399 2300 5455 simam
2326 5397 2447 5467 ejus
2466 5397 2816 5454 devotionem
2840 5397 3120 5468 pervenit.
3153 5397 3285 5454 Eam
3318 5401 3572 5472 pradicti
3593 5419 3746 5477 pra:-

702 5453 924 5557 corpus.
975 5485 1138 5554 Cujus
1170 5453 1341 5542 beato
1391 5453 1658 5560 pignoreg
1670 5501 1770 5557 per
1821 5500 1999 5542 annos
2024 5453 2082 5522 D
2269 5453 2556 5558 presbyter
2599 5453 2939 5560 Uvigerieus,
2967 5484 3051 5541 vir
3080 5453 3572 5560 satistutrie'ﬁd—ei,‘
3593 5453 3743 5549 inde

385 5585 607 5643 circiter
633 5582 907 5638 ducentos
935 5579 1124 5652 gavisa
1150 5587 1253 5648 est,
1303 5581 1484 5636 donec
1512 5587 1566 5636 et
1587 5580 1727 5652 ipsa,
1755 5581 1998 5653 peccatis
2096 5577 2354 5645 cantoris,
2391 5585 2518 5649 post
2543 5576 2790 5633 custodis
2816 5575 3068 5633 ecclesia
3115 5577 3265 5634 beati
3295 5579 3568 5654 Stephani
3591 5581 3742 5640 ofﬁ-

383 5674 756 5754 exigentibus,
795 5687 919 5728 cum
957 5669 1082 5726 aliis
1125 5673 1296 5728 ltaliaa
1337 5671 1592 5741 urbibus,
1637 5673 1994 5730 barbarorum
2095 5673 2241 5730 cium
2271 5687 2496 5747 gerens,
2527 5672 2596 5728 ab
2641 5671 2781 5728 urbe
2816 5669 3018 5728 Corﬁni
3062 5672 3284 5742 detulit,
3321 5676 3418 5747 qui
3465 5693 3534 5734 ea
3571 5691 3744 5736 sacra
