3960 6198
256 340 370 397 813

1355 336 1562 391 EPIST.
1604 337 1686 392 DE
1728 337 2033 401 QUATUOR
2074 338 2490 395 TEMPORIBUS

3488 345 3595 399 814

256 474 408 528 ossa,
447 457 518 514 ab
548 458 690 530 ipsa,
736 472 861 531 qute
890 472 1001 514 non
1031 456 1141 514 levi
1182 459 1488 515 munimine
1542 461 1876 528 arctabatur,
1904 470 1952 535 Α
1982 465 2066 519 nis
2094 466 2452 521 eminentiam
2510 467 2867 539 congruebat.
2919 469 3174 533 Quamvis
3228 473 3595 530 exterioribus

259 566 426 618 urna,
457 548 714 603 manibus
742 546 954 604 extulit.
987 545 1141 612 Quod
1183 547 1314 619 quia
1354 564 1469 619 prae
1503 550 1881 621 magnitudine

258 642 342 699 rei
369 640 696 697 incredibile
727 639 1038 707 videbatur,
1064 639 1184 710 ipse
1213 640 1511 711 epis00pus
1542 641 1673 708 loci,
1716 657 1880 695 manu

258 738 453 788 sancto
484 729 781 806 Evangelio
819 730 1094 800 apposita,
1140 730 1503 799 jurejurando
1533 731 1885 786 conﬁrmavit

261 824 410 879 hanc
434 821 609 894 ipsam
640 822 1037 894 Syracusanam
1078 837 1201 877 esse
1252 823 1492 892 Luciam,
1542 824 1611 877 de
1660 840 1769 895 qua
1797 841 1884 879 re-

262 914 558 987 sponsoria
588 920 643 969 et
670 912 990 985 antiphonaa
1018 930 1144 970 cum
1180 914 1344 969 missa
1374 915 1581 986 ubique
1611 916 1662 969 in
1700 916 1882 970 Eccle-

261 1004 348 1061 sia
386 1009 681 1060 canuntur.
721 1002 1064 1059 Translatum
1121 1012 1203 1059 est
1242 1013 1423 1059 autem
1484 1006 1644 1074 hujus
1683 1013 1884 1060 sanctae

260 1095 499 1171 virginis
550 1110 751 1167 corpus
798 1110 943 1150 anno
990 1095 1415 1170 nongentesimo
1473 1095 1883 1170 septuagesimo

263 1190 567 1246 Dominicae
599 1189 1022 1257 lncarnationis,
1054 1197 1108 1245 et
1137 1207 1261 1245 cum
1315 1189 1549 1246 mirifico
1598 1190 1883 1261 utriusque

264 1286 479 1343 ordinis
515 1284 786 1356 applausu
848 1285 1085 1340 locatum
1140 1286 1193 1339 in
1247 1286 1481 1340 ecclesia
1528 1286 1708 1340 Sancti
1757 1287 1880 1341 Vin-

262 1377 433 1433 centii
463 1377 716 1449 martyris
744 1383 798 1430 et
835 1376 1035 1431 levitze.
1070 1377 1301 1447 Operata
1338 1385 1421 1432 est
1453 1386 1507 1432 et
1538 1378 1627 1431 hic
1655 1377 1885 1448 diSpen-

264 1470 441 1526 sative
482 1469 1067 1540 incomprehensibilis
1106 1469 1200 1523 Dei
1232 1469 1527 1539 sapientia,
1591 1477 1649 1525 ut
1680 1486 1883 1524 nomen

264 1568 323 1616 et
353 1558 607 1613 meritum
661 1565 864 1612 sanctaa
904 1557 1132 1632 virginis
1173 1558 1335 1611 etiam
1386 1558 1603 1628 Alpium
1637 1559 1888 1613 transiret

264 1655 327 1710 in
358 1653 476 1721 via;
501 1660 733 1724 etquam
754 1652 867 1719 jam
894 1652 1026 1706 olim
1060 1659 1167 1707 tota
1200 1652 1539 1723 praedicabat
1565 1653 1723 1707 Italia
1776 1667 1888 1708 non

267 1745 624 1820 ignoraretet
655 1741 767 1811 jam
803 1742 1077 1813 tripartita
1112 1741 1301 1797 Gallia.
1335 1742 1546 1807 Quanto
1576 1742 1723 1797 enim
1770 1741 1885 1796 fre-

267 1835 548 1910 quentiori
573 1835 933 1891 translatione
968 1836 1244 1892 recentior
1286 1844 1403 1890 erat
1431 1842 1632 1889 sanctae
1660 1833 1891 1908 virginis

268 1925 563 1992 memoria,
592 1931 744 1979 tante
785 1921 956 1978 fiebat
994 1923 1270 1979 celebrior
1312 1924 1520 1995 ubique
1551 1922 1685 1977 tanti
1712 1923 1892 1976 nomi-

267 2020 360 2075 nis
386 2019 717 2076 reverentia.
744 2018 878 2083 Quia
926 2010 1058 2089 ergo
1087 2018 1274 2071 animo
1322 2014 1610 2071 festinanti
1639 2014 1715 2068 nil
1758 2014 1891 2069 satis

265 2110 581 2178 festinatur,
612 2108 950 2165 Deodericus
980 2106 1208 2178 praesul,
1250 2106 1306 2160 in
1350 2106 1682 2177 obsequium
1712 2105 1890 2160 Luciae

264 2203 501 2280 virginis
526 2219 593 2259 ex
645 2209 759 2259 toto
803 2217 1033 2273 pronus,
1091 2200 1501 2272 prmoccupavit
1529 2199 1711 2254 statim
1760 2214 1894 2254 con-

268 2303 486 2352 struere
518 2293 819 2350 oratorium
849 2293 902 2347 in
946 2307 1055 2364 quo
1093 2292 1358 2347 decenter
1382 2299 1677 2362 reponeret
1707 2290 1893 2344 datum

269 2384 379 2440 sibi
413 2382 682 2439 divinitus
712 2382 1030 2437 thesaurum
1060 2381 1359 2452 pretiosum
1397 2395 1566 2450 super
1601 2395 1794 2433 aurum
1840 2386 1898 2432 et

265 2474 546 2546 topazion.
577 2471 693 2536 Quo
715 2485 883 2541 opere
918 2468 1266 2524 laudabiliter
1322 2475 1703 2522 consummato
1736 2464 1895 2519 dedi-

268 2567 416 2623 cavit
440 2564 766 2621 solemniter
791 2563 965 2633 ipsam
1000 2560 1283 2615 basilicam
1318 2559 1372 2613 in
1404 2560 1613 2614 honore
1640 2558 1891 2633 gloriosae

268 2658 505 2733 virginis
532 2655 710 2712 Luciw
739 2663 933 2711 octavo
966 2653 1094 2708 ldus
1124 2652 1372 2726 Augusti,
1407 2666 1552 2706 anno
1605 2665 1752 2705 nono
1780 2649 1894 2719 epi-

269 2745 536 2809 scopatus
587 2740 698 2806 sui,
749 2755 895 2794 anno
943 2755 1071 2794 vero
1138 2739 1436 2794 Dominicae
1493 2736 1896 2792 lncarnationis

270 2832 702 2903 nongentesimo
751 2833 1159 2906 septuagesimo
1208 2831 1474 2898 secundo,
1530 2830 1897 2901 praesentibus

272 2930 331 2977 et
355 2922 787 2993 coeperantibus
817 2922 926 2976 sibi
957 2923 1074 2976 suis
1101 2921 1575 2995 consutfraganeis
1595 2920 1893 2991 epiSCOpis,

274 3009 523 3067 Gerardo
552 3012 798 3067 Tullensi
822 3019 877 3068 et
914 3011 1223 3068 Winofrido
1256 3012 1608 3078 Virdunensi,
1640 3011 1733 3082 qui
1762 3011 1893 3066 olim

271 3101 331 3156 in
382 3100 505 3155 aula
560 3101 907 3173 imperatoris
963 3100 1217 3156 familiari
1251 3102 1615 3157 contubernio
1647 3101 1753 3155 sibi
1797 3101 1895 3155 ad-

272 3192 573 3256 haeserant,
597 3199 652 3245 et
678 3190 845 3246 modo
872 3190 956 3245 eis
978 3191 1352 3262 exsequendis
1380 3190 1766 3246 ecclesiastica;
1809 3206 1894 3245 re-

244 3272 508 3359 digionis
530 3283 755 3353 ofﬁciis,
786 3283 1034 3340 unanimi
1074 3284 1369 3340 devotione
1401 3285 1503 3339 sibi
1536 3285 1771 3340 invicem
1794 3283 1895 3338 ob-

274 3377 691 3450 temperabant.

350 3471 507 3531 Anno
537 3476 664 3541 post
704 3469 824 3525 haec
859 3469 1324 3542 quinquagesimo
1371 3470 1638 3537 secundo,
1687 3471 1897 3526 electus

275 3558 350 3614 ad
410 3557 706 3629 imperium
758 3556 1042 3613 Conradus
1096 3558 1394 3625 secundus,
1456 3558 1603 3629 quod
1634 3558 1736 3612 sibi
1770 3574 1896 3629 pro—

277 3659 406 3724 pter
454 3650 863 3707 hasreditariam
917 3650 1120 3724 regalis
1169 3651 1441 3722 prosapia:
1489 3651 1897 3706 successionem

277 3742 655 3815 competebat,
689 3750 744 3798 et
769 3743 947 3817 magis
972 3751 1198 3815 propter
1214 3743 1500 3814 sapientia:
1541 3751 1596 3798 et
1625 3742 1899 3798 fortitudi-

830 4036 1716 4144 SIGEBEBTI

1982 554 2202 625 imperii
2240 555 2478 627 negotiis
2531 554 2767 610 sollicite
2800 557 3121 630 invigilabat
3165 560 3469 629 Conradus,
3503 569 3592 618 ta-

1984 662 2111 698 men
2140 662 2260 717 quae
2293 645 2454 718 Regis
2490 662 2676 718 regum
2707 653 2884 712 erant,
2919 662 3028 701 non
3060 648 3112 700 in
3141 652 3402 705 secundis
3424 651 3595 706 habe-

1987 733 2107 798 bat;
2159 735 2305 789 unde
2337 736 2478 789 inter
2516 746 2735 799 canera,
2790 735 2844 788 in
2880 736 3138 805 parocbia
3167 738 3439 807 Spirensis
3500 742 3598 797 Ec-

1986 829 2193 894 clesiaa,
2250 847 2303 883 in
2361 830 2479 885 loco
2511 829 2604 901 qui
2664 830 3254 902 dicitunLindiburch,
3289 833 3344 886 in
3384 834 3597 890 honore

1986 929 2189 977 sanctae
2220 923 2313 975 Dei
2342 922 2631 976 Genitricis
2660 923 2840 977 Maria:
2873 925 3178 979 carnobinm
3212 924 3458 981 fundavit
3483 943 3600 982 mu-

1988 1011 2266 1066 niﬁcentia
2307 1010 2496 1083 regali,
2533 1011 2675 1065 Gisla
2699 1012 2861 1067 bona:
2917 1014 3199 1068 memoriae
3231 1015 3470 1088 conjuge
3497 1031 3597 1070 sua

1987 1107 2321 1171 c00perante
2355 1100 2481 1154 sibi.
2514 1102 2620 1155 Sed
2674 1119 2821 1157 mOrs
2860 1119 3018 1176 aequo
3061 1105 3203 1174 pede
3255 1106 3479 1175 pulsans
3509 1122 3602 1162 re-

1986 1207 2115 1263 gum
2147 1199 2326 1244 turres
2365 1197 2419 1243 et
2479 1190 2735 1245 tabernas
2774 1209 3098 1263 pauperum,
3148 1193 3436 1262 impedivit
3482 1195 3602 1262 ejus

1987 1279 2345 1344 desiderium,
2378 1296 2445 1335 ne
2476 1282 2540 1334 ad
2573 1281 2734 1335 ﬁnem
2758 1284 3085 1353 perduceret
3105 1300 3246 1354 opus
3275 1284 3598 1354 incoeptum.

1985 1370 2135 1425 Bono
2184 1369 2321 1439 patri
2356 1370 2535 1425 bonus
2563 1372 2869 1427 succedens
2920 1372 3085 1437 ﬁlius,
3131 1374 3415 1428 lleinricus
3453 1375 3600 1429 sciti-

1987 1470 2092 1524 cet,
2128 1463 2290 1533 bujns
2334 1464 2575 1518 nominis
2607 1465 2905 1535 imperator
2945 1467 3157 1533 tertius,
3191 1483 3330 1537 Opus
3386 1467 3600 1523 fundati

1987 1570 2018 1607 a
2076 1555 2398 1624 parentibus
2453 1556 2717 1621 coenobii,
2759 1558 2914 1628 quasi
2966 1573 3030 1612 ex
3066 1558 3191 1627 jure
3237 1558 3606 1627 hzereditario,

1989 1644 2058 1698 ad
2089 1645 2338 1707 setraxit,
2373 1645 2635 1718 regaliter
2675 1646 2986 1713 aediﬁcavit,
3033 1647 3298 1703 nobiliter
3334 1663 3605 1705 consum-

1993 1736 2190 1798 mavit;
2225 1743 2279 1790 et
2339 1736 2425 1789 cui
2476 1736 2627 1791 nulla
2675 1745 2908 1792 terrenae
2947 1738 3270 1794 substantiae
3309 1738 3499 1795 deerat
3526 1739 3610 1795 af-

1992 1826 2244 1891 ﬂuentia,
2268 1827 2506 1882 intendit
2537 1828 2782 1882 animum
2814 1829 2882 1883 ad
2905 1830 3283 1885 contrahenda
3312 1831 3609 1887 undecun-

1994 1933 2103 1989 que
2130 1925 2447 1971 sanctorum
2489 1916 2741 1989 pignora,
2785 1925 2843 1973 ut
2879 1921 3080 1987 fcorum
3124 1926 3372 1991 prompta
3418 1920 3523 1975 sibi
3556 1921 3613 1975 in

1995 2006 2417 2062 necessitatibus
2471 2006 2730 2062 adessent
2765 2006 3045 2083 suffragia,
3092 2023 3329 2080 quorum
3360 2027 3611 2081 praesen-

1995 2100 2199 2155 tialiter
2228 2099 2685 2172 frequentabatur
2714 2101 2803 2155 die
2857 2110 3131 2173 nocteque
3176 2104 3455 2158 memoria.
3500 2103 3611 2158 Nec

1993 2199 2179 2248 tamen
2201 2191 2439 2248 credidit
2460 2193 2601 2249 votis
2621 2193 2737 2249 suis
2757 2193 3098 2249 satisfactum
3128 2210 3272 2259 esse,
3307 2196 3415 2250 nisi
3440 2197 3606 2253 etiam

1995 2285 2228 2361 pignora
2257 2293 2463 2341 sanctas
2515 2286 2747 2360 virginis
2784 2287 2965 2342 Lucize
3019 2295 3326 2342 mereretur
3378 2289 3609 2357 habere,

1994 2376 2154 2443 cujus
2184 2375 2239 2428 in
2266 2374 2508 2429 Ecclesia
2527 2375 2748 2429 celebre
2770 2391 2970 2430 nomen
2990 2376 3316 2443 habebatur,
3341 2377 3611 2449 cujusque

1996 2482 2095 2537 per
2116 2466 2313 2520 Gallias
2342 2464 2659 2540 suffragium
2716 2465 2866 2521 ﬁdeli
2896 2468 3188 2523 devotione
3234 2468 3302 2522 ab
3349 2469 3611 2524 omnibus

1994 2560 2369 2631 expetebatur.
2406 2559 2660 2613 Mettensi
2686 2559 2963 2627 Ecclesiae,
2996 2576 3120 2632 quae
3152 2560 3470 2631 specialiter
3497 2578 3613 2617 cor-

1996 2665 2127 2721 pore
2160 2657 2362 2703 sanctae
2403 2648 2639 2723 virginis
2689 2649 2997 2716 laetabatur,
3039 2650 3374 2705 Deodericus
3422 2650 3614 2721 junior

1996 2740 2453 2814 quadragesimus
2494 2748 2717 2795 octavus
2755 2741 3050 2811 epiSCOpus
3108 2751 3357 2812 prmerat,
3417 2743 3510 2814 qui
3554 2752 3609 2799 et

1998 2838 2223 2903 pr0pter
2261 2832 2601 2886 nobilitatem
2635 2848 2859 2905 generis
2892 2833 2945 2885 in
2966 2833 3168 2887 saeculo
3200 2833 3383 2889 multa?
3416 2842 3611 2905 poten-

1994 2924 2086 2979 tiae
2114 2931 2167 2979 et
2221 2931 2449 2995 prOpter
2470 2923 2761 2994 sapientia
2818 2925 3142 3000 dignitatem
3168 2943 3381 3001 magnae
3418 2928 3471 2981 in
3510 2927 3611 2982 Ec-

1997 3018 2165 3075 clesia
2208 3025 2323 3073 erat
2347 3021 2693 3074 reverentiae.
2726 3020 2806 3073 Ab
2837 3021 2941 3074 hoc
2983 3020 3269 3075 Heinricus
3301 3022 3608 3092 imperator

1996 3107 2285 3162 brachium
2311 3117 2512 3163 sanctae
2544 3108 2723 3163 Luciae
2758 3109 2862 3163 sibi
2896 3110 3012 3164 dari
3041 3110 3298 3180 expetiit;
3328 3118 3382 3165 et
3409 3127 3609 3182 quam-

1996 3197 2079 3252 vis
2128 3196 2445 3262 difﬁculter,
2505 3204 2688 3253 tamen
2741 3198 3077 3268 impetravit.
3112 3200 3261 3254 Idem
3312 3199 3431 3269 ipse
3476 3214 3609 3273 ergo

1997 3290 2193 3363 praesul
2216 3291 2504 3346 brachium
2536 3300 2786 3348 sanctum
2830 3291 2899 3346 ad
2935 3300 3119 3349 votum
3153 3291 3520 3363 imperatoris,
3544 3292 3614 3346 ad

1996 3382 2312 3438 coenobium
2347 3382 2785 3456 Lindiburgense
2824 3383 3042 3453 detulit,
3088 3399 3197 3455 quo
3236 3383 3369 3438 nihil
3398 3381 3614 3458 gratius

1997 3486 2119 3526 esse
2150 3471 2462 3541 imperatori
2498 3472 2693 3541 potuit.
2734 3470 3075 3525 Translatum
3109 3478 3192 3526 est
3230 3480 3414 3525 autem
3466 3481 3613 3524 anno

1998 3561 2153 3633 regni
2179 3560 2300 3629 ejus
2324 3560 2504 3627 tertio,
2531 3560 2826 3615 Dominicae
2850 3570 3031 3615 autem
3056 3561 3613 3618 lncarnationisanno

1999 3650 2296 3706 millesimo
2324 3651 2750 3723 quadragesimo
2763 3652 3032 3706 secundo.

1832 4035 3096 4145 GEMBLACEVSIS

1485 4244 1970 4328 EPISTOLA
2043 4245 2431 4328 DUPLEX

1201 4430 1301 4493 DE
1345 4430 1855 4494 DIFFERENTIA
1898 4431 2253 4507 QUATUOti
2296 4433 2711 4497 TEMPORUM

964 4569 1440 4635 Trevirensibus
1468 4571 1729 4647 clericis,
1760 4572 1878 4636 sub
1906 4574 2165 4637 nomine
2195 4574 2661 4651 Leodiensium,
2697 4578 2953 4655 scripta,

1459 4733 1759 4803 (Mauram,
1796 4736 1949 4791 Thes.
1991 4738 2223 4804 Amat,
2252 4739 2294 4807 l,
2324 4738 2451 4795 294.

1775 4929 2144 4948 ἡ

356 5073 547 5145 (1097)
572 5072 1725 5138 Quwremibusnobisutrumnamstatimin
1743 5084 2000 5157 primoD
2025 5090 2323 5156 sententia,
2366 5098 2420 5146 et
2458 5092 2693 5145 maxime
2734 5108 2796 5145 cx
2837 5089 3098 5146 auctorali
3142 5090 3400 5147 Ecclesim
3449 5097 3641 5146 vestrae

289 5165 541 5221 Sabbato
562 5163 740 5219 Martii
767 5166 835 5221 sit
857 5167 1249 5238 jejunandum,
1285 5172 1504 5228 etiamsi
1536 5174 1684 5229 idem
1718 5175 1924 5231 mensis

284 5259 503 5331 quinta,
547 5269 705 5315 sexta
741 5261 830 5318 vel
861 5263 1096 5335 septima
1123 5265 1259 5322 feria
1292 5267 1537 5339 incipiat,
1582 5286 1650 5324 an
1684 5270 1740 5324 in
1771 5271 1920 5327 aliud

285 5346 591 5404 Sabbatum
624 5355 855 5421 prOpter
902 5360 1153 5424 quartam
1184 5353 1379 5411 feriam
1432 5357 1504 5412 sit
1530 5356 1919 5428 differendum,

283 5454 387 5495 vos
417 5457 487 5496 ex
517 5440 727 5513 scripta
754 5451 1069 5502 sanctorum
1100 5454 1270 5521 atque
1311 5450 1663 5523 antiquorum
1708 5453 1921 5508 Patrum

358 5597 554 5669 (1097)
590 5598 768 5671 Hujus
789 5602 1048 5682 epistola;
1071 5612 1352 5662 auctorem
1386 5607 1737 5682 Sigebertum
1771 5610 1927 5682 Gem-

290 5666 620 5752 bhcensem
653 5666 986 5752 monachum
1015 5675 1180 5734 docet
1195 5692 1298 5752 nos
1322 5666 1495 5734 codc'x
1516 5680 1927 5752 manuscriptus

292 5737 742 5814 Gemblaceusis,
816 5743 911 5801 ubi
967 5761 1087 5804 eam
1163 5747 1422 5819 vidimus,
1481 5737 1818 5824 constatque
1859 5737 1926 5809 ex

2024 5183 2429 5238 consuetudine
2491 5184 2850 5254 rescripsistis
2913 5180 3173 5250 difﬁnite,
3224 5186 3371 5257 quod
3429 5184 3641 5256 absque

2023 5273 2135 5330 ulla
2182 5273 2548 5348 refragatione
2580 5290 2804 5351 semper
2854 5272 3018 5345 primi
3053 5275 3261 5331 mensis
3314 5275 3447 5330 feria
3479 5275 3645 5328 debet

2025 5362 2355 5433 exspectari,
2409 5361 2669 5432 quoniam
2725 5363 2869 5417 idem
2920 5362 3192 5433 jejunium
3250 5364 3397 5437 quod
3452 5369 3646 5435 quarta

2026 5452 2162 5508 feria
2183 5450 2446 5520 incipitur
2460 5456 2513 5505 et
2532 5449 2776 5507 Sabbato
2799 5450 3006 5520 finitur,
3030 5470 3377 5527 nequaquam
3407 5452 3634 5508 Februa-

2027 5610 2199 5679 altera
2220 5606 2638 5679 epistolaquam
2656 5607 2882 5679 nomine
2901 5607 3224 5679 clericorum
3254 5603 3642 5665 Leodiensium

2027 5676 2450 5737 Trevirensibus
2480 5676 2703 5747 scripsit
2734 5678 2809 5734 De
2841 5677 3030 5752 regula
3068 5680 3353 5737 Bernonis.
