3960 6198
439 346 543 400 815

442 480 545 544 rio,
605 476 704 533 sed
773 474 961 531 Martio
1021 478 1192 529 totum
1258 472 1572 542 deputatur,

1720 332 2055 389 SIGEDEHTI
2097 332 2605 388 GEMBIACENSIS.

3660 316 3783 391 sic

1657 485 1721 524 ea
1795 468 2127 538 videlicctA
2151 468 2335 532 sentit,
2379 485 2501 539 quae
2540 468 2814 537 jejunium
2862 467 3023 538 primi
3085 475 3147 523 et
3181 467 3456 537 jejunium
3499 474 3686 543 quarti
3736 487 3796 534 et

440 570 653 625 ratione
682 573 741 622 ut
770 567 828 620 in
866 580 934 620 eo
975 579 1164 617 mense
1198 561 1438 631 primum
1476 558 1748 629 jejunium
1802 563 2050 611 nostrum
2146 558 2420 628 jejunium
2469 559 2689 621 decimi.
2742 568 2795 614 et
2844 574 2952 613 non
2980 559 3254 631 jejunium
3296 560 3613 616 duodecimi
3657 580 3795 618 esse

440 658 674 715 Domino
721 659 1095 712 consecretur.
1130 652 1184 705 in
1234 665 1343 721 quo
1392 648 1719 718 principium
1779 646 1932 711 anni,
1990 661 2053 699 ac

440 753 560 823 ipsa
599 749 802 805 creatio
832 748 1001 818 carpit
1030 743 1237 799 mundi.
1271 742 1370 807 Qui
1403 740 1789 812 quaerebamus
1829 739 1898 791 de
1944 753 2050 790 una

442 843 752 916 quaestione
810 857 908 912 per
948 854 1045 893 vos
1083 834 1395 894 certiticari.
1436 830 1722 901 multiplici
1763 828 2053 916 dubietate

444 915 795 989 involvimur.
821 928 977 982 Salva
1006 940 1137 997 ergo
1165 922 1336 997 gratia
1358 926 1557 983 vestra,
1592 915 2052 971 liceatvobiscum

443 1023 626 1077 adhuc
662 1018 912 1075 conferre
943 1032 1007 1070 ea
1036 1015 1103 1068 de
1135 1012 1339 1084 quibus
1384 1008 1721 1063 dubitamus.
1759 1005 1875 1059 Non
1905 1002 2053 1058 enim

445 1114 637 1168 leviter
664 1110 984 1180 accipimus,
1012 1104 1158 1177 quod
1186 1119 1217 1158 a
1244 1101 1404 1157 vobis
1437 1107 1542 1154 tam
1572 1098 1830 1173 gravibus
1858 1101 1913 1150 et
1944 1102 2051 1150 tam

447 1200 623 1256 doctis
650 1198 783 1255 viris
803 1197 1082 1252 delinitur.

517 1294 672 1358 Quod
704 1292 898 1347 vitiose
931 1297 984 1343 et
1012 1286 1241 1342 abusive
1274 1284 1496 1348 dicitur,
1531 1282 1634 1335 hoc
1678 1280 1853 1334 otiose
1886 1277 2056 1332 trahi-

446 1391 535 1439 tur
552 1382 621 1437 ad
638 1379 954 1451 exemplum
990 1374 1251 1431 veritatis.
1289 1373 1559 1436 Martium,
1589 1386 1753 1441 quem
1791 1368 2056 1422 Romulus

447 1476 643 1533 vitiose
703 1472 885 1545 posuit
953 1471 1007 1523 in
1048 1468 1228 1539 primo
1289 1464 1418 1519 anni
1476 1477 1664 1517 mense
1734 1476 1835 1514 nos
1893 1458 2058 1513 etiam

451 1571 674 1628 abusive
718 1569 949 1640 primum
991 1565 1121 1619 anni
1160 1578 1409 1617 mensem
1444 1559 1704 1625 dicimus,
1733 1572 1835 1610 nec
1881 1563 2062 1609 tamen

451 1665 526 1721 ita
546 1681 667 1719 esse
692 1660 987 1722 credimus,
1016 1655 1146 1727 quia
1183 1654 1251 1707 ab
1291 1652 1463 1723 ipsius
1496 1650 1587 1704 Dei
1632 1664 1729 1704 ore
1769 1646 2064 1701 didicimus

452 1758 545 1829 qui
576 1756 645 1810 sit
671 1754 882 1825 primus
911 1749 1139 1804 mensis.
1182 1749 1399 1811 Mensis,
1459 1743 1659 1814 inquit,
1705 1744 1805 1795 iste
1845 1741 2058 1809 princi-

448 1852 609 1919 pium
644 1849 904 1901 mensium
931 1844 1137 1911 primus
1176 1843 1280 1893 erat
1333 1837 1480 1890 vobis
1530 1838 1593 1889 in
1632 1832 1903 1887 mensibus
1933 1833 2067 1883 anni

454 1917 632 1993 Exod.
689 1950 811 2000 xm,
861 1933 937 1997 2).
967 1928 1216 1983 Martium
1270 1940 1400 1980 vero
1430 1939 1678 1977 mensem
1721 1921 1846 1991 quis
1891 1917 2067 1972 nescit

457 2046 555 2101 pro
589 2025 921 2083 duodecimo
952 2037 1143 2076 mense
1172 2020 1228 2073 in
1259 2020 1381 2092 lege
1422 2025 1477 2071 et
1520 2014 1805 2086 prephetis
1836 2029 2067 2084 compu—

457 2118 598 2174 tari?
628 2120 664 2170 A
696 2115 879 2185 Moyse
909 2110 1089 2167 omnis
1123 2109 1310 2163 divina
1351 2106 1627 2175 Scriptura
1671 2104 1897 2175 pendet.
1937 2102 2072 2157 Hinc

459 2211 767 2266 innituntur
801 2221 995 2260 omnes
1022 2202 1114 2274 qui
1164 2202 1234 2255 de
1271 2199 1457 2253 divina
1506 2197 1785 2267 Scriptura
1814 2202 2067 2249 tractant.

458 2302 569 2357 Nos
616 2298 721 2353 nisi
779 2304 927 2350 recta
974 2294 1061 2347 via
1115 2291 1459 2354 incedamus,
1506 2301 1725 2357 semper
1772 2286 2067 2350 discentes,

459 2405 741 2462 nunquam
783 2386 851 2441 ad
888 2382 1178 2439 scientiam
1217 2379 1460 2434 veritatis
1492 2375 1901 2448 perveniemus.
1935 2375 2071 2439 Quia

460 2501 592 2556 ergo
612 2496 799 2537 mense
822 2478 1032 2545 Martio,
1066 2474 1369 2531 secundum
1400 2471 1728 2543 positionem
1754 2468 2067 2543 gentilium,

460 2577 724 2641 mediato,
755 2574 968 2646 primus
995 2571 1117 2625 dies
1144 2567 1329 2623 saaculi
1360 2564 1659 2638 prmﬁgitur
1684 2564 1740 2617 in
1767 2580 1893 2617 xvni
1922 2562 2067 2630 ejus-

461 2669 586 2723 dem
630 2663 839 2720 mensis
871 2662 982 2728 die,
1022 2660 1116 2731 qui
1163 2661 1247 2711 est
1273 2671 1341 2711 xv
1379 2654 1649 2709 Kalendas
1686 2652 1906 2723 Aprilis,
1941 2667 2069 2705 num

459 2763 665 2818 idcirco
693 2759 924 2831 primam
958 2760 1168 2825 partem
1188 2750 1360 2806 Martii
1391 2765 1491 2820 pro
1514 2748 1691 2819 primo
1717 2747 1847 2801 anni
1880 2762 2072 2801 mense

461 2848 841 2925 accipiemus?
896 2847 1078 2901 Prima
1124 2860 1250 2916 pars
1292 2841 1467 2897 Martii
1523 2840 1698 2913 magis
1752 2838 1846 2892 fini
1909 2854 2072 2909 quam

460 2945 733 3020 principio
781 2942 908 2998 anni
955 2938 1229 3013 congruit.
1282 2936 1337 2990 Si
1384 2952 1443 2991 re
1492 2950 1622 2989 vera
1679 2948 1745 2988 xv
1807 2932 2076 2986 Kalendas

458 3041 659 3115 Aprilis
706 3038 812 3095 fuit
862 3036 1074 3109 primus
1128 3033 1249 3087 dies
1306 3029 1512 3095 saeculi,
1568 3028 1646 3083 ibi
1706 3027 1923 3081 initium
1971 3026 2076 3081 erit

459 3135 621 3210 primi
650 3133 804 3199 anni,
852 3147 917 3185 ac
973 3127 1206 3200 proinde
1247 3125 1491 3180 omnium
1535 3136 1805 3177 annorum
1861 3119 2072 3186 suaculi,

458 3231 514 3285 in
558 3242 668 3301 quo
723 3240 915 3280 mense
954 3229 1040 3276 est
1078 3219 1290 3291 primus
1331 3215 1449 3270 dics
1498 3212 1707 3276 szeculi,
1768 3211 1862 3265 ille
1917 3226 2075 3265 men-

457 3322 534 3376 sis
579 3317 747 3374 debet
798 3316 1008 3386 primus
1062 3311 1275 3376 haberi,
1351 3324 1415 3363 ac
1498 3322 1598 3377 per
1681 3304 1784 3360 hoc
1842 3302 2075 3359 facesset

459 3411 556 3466 illa
592 3406 810 3464 Romuli
833 3401 1101 3459 institutio
1131 3400 1201 3453 de
1228 3414 1329 3453 suo
1356 3397 1533 3468 primo
1552 3394 1768 3459 Martio,
1802 3399 1856 3447 et
1887 3393 2073 3447 Numae

458 3505 526 3560 de
556 3517 657 3558 suo
702 3496 980 3554 Januario.
1039 3496 1103 3549 At
1134 3493 1179 3547 si
1225 3491 1349 3563 quis
1388 3489 1584 3544 dixerit
1627 3504 1660 3543 a
1708 3493 1862 3557 parte
1894 3491 2067 3540 totum

458 3609 620 3666 posse
663 3590 861 3661 accipi,
900 3597 960 3643 ut
999 3585 1066 3640 ab
1110 3583 1302 3639 ultima
1342 3581 1427 3636 sui
1478 3588 1632 3652 parte
1667 3585 1814 3633 totus
1849 3576 2074 3630 Martius

455 3704 556 3761 pro
588 3688 761 3760 primo
802 3683 930 3739 anni
962 3695 1152 3735 mense
1203 3676 1525 3747 accipiatur,
1574 3689 1676 3728 nec
1723 3673 1868 3743 ipse,
1899 3677 1959 3761 ut
1999 3670 2073 3724 ita

456 3760 710 3843 dixerim,
750 3773 907 3830 vobis
934 3770 1157 3825 Martius
1183 3772 1411 3831 annuet,
1468 3772 1528 3818 ut
1574 3762 1722 3816 idem
1753 3761 1822 3814 sit
1861 3760 2072 3829 primus

454 3879 511 3928 et
554 3870 783 3926 ultimus
829 3863 957 3920 anni
991 3861 1219 3927 mensis,
1253 3856 1562 3929 praesertim
1594 3871 1719 3910 cum
1750 3870 1854 3909 nec
1880 3869 1980 3907 vos
2018 3851 2068 3905 ei

454 3962 728 4026 annuatis,
768 3966 827 4013 ut
864 3963 978 4011 tres
1015 3954 1101 4008 vel
1157 3952 1296 4006 duos
1326 3949 1468 4015 dies,
1511 3946 1598 4003 vel
1655 3962 1821 4001 unam
1875 3943 2066 3997 saltem

453 4055 645 4110 feriam
673 4058 956 4106 mutuetur
1000 4062 1031 4100 a
1060 4040 1380 4106 Februario,
1421 4046 1481 4094 ut
1518 4054 1549 4093 a
1581 4046 1735 4109 parte
1784 4036 1857 4091 sit
1891 4042 2066 4090 totum

453 4147 573 4218 ejus
608 4142 905 4214 jejunium,
938 4136 1085 4210 quod
1113 4135 1164 4190 ei
1208 4133 1311 4188 soli
1337 4130 1619 4202 deputatis
1647 4135 1844 4184 totum.
1899 4128 2064 4182 Porro

451 4245 666 4295 servata
704 4233 978 4306 positione
1006 4225 1296 4303 gentilium
1328 4224 1396 4278 de
1421 4222 1617 4278 ordine
1638 4220 1913 4275 mensium
1940 4235 2064 4274 cum

453 4330 692 4404 quodam
733 4320 1086 4380 intellectuali
1126 4317 1293 4373 modo
1350 4314 1595 4369 ultimam
1651 4311 1825 4404 Martii
1857 4317 2067 4404 partem

454 4399 760 4475 referamus
788 4413 854 4468 ad
897 4409 1086 4465 mundi
1120 4405 1477 4479 principium,
1519 4402 1667 4474 quod
1710 4417 1819 4455 non
1875 4399 2067 4454 Martio

2153 650 2393 703 ostendit
2420 650 2567 716 quod
2601 650 2751 705 nullo
2786 650 2949 705 modo
2983 650 3057 705 ita
3088 665 3214 705 esse
3250 651 3452 721 poterit
3487 652 3788 727 refragari,

2152 741 2195 794 si
2220 741 2503 811 praefatum
2539 742 2696 811 primi
2740 742 3231 812 mensisjejunium
3266 750 3456 815 quarta
3497 745 3585 800 vel
3619 753 3784 801 sexta

2157 828 2290 883 feria
2334 830 2614 884 Februarii
2657 838 2921 903 congruat
2949 831 3237 887 celebrari.
3288 854 3309 883 ι

2227 922 2281 975 Si
2315 938 2415 976 nos
2441 934 2630 977 noster
2659 939 2825 993 super
2868 922 2954 978 bis
2986 923 3302 979 intellectus
3347 940 3461 980 non
3492 925 3651 991 fallit,
3680 927 3794 982 hos

2157 1022 2393 1085 quatuor
2420 1032 2640 1070 menses
2679 1016 2751 1070 ita
2777 1016 3059 1087 accepisse
3085 1016 3373 1084 videmini,
3408 1024 3466 1073 ut
3491 1018 3786 1089 jejunium

2158 1103 2316 1173 primi
2376 1105 2583 1159 mensis
2644 1105 2921 1174 deputetis
2976 1106 3194 1172 Martio;
3250 1107 3523 1176 jejunium
3595 1110 3789 1180 quarti

2154 1192 2338 1256 Junio,
2368 1192 2459 1263 qui
2494 1202 2578 1247 est
2608 1199 2833 1263 quartus
2886 1210 2917 1248 a
2956 1193 3175 1259 Martio;
3224 1195 3501 1263 jejunium
3543 1197 3781 1267 septimi

2157 1284 2486 1353 Septembri,
2532 1284 2625 1355 qui
2671 1291 2753 1339 est
2803 1285 3076 1355 septimus
3144 1302 3176 1339 a
3229 1285 3444 1353 Martio,
3497 1288 3790 1356 jejunium

2160 1376 2361 1430 decimi
2417 1376 2727 1443 Deccmbri,
2768 1377 2861 1448 qui
2904 1384 2986 1431 est
3017 1377 3265 1432 decimus
3314 1395 3344 1432 a
3375 1378 3589 1436 Martio.
3626 1380 3789 1445 Quod

2162 1484 2258 1522 vos
2312 1468 2647 1523 intellexisse
2688 1476 2748 1523 ut
2781 1468 3156 1545 intelligamus
3196 1470 3511 1539 addidistis,
3564 1479 3622 1527 et
3671 1490 3790 1529 non

2162 1559 2500 1624 duodecimi,
2532 1560 2624 1631 qui
2654 1567 2739 1615 est
2766 1560 3093 1616 Februarius
3114 1561 3478 1617 duodecimus
3508 1579 3539 1618 a
3571 1565 3789 1621 Martio.

2164 1652 2303 1715 Quid
2362 1652 2416 1706 in
2451 1660 2658 1709 tantum
2690 1653 2967 1727 derogatis
3015 1653 3339 1721 Februario,
3384 1656 3544 1726 cujus
3590 1658 3790 1712 saltem

2162 1759 2329 1797 unum
2363 1743 2507 1799 diem
2547 1744 2615 1798 ad
2649 1745 2883 1814 primum
2910 1745 3183 1815 jejunium
3219 1761 3330 1801 non
3367 1746 3688 1813 admittitis,
3727 1757 3789 1802 ut

2166 1833 2404 1903 quodam
2433 1834 2597 1889 modo
2647 1833 2840 1889 timere
2872 1833 3192 1897 videamini,
3228 1851 3299 1889 ne
3327 1834 3464 1890 forte
3503 1835 3785 1906 jejunium

2168 1921 2367 1977 decimi
2408 1923 2615 1977 mensis
2654 1922 2721 1977 ad
2778 1938 2903 1977 eum
2962 1922 3150 1995 aliquo
3187 1924 3355 1980 modo
3403 1924 3790 1982 transferatur.

2170 2011 2224 2065 Si
2253 2012 2357 2067 hoc
2387 2012 2671 2083 prophetae
2709 2012 3008 2083 capitulum
3063 2013 3116 2067 in
3148 2013 3343 2069 vestris
3376 2014 3791 2085 exemplaribus

2174 2104 2249 2160 ita
2296 2105 2597 2160 habeatur:
2648 2114 2710 2160 ut
2746 2121 2843 2160 vos
2883 2105 3163 2177 posuistis,
3218 2122 3312 2162 vos
3350 2107 3623 2162 videritis.
3679 2108 3792 2163 Nos

2174 2197 2411 2251 dicimus
2458 2196 2588 2268 quia
2643 2213 2747 2252 nec
2796 2197 2851 2251 in
2908 2197 3033 2251 LXX
3095 2198 3464 2269 Interpretum
3516 2199 3792 2268 editione,

2171 2306 2279 2361 qua
2321 2297 2535 2344 veteres
2559 2289 2726 2345 Graeci
2758 2297 2814 2345 et
2845 2289 3019 2345 Latini
3050 2288 3365 2359 utebantur,
3400 2291 3505 2347 hoc
3543 2292 3618 2347 ita
3649 2292 3793 2348 scri-

2172 2385 2324 2449 ptum
2383 2378 2632 2445 habetur,
2681 2393 2783 2434 nec
2814 2378 2867 2433 in
2899 2378 3143 2434 editione
3176 2395 3287 2451 qua
3333 2380 3500 2437 modo
3548 2378 3796 2437 Ecclesia

2171 2466 2361 2533 utitur,
2410 2484 2574 2538 quam
2627 2466 2989 2540 Hieronymus
3028 2468 3099 2523 de
3157 2468 3389 2525 Hebraeo
3427 2471 3485 2525 in
3539 2470 3793 2526 Latinum

2171 2562 2465 2628 transtulit,
2500 2568 2553 2617 et
2577 2563 2826 2617 eamdem
2854 2563 3140 2634 exposuit.
3171 2564 3228 2619 In
3266 2564 3389 2619 LXX
3421 2565 3497 2620 ita
3524 2565 3794 2621 habetur:

2172 2652 2445 2721 Jejunium
2465 2659 2735 2724 quartum,
2766 2658 2813 2707 et
2832 2654 3109 2724 jejunium
3139 2657 3409 2725 quintum,
3444 2660 3490 2709 et
3513 2655 3797 2725 jejunium

2174 2748 2478 2814 septimum,
2530 2750 2577 2799 et
2613 2746 2888 2816 jejunium
2940 2747 3201 2801 decimum
3256 2752 3410 2803 erunt
3465 2750 3704 2814 Domini,
3746 2756 3801 2803 et

2178 2834 2391 2905 reliqua
2421 2835 2604 2905 (Zach.
2646 2852 2763 2902 vui,
2792 2835 2904 2905 19).
2946 2836 3004 2889 ln
3038 2834 3283 2891 editione
3319 2850 3452 2891 vero
3477 2835 3797 2907 Hieronymi

2176 2925 2251 2981 ita
2305 2926 2561 2981 habetur:
2609 2927 2883 3003 Jejunium
2922 2928 3131 2997 quarti,
3179 2930 3228 2981 et
3267 2927 3544 2997 jejunium
3597 2930 3797 3000 quinti,

2174 3022 2223 3073 et
2238 3018 2512 3087 jejunium
2534 3019 2772 3089 septimi,
2803 3021 2853 3071 et
2869 3017 3141 3087 jejunium
3169 3017 3526 3072 decimierunt
3552 3020 3794 3087 Domini,

2177 3113 2233 3162 et
2261 3106 2490 3178 reliqua.
2530 3106 2629 3162 Ubi
2669 3108 2877 3162 mentio
2917 3106 3006 3161 hic
3054 3106 3217 3178 primi
3258 3106 3314 3161 in
3357 3106 3539 3177 primo
3598 3124 3792 3164 mense

2100 3171 2365 3272 Cjejnnii
2386 3171 2565 3270 super
2594 3215 2703 3270 quo
2734 3215 2832 3255 vos
2861 3198 3025 3255 nobis
3055 3171 3527 3271 patrocinamini?
3568 3200 3625 3255 Si
3656 3217 3791 3272 pro-

2176 3288 2339 3360 pheta
2358 3288 2519 3360 primi
2551 3289 2757 3345 mensis
2783 3289 2869 3345 hic
2894 3288 3193 3359 posuisset,
3218 3304 3330 3345 non
3353 3289 3524 3344 alium
3552 3290 3792 3360 primum

2175 3393 2419 3433 mensem
2454 3394 2619 3450 quam
2669 3378 2910 3450 Aprilem
2956 3378 3346 3454 signiﬁcasset,
3408 3384 3466 3434 et
3511 3378 3582 3434 ab
3626 3379 3794 3452 Aprili

2172 3471 2425 3526 ordinem
2481 3471 2713 3527 aliorum
2775 3470 3047 3527 mensium
3126 3470 3471 3526 deduxisset.
3533 3472 3795 3528 Ordinem

2174 3564 2448 3619 mensium
2512 3570 2567 3619 et
2620 3579 2812 3619 causas
2877 3564 3219 3635 jejuniorum
3280 3564 3651 3635 Hieronymus
3714 3566 3790 3619 ita

2171 3654 2423 3725 exponit:
2485 3677 2511 3701 α
2568 3652 2869 3722 Jejunium,
2926 3653 3127 3725 inquit,
3197 3652 3375 3724 quarti
3434 3653 3788 3720 (subauditur

2173 3742 2403 3813 mensis)
2434 3742 2529 3814 qui
2561 3741 2860 3808 estJulius,
2880 3741 2948 3796 ab
2978 3742 3145 3812 Aprili
3169 3750 3416 3813 quartus,
3444 3749 3532 3797 est
3554 3742 3794 3813 septima

2172 3833 2388 3890 decima
2416 3834 2505 3889 die
2526 3834 2774 3905 ejusdem
2809 3833 3039 3900 mensis,
3071 3833 3295 3904 quando
3320 3833 3536 3905 Moyses
3561 3833 3799 3890 descen-

2171 3922 2313 3977 dens
2347 3924 2416 3977 de
2455 3929 2664 3984 monte,
2702 3921 2917 3977 tabulas
2947 3921 3087 3995 legis
3116 3921 3431 3998 confregit:
3477 3938 3589 3995 quo
3631 3926 3794 3978 etiam

2171 4028 2363 4067 mense
2415 4011 2924 4068 Nabuchodonosor
2980 4011 3287 4067 Jerusalem
3343 4011 3558 4082 primus
3623 4013 3789 4084 cepit.

2166 4104 2445 4176 Jejunium
2477 4103 2678 4176 quinti,
2722 4103 2931 4159 mensis
2968 4103 3199 4175 quintus
3241 4103 3312 4158 ab
3353 4104 3552 4176 Aprili,
3583 4105 3679 4177 qui
3717 4114 3799 4160 est

2166 4195 2311 4267 apud
2335 4212 2436 4251 nos
2476 4196 2775 4267 Augustus,
2804 4200 2921 4249 erat
2950 4193 3040 4249 die
3067 4210 3101 4248 χ
3131 4193 3383 4263 ejusdem
3415 4195 3650 4262 mensis,
3695 4210 3790 4268 pro

2169 4304 2235 4345 eo
2266 4289 2414 4361 quod
2444 4306 2541 4359 per
2562 4287 2941 4359 speculatores
2963 4288 3031 4343 de
3052 4288 3300 4359 inspecta
3328 4294 3473 4342 terra
3499 4288 3795 4360 repromis~

2168 4379 2341 4434 sionis
2370 4393 2619 4435 reversos
2644 4384 2762 4433 orta
2786 4387 2869 4433 est
2892 4377 3121 4445 seditio;
3144 4384 3377 4449 pr0pter
3399 4394 3569 4449 quam
3602 4394 3793 4435 omnes

452 4472 737 4579 supra
766 4500 1077 4566 ascribitur,
1108 4472 1151 4552 si
1189 4472 1353 4550 etiam
1389 4494 1495 4549 hoc
1524 4472 1883 4548 intellectuali
1904 4490 2069 4545 modo
2096 4472 2154 4541 D
2176 4481 2372 4579 praeter
2397 4473 2537 4528 duos
2580 4489 2680 4579 ne:
2718 4489 2770 4527 κι
2811 4487 2986 4579 διδους
3018 4472 3295 4572 ineremo
3330 4472 3645 4543 perierunt.
3681 4474 3791 4573 Quo

454 4602 674 4658 initium
712 4596 888 4652 Martii
929 4608 1041 4649 non
1082 4604 1352 4661 ponamus
1382 4587 1438 4642 in
1494 4584 1750 4640 Kalendis
1781 4583 1923 4653 ejus,
1973 4582 2070 4637 sed

453 4708 670 4751 sursum
724 4704 916 4745 versus
964 4687 1342 4747 numerantes,
1384 4696 1431 4735 v.
1494 4695 1552 4750 g.
1613 4694 1643 4731 a
1695 4693 1763 4731 xv
1802 4675 2073 4730 Kalendas

453 4786 652 4852 Martii,
680 4782 757 4839 ibi
788 4778 1162 4850 intelligamus
1192 4788 1312 4829 esse
1370 4771 1586 4826 initium
1621 4767 1797 4823 Martii
1852 4772 1912 4822 ut
1940 4783 2072 4838 qua-

455 4875 762 4934 tuordecim
810 4872 933 4928 dies
990 4883 1129 4940 quos
1172 4865 1224 4921 ei
1276 4881 1307 4919 a
1361 4878 1462 4919 suo
1517 4861 1625 4916 fine
1667 4858 1873 4916 creatio
1930 4858 2073 4914 tollit

456 4969 670 5033 mundi,
705 4966 804 5021 hos
831 4965 881 5019 ei
933 4969 1059 5018 ante
1108 4975 1237 5015 suas
1275 4956 1546 5012 Kalendas
1584 4952 1923 5009 restauretis.
1982 4951 2072 5007 Sic

457 5062 598 5118 forte
629 5058 1031 5122 obtinehimus,
1081 5059 1142 5108 ut
1168 5067 1279 5106 non
1312 5047 1604 5106 invideatis
1634 5045 1848 5117 jejunio
1880 5051 2070 5099 nostro

457 5155 705 5224 quartam
752 5146 840 5203 vel
870 5151 1078 5201 sextam
1109 5140 1328 5208 feriam,
1361 5154 1483 5211 quae
1524 5137 1653 5191 licet
1687 5137 1738 5191 in
1775 5134 2069 5189 Februario

455 5241 904 5317 pronuntientur,
937 5236 1111 5293 Martii
1140 5242 1322 5291 tamen
1345 5248 1466 5289 esse
1490 5229 1888 5304 intelligantur.

524 5332 638 5388 Tali
666 5330 865 5386 divinaa
895 5335 950 5384 et
980 5328 1233 5382 humana:
1263 5324 1552 5395 scriptum
1580 5319 1727 5375 bivio
1756 5316 2066 5388 intercepti,

452 5426 730 5483 hmremus
759 5421 862 5476 sub
914 5417 1260 5492 intelligendi
1282 5415 1565 5486 ambiguo,
1607 5418 1662 5466 et
1703 5410 1832 5465 dum
1874 5415 2069 5465 neuter

453 5516 635 5574 neutri
694 5512 873 5570 credit
909 5526 1032 5583 quae
1095 5509 1181 5563 via
1237 5508 1308 5563 sit
1372 5504 1650 5570 directior,
1711 5502 1777 5556 ad
1828 5500 1884 5555 id
1919 5500 2065 5571 quod

452 5609 706 5665 volumus
734 5617 845 5657 non
894 5600 1017 5654 sine
1047 5598 1235 5652 labore
1269 5596 1548 5651 tendimus
1592 5599 1649 5648 et
1688 5591 1897 5647 utinam
1948 5589 2067 5644 sine

449 5710 637 5751 crrore
655 5687 1068 5762 perveniamus.

519 5779 719 5837 Dictis:
782 5795 807 5830 α
860 5774 954 5831 Cui
1011 5772 1300 5831 sententiae
1354 5772 1518 5828 lectio
1558 5768 1883 5842 prophetica
1931 5782 2065 5824 con-

2174 4562 2337 4617 etiam
2369 4578 2558 4617 mense
2586 4561 2973 4629 Nabuzardan,
3017 4562 3283 4634 princeps
3311 4577 3620 4634 coquorum
3656 4563 3795 4638 regis

2173 4652 2703 4719 Nabuchodonosor,
2762 4667 2950 4706 muros
3003 4658 3176 4722 captae
3252 4660 3419 4708 antea
3487 4651 3787 4708 Jerusalem

2171 4743 2390 4810 evertit,
2432 4751 2487 4796 et
2532 4743 2797 4812 templum
2825 4739 3092 4805 incendit,
3134 4746 3189 4796 et
3236 4740 3410 4797 multo
3442 4747 3570 4812 post
3598 4757 3788 4797 mense

2172 4838 2367 4893 eodem
2397 4850 2564 4903 anno,
2595 4850 2627 4889 a
2652 4834 2769 4889 Tito
2819 4833 3026 4889 Caesare
3067 4833 3283 4890 Domini
3323 4833 3594 4904 templum
3637 4850 3790 4891 ever-

2171 4946 2293 4984 sum
2323 4937 2378 4984 et
2406 4934 2683 4983 exaratum
2733 4932 2834 4981 est.
2866 4925 3147 4996 Jejunium
3173 4923 3397 4995 septimi
3447 4926 3674 4980 mensis
3723 4924 3791 4980 ab

2172 5019 2361 5091 Aprili,
2395 5018 2488 5090 qui
2540 5025 2625 5073 est
2651 5016 2798 5088 apud
2837 5031 2939 5072 nos
2966 5014 3222 5078 October,
3255 5028 3353 5085 pro
3401 5029 3471 5070 eo
3533 5016 3689 5086 quod
3721 5031 3787 5071 eo

2174 5128 2364 5167 mense
2408 5110 2626 5167 occisus
2684 5116 2770 5165 cst
2816 5108 3096 5177 Godolias,
3145 5108 3240 5181 qui
3304 5107 3467 5164 victis
3504 5107 3715 5164 Judaeis
3766 5125 3795 5163 a

2170 5200 2679 5258 Nabuchodonosor
2691 5198 2946 5271 praelatus
2972 5206 3107 5266 erat,
3130 5197 3446 5271 etreliquize
3466 5197 3788 5255 Judaeorum

2170 5295 2238 5350 ad
2254 5293 2686 5349 internecionem
2703 5292 2898 5348 deletae
2912 5292 3346 5364 sunt.Jejunium
3361 5291 3564 5346 decimi
3591 5291 3793 5347 mensis

2173 5385 2242 5439 ab
2273 5382 2466 5455 Aprili,
2498 5382 2591 5455 qui
2632 5388 2716 5437 est
2735 5381 2881 5454 apud
2913 5395 3014 5436 nos
3043 5380 3353 5443 Januarius,
3389 5395 3489 5450 pro
3542 5395 3614 5436 eo
3635 5380 3783 5451 quod

2171 5476 2423 5531 Ezechiel
2442 5475 2714 5546 propheta
2737 5481 2792 5529 et
2811 5474 2902 5528 alii
2930 5472 3131 5545 captivi
3161 5473 3216 5527 in
3247 5471 3550 5543 Babylone,
3575 5486 3788 5546 cogno-

2169 5584 2388 5632 scentes
2415 5574 2517 5630 hoc
2574 5588 2766 5629 mense
2810 5571 3074 5644 templum
3107 5570 3326 5627 Domini
3356 5568 3531 5624 fuisse
3563 5570 3788 5625 destru-

2169 5677 2338 5734 ctum,
2370 5665 2620 5721 fecerunt
2649 5664 2950 5736 planctum,
2991 5668 3046 5717 et
3072 5662 3394 5717 indixerunt
3416 5660 3720 5731 jejunium.
3760 5683 3783 5704 -

2168 5764 2295 5818 llaec
2327 5761 2718 5829 Hieronymus:
2742 5756 2820 5813 Ne
2846 5771 2975 5829 ergo
3002 5771 3098 5812 vos
3122 5754 3381 5812 molestet
3409 5753 3602 5811 videre
3626 5768 3783 5827 quam
