3960 6198
179 316 291 371 817

1271 318 1476 374 EPIST.
1518 320 1602 374 DE
1642 317 1949 384 QUATUOR
1990 317 2424 375 TEMPORIBUS.

3411 321 3516 376 818

177 459 376 514 parum
406 449 601 499 vestrae
623 446 910 502 sententiae
940 446 1104 503 lectio
1138 453 1455 522 prophetica
1477 454 1788 518 conveniat,
1818 451 1868 519 A
1897 463 2017 516 pus,
2055 448 2318 514 hiemem,
2349 461 2497 502 nono
2526 446 2798 501 Kalendas
2824 447 3165 513 Decembris,
3194 464 3293 504 ver
3321 455 3515 505 octavo

178 551 305 607 quae
346 552 469 591 cum
506 553 612 593 nec
639 538 707 593 de
760 539 956 599 ordine
1004 543 1300 614 mensium,
1360 565 1462 605 nec
1501 550 1568 605 de
1627 564 1792 605 causa

172 629 515 701 jejuniorum
549 647 647 702 pro
665 633 825 688 vobis
853 643 999 708 agat,
1040 636 1108 690 ad
1136 635 1239 691 hoc
1270 644 1477 693 tantum
1504 640 1592 694 hic
1622 640 1790 705 valet,

179 730 238 777 ut
264 722 521 793 exemplo
558 723 873 782 Iudaeorum
917 728 986 783 ad
1028 729 1356 785 celebranda
1396 737 1633 803 quatuor
1660 731 1790 787 anni

175 810 390 883 jejunia
419 827 521 868 nos
552 813 763 870 incitet.

251 901 484 958 Dicitis:
519 925 548 955 α
579 904 861 973 Jejunium
888 907 1037 979 quod
1068 924 1100 963 a
1123 915 1318 981 quarta
1350 910 1485 967 feria
1512 911 1792 981 incipitur,

183 1006 238 1051 et
265 997 510 1054 Sabbato
537 997 745 1063 ﬁnitur,
770 1015 1118 1072 nequaquam
1152 1002 1470 1071 Februario,
1503 1007 1600 1061 sed
1623 1013 1795 1063 totum

182 1095 378 1152 Martio
433 1095 765 1167 deputatur:
823 1114 888 1154 ea
945 1099 1204 1156 videlicet
1242 1102 1475 1170 ratione,
1533 1111 1595 1160 ut
1632 1105 1684 1159 in
1729 1121 1797 1161 eo

184 1203 375 1242 mense
436 1188 673 1259 primum
734 1189 1007 1261 jejunium
1076 1199 1324 1248 nostrum
1376 1194 1609 1251 Domino
1663 1212 1797 1252 con-

182 1288 450 1347 secretur,
502 1280 559 1334 in
598 1297 709 1352 quo
755 1282 1088 1355 principium
1147 1286 1279 1340 anni
1325 1303 1388 1343 ac
1419 1287 1537 1359 ipsa
1589 1288 1796 1344 creatio

187 1373 352 1443 cmpit
385 1373 595 1429 mundi.
630 1394 659 1424 ι)

256 1462 404 1517 Hanc
431 1469 665 1518 vestram
692 1465 1023 1521 sententiam
1049 1482 1159 1523 non
1191 1475 1444 1539 proterve
1471 1468 1794 1535 refellimus,

184 1551 391 1623 quippe
422 1553 517 1624 qui
549 1554 850 1624 paratiores
889 1572 1081 1611 sumus
1112 1556 1324 1612 discere
1354 1574 1517 1629 quam
1561 1559 1794 1622 docere;

183 1642 278 1697 sed
312 1647 395 1696 est
425 1641 562 1698 ratio
593 1659 714 1714 quae
744 1659 846 1699 nos
897 1644 1240 1710 dehortatur,
1283 1662 1353 1701 ne
1384 1646 1544 1702 vobis
1574 1647 1628 1701 in
1690 1648 1795 1703 hoc

182 1731 567 1798 assentiamus,
597 1732 665 1786 de
692 1749 801 1803 qua
822 1733 1074 1801 judicare
1102 1734 1327 1789 habebit
1354 1735 1570 1790 sincera
1597 1744 1791 1790 vestrae

183 1819 495 1875 dilectionis
512 1823 803 1877 sententia.
838 1821 1072 1878 Calixtus
1098 1840 1261 1894 papa,
1289 1841 1319 1878 a
1350 1824 1509 1880 Petro
1535 1824 1791 1895 apostolo

184 1912 314 1968 XVII
355 1914 603 1969 decrevit
641 1913 757 1969 ﬁeri
816 1922 896 1970 ter
960 1916 1015 1971 in
1056 1932 1203 1972 anno
1253 1917 1526 1988 jejunium
1582 1917 1637 1971 in
1704 1917 1794 1972 die

182 2006 401 2061 Sabbati
444 2021 541 2077 pro
573 2006 868 2073 frumento,
908 2009 1036 2065 vino
1066 2015 1118 2064 et
1148 2010 1291 2065 oleo.
1325 2010 1441 2075 Quo
1480 2010 1705 2065 decreto
1736 2009 1792 2063 in

179 2097 370 2152 melius
400 2104 634 2164 mutato,
665 2099 911 2154 decrevit
940 2099 1057 2154 ﬁeri
1080 2100 1395 2155 triduanum
1429 2116 1529 2171 per
1557 2107 1794 2172 quatuor

181 2192 306 2247 anni
374 2199 629 2265 tempora
675 2194 972 2266 jejunium,
1050 2196 1123 2250 ita
1178 2197 1428 2251 scribens
1493 2197 1787 2252 Benedicto

182 2281 480 2354 episcopo:
526 2303 551 2334 ‹‹
591 2284 871 2352 Jejunium
925 2286 1073 2357 quod
1112 2292 1197 2340 ter
1225 2285 1282 2340 in
1322 2301 1469 2341 anno
1523 2285 1789 2341 celebrari

181 2377 318 2447 apud
341 2393 450 2433 nos
480 2378 750 2441 didicisti,
784 2386 844 2434 ut
865 2380 1007 2436 sicut
1038 2381 1319 2451 replemur
1344 2380 1789 2447 frumento,vino

179 2473 229 2519 et
252 2466 374 2522 oleo
411 2466 487 2522 ad
515 2468 715 2522 alenda
743 2483 996 2539 corpora,
1036 2469 1115 2524 sic
1135 2470 1449 2540 repleamur
1467 2469 1702 2540 jejunio,
1721 2470 1789 2524 ad

180 2557 398 2615 alendas
430 2560 679 2627 animas;
738 2578 887 2618 nunc
956 2562 1376 2618 convenientius
1427 2578 1527 2632 per
1555 2569 1788 2633 quatuor

179 2652 303 2707 anni
333 2661 586 2726 tempora
633 2655 751 2712 ﬁeri
789 2656 1162 2722 decernimus,
1192 2664 1254 2712 ut
1290 2657 1435 2712 sicut
1481 2672 1659 2711 annus
1686 2673 1786 2727 per

181 2754 408 2816 quatuor
464 2748 702 2803 volvitur
740 2757 1010 2821 tempora,
1060 2750 1142 2805 sic
1190 2758 1244 2805 et
1284 2765 1388 2805 nos
1453 2755 1781 2821 quaternum

177 2837 414 2894 solemne
462 2855 690 2915 agamus
721 2840 993 2909 jejunium
1047 2857 1147 2911 per
1199 2846 1434 2912 quatuor
1470 2840 1601 2895 anni
1644 2847 1785 2895 tem-

180 2941 325 2996 pora,
347 2934 404 2982 ut
435 2929 581 2983 inter
599 2935 797 2984 caetera
824 2946 891 2984 ex
912 2929 1097 2985 verbis
1127 2930 1364 2994 Domini,
1396 2930 1473 2984 ait
1504 2930 1793 2984 Zacharias

182 3017 469 3086 propheta:
514 3018 794 3085 Jejunium
844 3022 1035 3088 quarti
1079 3023 1129 3073 et
1172 3019 1448 3088 jejunium
1499 3020 1682 3088 quinti
1737 3024 1787 3075 et

170 3107 431 3176 jejunium
466 3113 689 3180 septimi
750 3115 799 3165 et
826 3111 1099 3181 jejunium
1143 3113 1336 3167 decimi
1393 3116 1550 3167 erunt
1604 3113 1789 3167 domui

174 3197 314 3253 Juda
340 3202 397 3253 in
423 3201 689 3269 gaudium
725 3205 777 3256 ct
805 3203 1048 3257 laetitiam
1081 3206 1131 3257 et
1157 3205 1217 3257 in
1243 3203 1605 3258 solemnitates
1634 3219 1783 3273 pra:-

178 3290 362 3346 σιω-αθ.
432 3294 724 3348 Veritatem
773 3297 981 3349 tantum
1034 3299 1083 3349 et
1142 3310 1328 3365 pacem
1385 3295 1603 3363 diligite
1656 3297 1786 3350 dicit

179 3378 444 3437 Dominus.
497 3382 557 3435 In
590 3383 693 3437 hoc
734 3394 1001 3455 ergo‘nos
1054 3386 1347 3440 unanimes
1393 3392 1609 3456 oportet
1640 3402 1786 3454 esse,

184 3472 544 3528 utsccundum
561 3473 918 3544 apostolicam
939 3474 1269 3541 doctrinam,
1286 3475 1529 3547 idipsum
1543 3477 1789 3532 dicamus

182 3572 383 3627 omnes,
414 3570 474 3617 et
501 3578 612 3618 non
643 3563 755 3618 sint
784 3564 839 3617 in
862 3564 1021 3619 nobis
1049 3565 1366 3631 schismata,
1400 3566 1577 3621 simus
1602 3576 1785 3622 autem

181 3649 396 3718 perfecti
422 3653 480 3707 in
505 3654 702 3708 eodem
729 3669 894 3709 sensu
924 3663 978 3722 et
1000 3655 1054 3709 in
1088 3655 1282 3711 eadem
1313 3656 1572 3711 scientia.
1615 3676 1645 3705 ι)

251 3742 371 3800 llaec
408 3744 651 3801 Calixtus
682 3762 823 3817 papa
879 3762 1146 3823 praesago,
1182 3749 1371 3817 credo,
1413 3751 1609 3820 Spiritu
1643 3769 1787 3822 prse-

184 3838 367 3895 videns
386 3842 769 3898 dissensiones
798 3842 1053 3899 Ecclesiae
1081 3843 1289 3899 futuras
1322 3862 1422 3916 pro
1450 3847 1555 3902 hoc
1574 3847 1791 3917 jejunio

182 3942 210 3979 a
251 3944 307 3983 se
348 3930 619 3986 instituto.
677 3931 749 3985 Ex
790 3932 876 3986 his
914 3931 1101 3986 Calixti
1141 3934 1323 3988 verbis
1371 3940 1557 4005 patres
1612 3934 1784 3989 nostri

185 4014 404 4073 instituti
430 4026 563 4074 sunt
587 4026 641 4074 et
670 4035 774 4076 nos
802 4020 1176 4087 instituerunt,
1208 4031 1269 4077 ut
1296 4031 1430 4095 quot
1456 4040 1632 4078 annus
1650 4030 1790 4078 tem-

181 4123 322 4176 pora,
365 4116 444 4166 tot
469 4111 670 4168 habeat
708 4119 764 4167 et
795 4112 1041 4183 jejunia;
1073 4121 1129 4169 et
1157 4124 1291 4187 quot
1323 4132 1546 4171 menses
1584 4132 1789 4171 unum-

179 4200 429 4272 quodque
458 4209 677 4273 tempus
696 4203 882 4269 habet,
916 4210 995 4259 tot
1033 4205 1370 4277 jejuniorum
1401 4206 1521 4261 dies
1551 4206 1786 4272 habeat;

183 4296 234 4341 et
268 4289 394 4344 dum
436 4292 672 4366 singulis
712 4302 950 4364 quatuor
1002 4301 1309 4366 temporum
1347 4295 1579 4364 jejuniis
1642 4294 1786 4349 terni

182 4376 509 4448 deputantur
554 4382 699 4448 dies,
755 4390 949 4455 quarta
1014 4391 1069 4439 et
1133 4391 1285 4438 sexta
1343 4384 1482 4439 feria
1533 4392 1587 4439 et
1645 4385 1786 4439 Sab-

1895 536 2165 591 Kalendas
2222 537 2432 601 Martii;
2489 541 2731 591 agstatem
2792 552 2937 591 nono
2990 537 3261 592 Kalendas
3328 538 3512 605 Junii;

1891 640 2212 686 autumnum
2285 632 2501 687 decimo
2564 630 2834 685 Kalendas
2900 631 3241 701 Septembris
3306 632 3513 688 habere

1894 731 2142 779 exortum
2201 723 2358 779 dicit.
2401 722 2570 777 Graeci
2629 728 2812 777 autem
2858 730 2914 776 ct
2973 722 3226 788 Romani,
3281 739 3516 795 quorum

1894 816 2078 885 potius
2125 816 2177 870 in
2227 816 2332 870 hoc
2370 814 2673 870 auctoritas
2703 812 2987 885 sequenda
3027 819 3128 877 est,
3174 813 3409 869 hiemem
3442 832 3513 870 vn

1901 912 2026 967 ldus
2054 909 2395 978 Novembris,
2428 926 2524 965 ver
2550 927 2624 964 vn
2666 910 2796 964 ldus
2830 908 3137 975 Februarii,
3170 914 3414 964 aestatem
3444 926 3516 965 vn

1900 1004 2027 1057 ldus
2062 1003 2208 1069 Maii,
2266 1011 2592 1058 autumnum
2651 1018 2721 1054 vn
2787 1000 2915 1055 ldus
2970 999 3200 1072 Augusti
3254 1000 3517 1057 inchoare

1899 1092 2239 1157 decernunt;
2265 1091 2466 1146 hiemis
2480 1089 2740 1145 videlicet
2763 1088 3035 1144 etiesmtis
3059 1088 3212 1142 initia
3232 1087 3518 1160 signantes

1898 1186 2190 1253 matutino,
2222 1187 2306 1240 vel
2351 1186 2670 1255 vespertino
2710 1190 2854 1249 ortu,
2899 1183 2985 1238 vel
3028 1199 3229 1238 occasu
3258 1184 3519 1255 Vergilia-

1901 1296 2041 1347 rum,
2074 1296 2197 1350 qum
2227 1280 2390 1334 etiam
2426 1278 2680 1333 Pleiades
2732 1284 3034 1342 vocantur;
3084 1276 3216 1331 item
3256 1276 3403 1331 veris
3461 1284 3517 1332 et

1899 1372 2144 1427 autumni
2187 1378 2460 1442 ponentes
2510 1371 2841 1444 ingressum,
2885 1384 3007 1424 cum
3042 1368 3297 1442 Vergiliae
3328 1369 3515 1424 medio

1901 1464 2013 1519 iere
2043 1464 2135 1517 die
2179 1463 2265 1518 vel
2297 1470 2459 1519 nocte
2490 1462 2746 1518 oriuntur
2775 1466 2870 1515 aut
2901 1459 3181 1515 occidunt.
3232 1481 3256 1505 ι·
3315 1460 3399 1525 Et,
3454 1468 3518 1515 ut

1899 1554 2155 1609 ostendat
2202 1552 2347 1609 Beda
2391 1568 2515 1623 quae
2556 1567 2620 1605 ex
2677 1549 2894 1605 ratione
2937 1548 3105 1603 Graeci
3155 1547 3242 1603 vel
3283 1548 3514 1603 Romani

1900 1651 2204 1713 temporum
2239 1641 2493 1696 initiaita
2517 1637 2827 1712 prteﬁgant,
2862 1637 3106 1692 adnectit
3132 1637 3301 1692 verba
3339 1638 3514 1694 sancti

1897 1740 1951 1787 et
1973 1731 2142 1795 docti,
2173 1736 2227 1785 et
2259 1729 2468 1800 antiqui
2494 1727 2598 1782 viri
2631 1727 2888 1793 Anatolii,
2924 1726 3194 1782 Laodicia;
3238 1727 3512 1799 episcOpi,

1895 1823 1965 1877 de
2003 1820 2350 1892 aequiuoctiis
2398 1825 2453 1874 et
2479 1817 2732 1874 solstitiis
2771 1818 2846 1873 ita
2891 1818 3258 1888 disputantis:
3304 1837 3330 1868 α
3381 1818 3512 1885 Hoc,

1896 1914 2094 1985 inquit,
2127 1928 2238 1967 non
2280 1913 2525 1985 ignores,
2559 1916 2694 1981 quot
2734 1910 2853 1981 ipsa
2906 1915 3214 1980 temporum
3249 1908 3512 1976 confinia,

1894 2002 2003 2057 duo
2033 2002 2242 2058 scilicet
2272 1999 2625 2072 aequinoctia.
2661 2006 2716 2055 et
2746 1999 2856 2054 duo
2897 1998 3153 2064 solstitia,
3194 1998 3325 2053 licet
3354 2014 3514 2054 men-

1893 2091 2035 2146 sium
2077 2089 2432 2162 sequentium
2483 2088 2742 2143 Kalendis
2797 2087 3272 2159 approximantur,
3319 2103 3516 2143 unum-

1892 2180 2151 2251 quodque
2201 2194 2392 2233 eorum
2447 2177 2693 2232 medium
2746 2176 3013 2248 temporis
3043 2184 3248 2243 teneat,
3296 2185 3353 2232 et
3400 2193 3511 2233 non

1890 2268 2089 2322 exinde
2122 2266 2748 2339 principia‘tomporum
2777 2266 3123 2332 inchoantur,
3166 2265 3314 2320 unde
3345 2282 3508 2321 men-

1890 2357 2033 2411 sium
2068 2355 2326 2410 Kalendae
2365 2353 2670 2409 initiantur.
2715 2353 2806 2409 Sic
2840 2354 3024 2425 itaque
3064 2355 3510 2426 unumquodque

1894 2440 2126 2519 tempus
2147 2445 2519 2501 inchoandum
2551 2451 2654 2510 est,
2702 2452 2762 2500 ut
2794 2462 2823 2499 a
2866 2446 3042 2516 prima
3069 2446 3160 2500 die
3199 2446 3345 2500 veris
3374 2454 3512 2502 tem-

1855 2602 1860 2606 .
1893 2552 1996 2605 pus
2024 2536 2235 2592 dividat
2268 2537 2662 2608 aequinoctium
2693 2553 2789 2591 vm
2824 2536 2938 2591 Kal.
2972 2536 3173 2608 Aprilis
3201 2544 3255 2592 et
3283 2540 3508 2608 aestatis,

1887 2628 2130 2683 medium
2180 2635 2366 2685 teneat
2418 2628 2716 2684 solstitium
2778 2646 2873 2682 vm
2931 2628 3203 2683 Kalendas
3268 2628 3399 2685 Julii
3454 2642 3513 2687 et

1885 2719 2154 2785 autumni,
2213 2726 2267 2774 et
2293 2719 2543 2774 autumni
2574 2718 2818 2773 medium
2868 2724 3055 2774 teneat
3111 2719 3506 2790 aequinoctium

1885 2830 1977 2868 vui
2035 2813 2302 2869 Kalendas
2360 2814 2612 2869 Octobris
2653 2821 2709 2869 et
2748 2814 2971 2880 hiemis,
3031 2814 3278 2869 medium
3319 2823 3510 2872 teneat

1894 2904 2181 2959 solstitium
2265 2920 2360 2957 vm
2432 2902 2701 2957 Kalendas
2782 2902 3046 2957 Januarii.
3103 2926 3129 2949 κ
3189 2903 3506 2958 Secundum

1893 2992 2039 3047 beati
2061 2992 2238 3062 (1098)
2271 2991 2506 3047 Anatolii
2532 2991 2721 3058 verba,
2754 2991 2798 3046 si
2830 2992 2897 3045 ab
2926 3008 3020 3045 vm
3052 2991 3322 3046 Kalendas
3350 2991 3508 3063 Apri-

1890 3085 1957 3139 lis
1989 3084 2408 3139 numeraveritis
2444 3099 2666 3138 sursum
2704 3098 2898 3137 versus
2929 3099 3107 3154 usque
3169 3083 3237 3138 ad
3278 3100 3349 3137 vn
3383 3083 3510 3138 ldus

1889 3176 2196 3244 Februarii,
2229 3174 2460 3230 habebis
2484 3175 2601 3229 dies
2626 3191 2768 3235 XLVI,
2797 3176 2945 3247 quod
2973 3181 3056 3229 est
3077 3175 3323 3229 medium
3351 3175 3506 3230 verni

1890 3268 2176 3337 temporis,
2218 3275 2273 3320 et
2302 3281 2400 3337 per
2439 3267 2580 3320 hanc
2606 3264 2843 3321 Anatolii
2870 3264 3261 3320 auctoritatem
3293 3274 3510 3335 ponunt

1890 3363 2059 3418 Graeci
2091 3369 2146 3416 et
2190 3361 2420 3416 Romani
2464 3361 2680 3416 initium
2740 3360 2888 3416 veris
2925 3377 2997 3413 vu
3060 3360 3186 3414 [dus
3226 3360 3507 3415 Februarii

1890 3459 2093 3514 abhinc
2152 3473 2327 3529 usque
2391 3457 2463 3512 ad
2530 3452 2801 3511 Kalendas
2875 3453 3204 3522 Februarii,
3280 3456 3508 3526 reliquis

1890 3548 2087 3602 diebus
2167 3563 2261 3601 sex
2316 3547 2385 3600 ad
2460 3547 2696 3600 hiemem
2770 3545 3219 3615 pertinentibus,
3280 3553 3334 3599 et
3404 3545 3509 3601 hoc

1889 3645 2190 3699 secundum
2244 3642 2503 3713 antiquos
2552 3641 2645 3712 qui
2717 3640 2999 3712 ponebant
3071 3640 3401 3711 aequinoctia
3453 3647 3510 3696 et

1890 3732 2121 3788 solstitia
2176 3730 2230 3784 in
2272 3747 2365 3784 vm
2426 3730 2717 3783 Kalendas.
2773 3728 2839 3782 At
2882 3743 2983 3782 nos
3039 3728 3370 3798 jejuniores,
3411 3729 3505 3800 qui

1892 3822 2198 3877 secundum
2230 3820 2509 3873 decretum
2542 3818 2777 3873 Niczeme
2796 3818 3018 3888 synodi,
3042 3817 3302 3888 ponimus
3333 3819 3509 3889 aequi-

1891 3915 2075 3970 noctia
2108 3923 2161 3968 et
2199 3911 2435 3968 solstitia
2464 3911 2519 3965 in
2562 3927 2633 3965 xu
2671 3909 2963 3976 Kalendas,
2991 3908 3059 3976 si,
3102 3909 3299 3979 posito,
3330 3909 3505 3980 aequi-

1891 4004 2073 4059 noctio
2127 4010 2182 4057 et
2221 4000 2451 4055 dimidio
2505 3999 2656 4053 verni
2691 3998 2956 4069 temporis
3016 3997 3070 4051 in
3114 4013 3189 4051 xu
3238 3997 3508 4052 Kalendas

1890 4098 2108 4170 Aprilis,
2133 4097 2335 4151 abhinc
2365 4108 2581 4150 sursum
2605 4110 2796 4149 versus
2821 4108 3179 4147 numeremus
3209 4091 3332 4146 dies
3361 4108 3504 4149 xnvr.

1890 4191 1983 4263 qui
2015 4206 2112 4245 ver
2140 4188 2451 4253 dimidiam,
2494 4186 2845 4241 inveniemus
2883 4184 3104 4239 initium
3162 4184 3307 4239 veris
3354 4183 3409 4238 in
3449 4201 3506 4238 ιιι

1891 4282 2070 4336 Nonas
2102 4278 2400 4333 Februarii.
2464 4277 2575 4331 Hoc
2632 4275 2797 4331 modo
2855 4281 3109 4346 quatuor,
3169 4274 3255 4328 vel
3288 4273 3507 4330 duobus

1892 4384 2102 4431 tantum
2132 4375 2333 4430 diebus
2364 4373 2640 4429 Februarii
2684 4373 2751 4427 ad
2809 4373 3043 4426 hiemem
3103 4372 3504 4442 spectantibus,

182 4466 359 4525 batum
390 4473 589 4547 singuli
621 4473 743 4528 dies
784 4489 880 4545 pro
921 4474 1155 4549 singulis
1182 4473 1471 4529 mensibus
1503 4474 1781 4546 deputen-
1814 4462 1865 4529 Ι)
1892 4469 2105 4525 obtinet
2133 4485 2229 4523 ver
2260 4474 2430 4521 totum
2462 4466 2838 4520 Februarium.
2872 4464 3187 4520 Secundum
3218 4465 3325 4519 hoc
3351 4464 3508 4518 vide-

182 4567 285 4616 tur:
306 4571 365 4619 ut
394 4564 663 4637 quidquid
696 4567 751 4620 in
784 4574 899 4622 toto
928 4584 1121 4622 mense
1145 4566 1506 4638 deliquimus,
1534 4567 1785 4638 jejunato

187 4667 291 4708 uno
345 4658 551 4711 mensis
594 4657 706 4725 die,
753 4658 846 4714 fiat
875 4660 1039 4715 nobis
1090 4659 1327 4724 veniale,
1358 4669 1413 4714 et
1450 4666 1509 4713 ut
1541 4659 1609 4713 ad
1651 4676 1786 4714 usus

186 4751 394 4800 nostros
420 4745 622 4802 bonam
661 4755 718 4803 et
755 4749 1032 4804 salubrem
1087 4750 1233 4804 aeris
1270 4750 1596 4820 temperiem
1644 4751 1786 4805 Deus

185 4830 411 4904 singulis
465 4836 827 4906 temporibus,
861 4838 1147 4893 mensibus
1177 4849 1231 4893 et
1271 4839 1471 4894 diebus
1501 4840 1783 4895 attribuat.

189 4925 317 4990 Quia
332 4945 462 5004 ergo
475 4931 581 4987 hoc
598 4932 840 4997 Quatuor
857 4933 1186 5003 Temporum
1205 4933 1478 5005 jejunium
1499 4934 1789 5007 distinguit

191 5024 298 5072 rata
332 5023 468 5077 ratio
495 5029 827 5095 temporum,
868 5042 899 5080 a
927 5025 1133 5081 sanctis
1161 5034 1214 5082 et
1245 5027 1442 5095 doctis,
1474 5034 1526 5082 et
1551 5028 1793 5099 antiquis

194 5105 436 5165 Patribus
458 5110 733 5167 intellecta
749 5120 805 5168 et
825 5112 1109 5184 disposita,
1139 5114 1184 5168 si
1206 5121 1262 5169 et
1283 5114 1352 5169 de
1379 5116 1567 5171 multis
1596 5131 1790 5186 pauca.

195 5202 245 5249 et
270 5197 338 5251 de
392 5199 608 5255 duobus
635 5202 871 5258 certiora
900 5202 1185 5275 eligamus.
1244 5203 1388 5258 Beda
1427 5205 1485 5258 in
1543 5204 1683 5259 libro
1716 5205 1792 5257 De

194 5290 530 5359 temporibus
584 5294 744 5350 dicit:
816 5319 841 5343 «
915 5294 1077 5349 Initia
1156 5295 1400 5360 Quatuor
1465 5296 1790 5367 Temporum

199 5378 391 5438 diversi
420 5383 638 5442 diverse
662 5397 897 5459 ponunt.
925 5386 1185 5454 lsidorus,
1214 5387 1553 5458 Hispalensis
1577 5388 1797 5459 episco-

267 5558 443 5630 (1098)
466 5562 753 5638 Anatolius
775 5567 1178 5621 Aternmutrinus
1200 5569 1475 5622 Laodicea:
1503 5570 1677 5636 Syrian
1691 5572 1806 5638 epi-

206 5642 407 5706 scopus,
438 5634 537 5686 sub
554 5637 720 5690 Probo
744 5643 793 5690 et
822 5639 961 5692 Caro
980 5639 1405 5705 imperatoribus
1427 5634 1628 5706 ﬂoruit,
1656 5634 1808 5695 mira:

208 5698 456 5780 doctrina:
478 5707 568 5757 vir
602 5709 711 5773 fuit
732 5710 790 5762 in
812 5698 1182 5775 arithmetica,
1210 5698 1516 5775 geometria,
1563 5698 1805 5765 astrono-

212 5779 336 5835 mia,
357 5781 729 5845 grammatica,
762 5779 1051 5845 rhetorica,
1083 5781 1384 5846 dialectica,
1417 5783 1572 5850 cujus
1600 5784 1809 5847 ingenii

1888 4568 2039 4615 retur
2073 4557 2398 4613 Februarius
2436 4556 2644 4611 debere
2693 4572 2814 4610 esse
2842 4554 2987 4609 veris
3028 4554 3241 4624 primus
3273 4553 3505 4618 mensis,

1888 4661 1944 4708 et
1984 4654 2038 4707 in
2091 4667 2157 4707 co
2211 4651 2415 4705 debere
2448 4648 2717 4703 celebrari
2764 4646 3037 4716 jejunium
3096 4645 3257 4717 primi
3293 4652 3507 4716 tempo-

1890 4743 1981 4803 ris,
2047 4750 2102 4796 ct
2148 4739 2371 4811 quidem
2422 4740 2588 4809 justo.
2640 4739 2746 4793 Sed
2805 4754 2876 4792 ne
2931 4736 3297 4791 contentiosis
3343 4736 3508 4790 dare-

1889 4840 1977 4886 tur
2030 4845 2163 4883 ansa
2211 4827 2584 4883 calumniandi
2640 4826 2912 4898 jejunium
2975 4824 3136 4895 primi
3204 4822 3504 4892 temporis,

1893 4923 2245 4997 contingeret
2294 4921 2443 4974 enim
2513 4919 2721 4990 aliquot
2787 4917 2905 4972 dies
2969 4916 3148 4971 ultimi
3214 4915 3509 4986 temporis,

1894 5015 2040 5088 quod
2112 5022 2194 5069 est
2253 5012 2476 5079 hiemis,
2548 5010 2968 5067 convenientius
3042 5009 3097 5063 in
3181 5016 3510 5079 sequentem

1896 5121 2142 5160 mensem
2212 5103 2458 5157 Martium
2529 5099 2778 5155 differtur
2821 5099 2967 5154 veris
3046 5096 3341 5169 jejunium.
3403 5097 3515 5151 Nec

1897 5210 2080 5255 tamen
2135 5199 2261 5252 ideo
2326 5204 2498 5252 totum
2577 5193 2768 5248 Martio
2837 5192 3154 5261 deputatur,
3198 5188 3330 5260 quia
3386 5189 3515 5244 licet

1897 5292 2059 5348 trium
2112 5288 2451 5361 jejuniorum
2507 5287 2625 5340 dies
2684 5286 2740 5339 in
2789 5300 2899 5339 una
2953 5282 3299 5337 hebdomada
3347 5280 3516 5335 unius

1897 5386 2108 5442 mensis
2138 5384 2510 5447 continentur,
2546 5388 2772 5452 propter
2805 5377 3187 5450 mysteriorum
3221 5375 3517 5430 continua—

1905 5570 2327 5638 magnitudinrm
2355 5568 2428 5641 de
2458 5567 2725 5641 volumine
2752 5564 2896 5641 quod
2913 5576 3111 5641 stipes
3137 5559 3517 5641 PUSCIH‘IUCOﬂt-

1906 5630 2108 5714 posvuit,
2154 5646 2200 5692 et
2231 5655 2307 5714 ea:
2328 5638 2508 5691 decem
2538 5637 2694 5689 libris
2731 5630 3184 5714 «Iearithmeticm
3219 5630 3517 5714 instituit?-

2134 5710 2430 5775 i-ntclligerc
2466 5721 2772 5775 possumus,
2806 5702 2983 5772 inquit
3006 5701 3384 5765 Hieronymus,
3415 5692 3509 5745 lib.

1911 5787 1984 5840 De
2010 5783 2199 5852 script.
2231 5779 2427 5835 ecclcs.
