3960 6198
384 284 489 336 8⁷19
1498 316 1507 322 η
1608 275 1949 331 SlGEBERTI
2000 275 2029 330 G

2140 274 2512 331 BLACENSIS.
3628 266 3744 324 εω

386 410 615 474 tionem,
636 406 842 478 singuli
865 404 1401 475 tamenjcjuniorum
1418 403 1538 457 dies
1553 402 1785 477 singulis
1798 401 2009 456 mensi-
2031 405 2083 473 Α
2098 401 2484 457 auctoritatem
2514 398 2848 462 invenimus,
2881 395 3031 468 quod
3054 393 3272 450 initium
3298 391 3447 448 veris
3474 397 3532 448 et
3551 390 3741 447 Martii

385 499 488 551 bus
503 476 908 566 deputanturtv
934 493 1069 547 feria
1091 476 1702 558 Februario,v1Martio,
1724 488 1983 559 vuAprili
2109 489 2230 560 ipso
2270 488 2636 543 Kalendarum
2663 485 2757 540 die
2788 483 2955 539 simul
2976 487 3331 539 concurrant.
3374 480 3434 534 In
3466 476 3739 535 Kalendis

387 588 616 653 Quando
659 602 792 657 ergo
843 586 1068 639 Martius
1108 584 1379 649 initiatur,
1433 601 1484 649 v,
1519 600 1590 648 vr,
1631 583 1715 636 vel
1758 600 1829 635 vn
1872 580 2010 636 feria
2110 580 2283 634 Martii
2340 578 2555 633 initium
2585 576 2734 634 veris
2762 573 3103 647 ponentibus
3128 577 3403 647 repugnat
3431 569 3744 626 auctoritas

388 696 510 753 qua:
538 677 988 733 inconvenientia
1022 683 1104 730 est
1137 676 1443 746 prmvenire
1476 674 1690 728 initium
1719 672 1891 727 Martii
1919 672 2007 740 jc-
2109 670 2344 726 Anatolii
2366 679 2421 725 et
2459 669 2690 725 aliorum
2722 668 2968 722 Patrum:
3002 670 3274 740 repugnat
3312 662 3480 718 etiam
3524 660 3737 718 calum

383 750 635 841 junando
679 771 733 824 in
767 769 1206 839 antepenultimo
1239 775 1292 821 et
1342 768 1537 822 ultimo
1578 766 1667 819 die
1702 763 2006 831 Februarii,
2110 766 2165 814 et
2191 758 2583 824 terra;cuelum
2606 755 2865 828 quoniam
2890 752 3209 825 philosOphi
3232 750 3742 822 deprehenderunt

389 838 485 934 qui
544 862 666 916 dies
724 861 827 915 etsi
876 838 985 914 non
1036 866 1164 913 sunt
1230 858 1427 923 Martii,
1489 865 1616 911 sunt
1676 864 1859 910 tamen
1916 868 2009 908 ve—
2111 847 2270 902 initia
2327 854 2633 917 temporum
2692 860 2791 915 per
2833 850 2987 898 ortus
3033 847 3087 897 et
3142 855 3371 897 occasus
3415 838 3741 904 stellarum,

392 931 486 1017 ris,
535 950 692 1017 cujus
758 959 840 1003 est
913 949 1014 1002 hoc
1077 955 1246 1003 totum
1319 945 1589 1016 jejunium
1665 959 1761 1014 per
1830 949 2011 1012 partes
2115 955 2253 1011 quas
2303 939 2447 993 Deus
2478 937 2605 993 fecit
2634 937 2690 991 in
2734 935 2893 1010 signa
2923 940 2979 988 et
3024 933 3082 988 in
3113 940 3385 1004 tempora,
3412 931 3470 986 in
3506 944 3742 986 menses

393 1043 640 1112 ejusdem
697 1056 796 1111 per
835 1055 1053 1093 menses
1107 1037 1461 1093 distributum
1483 1039 1511 1091 ξ)
1540 1035 1700 1101 Quid,
1762 1034 2009 1105 inquam,
2114 1039 2172 1087 et
2200 1032 2255 1085 in
2298 1045 2475 1085 annos
2508 1035 2689 1085 :terra
2723 1042 2879 1093 vero,
2911 1025 3018 1081 nisi
3050 1024 3236 1096 aliqua
3264 1021 3622 1094 inaequalitas
3652 1036 3747 1076 ae-

393 1132 741 1188 disconvenit
765 1132 1020 1201 jejunare
1063 1136 1310 1201 quartam
1374 1129 1427 1182 in
1478 1126 1775 1182 Februario
1805 1125 2020 1179 feriam.
2126 1126 2200 1181 ris
2228 1124 2575 1191 interturbet,
2597 1130 2778 1178 ortum
2800 1120 2948 1176 veris
2975 1119 3031 1174 in
3063 1133 3186 1175 rore
3211 1117 3471 1173 arborum
3495 1116 3587 1172 vel
3617 1115 3751 1172 her-

396 1225 702 1297 prtescrtim
730 1240 853 1278 cum
890 1224 1007 1293 ipsa
1042 1224 1327 1293 jejunetur
1357 1236 1455 1292 pro
1488 1219 1838 1290 impetranda
1874 1218 2019 1272 bona
2121 1221 2309 1275 barum
2343 1220 2505 1292 longe
2542 1223 2670 1272 ante
2699 1216 2916 1271 initium
2944 1213 3118 1270 Martii
3149 1211 3412 1269 ostendit.

394 1325 448 1373 et
472 1315 676 1370 salubri
699 1314 965 1383 temperie
996 1312 1319 1367 Februarii?
1340 1311 1480 1376 Quid
1503 1308 1852 1365 disconvenit
1873 1308 2012 1362 Mar—

2192 1311 2399 1384 Itegula
2437 1308 2695 1372 Anatolii,
2750 1307 2844 1379 qui
2895 1311 3062 1381 negat
3114 1303 3270 1359 initia
3318 1309 3631 1373 temporum
3687 1299 3749 1355 in

394 1409 494 1475 tio,
525 1406 673 1479 quod
711 1413 865 1460 sexta
903 1405 958 1459 in
988 1405 1286 1460 Februario
1335 1403 1469 1459 feria
1524 1417 1624 1472 pro
1660 1402 1781 1472 ipso
1817 1400 2014 1455 Martio
2117 1400 2374 1457 Kalendis
2400 1398 2695 1462 mensium,
2728 1403 2783 1451 et
2811 1394 2909 1450 ubi
2947 1393 3151 1449 initiari
3190 1389 3526 1447 debeantita
3555 1388 3750 1445 verbis

392 1500 673 1571 jejunatur
696 1497 725 1550 7
754 1497 870 1550 Non
901 1495 1419 1566 merebiturAprilis
1438 1495 1641 1548 bonam
1673 1491 2013 1547 etsalubrcm

398 1588 541 1641 aeris
599 1586 948 1655 temperiem,
992 1583 1139 1653 quod
1176 1582 1452 1651 jejunium
1497 1579 1710 1635 sabbati
1740 1580 1843 1633 sibi
1875 1590 2016 1649 prte-

397 1685 700 1747 occupctur
731 1674 786 1728 in
812 1672 1046 1728 Martio?
1074 1674 1177 1727 Per
1205 1674 1308 1727 hoc
1347 1679 1523 1726 ratum
1548 1687 1670 1726 esse
1701 1670 1848 1732 dico,
1871 1669 2014 1739 quod

2045 1718 2093 1782 Β

2118 1494 2381 1557 ostendit,
2415 1498 2473 1546 ut
2530 1490 2695 1545 etiam
2740 1487 2919 1544 oculis
2972 1486 3149 1557 possit
3194 1483 3433 1541 ostendi.
3475 1479 3751 1537 Ostendat

2119 1587 2297 1642 adhuc
2319 1601 2417 1655 per
2452 1583 2667 1638 initium
2697 1580 2905 1636 aastatis
2933 1577 3028 1633 ubi
3060 1577 3260 1632 debeat
3287 1573 3558 1632 celebrari
3579 1573 3743 1645 jeju-

2121 1679 2273 1733 nium
2302 1676 2524 1731 aestatis.
2558 1673 2742 1729 Posito
2772 1670 3014 1727 solstitio
3043 1668 3274 1724 aestivali
3303 1676 3359 1723 et
3381 1664 3592 1722 aestatis
3619 1678 3750 1719 me-

400 1772 508 1827 lel
542 1778 789 1842 quartam
833 1776 889 1823 et
927 1776 1133 1822 sextam
1164 1767 1356 1822 feriam
1389 1783 1512 1821 esse
1557 1764 1935 1820 obsecutriccs
1965 1772 2019 1817 ΘΙ.
2050 1759 2093 1784 ³)
2121 1775 2212 1829 dio
2239 1771 2544 1827 secundum
2562 1769 2821 1840 antiquos
2852 1767 2907 1821 in
2935 1782 3034 1820 νιιι
3066 1762 3346 1820 Kalendas
3374 1760 3531 1827 Julii,
3638 1774 3754 1814 ιιιι..

402 1861 665 1933 quasdam
696 1857 1130 1929 przeparationes
1169 1857 1236 1910 ad
1272 1857 1449 1926 ipsum
1492 1855 1779 1910 sabbatum
1822 1852 2020 1919 Martii,

404 1962 459 2010 et
489 1969 584 2008 eas
612 1951 857 2020 ejusdem
894 1964 1013 2004 esse
1047 1948 1384 2004 conditionis
1414 1949 1570 2017 cujus
1590 1955 1671 2002 est
1699 1948 2019 2012 Sabbatum,

404 2049 491 2105 cui
522 2046 763 2102 ofﬁcium
805 2045 921 2100 sive
960 2045 1241 2098 servitium
1275 2043 1539 2098 exhibent
1580 2042 2019 2114 praeparationis,

406 2138 661 2193 nimirum
683 2134 896 2204 jejunio
929 2133 1105 2187 tertiae
1139 2140 1192 2187 et
1233 2139 1398 2187 sextze
1420 2132 1572 2186 teriae
1614 2148 1672 2186 se
1704 2147 2023 2203 praeparan-

409 2230 555 2285 tibus
583 2227 715 2289 illis,
740 2227 832 2297 qui
865 2226 952 2280 vel
982 2224 1313 2294 suscipiunt,
1340 2224 1425 2278 vel
1449 2223 1736 2278 celebrant
1765 2223 2026 2295 mysteria

407 2322 475 2377 ad
506 2318 719 2375 sabbati
753 2318 896 2372 diem
956 2316 1313 2386 pertinentia,
1346 2331 1450 2370 nec
1481 2331 1599 2369 esse
1630 2332 1790 2385 Opus,
1837 2324 1897 2370 ut
1956 2315 2024 2369 ad

409 2410 487 2477 id,
529 2409 615 2463 vel
668 2405 999 2462 Februarius
1055 2420 1285 2459 numero
1330 2404 1545 2458 dierum
1603 2404 1883 2470 dilatetur,
1941 2403 2026 2457 vel

410 2499 634 2555 Martius
665 2496 1038 2560 abbrevietur,
1081 2493 1531 2564 quandoquidem
1557 2492 1706 2547 feriae
1748 2492 2026 2547 Februarii

412 2591 466 2637 et
494 2582 671 2637 Martii
704 2598 803 2653 per
833 2582 935 2636 hoc
961 2580 1123 2633 unius
1145 2587 1273 2634 sunt
1301 2580 1658 2645 conditionis,
1692 2581 1840 2651 quod
1864 2581 2030 2636 unius

410 2680 539 2728 sunt
561 2673 849 2743 temporis.
877 2672 931 2725 Si
957 2673 1081 2744 quis
1104 2687 1214 2726 non
1237 2672 1433 2742 recipit
1459 2672 1599 2727 hanc
1619 2672 2030 2727 distinctionem

406 2764 746 2835 jejuniorum
780 2781 878 2835 per
928 2764 1343 2818 distinctionem
1387 2764 1684 2826 mensium,
1734 2764 1925 2818 saltem
1976 2763 2031 2817 in

411 2871 704 2912 commune
762 2855 996 2925 accipiet
1046 2861 1217 2909 totum
1275 2870 1373 2924 pro
1425 2861 1673 2925 tempore
1726 2856 2023 2925 jejunium.

2123 1878 2305 1918 meres
2356 1875 2575 1914 sursum
2633 1872 2832 1912 versus
2885 1870 3008 1910 XLVI
3048 1853 3192 1921 dies,
3239 1840 3490 1906 invenies
3526 1846 3756 1904 initium

2122 1952 2327 2009 aestatis
2364 1951 2419 2004 in
2462 1966 2514 2003 v1
2546 1948 2676 2002 ldus
2733 1946 2877 2011 Maii,
2908 1953 2963 2001 et
2992 1944 3198 2000 abhinc
3226 1956 3405 2014 usque
3429 1940 3500 1995 ad
3546 1938 3759 1995 Kalen-

2122 2040 2220 2094 das
2249 2036 2371 2091 Maii
2426 2043 2552 2091 octo
2581 2041 2794 2089 tantum
2827 2033 3030 2089 diebus
3076 2031 3146 2086 ad
3186 2038 3407 2101 tempus
3443 2026 3591 2084 veris
3617 2042 3758 2098 spe-

2123 2130 2413 2193 ctantibus,
2450 2135 2597 2184 totus
2625 2142 2770 2199 pene
2819 2127 2996 2183 Maius
3024 2122 3388 2197 deputabitur
3413 2120 3609 2179 testati.
3638 2120 3759 2178 Nec

2124 2222 2326 2276 desunt
2377 2218 2545 2289 aliqui
2594 2217 2994 2273 modernorum
3054 2220 3270 2287 quanto
3295 2210 3555 2283 juniores
3597 2215 3758 2267 tanto

2127 2312 2580 2387 perSpicaciores,
2604 2310 2697 2382 qui
2730 2325 3023 2365 ascensum
3056 2308 3145 2364 vel
3174 2306 3505 2362 descensum
3535 2301 3674 2359 solis
3693 2301 3755 2357 in

2126 2404 2374 2462 solstitiis
2431 2403 2609 2459 oculis
2665 2409 2720 2456 et
2798 2400 2990 2473 digitis
3054 2403 3334 2464 notantes,
3404 2393 3763 2452 contendunt

2130 2496 2461 2569 aequinoctia
2480 2501 2535 2550 et
2556 2493 2789 2549 solstitia
2815 2491 3021 2547 rectius
3043 2505 3165 2546 esse
3186 2486 3447 2561 ponenda
3474 2486 3530 2541 in
3556 2484 3761 2558 quinto

2132 2590 2349 2645 decimo
2410 2586 2704 2642 Kalendas.
2742 2585 2898 2650 Quod
2946 2584 2992 2639 si
3049 2582 3217 2639 fuerit
3271 2579 3589 2653 probatum,
3629 2576 3761 2650 quis

2134 2680 2479 2737 contradicct
2535 2678 2777 2745 veritati,
2832 2676 2969 2748 quin
3026 2682 3200 2731 totum
3240 2670 3602 2728 Februarium
3652 2669 3763 2725 sibi

2135 2771 2397 2825 vindicet.
2440 2770 2568 2826 Cum
2605 2785 2739 2841 ergo
2773 2785 2872 2841 per
2899 2769 3005 2823 hoc
3025 2766 3301 2838 jejunium
3331 2763 3477 2819 veris
3500 2762 3627 2816 dies
3654 2760 3764 2816 Fe-

2130 2859 2360 2925 bruarii,
2395 2860 2460 2914 ad
2485 2859 2757 2931 jejunium
2813 2857 3020 2912 aestatis
3059 2855 3182 2911 dies
3209 2854 3333 2909 Maii
3364 2852 3601 2908 licenter
3653 2849 3759 2905 ad-

414 2946 523 3001 Sed
545 2946 674 3016 quia
698 2947 804 3001 hoc
832 2946 979 3016 quod
1010 2954 1093 2999 est
1116 2946 1350 3000 divisum
1375 2946 1428 2999 in
1455 2947 1660 3011 multis,
1685 2962 1793 3001 non
1818 2954 1901 3001 est
1932 2946 2032 3000 ali-
2130 2948 2271 3002 mitti
2304 2948 2522 3014 debeat,
2551 2946 2775 3019 quando
2805 2945 2998 3001 Junius
3037 2944 3285 2998 initiatur
3341 2942 3397 2995 in
3441 2939 3635 3011 quinta
3663 2938 3758 2994 vel

414 3035 571 3102 cujus
594 3040 801 3100 totum;
840 3041 893 3087 et
923 3034 1071 3103 quod
1126 3041 1209 3087 est
1238 3049 1528 3088 commune
1560 3034 1768 3096 multis,
1810 3050 1921 3089 non
1948 3042 2029 3089 est

2135 3050 2285 3099 sexta
2320 3042 2479 3107 feria,
2537 3055 2659 3112 qum
2708 3036 3153 3095 inconvenientia
3195 3040 3344 3091 vetat
3396 3034 3452 3088 in
3499 3032 3756 3089 secundo

413 3123 651 3195 alicujus
691 3123 999 3194 Proprium»
1043 3138 1154 3177 ηοη
1204 3123 1308 3177 erit
1359 3124 1634 3191 jejunium
1667 3125 1811 3179 "eris
1859 3132 2031 3180 ῐοιυῐη
2061 3122 2253 3205 Uejus
2283 3133 2522 3188 Sabbato
2546 3131 2633 3186 vel
2674 3130 2919 3185 secunda
2950 3125 3300 3183 hebdomade
3349 3122 3622 3179 celebrari
3663 3139 3761 3178 se-

411 3213 610 3281 Martii,
650 3214 800 3285 quod
828 3213 1004 3268 tribus
1036 3228 1196 3285 sequo
1227 3213 1528 3284 deputatur
1576 3215 1862 3269 mensibus
1915 3216 2032 3271 Non

414 3303 541 3369 erit,
572 3304 819 3375 inquam,
853 3303 1029 3359 Martii
1060 3302 1343 3374 prOprium
1383 3305 1532 3375 quod
1567 3304 1743 3360 tribus
1773 3313 1856 3361 est
1882 3322 2035 3362 com-

413 3410 582 3452 mune
614 3395 918 3450 mensibus.

487 3579 568 3633 Ad
599 3580 718 3634 haec
748 3594 858 3635 non
916 3579 1093 3633 otiose
1144 3578 1228 3633 vel
1261 3579 1525 3634 mendose
1579 3580 1842 3650 scriptum
1887 3580 2030 3651 legi-

412 3684 555 3734 mus,
587 3666 737 3738 quod
791 3667 967 3721 sancti
1003 3683 1159 3737 papae
1211 3667 1442 3723 Romani
1495 3668 1830 3738 Simplicius,
1873 3668 2031 3723 Gela-

412 3757 548 3823 sius,
581 3757 941 3827 Symmachus
974 3763 1029 3811 et
1072 3756 1219 3811 Felix
1252 3755 1500 3810 fecerunt
1530 3756 1906 3812 ordinationes
1932 3775 2032 3829 per

412 3868 659 3909 mensem
693 3851 1071 3919 Februarium,
1103 3851 1217 3906 sive
1262 3851 1409 3905 enim
1453 3868 1544 3905 vni
1578 3851 1848 3907 Kalendas
1898 3853 2032 3908 Mar—

414 3945 474 4001 tii
505 3944 811 4000 secundum
846 3943 1139 4014 Hispanos,
1180 3943 1295 3999 sive
1336 3960 1406 3996 vn
1465 3943 1594 3998 ldus
1631 3944 1911 3998 Februarii
1944 3961 2031 4001 se-

414 4038 657 4094 cundum
688 4038 946 4108 antiquos
978 4035 1197 4092 Greecos
1224 4042 1280 4091 et
1324 4037 1618 4103 Romanos,
1671 4037 1785 4092 sive
1832 4054 2032 4093 secun-

414 4131 544 4188 dum
577 4131 812 4186 Nicaeam
843 4130 1115 4202 synodum
1152 4148 1209 4184 Ill
1244 4130 1426 4185 Nonas
1457 4130 1735 4186 Februarii
1765 4149 1860 4186 ver
1884 4134 2029 4188 oria-

416 4231 524 4292 tur,
555 4223 893 4279 credendum
949 4228 1032 4277 est
1087 4222 1239 4292 quod
1269 4220 1585 4292 apostolica:
1616 4222 1900 4298 dignitatis
1927 4225 2030 4279 viri

417 4330 529 4373 non
557 4316 908 4370 excluserunt
937 4330 969 4368 a
1017 4313 1230 4383 jejunio
1263 4312 1625 4368 Kalendarum
1657 4315 1828 4371 Martii
1862 4333 2034 4387 quar-

416 4416 524 4464 tam
566 4415 621 4461 et
667 4414 873 4461 sextam
929 4405 1120 4460 feriam
1173 4405 1478 4471 Februarii,
1510 4422 1633 4478 quae
1680 4416 1837 4462 erant
1875 4409 2031 4463 verni

2134 3230 2376 3286 cundum
2405 3226 2704 3297 jejunium,
2730 3224 2879 3296 quod
2907 3230 3080 3278 totum
3113 3220 3292 3276 aestati
3319 3219 3576 3286 debetur,
3603 3234 3637 3273 a
3662 3232 3763 3274 vo-

2135 3319 2223 3373 bis
2242 3333 2370 3373 vero
2411 3316 2511 3371 soli
2536 3314 2701 3370 Junio
2744 3318 2953 3367 tantum
2992 3307 3329 3381 deputatur?
3356 3307 3415 3361 ln
3440 3306 3588 3363 veris
3609 3305 3763 3375 jeju-

2138 3411 2230 3465 nio
2259 3397 2476 3463 vidciur
2505 3402 2781 3476 impedire
2815 3401 2962 3473 quod
2991 3407 3188 3472 quarta
3224 3404 3282 3452 et
3309 3402 3461 3452 sexta
3499 3394 3656 3451 feriae
3669 3394 3764 3464 je-

2130 3502 2416 3573 juniorum
2444 3498 2503 3552 in
2536 3512 2645 3552 una
2667 3492 3018 3550 hebdomada
3049 3495 3411 3556 concurrunt,
3438 3486 3577 3560 quid
3614 3503 3761 3543 cau-

2133 3608 2205 3647 sae
2229 3598 2313 3645 est
2361 3587 2508 3660 quod
2537 3584 2770 3640 diﬁ‘ertis
2789 3582 3064 3655 jejunium
3097 3581 3152 3635 in
3188 3578 3504 3635 ulteriorem
3538 3574 3763 3631 hebdo-

2133 3677 2394 3735 madam?
2434 3675 2573 3739 Quid
2602 3680 2810 3728 tantum
2844 3671 3180 3725 inhmremus
3214 3665 3490 3724 occidenti
3533 3665 3758 3734 littere,

2135 3780 2196 3828 ut
2226 3771 2511 3825 deviemus
2536 3782 2568 3821 a
2600 3765 2798 3837 spiritu
2828 3760 3189 3818 viviﬁcante?
3244 3757 3382 3823 Quid
3411 3764 3625 3813 tantum
3659 3756 3757 3812 in-

2135 3864 2405 3919 haeremus
2458 3858 2513 3912 in
2572 3854 2879 3928 quaerendo
2920 3852 3099 3924 primo
3149 3849 3423 3905 mensium
3464 3844 3753 3902 Sabbato?

2134 3960 2363 4026 Semper
2387 3951 2694 4009 laborando
2724 3948 3024 4022 quaerimus
3052 3955 3111 4002 et
3152 3944 3323 4000 semel
3354 3950 3570 3998 tantum
3593 3942 3759 3998 inve-

2136 4047 2335 4100 nimus.
2371 4042 2426 4096 Si
2464 4040 2613 4096 enim
2644 4053 2875 4093 numero
2916 4035 3137 4091 dierum
3179 4037 3579 4104 compensatur
3617 4030 3755 4086 Sab-

2133 4138 2343 4201 batum,
2368 4134 2474 4189 tale
2501 4132 2800 4187 Sabbatum
2832 4136 3086 4185 tenemus
3114 4125 3224 4181 illis
3248 4124 3382 4181 solis
3408 4123 3596 4187 annis,
3625 4122 3757 4195 qui-

2133 4230 2236 4284 bus
2264 4241 2487 4282 menses
2526 4223 2744 4290 Junius,
2783 4220 3027 4289 Martius,
3070 4215 3404 4290 September
3434 4222 3492 4270 et
3521 4214 3756 4271 Decem-

2134 4322 2232 4376 ber
2282 4320 2337 4374 in
2395 4317 2571 4389 prima
2624 4313 2758 4369 feria
2805 4312 3115 4368 initiantur.
3155 4307 3379 4364 Caeteris
3424 4320 3557 4361 vero
3597 4303 3763 4360 annis

2134 4427 2358 4483 semper
2384 4406 2722 4479 imperfecta:
2764 4400 3126 4460 hebdomadis
3152 4400 3439 4456 sabbatum
3471 4406 3753 4452 tenemus.

420 4497 717 4571 temporis;
761 4497 904 4552 forte
955 4496 1119 4552 etiam
1178 4495 1445 4572 integram
1487 4497 1767 4553 Februarii
1824 4498 2243 4573 hebdo-DVos
2281 4497 2488 4570 quippe
2528 4494 2622 4566 qui
2645 4492 2919 4562 jejunium
2959 4487 3250 4560 temporis,
3283 4485 3433 4559 quod
3469 4493 3557 4539 est
3590 4499 3751 4540 com-

426 4597 649 4652 madam
685 4600 1019 4665 receperunt
1043 4593 1112 4648 ad
1134 4593 1467 4666 explendum
1492 4594 1640 4650 veris
1665 4595 1962 4665 jejunium,
1985 4604 2042 4655 et

418 4691 488 4747 ad
521 4690 854 4747 celebranda
883 4688 1143 4761 mysteria
1174 4688 1251 4743 illi
1297 4689 1514 4758 jejunio
1560 4690 1938 4764 congruentia.
1978 4692 2037 4746 ln

419 4780 806 4836 communibus
854 4778 1002 4832 enim
1044 4776 1205 4832 annis
1253 4792 1403 4848 saape
1442 4777 1771 4833 Februarius
1823 4779 2039 4851 aliquot

423 4866 872 4938 Quadragesimte
901 4865 1282 4920 hebdomadas
1310 4864 1544 4919 obtinet.

492 4958 791 5027 Perpendit
828 4972 961 5030 ergo
989 4963 1168 5011 vestra
1195 4954 1420 5010 dilectio
1448 4970 1546 5009 cur
1568 4955 1842 5024 jejunium
1894 4957 2040 5013 veris

424 5065 536 5106 non
556 5056 731 5104 totum
772 5048 961 5104 Martio
994 5049 1311 5119 deputetur,
1340 5046 1469 5118 quia
1498 5047 1712 5103 scilicet
1740 5049 1861 5104 dies
1884 5050 2039 5105 verni

425 5137 687 5209 temporis
715 5144 886 5212 agunt
916 5152 1016 5209 pro
1043 5136 1366 5202 Februario,
1401 5152 1469 5191 ne
1500 5136 1821 5192 excludatur
1870 5153 1902 5192 a
1940 5155 2037 5193 ve-

423 5236 499 5291 ris
522 5234 762 5307 jejunio.
796 5234 951 5299 Quod
983 5234 1027 5287 si
1061 5233 1199 5288 ratio
1227 5239 1281 5287 et
1309 5232 1446 5287 ordo
1486 5233 1750 5304 temporis
1779 5233 2034 5299 evicerit;

425 5324 574 5398 quod
604 5339 701 5379 ver
725 5323 862 5394 ipsis
892 5320 1154 5375 Kalendis
1180 5320 1359 5377 Martii
1390 5321 1620 5388 oriatur,
1654 5321 1884 5377 verbum
1926 5337 2037 5377 non

426 5415 663 5489 amplius
705 5412 929 5477 addam,
972 5410 1107 5481 quin
1138 5411 1502 5467 excludantur
1529 5428 1559 5467 a
1592 5412 1805 5483 jejunio
1845 5422 2039 5484 quarta

425 5517 482 5567 et
507 5517 663 5565 sexta
695 5505 749 5558 in
784 5502 1087 5558 Februario
1119 5502 1287 5571 feriae,
1317 5504 1363 5557 si
1395 5519 1521 5559 cum
1559 5520 1752 5560 mense
1782 5519 1884 5561 suo
1914 5503 2039 5560 fue-

425 5604 533 5659 rint
562 5598 790 5674 penitus
826 5596 1023 5651 alienze
1071 5611 1103 5648 a
1131 5611 1301 5652 verno
1346 5603 1616 5668 tempore.
1677 5599 1787 5653 Sed
1838 5604 2040 5669 praeter

426 5698 618 5754 rudem
653 5690 868 5747 Romuli
902 5688 1322 5758 institutionem,
1354 5705 1624 5761 nusquam
1645 5692 2037 5774 scripturarum

2139 4604 2305 4645 mune
2345 4584 2521 4641 tribus
2548 4580 2853 4647 mensibus,
2898 4578 3178 4650 deputatis
3223 4574 3325 4631 soli
3356 4572 3545 4629 medio
3586 4572 3751 4627 trium

2140 4681 2412 4736 mensium
2447 4673 2645 4741 mensi,
2677 4672 2900 4744 quando
2928 4687 2983 4738 v,
3017 4686 3096 4735 vr,
3127 4667 3215 4725 vel
3255 4684 3327 4721 vu
3359 4665 3498 4721 feria
3526 4664 3755 4721 initian-

2138 4780 2226 4830 tur
2255 4784 2475 4826 menses
2510 4764 2875 4836 jejuniorum,
2907 4777 3132 4832 semper
3158 4774 3257 4832 pro
3302 4758 3480 4831 primo
3512 4757 3756 4813 Sabbato

2138 4865 2465 4929 secundum,
2498 4876 2597 4933 pro
2634 4858 2882 4915 secundo
2940 4856 3186 4922 tertium,
3236 4868 3335 4926 pro
3376 4853 3540 4908 tertio
3589 4867 3760 4924 quar-

2139 4968 2253 5015 tum
2284 4954 2517 5019 habetis,
2540 4952 2669 5024 quia
2690 4950 2910 5021 expleta
2933 4947 3095 5019 primi
3127 4944 3335 5001 mensis
3366 4943 3756 5008 hebdomada,

2140 5055 2194 5110 in
2225 5051 2387 5108 tertio
2415 5048 2500 5105 vel
2533 5047 2780 5103 secundo
2809 5043 3065 5101 secundae
3096 5040 3458 5097 hebdomade
3490 5038 3584 5094 die
3614 5038 3753 5095 Sab-

2138 5144 2325 5198 batum
2380 5138 2596 5194 locatis.
2629 5136 2799 5191 Porro
2853 5149 2955 5189 nos
2993 5132 3089 5204 qui
3127 5130 3401 5203 jejunium
3443 5135 3756 5200 temporum

2138 5234 2441 5305 accipimus
2470 5228 2776 5285 secundum
2799 5241 3002 5283 nomen
3039 5239 3223 5291 suum,
3254 5229 3311 5278 et
3339 5219 3461 5277 dies
3487 5219 3758 5292 temporis

2140 5325 2520 5383 indifferenter
2543 5320 2884 5377 admittimus
2908 5318 2976 5373 ad
2998 5315 3272 5387 jejunium
3313 5310 3606 5384 temporis,
3643 5310 3757 5384 pri-

2138 5435 2286 5475 mum
2318 5416 2615 5472 Sabbatum
2646 5412 2796 5484 quod
2824 5408 3065 5467 occurrit
3090 5408 3151 5462 in
3182 5420 3376 5462 mense
3409 5402 3755 5476 jejuniorum

2140 5524 2239 5582 pro
2268 5506 2446 5579 primo
2488 5503 2774 5565 habemus,
2813 5504 3119 5555 reterentes
3150 5494 3314 5555 illud
3343 5508 3457 5550 non
3488 5492 3561 5549 ad
3589 5507 3756 5548 men-

2139 5617 2277 5666 sem,
2310 5597 2410 5654 sed
2451 5596 2519 5652 ad
2574 5591 3002 5657 hebdomadam,
3035 5588 3102 5643 ad
3140 5587 3297 5657 cujus
3322 5584 3576 5658 qualibet
3614 5581 3754 5639 feria

2140 5689 2387 5746 initiatur
2414 5685 2505 5740 ille
2538 5681 2765 5749 mensis,
2797 5680 2891 5753 qui
2923 5678 2992 5733 ad
3026 5675 3424 5733 celebrandum
3486 5671 3755 5745 temporis
