3960 6198
285 317 391 377 811

1378 321 1584 379 EPIST.
1626 322 1709 379 DE
1749 321 2055 388 QUATUOR
2092 319 2533 377 TEMPORIBUS.

3510 318 3620 378 822

277 451 558 524 jejunium
621 457 680 508 et
744 451 946 523 jejunii
1004 452 1327 525 mysterium
1400 453 1580 526 aptior
1632 469 1757 509 esse
1818 454 1903 509 vi-
1926 449 2278 527 Astimoniis
2331 446 2649 505 conﬁrmata
2676 447 2900 514 \nostraa
2960 449 3210 506 ecclesiae
3248 449 3617 519 consuetudo,

288 540 474 598 detur.

361 632 522 688 Putet
558 630 763 705 aliquis
799 630 1024 689 illorum
1065 633 1159 706 qui
1192 633 1355 690 nobis
1391 647 1457 688 ex
1488 632 1718 689 adverso
1757 640 1905 700 sunt,

286 735 414 779 esse
440 721 542 777 has
562 720 953 779 contentiones
985 728 1044 779 et
1067 722 1402 794 quaestiones
1421 730 1476 780 et
1508 739 1725 796 pugnas
1746 723 1904 799 legis,

284 832 429 890 quas
446 823 507 872 ut
532 832 704 873 vanas
723 823 779 873 et
806 817 1030 873 inutiles
1060 817 1259 873 Paulus
1288 818 1409 875 Tito
1435 825 1492 875 et
1522 836 1621 890 per
1649 835 1777 875 eum
1803 835 1906 876 no-

283 907 376 964 bis
403 906 730 965 devitandas
750 923 877 963 esse
898 907 1114 965 scribit.
1138 908 1240 973 Qui
1268 910 1501 981 recipiet
1521 926 1643 984 quae
1664 911 1904 966 diximus

283 996 358 1051 ad
387 996 790 1069 consequentia
814 1003 1128 1070 temporum
1172 999 1320 1055 veris
1345 1006 1401 1054 ct
1428 1000 1654 1067 aestatis,
1703 1001 1904 1056 adver-

283 1091 368 1144 tet
387 1086 548 1143 facile
576 1088 1032 1159 consequentiam
1062 1089 1306 1145 autumni
1351 1096 1405 1145 et
1443 1090 1644 1145 hiemis
1675 1105 1776 1160 per
1814 1106 1901 1145 re-

280 1174 469 1249 gulam
494 1176 755 1244 Anatolii,
794 1185 851 1233 et
887 1177 1094 1234 videbit
1118 1179 1263 1251 quod
1302 1180 1577 1250 jejunium
1621 1180 1765 1235 veris
1791 1193 1901 1235 non

284 1269 362 1325 sit
393 1276 565 1325 totum
635 1269 1017 1342 deputandum
1090 1272 1321 1341 Martio,
1385 1273 1484 1329 sed
1563 1273 1728 1329 etiam
1806 1273 1902 1328 Fe-

285 1358 535 1416 bruario.

356 1448 583 1505 Dicitis:
619 1473 645 1498 α
681 1448 912 1515 Quando
943 1449 1182 1522 primum
1210 1451 1436 1507 Sahbati
1466 1450 1741 1522 jejunium
1771 1458 1896 1507 ante

282 1540 772 1614 Quadragesimam
824 1541 1091 1610 evenerit,
1151 1558 1218 1598 ex
1255 1542 1657 1598 consuetudine
1709 1542 1897 1597 Eccle-

279 1631 382 1688 siae
407 1638 603 1688 vestra:
643 1631 698 1687 in
748 1633 1053 1689 secundum
1102 1633 1190 1690 vel
1228 1633 1451 1690 tertium
1482 1632 1657 1688 Martii
1688 1634 1896 1688 Sabba-

280 1727 401 1777 tum
443 1719 605 1776 nobis
628 1720 832 1776 mirum
860 1720 1079 1777 videtur
1096 1721 1405 1779 observari.
1443 1746 1470 1770 ιο

355 1812 621 1868 Miramur
643 1812 715 1869 de
754 1812 910 1869 vobis
939 1829 1035 1869 cur
1071 1830 1241 1885 super
1266 1814 1371 1870 hoc
1396 1813 1671 1869 miremini
1700 1815 1771 1870 de
1798 1830 1900 1871 no-

280 1905 393 1960 bis.
434 1905 694 1977 Nunquid
726 1905 832 1962 hoc
868 1905 1101 1963 facimus
1150 1906 1272 1962 sine
1329 1907 1649 1965 auctoritate
1680 1907 1896 1964 Patrum

272 1995 628 2067 antiquorum
655 1995 741 2053 vel
766 1995 1095 2065 juniorum?
1136 1996 1423 2068 Siquidem
1447 2011 1559 2052 non
1592 1997 1760 2069 longo
1791 1997 1896 2053 ab-

277 2083 412 2141 hinc
444 2090 713 2156 tempore,
743 2085 901 2154 jussu
945 2083 1181 2141 Conradi
1212 2084 1559 2156 imperatoris
1595 2085 1744 2157 apud
1779 2085 1897 2140 Tri-

274 2176 468 2233 bnrias
496 2177 684 2233 habito
724 2176 969 2253 generali
999 2186 1275 2234 conventu
1312 2187 1368 2233 et
1404 2178 1641 2236 concilio
1661 2179 1891 2250 episco-

274 2285 497 2342 porum,
529 2270 775 2342 episcopi
806 2270 953 2326 inter
989 2276 1191 2326 caetera
1246 2271 1543 2328 voluerunt
1589 2272 1891 2329 decernere

277 2359 387 2416 hoc
442 2359 776 2432 capitulum:
834 2382 853 2412 ι
916 2361 979 2416 Ut
1028 2362 1075 2416 si
1133 2360 1358 2432 quando
1406 2361 1679 2433 jejunium
1728 2362 1890 2433 primi

276 2456 491 2512 mensis
520 2457 766 2513 evenerit
794 2456 936 2525 infra
967 2456 1377 2513 hebdomadam
1418 2474 1527 2529 qua
1554 2467 1719 2529 caput
1741 2459 1892 2527 jeju-

276 2545 358 2600 nii
386 2544 447 2600 in
476 2544 614 2602 feria
674 2562 725 2600 iv
780 2552 1012 2612 constat,
1053 2545 1339 2603 amborum
1377 2546 1715 2615 jejuniorum
1748 2547 1894 2602 cele-

272 2635 451 2707 britas
490 2636 657 2693 unius
694 2636 862 2693 ofﬁcii
900 2637 1217 2708 expletione
1260 2636 1646 2707 compleretur.
1712 2660 1736 2683 ιι
1784 2636 1893 2693 Sed

273 2726 409 2784 huic
436 2728 733 2785 multorum
768 2727 992 2784 decreto
1044 2728 1204 2799 pauci
1255 2728 1581 2785 nostratium
1615 2728 1894 2801 refragan-

274 2822 382 2883 tes,
421 2816 628 2872 saniori
675 2816 910 2873 consilio
940 2817 1319 2887 obtinuerunt,
1344 2824 1403 2872 ut
1425 2818 1699 2887 jejunium
1734 2819 1895 2890 primi

273 2908 486 2962 mensis
504 2907 562 2962 in
592 2907 763 2963 altera
784 2909 1136 2964 hebdomada
1156 2909 1212 2964 in
1243 2925 1352 2981 qua
1384 2909 1618 2965 habetur
1648 2909 1890 2966 officium

273 2996 651 3052 celebraretur
720 2998 875 3067 juxta
975 2999 1325 3070 antiquorum
1406 2999 1887 3055 consuetudinem.

274 3086 428 3143 Hanc
481 3087 821 3157 jejuniorum
874 3089 1295 3146 instructionem
1350 3089 1640 3147 confirmat
1692 3106 1888 3147 auc=o-

271 3178 429 3235 ritas.

345 3266 595 3325 Gelasius
639 3270 794 3326 enim
847 3287 1008 3343 papa,
1052 3280 1280 3327 secutus
1324 3272 1656 3328 sententiam
1688 3273 1887 3329 Zozimi

1925 1763 1975 1832 Β

2009 553 2119 593 non
2148 537 2315 593 debet
2338 536 2613 607 jejunium
2644 536 2789 592 veris
2817 544 2944 593 ante
2986 537 3470 614 Quadragesimam
3518 554 3619 595 ce-

2008 629 2231 692 lebrari,
2270 643 2380 685 non
2410 627 2579 684 debet
2606 626 2766 684 vobis
2797 626 3059 684 miraculo
3087 644 3231 697 esse,
3258 628 3366 685 nisi
3409 629 3621 686 habea-

2008 721 2079 777 tis
2104 721 2340 793 aliquos,
2369 735 2600 792 quorum
2635 719 2933 775 auctoritas
2959 720 3045 774 his
3073 721 3479 792 praeponderet.

2079 812 2302 868 Dicitis:
2348 833 2373 865 α
2419 812 2582 881 Cujus
2618 811 3269 887 antequadragesimalis,
3297 818 3358 867 ut
3404 813 3481 868 ita
3534 813 3622 868 di-

2002 911 2149 961 ctum
2188 904 2279 972 sit,
2331 904 2555 975 jejunii,
2598 910 2658 958 ut
2695 904 2846 958 salva
2874 912 3057 959 vestra
3106 903 3278 977 gratia
3309 905 3620 977 loquamur,

2002 997 2221 1052 videtur
2277 997 2441 1069 primi
2505 995 2723 1052 sabbati
2781 995 2972 1051 sedem
3028 996 3098 1051 de
3158 996 3281 1053 loco
3338 996 3549 1068 pellere
3588 1017 3614 1049 ι

2003 1088 2151 1157 quod
2201 1087 2561 1143 Nabuzardan
2613 1094 2891 1161 expugnat
2938 1087 3120 1143 adhuc
3163 1103 3351 1144 muros
3397 1088 3624 1145 Jerusa-

2006 1178 2135 1233 lem.
2990 1228 3001 1237 .

2074 1264 2234 1321 Salva
2262 1265 2434 1321 nostri
2461 1265 2662 1337 gratia,
2692 1266 2996 1337 accipimus
3036 1266 3310 1338 quidquid
3356 1267 3622 1340 loquimi-

2004 1358 2081 1425 ni,
2111 1365 2171 1413 ut
2208 1368 2263 1413 et
2290 1359 2440 1414 salva
2489 1359 2656 1415 vestri
2698 1359 2892 1431 gratia,
2934 1358 3221 1429 accipiatis
3267 1360 3416 1432 quod
3446 1361 3622 1434 loqui-

1998 1465 2141 1504 mur.
2184 1448 2331 1503 Nihil
2356 1449 2503 1504 enim
2533 1465 2599 1504 ex
2650 1449 3025 1515 contentione,
3067 1449 3167 1505 sed
3209 1455 3383 1504 totum
3414 1448 3620 1521 queri-

1999 1553 2120 1592 mus
2147 1553 2213 1591 ex
2243 1537 2528 1593 charitate.
2576 1538 2905 1609 Scrupulum
2946 1538 3214 1609 injecistis
3261 1537 3445 1605 nobis,
3493 1553 3618 1593 cum

1996 1630 2181 1685 dicitis
2206 1631 2368 1685 nobis
2394 1631 2584 1686 sedem
2617 1630 2778 1700 primi
2809 1630 3031 1685 Sahbati
3060 1630 3130 1685 de
3162 1630 3281 1686 loco
3313 1631 3466 1700 pelli.
3506 1631 3616 1685 Vos

1998 1718 2055 1772 in
2081 1720 2185 1774 hoc
2229 1719 2343 1774 falli
2390 1733 2500 1774 non
2540 1718 2839 1785 credimus,
2868 1718 2968 1773 sed
2996 1734 3098 1774 nos
3137 1718 3409 1773 tarditatis
3430 1719 3621 1792 argui-

2001 1827 2143 1875 mus,
2187 1812 2282 1883 qui
2320 1818 2505 1867 vestra
2536 1812 2679 1868 bene
2716 1812 2898 1868 forsan
2950 1812 3096 1867 dicta
3124 1828 3234 1868 non
3290 1812 3435 1868 bene
3464 1814 3620 1884 capi-

2000 1919 2142 1959 mus.
2191 1903 2449 1968 Quamvis
2497 1904 2791 1961 Sabbatum
2825 1921 2856 1960 a
2906 1920 3093 1971 causa,
3150 1919 3261 1960 non
3305 1921 3338 1959 a
3384 1921 3617 1962 numero

1998 1995 2235 2063 dicatur,
2265 2003 2320 2051 et
2345 2012 2445 2068 per
2466 1996 2571 2052 hoc
2598 1995 2900 2069 aliquando
2931 2011 3040 2051 non
3070 1995 3138 2049 ad
3170 2011 3487 2064 numerum,
3518 1996 3615 2051 sed

1997 2085 2067 2140 ad
2105 2101 2327 2141 causam
2374 2085 2674 2153 referatur;
2707 2087 2835 2159 quia
2874 2095 3060 2141 tamen
3087 2086 3223 2140 illud
3250 2086 3318 2141 de
3349 2101 3459 2158 quo
3499 2088 3617 2161 agi-

1997 2194 2120 2233 mus
2171 2178 2467 2234 Sabbatum
2527 2194 2752 2250 semper
2780 2178 2939 2233 sedet
2982 2178 3036 2231 in
3079 2194 3334 2243 numero,
3390 2178 3446 2233 in
3479 2178 3616 2235 feria

1994 2267 2206 2323 scilicet
2235 2283 2357 2338 quae
2403 2283 2435 2322 a
2461 2283 2694 2322 numero
2743 2265 3135 2321 denominatur
3160 2268 3417 2336 septima,
3451 2282 3613 2323 nemo

1995 2355 2194 2410 melius
2225 2355 2385 2411 vobis
2417 2356 2568 2411 novit
2596 2356 2787 2410 sedem
2822 2354 3046 2409 Sahbati
3097 2354 3176 2408 sic
3206 2370 3327 2409 esse
3357 2355 3614 2410 immobi-

1996 2442 2127 2502 lem.
2158 2452 2225 2497 ut
2263 2451 2346 2497 est
2378 2442 2679 2497 immobilis
2702 2458 2987 2507 numerus,
3029 2442 3122 2513 qui
3152 2442 3339 2496 sedem
3372 2443 3612 2500 Sabbato

1996 2532 2263 2588 fundavit.
2299 2534 2514 2588 Nullum
2543 2533 2692 2587 enim
2724 2533 2868 2587 diem
2903 2533 3263 2587 hebdomadis
3296 2541 3494 2604 praeter
3514 2552 3610 2590 se-

1996 2621 2226 2691 ptimum
2267 2638 2528 2678 vocamus
2557 2621 2868 2688 sabbatum,
2915 2622 3012 2675 sed
3043 2622 3110 2675 ad
3151 2621 3388 2677 Sabbato
3418 2639 3613 2679 omnes

1995 2711 2117 2767 dies
2145 2720 2430 2779 vocantur,
2462 2713 2515 2767 id
2544 2721 2627 2767 est
2658 2713 2855 2783 prima,
2884 2712 3151 2778 secunda,
3183 2712 3268 2767 vel
3294 2713 3453 2769 tertia
3474 2714 3610 2769 Sab-

1996 2805 2130 2860 bati.
2167 2805 2224 2859 Si
2257 2822 2386 2860 vero
2427 2805 2480 2860 id
2522 2805 2671 2876 quod
2710 2820 2894 2867 causa,
2934 2811 3028 2859 aut
3065 2821 3198 2859 usus
3235 2805 3441 2860 addicit
3475 2806 3614 2861 Sab-

1995 2893 2142 2960 bato,
2200 2895 2427 2965 pellitur
2456 2894 2751 2966 aliquoties
2792 2894 2861 2948 de
2906 2894 3056 2958 loco;
3109 2909 3218 2948 non
3274 2894 3399 2950 ideo
3437 2896 3613 2971 surgit

1991 2985 2279 3040 sabbatum
2311 2987 2380 3040 de
2408 3002 2505 3041 sua
2562 2986 2713 3040 sede.
2746 2986 3026 3054 Jejunium
3064 3001 3196 3059 ergo
3231 2987 3372 3057 quod
3432 2988 3610 3057 primo

1989 3077 2163 3133 Martii
2192 3078 2505 3146 ascribitur,
2529 3079 2573 3133 si
2603 3078 2789 3151 aliqua
2816 3095 2981 3134 causa
3010 3078 3096 3133 vel
3132 3080 3461 3134 necessitate
3487 3080 3610 3153 pel-

1990 3169 2133 3225 latur
2162 3187 2193 3224 a
2222 3171 2545 3242 praescripto
2573 3171 2679 3226 sibi
2711 3172 2854 3227 loco:
2888 3172 3165 3242 quomodo
3195 3188 3295 3241 per
3314 3172 3421 3239 hoc
3448 3174 3611 3229 sedes

1990 3257 2215 3317 Sahbati
2271 3263 2342 3317 de
2375 3263 2495 3318 loco
2530 3278 2632 3318 suo
2664 3262 2919 3334 pellatur,
2952 3279 2983 3317 a
3027 3262 3182 3317 vobis
3220 3263 3412 3318 audire
3439 3265 3609 3321 velle-

268 3374 453 3431 papaa,
529 3360 930 3428 ordinationes,
1010 3364 1207 3435 inquit,
1273 3364 1742 3435 presbyterorum,
1800 3372 1891 3421 aut
1991 3371 2133 3411 mus.
2175 3358 2228 3413 Si
2272 3360 2419 3413 enim
2446 3359 2667 3414 Sahbati
2698 3359 2862 3414 sedes
2888 3366 3075 3429 posset
3122 3376 3151 3413 a
3182 3360 3300 3415 loco
3342 3377 3442 3417 suo
3488 3379 3611 3419 mo-

268 3449 658 3519 diaconorum,
713 3468 821 3509 non
878 3452 1106 3518 debent,
1163 3452 1271 3508 nisi
1323 3454 1489 3508 certis
1547 3454 1891 3524 temporibus
1989 3448 2125 3514 veri,
2158 3457 2212 3504 et
2249 3451 2569 3517 Sabbatum,
2604 3460 2662 3505 ut
2702 3453 2774 3506 ita
2806 3452 3005 3518 dicam,
3041 3461 3227 3522 posset
3271 3454 3428 3524 sequi
3459 3455 3607 3511 diem

269 3544 543 3608 exerceri,
565 3544 620 3598 id
660 3550 745 3599 est
769 3561 842 3613 tv,
874 3554 931 3601 et
954 3562 1049 3613 vn,
1082 3556 1137 3600 et
1162 3546 1424 3600 xmensis
1449 3546 1683 3614 jejunio,
1710 3547 1808 3599 sed
1845 3538 1900 3601 et
1993 3539 2191 3610 jejunii
2240 3544 2308 3597 de
2336 3545 2457 3599 loco
2488 3560 2587 3599 suo
2612 3544 2773 3614 pulsi,
2818 3560 3039 3614 semper
3080 3545 3260 3615 ipsum
3308 3546 3608 3605 Sahbatum

269 3631 770 3707 quadragesimalis
806 3633 972 3700 initii,
1026 3650 1090 3689 ac
1130 3633 1401 3689 medianae
1455 3633 1894 3709 Quadragesima:

269 3721 366 3775 die
398 3721 629 3777 sabbato
682 3722 900 3793 jejunio
930 3724 1074 3779 circa
1125 3738 1414 3795 vesperum
1460 3723 1714 3777 noverint
1768 3739 1892 3779 esse

268 3808 655 3866 celebrandas.
689 3836 714 3858 ι»
758 3811 883 3868 Haac
908 3812 1173 3868 Gclasius.
1216 3812 1385 3875 Quem
1418 3810 1545 3883 quis
1569 3827 1682 3866 non
1704 3811 1888 3867 videat

268 3902 592 3973 praevidisse
619 3919 719 3975 per
747 3904 1011 3975 Spiritum
1050 3913 1300 3960 sanctum
1334 3903 1728 3959 contentiosam
1786 3920 1884 3974 po-

265 4000 546 4049 sterorum
586 4011 757 4067 super
784 3997 889 4052 hoc
914 3996 1130 4067 jejunio
1174 3996 1531 4056 discordiam,
1561 3996 1688 4049 dum
1722 3996 1884 4050 tacito

267 4086 436 4159 primi
463 4090 674 4146 mensis
728 4091 980 4158 nomine,
1022 4099 1076 4147 et
1125 4092 1376 4164 neglecto
1407 4092 1588 4162 primo
1619 4090 1883 4159 Sabbato,

265 4186 491 4250 tempus
541 4197 722 4237 causae
779 4197 1079 4257 congruum
1129 4185 1335 4239 notavit
1385 4183 1453 4238 ad
1492 4183 1879 4254 jejunandum,

260 4268 481 4325 scilicet
521 4270 575 4325 in
606 4271 787 4340 initio,
821 4273 906 4327 vel
933 4273 990 4327 in
1025 4273 1209 4329 medio
1247 4273 1706 4347 quadragesimae.
1742 4273 1882 4326 Prte-

261 4361 409 4416 cavit
427 4361 577 4415 enim
606 4361 736 4434 quia
775 4362 1052 4433 paschalis
1076 4363 1357 4419 varietatis
1395 4363 1533 4418 ratio
1572 4378 1674 4418 nos
1704 4362 1883 4416 invol-

259 4461 439 4519 veret,
480 4453 585 4509 hoc
609 4469 719 4525 quo
751 4470 900 4509 nunc
926 4461 1183 4510 tenemur
1218 4454 1497 4528 ambiguo.

336 4544 495 4609 Quod
526 4542 724 4600 Gelasii
773 4546 1073 4617 capitulum
1114 4562 1184 4602 ne
1216 4547 1374 4615 cujus
1410 4546 1691 4603 contentio
1735 4545 1881 4601 inﬁr-

260 4652 418 4693 mare
442 4636 663 4701 audeat,
696 4635 1077 4694 conﬁrmatum
1126 4646 1209 4693 est
1247 4638 1412 4694 etiam
1442 4646 1635 4711 quinto
1664 4639 1883 4709 episco-

264 4748 465 4805 porum
495 4732 755 4799 concilio,
776 4732 937 4801 jussu
968 4732 1144 4789 Caroli
1190 4732 1371 4808 Magni
1400 4733 1747 4805 imperatoris
1779 4735 1878 4789 ha-

262 4822 402 4878 bito.
447 4842 479 4874 ι
521 4821 880 4877 Decernimus
927 4822 996 4877 de
1054 4821 1392 4894 presbyteris
1430 4829 1484 4877 et
1528 4823 1876 4893 diaconibus,

264 4927 379 4968 non
415 4910 522 4967 nisi
564 4910 728 4967 certis
767 4911 1109 4983 temporibus
1161 4911 1504 4978 ordinandis,
1538 4912 1677 4968 sicut
1708 4913 1880 4967 conti-

261 5008 431 5057 netur
468 4999 525 5054 in
572 4999 811 5057 decretis
862 5000 1063 5056 Zozimi
1117 5008 1172 5055 et
1229 5001 1445 5056 Gelasii
1495 5022 1520 5052 »
1565 5002 1623 5055 In
1683 5002 1876 5057 horum

256 5088 595 5147 sententiam
638 5104 700 5144 se
731 5089 968 5159 pedibus
1014 5088 1095 5144 ire
1134 5096 1403 5145 testantur
1440 5091 1616 5146 sancti
1656 5098 1711 5145 et
1740 5107 1877 5162 apo-

258 5180 446 5239 stolici
475 5180 599 5248 viri,
629 5195 771 5253 quos
810 5197 910 5253 pro
952 5181 1172 5237 idoneis
1212 5181 1531 5238 auctoribus
1570 5182 1738 5238 habet
1778 5184 1878 5239 Ec-

258 5272 462 5339 clesia;
495 5269 567 5327 de
596 5269 800 5343 quibus
848 5272 1024 5327 solius
1058 5271 1258 5327 Isidori
1303 5272 1680 5343 Hispaniensis
1709 5273 1879 5328 verba

256 5376 568 5436 ponamus:
629 5385 654 5406 -
704 5359 864 5427 Sunt,
889 5360 1089 5432 inquit,
1118 5366 1353 5432 quatuor
1383 5359 1645 5427 Sabbata,
1694 5362 1876 5434 inqui-

256 5456 366 5513 bus
395 5463 527 5511 sunt
553 5460 754 5510 statuta
791 5453 1006 5526 jejunia
1036 5463 1091 5509 et
1121 5452 1304 5509 ofﬁcia
1330 5453 1628 5509 lectionum
1661 5463 1715 5511 et
1754 5473 1875 5511 orn-

256 5545 471 5601 tionnm
508 5542 741 5611 majora,
774 5543 828 5597 id
870 5549 955 5597 est
1006 5558 1195 5596 mense
1246 5542 1433 5596 Martio
1474 5542 1713 5599 Sabbato
1769 5547 1875 5615 pri-

255 5653 346 5693 mo
378 5637 542 5707 juxta
581 5634 1027 5690 observationem
1085 5632 1544 5704 QuadrilgCSimwv
1592 5652 1875 5707 νθ¹’¹¹⁰(1¹¹θ

258 5735 533 5799 tempore.
568 5733 624 5780 et
670 5724 900 5796 reliqua.
946 5743 974 5774 ››
1014 5722 1141 5777 Tam
1182 5722 1398 5777 idoneis
1426 5723 1661 5779 testibus
1700 5736 1751 5780 et
1785 5735 1870 5780 tc-

1996 3641 2144 3689 esset
2173 3636 2429 3705 primum,
2487 3652 2590 3688 nec
2632 3642 2912 3704 pateretur
2942 3644 3000 3689 ut
3050 3637 3356 3690 secundum
3398 3639 3607 3694 Sabba-

1995 3729 2105 3777 tum
2148 3723 2433 3777 incubaret
2462 3724 2639 3792 primo
2669 3724 2808 3777 loco.
2867 3723 3004 3785 Quid
3037 3739 3166 3795 ergo
3198 3727 3500 3795 gravemini
3532 3728 3607 3783 ita

1991 3819 2197 3867 motum
2232 3813 2389 3882 primi
2423 3812 2641 3880 jejunii,
2698 3828 2806 3866 non
2841 3814 3062 3882 quidem
3105 3830 3324 3883 semper
3356 3833 3605 3872 necessa-

1988 3900 2148 3966 rium,
2183 3902 2278 3955 sed
2313 3901 2607 3971 aliquando
2650 3908 3043 3969 ol‘iportnntnn,
3088 3917 3183 3953 cur
3217 3910 3446 3971 negatur
3483 3905 3601 3974 pri-

1988 4008 2074 4046 mo
2111 3993 2325 4060 jejunio
2358 3993 2503 4061 quod
2559 3992 2773 4045 tuteris
2802 4002 3104 4060 tmnpor'nn
3135 3993 3363 4059 jejnniis
3401 4010 3601 4050 conce-

1985 4080 2152 4147 ditur,
2186 4081 2386 4151 quibus
2418 4080 2541 4132 licet
2599 4088 2910 4149 Opportune
2956 4080 3022 4131 (it'
3067 4080 3183 4133 loco
3239 4096 3336 4134 suo
3372 4084 3597 4138 moveri.

1988 4174 2120 4227 Ecce
2154 4174 2221 4227 de
2250 4173 2500 4225 hiemalis
2534 4173 2794 4239 temporis
2820 4172 3035 4239 jejunio
3068 4172 3213 4224 nulla
3238 4180 3318 4226 est
3349 4174 3596 4243 querela,

1985 4265 2131 4335 quod
2184 4264 2252 4317 de
2287 4262 2633 4317 hebdoniada
2677 4264 2730 4315 in
2774 4262 3199 4328 helnlomadam,
3255 4263 3322 4316 de
3361 4265 3597 4319 Snlibato

1985 4357 2040 4409 in
2096 4357 2415 4421 Sabbatum,
2474 4354 2781 4409 transduxit
2858 4355 3140 4407 lJonliniea
3199 4355 3481 4409 Nativitas.
3537 4358 3598 4412 Et

1901 4436 1953 4502 U
1978 4446 2180 4517 gratias
2211 4446 2388 4509 vobis,
2418 4446 2565 4515 quod
2608 4444 2972 4499 mutationem
3016 4444 3350 4497 autumnalis
3391 4445 3591 4515 jejunii

1980 4534 2282 4589 conceditis
2313 4543 2512 4589 nostrae
2554 4533 2855 4588 festivitati.
2892 4534 2949 4585 Et
3004 4532 3134 4603 quia
3189 4530 3327 4586 forte
3370 4548 3481 4586 non
3525 4533 3595 4588 ti-

1981 4626 2162 4689 metis,
2211 4626 2357 4696 quod
2399 4626 2755 4679 Nabuzardan
2797 4640 3111 4695 eXpUgnare
3154 4624 3357 4677 debeat
3408 4641 3594 4680 muros

1980 4726 2178 4773 nostra:
2206 4718 2534 4783 Jerusalem,
2562 4717 2743 4771 dicitis
2791 4718 3025 4787 quodam
3074 4717 3234 4770 modo
3278 4716 3437 4771 nobis
3466 4732 3590 4772 cum

1981 4814 2183 4868 Esdra:
2219 4815 2483 4871 Comcdite
2507 4815 2753 4883 pinguia,
2805 4819 2853 4866 et
2895 4812 3055 4866 bibite
3094 4813 3343 4875 mulsum,
3386 4816 3436 4865 ct
3462 4814 3591 4866 mit-

1982 4909 2075 4960 tite
2096 4910 2279 4974 partes
2306 4908 2380 4960 eis
2412 4909 2506 4975 qui
2559 4921 2663 4958 non
2703 4908 3151 4974 pru‘pumvcrunt
3189 4904 3322 4969 sibi;
3373 4908 3590 4958 sanctus

1980 5000 2118 5051 enim
2171 4999 2284 5052 dies
2328 5001 2538 5052 Domini
2563 5003 2675 5052 cst:
2732 5000 2897 5053 nolite
2946 4998 3277 5050 contristari.
3331 4995 3592 5063 gaudium

1976 5092 2168 5144 ett-nim
2221 5093 2427 5144 Domini
2482 5095 2557 5143 cst
2612 5090 2879 5157 fortitudo
2937 5093 3115 5143 ucstra
3174 5089 3242 5153 (ll
3288 5086 3419 5142 Esd.
3469 5102 3588 5152 vm,

1983 5179 2087 5248 10).
2132 5178 2284 5242 Quod
2334 5178 2495 5233 nobis
2524 5178 2866 5244 conceditur,
2909 5175 3163 5233 concedit
3208 5181 3386 5245 potest
3423 5174 3588 5229 etiam

1977 5271 2203 5325 cuilibet
2230 5271 2507 5338 Ecclesiae,
2538 5278 2594 5325 ut
2623 5271 2666 5324 si
2699 5272 2753 5324 in
2773 5269 3019 5341 quolibet
3044 5276 3351 5338 temporum
3375 5266 3590 5337 je,unio

1979 5363 2305 5417 intercurrat
2323 5363 2584 5434 specialis
2606 5363 2889 5429 festivitas,
2916 5360 3113 5432 jejunii
3139 5359 3304 5414 sedes
3325 5366 3596 5414 transmu-

1976 5462 2088 5509 tetu
2099 5471 2141 5519 r,
2162 5454 2562 5508 autSahbatum
2578 5453 2833 5507 aestivalis
2850 5450 3069 5519 jejunii,
3084 5449 3128 5504 si
3150 5446 3591 5503 concurratSab-

1976 5549 2102 5601 bato
2125 5549 2496 5613 l’cntecosles,
2529 5565 2652 5617 qua:
2683 5555 2909 5616 utraque
2949 5545 3191 5596 Sabbata
3219 5546 3591 5611 praenotantur

1977 5637 2136 5691 titulo
2192 5652 2260 5688 xn
2313 5637 2609 5690 lectionum
2670 5634 2919 5688 differtur
2970 5631 3243 5700 jejunium
3284 5629 3338 5681 in
3377 5624 3587 5679 hebdo-

1978 5726 2134 5778 mada
2164 5723 2536 5783 Pontecostcs.
2573 5723 2702 5794 quia
2738 5738 2846 5776 non
2876 5726 3105 5790 possunt
3135 5713 3341 5784 expleri
3365 5727 3472 5766 una
3492 5724 3586 5763 ce-
