3960 6198
231 332 340 388 8‘23

1320 325 1520 381 EPIST.
1564 324 1647 378 DE
1685 321 1993 390 QUATUOR
2032 319 2477 376 TEMPORIBUS.

3461 330 3571 384 8:26

232 470 541 519 assertores
569 478 693 517 esse
744 460 1066 532 probantur.
1098 457 1188 512 Sic
1219 455 1364 511 enim
1413 453 1574 508 docet
1604 466 1705 506 nos
1738 452 1849 505 Au-
1873 455 1922 521 Α
1952 462 2184 503 scensus
2203 446 2564 518 quadraginta
2591 446 2819 499 duarum
2850 445 3321 501 hebdomadarum
3345 465 3574 521 respon-

233 558 489 633 gustinus
520 558 772 612 scribens
812 555 1172 624 Hieronymo.
1223 577 1246 596 -
1293 548 1458 614 Solis,
1485 547 1683 619 inquit,
1712 546 1852 602 scri-

233 650 413 721 pturis
444 665 566 721 quae
599 648 952 720 appellantur
989 646 1266 701 canonicae
1302 643 1452 697 hunc
1480 642 1743 696 honorem
1777 646 1855 693 at-

231 756 341 810 que
372 747 620 793 tenorem
654 737 868 800 defero,
900 741 957 790 ut
988 733 1197 788 nullum
1230 747 1414 786 earum
1449 728 1740 785 auctorem
1763 743 1851 782 er-

234 848 384 886 rasse
408 830 618 901 aliquid
652 827 963 883 ﬁrmissime
990 827 1232 882 credam.
1266 824 1416 879 Alios
1441 837 1570 879 vero
1599 822 1678 876 sic
1704 822 1849 895 lego,

233 930 296 977 ut
353 919 699 991 quantalibet
749 918 1035 973 sanctitate
1093 924 1147 970 et
1185 913 1416 970 scientia
1472 912 1851 984 prtepolleant,

233 1025 347 1065 non
382 1008 506 1063 ideo
538 1025 725 1063 verum
778 1023 900 1062 esse
931 1013 1118 1078 putem
1147 1004 1276 1076 quia
1305 1003 1408 1074 ipsi
1437 1002 1508 1057 ita
1537 1008 1851 1069 senserunt,

231 1101 332 1155 sed
364 1101 493 1172 quia
526 1100 659 1154 mihi
693 1116 794 1171 per
824 1100 947 1155 illos
977 1097 1275 1153 canonicos
1313 1104 1566 1150 auctores
1593 1094 1679 1148 vel
1724 1110 1854 1164 pro-

234 1190 413 1244 babili
433 1190 649 1244 ratione
684 1188 828 1260 quod
863 1203 894 1241 a
932 1202 1061 1242 vero
1093 1200 1203 1240 non
1238 1183 1486 1250 haberat,
1519 1183 1852 1254 persuadere

233 1288 558 1352 potuerunt.
594 1303 625 1343 ,ι
674 1280 784 1335 Hoc
802 1278 1085 1352 Augustini
1118 1276 1371 1347 exemplo
1397 1276 1689 1331 multorum
1717 1275 1854 1330 scri-

230 1376 326 1441 pta
356 1369 622 1442 legimus;
656 1370 754 1422 sed
798 1383 907 1422 non
938 1366 1200 1423 omnibus
1226 1365 1454 1420 credere
1487 1364 1773 1428 habemus,
1798 1371 1853 1420 et

236 1473 383 1529 quos
425 1458 601 1530 magis
630 1457 788 1528 sequi
821 1456 1128 1510 debeamus
1165 1459 1495 1526 quaerentes,
1541 1452 1660 1506 haec
1696 1452 1853 1507 vobis

232 1550 537 1606 scribimus
577 1565 685 1605 non
719 1566 784 1604 ex
805 1549 1129 1619 pertinacia,
1162 1547 1291 1618 quia
1319 1562 1421 1600 nec
1447 1561 1545 1600 vos
1574 1545 1855 1599 credimus

233 1639 527 1708 scripsisse
567 1654 633 1692 ex
668 1638 993 1708 pertinacia,
1024 1636 1115 1707 qui
1144 1636 1435 1706 epistolam
1476 1643 1711 1689 vestram
1742 1643 1850 1689 tam

1952 543 2081 597 deat
2138 540 2503 614 quadraginta
2559 539 2774 594 duabus
2829 541 3282 612 generationibus
3342 542 3570 613 Christi,

1951 632 2101 705 quod
2158 638 2415 703 putamus
2457 630 2762 685 intendisse
2815 630 3171 695 Amularium,
3224 635 3318 704 qui
3371 644 3425 691 et
3456 634 3572 707 pri-

1952 742 2092 780 mam
2141 723 2314 778 Martii
2369 722 2769 778 hebdomadam
2804 722 3016 793 accepit
3069 721 3124 775 in
3164 722 3339 797 ﬁgura
3382 727 3571 795 primae

1951 815 2348 890 generationis,
2384 831 2507 886 qua:
2530 821 2612 868 est
2643 814 2933 879 Abraham,
2977 821 3033 868 et
3062 814 3308 869 ultimam
3346 817 3575 872 Decem-

1951 906 2064 960 bris
2095 905 2150 960 in
2185 903 2355 978 ﬁgura
2391 903 2593 957 ultimze
2622 900 3020 974 generationis,
3053 916 3175 972 quae
3213 908 3297 955 est
3328 901 3575 959 Christus

1952 1003 2007 1049 et
2060 1001 2171 1048 tres
2231 992 2681 1048 consecrationes
2729 989 3068 1060 jejuniorum
3123 996 3234 1044 tres
3271 991 3574 1062 appellavit

1955 1089 2496 1147 tesserescedecadas
2551 1087 3044 1152 hebdomadarum,
3118 1104 3239 1158 qua:
3291 1094 3419 1143 sunt
3485 1088 3573 1143 in-

1953 1184 2186 1240 terstitia
2217 1200 2426 1239 eorum.
2464 1184 2567 1237 Cur
2605 1198 2734 1253 ergo
2764 1181 2947 1237 dicitis
2978 1181 3047 1235 de
3080 1188 3274 1252 quarto
3315 1183 3406 1257 qui
3437 1182 3576 1238 ﬁet?

1952 1273 2362 1330 Dubitationem
2392 1272 2551 1327 vobis
2578 1270 2946 1326 ostendimus.
2984 1270 3190 1326 Valete.

2236 1454 2651 1511 RESCRIPTUM
2683 1453 2887 1508 DOMNI
2914 1452 3283 1508 SIGEBERTI.

2343 1562 2444 1603 PRO
2494 1563 2766 1602 LEODIENSI
2776 1563 2872 1600 BUS
2919 1562 3116 1600 CLERICI
3126 1563 3170 1600 S.

2024 1639 2182 1707 Quia,
2219 1649 2278 1695 ut
2306 1640 2381 1694 ait
2411 1640 2656 1711 quidam,
2691 1639 2867 1694 littera
2921 1637 3037 1692 sola
3076 1655 3164 1693 res
3196 1645 3277 1693 est
3312 1655 3433 1711 quae
3473 1657 3569 1696 eos

230 1727 548 1783 delectabili
580 1726 930 1782 conelusistis
957 1725 1200 1796 epilogo,
1234 1724 1383 1794 quod
1415 1731 1469 1778 et
1501 1738 1602 1777 nos
1629 1730 1850 1777 mutua-
1878 1757 1925 1825 Β
1950 1730 2043 1802 qui
2070 1737 2197 1784 sunt
2222 1729 2480 1784 absentes
2534 1727 2663 1782 facit
2713 1743 2836 1781 esse
2881 1733 3204 1797 prwscntcs,
3260 1728 3413 1797 juvat
3461 1745 3563 1783 ηοε

232 1827 349 1874 tum
404 1818 734 1873 remittimus
766 1816 942 1872 vobis.
977 1817 1032 1871 Si
1080 1833 1144 1870 ex
1185 1815 1398 1870 ratione
1452 1814 1723 1870 catholica
1765 1822 1851 1869 est

229 1908 395 1965 vobis
409 1915 617 1963 certum
642 1906 804 1962 nobis
830 1905 1043 1977 aliquid
1077 1905 1277 1959 melius
1305 1903 1630 1969 ostendere,
1662 1918 1850 1974 prom-

232 2006 388 2072 ptum
419 2004 507 2054 est
530 1998 692 2054 nobis
731 1996 1035 2052 intellectui
1064 2002 1247 2050 vestro
1278 1995 1499 2061 cedere,
1553 2009 1717 2066 quam
1750 2007 1851 2049 no-

232 2097 362 2145 strae
395 2072 701 2161 pertinacia
730 2088 965 2144 ulterius
996 2085 1578 2141 inutiliterdeservire.

308 2182 419 2237 Sed
451 2189 504 2237 et
539 2182 642 2237 hoc
683 2179 1057 2250 adjiciendum
1099 2178 1355 2249 estquod
1387 2193 1531 2232 anno
1562 2176 1853 2233 millesimo

235 2274 602 2349 nonagesimo
669 2273 864 2345 quinto
920 2270 1219 2326 Dominicee
1300 2269 1696 2325 incarnationis
1742 2275 1854 2323 tota

233 2378 384 2435 pene
423 2361 667 2418 Ecclesia
707 2361 917 2432 recepit
942 2376 972 2414 a
1000 2359 1133 2415 sede
1169 2359 1424 2414 Romanae
1463 2357 1717 2412 Ecclesiae
1747 2358 1849 2412 de-

232 2460 449 2507 cretum
482 2451 799 2523 apostolicae
840 2448 1201 2517 auctoritatis,
1233 2455 1292 2503 ut
1328 2463 1551 2518 semper
1578 2447 1633 2501 in
1675 2446 1850 2518 prima

233 2541 678 2616 Quadragesimae
716 2540 1066 2596 hebdomada
1089 2539 1365 2608 jejunium
1406 2537 1574 2604 veris,
1601 2553 1848 2608 semper-

232 2647 345 2702 que
380 2630 435 2685 in
460 2630 579 2700 ipsa
594 2630 948 2685 Pentecostes
973 2627 1323 2683 hebdomada
1346 2625 1619 2696 jejunium
1646 2625 1853 2681 aestatis

232 2723 567 2780 celebretur.
598 2722 734 2779 Cum
775 2737 908 2797 ergo
945 2720 1271 2776 Februarius
1300 2734 1449 2791 swpe
1481 2735 1668 2785 unam,
1701 2734 1851 2789 δεερο

230 2812 390 2878 duas,
420 2810 740 2882 aliquando,
787 2811 842 2865 in
867 2810 1046 2881 primo
1067 2809 1282 2865 scilicet
1307 2809 1536 2875 Pascha,
1565 2816 1678 2864 tres
1701 2809 1849 2873 Qua-

239 2905 575 2981 dragesimae
619 2905 865 2961 obtineat
896 2905 1300 2972 hebdomadas;
1332 2904 1642 2976 eodemque
1691 2902 1855 2959 modo

236 2997 415 3052 Maius
436 3012 587 3066 saepe
613 3012 742 3061 una,
784 3010 932 3066 saepe
971 2995 1213 3066 duabus,
1250 2990 1548 3067 aliquando
1595 2994 1650 3048 in
1678 2994 1857 3067 primo

236 3090 457 3146 scilicet
489 3088 696 3143 Pascha
735 3086 910 3143 tribus
940 3086 1386 3142 hebdomadibus
1435 3088 1578 3142 ultra
1615 3087 1857 3141 Domini-

233 3199 352 3238 cam
403 3182 754 3236 Pentecostes
784 3187 1056 3235 excurrat.
1111 3179 1332 3236 Constat
1385 3188 1557 3237 totum
1583 3180 1855 3250 jejunium

234 3274 384 3330 veris
414 3273 470 3328 in
504 3273 718 3327 Februo
766 3271 837 3326 ab
886 3271 993 3327 illis
1048 3272 1348 3338 celebrari;
1399 3273 1674 3344 jejunium
1728 3287 1857 3328 vero

240 3365 455 3421 aestatis
484 3379 596 3420 non
626 3363 801 3419 solum
833 3379 865 3418 a
894 3363 1136 3418 secunda
1164 3363 1313 3418 Junii
1354 3363 1725 3431 bebdomada,
1756 3363 1856 3418 sed

234 3455 400 3511 etiam
433 3453 503 3508 ab
557 3452 715 3507 initio
759 3451 917 3507 Junii
959 3451 1121 3525 longe
1164 3452 1457 3507 removeri.
1500 3451 1654 3507 Nulla
1704 3459 1852 3506 certe

235 3552 320 3603 est
348 3544 728 3601 controversia
752 3544 901 3615 apud
928 3543 1062 3599 istos
1091 3543 1160 3597 de
1198 3544 1499 3614 spectanda
1536 3550 1731 3615 quarta
1769 3543 1853 3597 vel

234 3647 391 3696 sexta
429 3638 569 3694 feria
597 3644 726 3693 ante
773 3637 1042 3692 Kalendas
1072 3636 1270 3703 Martii,
1299 3636 1451 3691 Junii
1480 3636 1565 3692 vel
1599 3637 1855 3708 Septem-

238 3736 378 3801 bris,
423 3734 627 3806 quippe
669 3732 765 3804 qui
821 3747 932 3788 non
981 3733 1050 3787 ad
1092 3738 1273 3788 certos
1324 3747 1566 3798 menses,
1628 3732 1727 3787 sed
1785 3731 1853 3786 ad

234 3819 509 3875 rationem
534 3819 820 3892 temporis,
854 3819 1088 3877 refertur
1115 3820 1382 3891 jejunium
1418 3821 1701 3893 temporis.
1744 3821 1853 3876 Va-

234 3910 370 3965 lete.

240 4119 372 4173 ltem
398 4118 624 4187 epistola
681 4120 1071 4174 Trevircnsium
1099 4119 1174 4173 ad
1209 4119 1543 4184 Leodienses,
1574 4137 1670 4177 cur
1702 4135 1860 4188 regu-

315 4189 426 4243 lam
447 4191 491 4256 (1
506 4189 631 4315 1‘00)
657 4193 921 4246 Bernonis
945 4191 1103 4245 modo
1124 4207 1372 4259 crescere,
1394 4193 1548 4248 modo
1567 4194 1863 4248 decrescere

315 4276 527 4315 arauan
557 4298 573 4314 .

313 4276 573 4328 arguant.

313 4370 445 4425 Cum
476 4370 623 4425 bene
673 4377 729 4426 et
760 4371 1026 4427 decenter
1057 4388 1383 4444 responsum
1415 4389 1446 4428 a
1483 4373 1644 4429 vobis
1670 4374 1860 4428 videa-

1886 3133 1934 3201 (ἶ

1952 1822 2096 1877 datis
2131 1828 2184 1877 et
2214 1821 2455 1891 acceptis
2485 1820 2685 1875 litteris
2710 1818 2918 1890 alloqui
2964 1827 3017 1872 et
3067 1817 3261 1872 audire
3292 1834 3388 1873 vos
3435 1835 3575 1891 quos

1953 1913 2254 1988 diligimus,
2286 1911 2615 1983 praesertim,
2649 1911 2870 1965 dicente
2906 1909 3256 1981 Hieronymo,
3286 1910 3417 1981 quia
3456 1926 3573 1965 ma-

1952 2023 2121 2079 gnum
2149 2004 2410 2060 desiderii
2440 2005 2683 2060 solamen
2733 2003 2900 2059 habet
2941 2002 3173 2065 amicus,
3206 2017 3328 2057 cum
3365 2002 3574 2058 litteras

1953 2094 2113 2150 amici
2136 2094 2356 2164 accipit.
2393 2092 2799 2149 Dubitationem
2841 2099 3077 2148 vestram
3120 2090 3283 2145 nobis
3322 2090 3574 2146 ostendi-

1953 2184 2083 2250 stis;
2116 2182 2325 2238 scilicet
2346 2198 2413 2236 an
2441 2182 2587 2251 juste
2635 2197 2811 2237 necne
2843 2187 3105 2256 arguatur
3144 2179 3335 2254 regula
3365 2180 3573 2237 Berno-

1956 2276 2039 2330 nis
2067 2274 2236 2330 modo
2268 2289 2517 2329 crescere
2565 2274 2729 2329 modo
2761 2275 3104 2340 decrescere,
3136 2280 3191 2327 et
3221 2289 3319 2328 cur
3346 2272 3562 2328 dixeri-

1955 2383 2077 2421 mus
2096 2366 2165 2420 de
2182 2372 2378 2437 quarto
2405 2365 2538 2436 quid
2580 2365 2718 2420 ﬁet?

2021 2456 2095 2509 De
2133 2454 2420 2525 posteriori
2471 2452 2899 2527 interrogatione
2951 2452 3185 2523 primum
3222 2451 3347 2507 dico
3380 2451 3573 2523 (1101)

1952 2563 2039 2601 me
2060 2562 2171 2601 non
2199 2546 2422 2610 dixisse,
2456 2546 2525 2601 de
2551 2553 2748 2617 quarto
2779 2545 2909 2618 quid
2935 2543 3068 2599 ﬁet?
3086 2544 3183 2599 sed
3211 2544 3413 2601 dixisse
3441 2546 3573 2617 quid

1953 2637 2271 2696 conferetur
2290 2645 2484 2709 quarto
2535 2638 2783 2706 jejunio:
2827 2637 2895 2691 de
2927 2653 3034 2708 qua
3094 2652 3152 2690 re
3184 2637 3384 2692 merito
3420 2653 3575 2709 qure-

1953 2730 2141 2795 sistis;
2169 2728 2299 2801 quia
2343 2728 2471 2782 dum
2507 2744 2627 2783 eam
2670 2728 3190 2801 subintelligendam
3234 2728 3456 2800 reliqui,
3487 2744 3575 2782 re-

1955 2818 2159 2874 mansit
2183 2818 2286 2872 sub
2317 2816 2578 2891 ambiguo
2619 2817 2768 2888 quod
2796 2817 3139 2893 subintelligi
3174 2815 3448 2873 volebam.
3485 2815 3574 2870 Di-

1957 2926 2090 2965 ccns
2119 2909 2266 2964 enim
2304 2917 2414 2964 tres
2443 2909 2862 2983 generationum
2898 2909 3094 2963 Christi
3140 2907 3372 2965 ordines
3404 2906 3576 2961 tribus

1951 3001 2290 3071 jejuniorum
2333 3000 2625 3056 ordinibus
2656 2999 2950 3072 allegorice
2989 2999 3349 3070 respondent,
3383 2997 3578 3052 subin-

1962 3092 2084 3158 tuli,
2117 3091 2271 3162 quid,
2307 3090 2574 3145 subaudis
2605 3091 2903 3163 allegoriae,
2935 3090 3249 3146 conferetur
3270 3098 3467 3162 quarto
3490 3089 3575 3159 je-

1954 3182 2151 3255 junio?
2177 3182 2328 3248 Quod
2371 3180 2600 3255 quaesivi
2631 3199 2817 3255 quaero
2858 3183 3087 3238 adhuca
3109 3191 3287 3237 vestra
3324 3181 3574 3253 pruden-

1961 3274 2054 3340 tia,
2100 3274 2232 3345 quid
2278 3274 2453 3345 possit
2490 3273 2728 3329 conferri
2778 3274 2886 3329 illis
2926 3274 3120 3329 decem
3186 3269 3573 3332 hebdomadis,

1958 3378 2131 3434 qurea
2158 3371 2354 3434 quarto
2392 3364 2608 3435 jejunio
2643 3369 2850 3418 restant
2887 3379 3063 3435 usque
3117 3362 3185 3417 ad
3227 3361 3486 3433 primum,
3523 3367 3579 3413 et

1953 3454 2214 3509 omnibus
2251 3455 2380 3509 anni
2413 3455 2776 3509 hebdomadis
2804 3470 2903 3509 sua
2934 3453 3268 3526 respondeat
3290 3449 3572 3527 allegoria.

1956 3545 2010 3599 Si
2052 3546 2200 3600 enim
2240 3562 2271 3599 a
2309 3546 2468 3600 vobis
2507 3547 2683 3618 primo
2725 3547 2829 3601 hoc
2871 3545 3321 3601 subintellectum
3364 3543 3576 3604 fuisset,

1954 3634 2236 3691 videretur
2269 3634 2427 3689 vobis
2466 3635 2552 3689 his
2590 3636 2781 3690 decem
2836 3635 3206 3691 hebdomadis
3240 3649 3403 3706 posse
3443 3648 3577 3689 con-

1957 3726 2085 3781 ferri
2119 3726 2241 3781 illas
2270 3727 2681 3802 generationes,
2720 3744 2842 3798 quae
2865 3728 3055 3782 decem
3100 3745 3131 3782 a
3159 3727 3270 3781 Noe
3301 3742 3477 3797 usque
3507 3726 3575 3779 ad

1956 3813 2228 3868 Abraham
2261 3815 2563 3870 secundum
2611 3813 2929 3870 Hebraicam
2961 3815 3245 3871 veritatem
3286 3829 3579 3868 numeran-

1957 3914 2065 3975 tur,
2097 3909 2141 3963 si
2166 3909 2317 3963 nulla
2337 3909 2549 3964 denarii
2584 3908 2799 3964 numeri
2829 3909 3013 3980 aptior
3041 3924 3204 3963 causa
3232 3906 3408 3978 possit
3437 3921 3574 3961 conv

1964 3994 2113 4051 ferri.
2153 3999 2257 4054 Has
2281 3998 2430 4054 enim
2458 4015 2807 4072 consequens
2835 3999 3119 4072 generatio
3157 3996 3391 4051 Abrabze
3424 3995 3575 4051 obti-

1961 4084 2119 4140 nebit
2142 4101 2386 4159 congruo
2418 4087 2647 4159 primam
2685 4087 2857 4142 Martii
2890 4086 3293 4143 hebdomadam

2034 4181 2198 4237 Porro
2230 4185 2421 4258 regula
2454 4184 2719 4240 Bernonis
2745 4191 2931 4239 utrum
2974 4183 3141 4238 modo
3197 4189 3428 4246 crescat,
3458 4194 3578 4234 mo—

1962 4274 2033 4329 do
2063 4276 2367 4342 decrescat,
2416 4277 2501 4331 vel
2539 4278 2582 4332 si
2617 4277 2764 4346 juste
2814 4292 2989 4333 necne
3035 4274 3209 4347 possit
3248 4273 3425 4347 argui,
3472 4271 3580 4327 scit

1962 4375 2142 4425 vestra
2169 4385 2290 4442 qute
2321 4386 2438 4425 eam
2472 4369 2600 4425 terit
2630 4369 2942 4441 prudentia.
2977 4368 3119 4432 Quid
3143 4375 3324 4422 vestra
3348 4365 3579 4420 interest

237 4468 331 4516 tur
359 4476 480 4516 esse
535 4460 592 4515 in
644 4463 879 4527 caeteris;
922 4463 1027 4519 hoc
1074 4480 1244 4519 unum
1303 4464 1640 4533 dubitamus,
1680 4436 1938 4519 utrumD
1964 4475 2084 4514 eam
2114 4475 2345 4534 arguere
2395 4459 2636 4514 diximus
2679 4466 2734 4514 et
2761 4459 3016 4515 dicimus.
3065 4458 3144 4511 Sit
3183 4454 3423 4511 Bernoni
3481 4468 3579 4508 sua

234 4553 388 4621 juste
422 4560 687 4624 arguatur
724 4556 912 4630 regula
942 4556 1211 4611 Bernonis
1240 4556 1405 4612 modo
1444 4571 1713 4623 crescere,
1741 4571 1862 4611 mo-

238 4642 316 4697 do
348 4642 676 4700 decrescere
704 4649 963 4715 tanquam
997 4661 1107 4700 non
1136 4645 1229 4699 ille
1260 4646 1689 4712 considerasset,
1712 4646 1861 4717 quod

236 4735 313 4790 ab
346 4735 538 4791 ultimo
570 4737 784 4806 jejunio
817 4754 991 4809 usque
1033 4739 1101 4792 ad
1134 4755 1414 4794 recursum
1446 4739 1630 4811 primi,
1670 4740 1859 4797 decem

242 4825 632 4879 tantummodo
676 4825 785 4879 sint
834 4826 1197 4881 hebdomadte
1245 4828 1421 4883 tribus
1461 4830 1862 4885 tesserescede-

240 4911 398 4965 cadis
431 4928 532 4982 per
561 4913 851 4967 intervalla
880 4914 1219 4983 jejuniorum
1252 4915 1546 4987 deputatis.
1584 4917 1679 4972 llle
1714 4917 1858 4973 enim

241 5003 463 5058 videtur
515 5004 719 5060 lineam
761 5023 917 5061 suam
963 5008 1298 5078 protendere
1350 5025 1382 5063 a
1434 5009 1610 5079 primo
1644 5010 1861 5080 jejunio

238 5108 419 5163 usque
451 5093 521 5147 ad
574 5103 854 5164 quartum,
910 5095 981 5149 de
1032 5104 1279 5167 tempore
1309 5099 1458 5169 quod
1491 5106 1575 5153 est
1619 5100 1687 5153 ab
1745 5101 1864 5156 ulti-

242 5199 336 5239 mo
359 5199 541 5256 usque
574 5185 642 5239 ad
683 5186 845 5256 primi
879 5202 1158 5243 recursum
1200 5205 1312 5245 non
1352 5206 1537 5264 agere,
1571 5198 1629 5245 ut
1657 5192 1739 5247 sic
1764 5192 1860 5249 de-

313 5341 497 5422 (1109)
516 5343 729 5423 Dehhac
756 5344 941 5423 regula
964 5346 1081 5423 hare
1107 5347 1615 5423 habet‘Sigebertus
1642 5349 1701 5423 in
1722 5350 1862 5406 libro

240 5415 317 5491 lle
360 5415 724 5491 scriptoribus
755 5415 993 5491 Cocles:
1022 5419 1232 5491 Scripsi
1259 5420 1325 5474 de
1356 5415 1594 5491 'jcjuniis
1624 5422 1866 5488 Quatuor

241 5487 578 5567 Temporurn,
620 5486 686 5567 de
733 5488 925 5567 quibus
982 5486 1312 5567 celebrandis
1361 5486 1448 5567 est
1500 5486 1653 5567 interi
1672 5494 1864 5548 multos

238 5557 611 5637 dissonantia,
633 5556 774 5637 dum
790 5559 892 5612 alii
915 5563 1203 5617 secundum
1231 5563 1707 5637 considerationem
1734 5569 1865 5618 tem-

234 5642 439 5703 porum
467 5628 543 5703 ad
558 5628 832 5703 jejunium
860 5637 1082 5703 "quarta
1134 5644 1179 5688 et
1217 5637 1386 5688 semita
1411 5636 1564 5700 feriae
1589 5637 1864 5703 accipiunt

239 5698 699 5774 dies__1~‘jebr_aurii,
728 5700 811 5752 vel
832 5702 1004 5774 Maii,
1043 5705 1127 5758 vel
1165 5698 1509 5774 Septembris.
1544 5709 1593 5760 et
1629 5698 1863 5761 Sabbato

240 5771 302 5822 in
329 5769 593 5824 Kalendis
612 5772 958 5838 proveniente
969 5769 1259 5832 terminavit
1280 5775 1582 5845 jejunium;
1611 5775 1714 5830 alii
1739 5791 1862 5830 vero

1963 4553 2069 4608 sibi
2104 4552 2315 4628 regula,
2359 4553 2487 4625 quia
2539 4553 2795 4608 nolumus
2828 4569 2891 4608 ea
2931 4549 3222 4615 coarctari,
3279 4549 3372 4621 qui
3425 4549 3579 4619 juxta

1963 4645 2389 4718 competentiam
2426 4645 2503 4700 rei
2535 4660 2597 4700 ac
2627 4645 2889 4716 temporis
2913 4644 3172 4717 ponimus
3198 4641 3374 4696 libere
3405 4640 3575 4694 inter-

1962 4735 2109 4790 stitia
2151 4743 2388 4807 quatuor
2422 4732 2783 4803 jejuniorum,
2824 4732 2938 4787 sive
2981 4746 3077 4802 per
3130 4727 3575 4801 quatuordecim,

1963 4828 2079 4883 sive
2107 4842 2206 4899 per
2235 4825 2573 4897 quindecim.
2600 4826 2809 4879 Atvero
2832 4824 2961 4895 quia
2982 4838 3081 4877 vos
3109 4837 3228 4876 eam
3258 4818 3423 4875 nobis
3444 4830 3577 4890 per-

1964 4916 2142 4991 rigitis
2173 4916 2241 4970 ad
2267 4914 2595 4976 videndum,
2618 4912 2777 4968 vobis
2798 4928 2916 4967 eam
2956 4927 3021 4966 ex
3050 4926 3161 4965 una
3203 4915 3355 4980 parte
3382 4914 3580 4963 tenen—

1964 5010 2136 5075 tibus,
2190 5006 2557 5064 communiter
2609 5005 2894 5060 videamus
2948 5003 3127 5075 qualis
3194 5001 3280 5056 sit.
3337 5000 3399 5055 Et
3458 5008 3574 5055 haec

1962 5100 2189 5174 quidem
2221 5105 2303 5153 est
2332 5098 2453 5169 ejus
2479 5096 2697 5167 regula.

2038 5213 2059 5242 ι
2105 5193 2138 5244 A
2196 5188 2459 5254 Sabbato,
2517 5186 2717 5259 inquit,
2767 5185 3005 5240 vernalis
3050 5183 3248 5256 jejunii
3297 5182 3449 5238 velut
3491 5183 3580 5237 in-

1962 5354 2079 5407 sine
2088 5349 2515 5406 consideratione
2532 5352 2835 5417 temporum
2849 5361 2956 5401 non
2969 5344 3225 5415 jejunant
3241 5346 3351 5398 nisi
3376 5346 3580 5417 quarta

1962 5428 2012 5477 et
2034 5427 2190 5478 sexta
2216 5423 2363 5486 feria
2393 5420 2598 5488 jejunii
2622 5412 2741 5472 cum
2769 5420 2887 5487 ipso
2918 5412 3152 5472 Sdbbato
3180 5416 3473 5488 inrMmt‘io
3496 5412 3580 5488 vel

1960 5494 2147 5559 Junio,
2182 5484 2264 5545 uel
2294 5484 2510 5545 Octobri
2546 5484 2885 5560 proveniant.
2912 5491 2979 5543 Et
3001 5488 3161 5542 talem
3176 5484 3475 5557 Jejunandi
3495 5485 3577 5536 ri-

1964 5572 2072 5618 tum
2105 5565 2445 5617 auctorizant
2474 5562 2650 5626 multi,
2682 5562 2917 5614 mamime
2951 5561 3225 5613 Teutones.

2036 5634 2217 5713 (110!)
2252 5631 2322 5684 Ex
2349 5631 2431 5683 his
2453 5620 2646 5713 verbis
2663 5636 2876 5685 constat
2896 5627 3241 5713 Sigebertum
3269 5620 3573 5691 superioris

1962 5706 2030 5762 ad
2057 5700 2411 5760 Trevirenses
2440 5700 2689 5771 epistolae
2719 5716 2839 5756 esse
2865 5709 3163 5754 auctorem.
