3960 6198
332 251 437 308 sm

1535 245 1883 304 SIGEBERTI
1923 241 2453 301 GEMBLACENSIS.

335 377 630 434 tellectuali
673 377 911 449 quodam
937 375 1030 433 ﬁlo
1075 375 1382 433 rectissime
1422 376 1568 431 linea
1619 377 1824 451 regulae
1851 392 1949 447 per
1980 379 2026 448 Α
2051 390 2150 432 vos
2178 374 2309 430 talia
2348 371 2694 429 semicinctia
2718 371 2918 429 offerre
2942 371 3043 442 illi,
3084 372 3173 429 cui
3214 387 3340 429 cum
3372 371 3550 448 Magis
3576 389 3682 429 au-

335 486 423 524 xnv
469 469 850 524 hebdomadas
883 485 1058 540 usque
1115 469 1170 522 in
1220 467 1370 523 Junii
1399 469 1605 524 mensis
1643 468 1948 524 secundum

337 555 573 612 ducatur
603 557 925 621 Sabbatum,
974 558 1216 630 indeque
1260 573 1359 627 per
1410 557 1546 612 alias
1589 575 1678 612 XIV
1730 557 1952 612 hebdo-

339 645 530 700 madas
569 647 637 700 ad
671 647 888 701 tertium
943 645 1289 716 Septembris
1328 645 1654 712 Sabbatum,
1711 645 1953 715 itemque

338 734 455 789 sive
497 751 595 805 per
623 752 734 802 xiv,
767 736 882 792 sive
912 753 1012 807 per
1058 754 1151 790 xm
1182 736 1251 790 ad
1285 735 1438 790 illum
1468 736 1779 807 proximum
1824 742 1953 790 ante

340 826 530 881 Natale
564 827 780 881 Domini
804 827 1123 894 Sabbatum,
1160 836 1219 883 ut
1247 828 1456 898 absque
1505 843 1689 883 errore
1741 828 1964 886 termini

340 933 532 973 eorum
559 919 924 975 Sabbatorum
968 921 1180 990 possint
1203 920 1541 976 interveniri.
1593 943 1613 970 ι

418 1011 540 1065 Haec
567 1011 874 1066 rectissima
906 1011 1052 1066 linea
1093 1027 1192 1067 cur
1221 1028 1252 1066 a
1305 1029 1393 1067 XIV
1436 1010 1670 1066 recurrit
1702 1011 1770 1065 ad
1816 1028 1912 1067 xm
1938 1012 1967 1066 ‘7

346 1099 612 1155 Nimirum
647 1100 772 1156 ideo
814 1102 963 1173 quod
996 1118 1224 1157 necesse
1252 1103 1321 1157 sit
1352 1103 1401 1157 ei
1451 1103 1607 1173 sequi
1639 1111 1966 1172 competen-

349 1192 478 1246 tiam
517 1192 801 1263 temporis.
843 1193 932 1247 llis
982 1193 1038 1247 in
1073 1192 1442 1248 hebdomadis
1474 1194 1829 1248 numerandis
1857 1195 1962 1250 sibi

347 1283 571 1354 quidem
614 1284 898 1351 satisfecit,
954 1286 1143 1340 nescio
1197 1286 1241 1339 si
1301 1295 1359 1340 et
1405 1285 1562 1341 vobis
1615 1286 1962 1342 satisfecerit.

351 1373 454 1428 Vos
485 1373 691 1445 quippe
721 1375 1014 1430 intendere
1041 1376 1328 1442 videmini,
1356 1383 1414 1430 ut
1443 1375 1805 1432 hebdomada:
1829 1394 1968 1449 qua-

350 1464 623 1538 draginta,
679 1466 799 1519 dua:
850 1466 930 1522 sic
968 1467 1343 1536 respondeant
1390 1465 1774 1540 quadraginta,
1831 1468 1969 1522 dua-

354 1558 460 1613 bus
516 1560 972 1631 generationibus
1025 1559 1244 1627 Christi,
1302 1567 1361 1614 ut
1436 1559 1612 1629 prima
1666 1562 1970 1632 generatio,

353 1668 477 1723 quas
512 1658 596 1706 est
627 1651 921 1716 Abraham,
961 1659 1150 1706 teneat
1201 1651 1431 1722 primam
1463 1651 1637 1706 Martii
1671 1652 1973 1708 hebdoma-

353 1747 514 1812 dam;
573 1745 764 1800 ultima
819 1761 949 1801 vero
1009 1745 1319 1818 generatio,
1377 1760 1500 1815 quae
1557 1752 1641 1800 est
1697 1745 1962 1814 Christus,

355 1838 692 1910 respondeat
713 1838 919 1892 ultimae
939 1838 1653 1894 Decembrishebdomadaa.
1686 1839 1791 1894 Vos
1821 1849 1968 1895 recte

357 1929 416 1984 in
445 1929 552 1984 hoc
582 1929 798 2000 sapitis,
838 1929 884 1982 si
915 1928 1062 1984 linea
1111 1929 1374 1986 Bernonis
1406 1945 1505 1985 vos
1542 1930 1610 1984 ad
1651 1931 1756 1986 hoc
1787 1937 1972 2002 posset

358 2016 634 2091 dirigere;
667 2016 763 2071 sed
793 2023 1054 2072 nascente
1087 2017 1302 2073 Christo
1335 2018 1616 2086 injultima
1655 2019 1973 2075 Decembris

362 2107 734 2175 hebdomada,
768 2109 1049 2180 quomodo
1078 2109 1282 2164 dabitis
1312 2110 1538 2165 Abrahae
1581 2111 1812 2181 primam
1842 2112 1975 2166 Mar-

359 2200 421 2256 tii
459 2199 909 2257 hebdomadam?
953 2201 1123 2256 Linea
1160 2202 1431 2257 Bernonis
1482 2202 1752 2257 Abraham
1799 2203 1868 2258 ab
1911 2220 1976 2260 ea

361 2293 624 2360 excludit,
657 2293 787 2365 quia
833 2290 881 2347 si
930 2309 1050 2348 eam
1109 2293 1389 2350 obtineret
1443 2295 1734 2362 Abraham,
1785 2295 1976 2350 ultima

361 2385 682 2442 Decembris
715 2384 1062 2441 hebdomada
1092 2401 1203 2442 non
1251 2387 1612 2458 responderet
1643 2386 1849 2441 ultimae
1879 2402 1976 2462 ge—

362 2476 634 2534 nerationi
710 2476 848 2541 Quia
877 2493 1033 2551 ergo,
1065 2486 1125 2534 ut
1176 2479 1250 2534 ait
1295 2477 1522 2542 Tullius,
1557 2479 1756 2550 Iprima
1811 2495 1978 2535 causa

361 2569 607 2627 victoriae
636 2579 721 2625 est
749 2569 1050 2645 diligenter
1075 2571 1320 2626 ediscere
1351 2587 1571 2627 causam
1613 2586 1710 2642 pro
1740 2588 1849 2644 qua
1889 2572 1977 2627 di-

363 2659 503 2716 cturi
533 2675 728 2715 sumus
758 2675 978 2715 causam
1028 2660 1191 2728 hujus
1242 2658 1584 2715 difﬁcultatis
1613 2661 1981 2716 communiter

364 2764 698 2821 quaeramus,
747 2758 807 2803 ut
837 2749 1118 2804 communi
1145 2749 1334 2805 labore
1381 2747 1761 2804 difﬁcultatem
1804 2750 1978 2821 ipsam

363 2838 449 2894 vel
479 2838 668 2893 videre
697 2854 985 2908 queamus.

436 2927 477 2978 A
523 2925 784 2980 Kalendis
822 2925 995 2980 Martii
1022 2942 1198 2997 usque
1230 2927 1298 2982 ad
1342 2944 1438 2982 VIII
1479 2927 1748 2983 Kalendas
1777 2929 1981 2985 Janua-

369 3013 454 3081 rii,
505 3021 636 3069 sunt
667 3013 1030 3070 hebdomadas
1072 3031 1176 3069 XLII
1217 3023 1270 3071 et
1317 3017 1439 3072 dies
1476 3035 1548 3073 vr.
1595 3018 1700 3072 Hos
1737 3035 1831 3073 sex
1861 3019 1980 3073 dies

367 3105 700 3160 subtrahens
752 3104 926 3158 Berno
981 3121 1012 3158 a
1055 3121 1286 3160 numero
1335 3106 1830 3174 hebdomadarum,
1888 3125 1982 3163 eas

371 3209 480 3250 non
513 3210 544 3248 a
571 3192 832 3248 Kalendis
873 3191 1071 3258 Martii,
1097 3193 1195 3248 sed
1246 3211 1277 3248 a
1323 3195 1564 3251 Sabbato
1605 3197 1815 3252 venalis
1835 3199 1980 3268 jeju-

372 3282 452 3338 nii
485 3280 680 3353 incipit
706 3297 1015 3336 numerare.
1051 3282 1152 3338 Per
1181 3283 1286 3339 hoc
1314 3285 1538 3355 quidem
1585 3286 1730 3341 cavit
1763 3287 1892 3353 sibi,
1920 3298 1979 3343 ut

369 3369 518 3426 linea
541 3387 642 3427 sua
672 3371 728 3424 in
759 3387 989 3427 numero
1020 3372 1492 3428 hebdomadarum
1541 3391 1724 3447 neque
1747 3386 1978 3445 crescat,

368 3473 552 3530 neque
581 3457 880 3518 decrescat.
911 3476 1024 3516 non
1069 3469 1253 3516 tamen
1283 3478 1382 3533 per
1413 3464 1515 3519 hoc
1543 3480 1604 3520 se
1652 3467 1800 3520 omni
1825 3482 1980 3522 scan-

371 3549 498 3606 dalo
523 3550 779 3606 absolvit.
811 3551 1040 3624 Pr0pter
1089 3554 1189 3608 hos
1217 3571 1316 3609 sex
1351 3555 1472 3610 dies
1499 3555 1810 3613 subtractos
1863 3559 1981 3614 dis-

369 3643 631 3701 convenit
660 3644 802 3700 inter
829 3659 931 3699 nos
959 3653 1016 3701 et
1037 3662 1134 3702 vos
1163 3647 1482 3718 aliquando,
1528 3650 1661 3703 inter
1706 3650 1976 3706 Abraham

375 3751 507 3793 vero
553 3743 609 3791 et
638 3743 954 3792 nascentem
1005 3737 1277 3794 Christum
1311 3740 1460 3796 nullo
1499 3756 1645 3797 anno
1695 3744 1973 3799 convenit.

374 3823 641 3879 Abraham
681 3825 828 3880 enim
883 3827 1079 3882 nolens
1115 3829 1355 3899 quodam
1415 3829 1580 3885 modo
1630 3831 1900 3886 decedere
1953 3849 1984 3887 a

374 3914 694 3984 praescripta
745 3913 851 3969 sibi
906 3915 1080 3985 prima
1120 3916 1293 3971 Martii
1343 3917 1712 3984 hebdomada,
1766 3920 1986 3975 subtra-

376 4014 492 4064 ctos
556 4008 661 4063 sibi
715 4025 812 4064 sex
874 4009 994 4065 dies
1064 4027 1284 4082 semper
1351 4014 1570 4083 repetit,
1639 4020 1693 4068 et
1752 4015 1985 4090 singulis

377 4105 538 4161 annis
574 4106 825 4180 singulos
849 4109 970 4164 dies
1000 4109 1299 4180 recipiens,
1321 4110 1540 4166 videtur
1566 4127 1797 4184 arguere
1824 4129 1988 4188 regu-

377 4194 485 4251 lam
545 4197 834 4266 Bemonis,
887 4198 1050 4254 modo
1081 4215 1356 4266 crescere,
1400 4201 1566 4256 modo
1610 4202 1930 4258 decrescere
1969 4222 1983 4270 ;

377 4285 508 4359 quia
536 4296 671 4360 quot
707 4288 830 4344 dies
863 4304 978 4344 suae
1009 4289 1369 4346 hebdomada:
1390 4290 1607 4361 recipit,
1635 4297 1716 4347 tot
1745 4291 1988 4348 Christus

2056 487 2199 537 rum,
2228 469 2354 524 thus
2379 472 2434 522 et
2463 467 2740 538 myrrham
2765 464 3059 522 obtulistis.

2128 557 2284 622 Quod
2322 554 2581 621 dicimus,
2612 570 2712 625 per
2761 569 3031 609 annorum
3078 553 3531 625 consequentiam
3558 570 3688 625 pro~

2055 651 2266 705 bemus.
2318 648 2472 702 Anno
2499 661 2610 718 quo
2637 644 2864 701 Martius
2902 645 3150 700 initiatur
3188 644 3246 699 in
3305 646 3481 717 prima
3514 645 3682 713 feria,

2057 742 2254 814 incipit
2288 742 2463 796 Berno
2510 755 2804 794 numerare
2831 737 3207 794 hebdomadas
3245 754 3276 793 a
3312 738 3554 794 Sabbato
3590 740 3686 807 je-

2061 832 2204 904 junii
2233 829 2472 886 vernalis
2505 829 2684 901 posito
2713 828 2769 883 in
2799 827 2970 883 Nonis
3019 827 3220 895 Martii,
3272 843 3385 884 uno
3411 827 3505 882 die
3560 834 3694 883 tan-

2067 933 2181 981 tum
2231 924 2423 980 relicto
2461 922 2711 990 Abrahae,
2754 936 2935 993 eoque
2991 927 3201 978 tantum
3238 937 3384 978 anno
3432 920 3692 978 Christus

2067 1013 2474 1084 habetplenam
2512 1009 2942 1066 hebdomadam.
2991 1010 3257 1082 Sequenti
3285 1026 3456 1076 anno,
3500 1010 3691 1082 posito

2059 1105 2256 1177 jejunii
2288 1103 2527 1158 Sabbato
2558 1103 2614 1156 in
2664 1101 2843 1173 primo
2883 1100 2975 1155 die
3003 1101 3208 1164 Nonas,
3243 1101 3406 1156 tertio
3446 1115 3599 1156 anno
3629 1099 3691 1154 in

2066 1195 2225 1253 tertio
2262 1193 2465 1257 Nonas,
2497 1199 2692 1262 quarto
2721 1205 2868 1245 anno
2899 1189 2956 1243 in
3001 1196 3195 1261 quarto
3250 1189 3452 1255 Nonas,
3487 1189 3693 1260 quinto

2067 1304 2212 1345 anno
2241 1287 2295 1341 in
2324 1285 2518 1357 quinto
2560 1284 2759 1347 Nonas,
2799 1299 2899 1354 per
2935 1284 3036 1338 hos
3065 1299 3160 1338 sex
3189 1283 3276 1339 vel
3304 1282 3555 1355 quinque
3585 1296 3696 1336 an-

2071 1397 2173 1437 nos
2200 1380 2600 1434 intercurrente
2639 1375 2882 1430 bissexto
2915 1375 3096 1429 reddit
3127 1376 3304 1430 Berno
3333 1390 3430 1430 sex
3457 1373 3690 1429 subtra-

2072 1481 2190 1530 ctos
2217 1472 2371 1537 dies;
2401 1476 2456 1524 et
2497 1467 2802 1524 secundum
2841 1466 3201 1524 variationem
3234 1467 3511 1523 Nonarum
3548 1466 3692 1522 Mar-

2077 1565 2161 1632 tii,
2201 1563 2350 1617 linea
2377 1561 2500 1630 ejus
2538 1574 2808 1625 crescere,
2860 1565 2955 1612 aut
2994 1558 3316 1613 decrescere
3363 1557 3586 1613 videtur
3636 1558 3698 1612 in

2077 1652 2392 1711 utramlibet
2430 1656 2661 1721 partem.
2695 1648 3011 1704 Secundum
3056 1663 3156 1703 vos
3214 1654 3418 1712 autem,
3471 1647 3698 1722 longius

2073 1744 2251 1816 posito
2266 1741 2466 1812 jejunii
2497 1738 2759 1803 Sabbato,
2797 1738 3039 1808 amplius
3071 1737 3219 1793 linea
3248 1737 3509 1793 variatur.
3548 1735 3694 1800 Quid

2069 1832 2217 1905 quod
2243 1828 2544 1902 aliquando
2585 1826 2904 1898 perlineam
2960 1825 3231 1881 Bernonis
3265 1825 3392 1896 plus
3415 1825 3567 1896 juste
3602 1841 3698 1880 ex-

2069 1930 2407 1977 crescentem
2449 1918 2787 1974 exturbatur.
2837 1917 3078 1972 Nascens
3133 1927 3286 1972 extra
3331 1915 3698 1991 quadragesi-

2071 2031 2215 2070 mam
2282 2012 2582 2068 secundam
2648 2010 3057 2066 hebdomadam
3117 2016 3175 2065 et
3227 2008 3696 2084 generationem?

2075 2105 2212 2169 Quia
2244 2104 2393 2159 enim
2429 2104 2604 2158 Berno
2646 2118 2678 2157 a
2717 2101 2960 2158 Sabbato
3003 2100 3381 2157 hebdomadas
3429 2107 3486 2156 et
3531 2116 3698 2173 gene-

2073 2193 2318 2248 rationes
2361 2191 2607 2258 inchoat,
2653 2190 2710 2245 in
2753 2196 2907 2245 sexta
2956 2188 3092 2245 feria
3153 2205 3250 2245 eas
3299 2204 3523 2261 semper
3559 2204 3700 2245 cond

2075 2290 2334 2340 summat.

2147 2375 2304 2429 Anno
2335 2387 2468 2447 ergo
2524 2386 2635 2443 quo
2667 2369 2914 2425 initiatur
2956 2367 3182 2423 Martius
3231 2369 3288 2423 in
3333 2368 3585 2425 secunda
3616 2368 3700 2424 fe-

2079 2470 2179 2537 ria,
2206 2473 2662 2525 consummantur
2681 2481 2788 2520 xm
2819 2463 3189 2519 hebdomada).
3222 2471 3277 2519 et
3306 2465 3706 2536 generationes

2079 2575 2132 2613 1x
2159 2557 2430 2612 Kalendas
2478 2553 2740 2617 Januarii,
2780 2552 2836 2606 id
2867 2558 2950 2606 est
2988 2551 3043 2606 in
3091 2552 3277 2624 vigilia
3324 2552 3530 2608 Natalis
3590 2553 3704 2609 Do-

2079 2647 2237 2714 mini,
2283 2661 2407 2718 qum
2447 2659 2512 2700 eo
2559 2659 2706 2700 anno
2760 2643 2998 2698 occurrit
3023 2640 3093 2714 jin
3142 2649 3296 2698 sexta
3345 2641 3504 2708 feria,
3560 2642 3710 2698 ultra

2079 2752 2242 2810 quam
2276 2750 2388 2790 non
2411 2733 2577 2788 debet
2605 2732 2850 2803 protrahi
2883 2732 3152 2787 Bernonis
3206 2730 3414 2802 regula.
3465 2725 3566 2784 Per
3595 2730 3706 2786 hoc

2081 2831 2335 2886 initiante
2386 2824 2809 2900 quadragesima
2858 2824 3020 2878 tertia
3083 2823 3450 2890 hebdomada,
3508 2823 3566 2877 in
3619 2839 3710 2878 se-

2082 2923 2275 2995 quenti
2323 2919 2564 2975 Sabbato
2623 2917 2867 2972 nascitur
2920 2915 3186 2983 Christus,
3219 2917 3274 2970 in
3330 2930 3398 2971 eo
3427 2915 3590 2986 quasi
3643 2915 3703 2969 in

2087 3012 2292 3078 alieno,
2316 3010 2446 3082 quia
2485 3022 2597 3063 non
2641 3013 2728 3061 est
2753 3006 2804 3060 ei
2851 3006 2955 3060 hoc
2980 3021 3126 3061 anno
3152 3006 3306 3060 locus
3345 3005 3402 3059 in
3431 3005 3707 3060 Bernonis

2087 3104 2412 3162 diversorio.
2447 3100 2786 3158 Conﬁdimus
2823 3107 3009 3155 tamen
3051 3100 3121 3155 de
3151 3100 3312 3155 vobis
3346 3100 3401 3154 in
3437 3101 3706 3167 Domino,

2081 3199 2229 3271 quod
2261 3198 2380 3268 ipse
2410 3193 2506 3267 qui
2551 3192 2793 3248 nascitur
2842 3193 3029 3267 magni
3075 3192 3291 3248 consilii
3341 3192 3588 3267 Angelus
3623 3193 3703 3248 in-

2081 3289 2314 3361 spirabit
2355 3287 2514 3343 vobis
2562 3293 2617 3342 et
2663 3283 2948 3356 aspirabit,
2999 3291 3061 3339 ut
3126 3284 3328 3339 habeat
3382 3285 3548 3340 etiam
3599 3286 3708 3340 hoc

2080 3397 2226 3438 anno
2279 3382 2458 3437 locum
2509 3379 2565 3432 in
2605 3385 2799 3433 vestrae
2840 3376 3124 3448 sapientiae
3183 3377 3508 3433 diversorio.
3564 3377 3708 3432 Velit

2080 3472 2220 3528 forte
2259 3468 2460 3540 aliquis
2487 3482 2749 3521 excusare
2791 3465 3122 3534 Bernonem,
3166 3482 3268 3537 per
3306 3466 3410 3521 hoc
3459 3467 3612 3538 quod
3641 3467 3704 3522 in

2080 3563 2461 3620 vaalendas
2480 3559 2726 3616 Januarii
2757 3558 2952 3629 incipit
2981 3559 3174 3613 ultima
3205 3559 3528 3614 Decembris
3558 3560 3703 3615 heb-

2079 3659 2333 3728 domada,
2358 3673 2482 3729 qua?
2512 3655 2679 3710 debet
2710 3653 3049 3725 respondere
3101 3652 3295 3708 Christi
3327 3655 3698 3726 generationi.

2081 3752 2271 3806 Posset
2300 3748 2524 3820 quidem
2555 3762 2651 3817 per
2676 3747 2785 3801 hoc
2823 3746 3092 3811 excusari,
3129 3746 3176 3800 si
3207 3746 3371 3800 etiam
3404 3748 3510 3802 hoc
3549 3763 3697 3803 anno

2085 3840 2395 3896 differretur
2428 3836 2704 3907 jejunium
2737 3835 2796 3889 in
2825 3835 3130 3890 secundum
3163 3835 3337 3890 Martii
3380 3837 3698 3892 Sabbatum.

2086 3933 2195 3988 Sed
2241 3932 2291 3986 ei
2323 3931 2410 3986 via
2448 3930 2596 3983 hunc
2627 3927 2897 3982 evadendi
2941 3928 3315 3998 praecluditur,
3361 3929 3488 3999 quia
3521 3931 3703 4001 posito

2087 4021 2326 4078 Sabbato
2359 4017 2558 4088 jejunii
2588 4017 2643 4070 in
2684 4033 2721 4070 ιι
2753 4016 2954 4082 Nonas,
2998 4022 3052 4070 et
3094 4016 3364 4071 Abraham
3415 4018 3704 4074 obtinente

2087 4116 2210 4188 plus
2250 4127 2414 4184 quam
2464 4108 2765 4165 secundam
2831 4107 3002 4161 Martii
3054 4107 3483 4175 hebdomadam,
3551 4109 3704 4165 Chri-

2086 4217 2202 4266 stus
2231 4222 2333 4261 nec
2363 4202 2722 4275 penultimam
2744 4201 3059 4256 Decembris
3081 4201 3488 4258 hebdomadam
3513 4204 3698 4260 habet.

2159 4299 2282 4352 Haec
2301 4296 2448 4367 juste
2477 4308 2654 4348 necne
2669 4291 2902 4346 dixerim
2927 4291 2995 4345 de
3012 4291 3203 4363 regula
3230 4292 3523 4358 Bernonis,
3544 4293 3703 4349 vide-

377 4395 492 4436 suae
525 4381 888 4438 hebdomada:
919 4382 1040 4438 dies
1073 4383 1288 4438 amittit.
1318 4383 1586 4440 Abraham
1627 4393 1835 4457 quanto
1867 4387 1984 4442 lon-
2010 4375 2069 4445 D
2089 4390 2170 4445 bit
2199 4397 2394 4443 vestrae
2439 4383 2743 4459 diligentias
2773 4383 3002 4448 oculus;
3033 4390 3090 4437 et
3138 4384 3186 4438 si
3224 4384 3358 4454 quid
3413 4385 3634 4441 incaute
3673 4402 3703 4440 a

379 4467 505 4544 gius
551 4486 584 4524 a
606 4485 708 4525 sua
733 4469 1080 4525 hebdomada
1122 4471 1431 4543 elongatur,
1466 4480 1616 4529 tanto
1655 4474 1843 4545 plures
1873 4473 1992 4530 dies

379 4557 488 4613 sibi
517 4565 769 4631 usurpat,
800 4567 860 4614 ut
887 4558 1187 4631 aliquando
1226 4560 1518 4633 plusquam
1549 4579 1715 4617 unam
1768 4565 1988 4620 hebdo-

379 4645 619 4716 madam,
660 4646 958 4721 aliquando
1004 4647 1296 4720 plusquam
1345 4650 1483 4704 duas
1540 4651 1787 4708 obtineat
1819 4654 1993 4710 tribus

380 4743 591 4801 scilicet
617 4745 798 4812 annis,
830 4743 1031 4816 quibus
1067 4759 1164 4801 vos
1202 4745 1409 4816 ponitis
1439 4746 1739 4802 Sabbatum
1791 4749 1990 4820 jejunii

381 4835 528 4892 circa
555 4853 608 4892 vi
656 4836 785 4892 ldus
814 4836 1009 4892 Martii.
1044 4838 1109 4894 At
1143 4854 1281 4910 puer
1332 4839 1490 4910 cujus
1517 4845 1602 4894 est
1632 4854 1836 4895 nomen
1893 4841 1996 4897 Do-

382 4928 566 4984 minus
607 4929 792 4999 justus
828 4938 1037 5000 noster,
1083 4931 1152 4986 ad
1201 4948 1356 4988 suam
1389 4938 1599 5003 partem
1647 4941 1993 4990 recrescente

384 5019 534 5075 linea
569 5035 719 5086 suos,
768 5029 979 5076 tantum
1001 5021 1120 5077 dies
1167 5019 1450 5076 annuatim
1498 5020 1729 5092 recepit,
1771 5027 1826 5076 et
1854 5022 1995 5078 nihil

385 5109 510 5181 plus
539 5123 641 5163 sua
677 5109 825 5178 justa
854 5118 1012 5180 parte
1062 5110 1251 5186 exigit.
1296 5111 1375 5165 Ita
1414 5125 1512 5165 vos
1540 5125 1845 5182 nunquam,
1888 5111 1994 5167 nisi

383 5205 617 5268 excepto
645 5213 757 5256 uno
800 5214 946 5255 anno
976 5199 1120 5256 datis
1171 5199 1420 5255 nascenti
1454 5199 1668 5255 Christo
1727 5200 1997 5275 integram

385 5288 812 5356 hebdomadam,
873 5291 980 5347 nisi
1020 5291 1162 5348 forte
1189 5292 1500 5348 subtractos
1530 5291 1587 5346 in
1635 5291 1826 5348 Martio
1875 5293 1997 5348 dies

384 5379 624 5436 assuatis
673 5380 970 5437 decurtata
1028 5379 1228 5436 Christi
1276 5380 1659 5449 hebdomadas,
1712 5389 1774 5438 ut
1801 5381 1888 5437 vel
1917 5383 1997 5440 sic

386 5469 532 5526 detis
556 5471 794 5544 quodam
825 5470 992 5526 modo
1022 5470 1250 5541 pauperi
1284 5471 1496 5528 Christo
1550 5473 1888 5528 camisiolam
1930 5475 2000 5532 de

386 5561 683 5620 conscissis
733 5561 1046 5636 panniculis
1094 5569 1465 5631 reconsutan,
1507 5565 1665 5633 cujus
1702 5565 2002 5622 inconsuti-

389 5657 496 5715 lem
524 5658 764 5716 tunicam
794 5669 900 5712 nec
929 5654 1139 5711 inimici
1179 5657 1300 5728 ejus
1337 5657 1642 5714 sciderunt.
1697 5661 1816 5717 Non
1841 5662 2001 5719 decet

2091 4481 2252 4538 nobis
2281 4479 2489 4534 dictum
2519 4483 2624 4543 est,
2657 4490 2759 4530 nos
2787 4474 3112 4545 simplicitas
3144 4475 3290 4531 oculi
3333 4478 3508 4532 nostri
3546 4494 3703 4534 excu-

2089 4570 2252 4636 sabit,
2295 4575 2351 4623 et
2387 4566 2603 4624 veniam
2635 4563 2973 4635 impetrabit.
3006 4563 3126 4618 Non
3173 4565 3321 4619 enim
3363 4566 3602 4622 Bernoni
3650 4568 3704 4621 in

2091 4659 2278 4730 aliquo
2315 4656 2667 4729 derogamus,
2701 4667 2865 4724 quam
2909 4657 2968 4706 ut
3003 4659 3254 4707 sanctum
3307 4662 3363 4707 et
3400 4656 3704 4725 sapientem

2092 4765 2385 4806 censemus
2423 4745 2830 4801 numerandum
2872 4743 2928 4798 in
2959 4759 3191 4800 numero
3221 4744 3519 4801 illustrium
3559 4748 3708 4804 viro-

2095 4858 2236 4908 rum,
2267 4839 2397 4912 quia
2422 4837 2572 4911 quod
2624 4854 2657 4892 a
2685 4837 2799 4892 Deo
2830 4836 3024 4892 habuit
3065 4837 3134 4892 ad
3165 4837 3472 4908 profectum
3522 4847 3709 4910 poste-

2096 4947 2280 4988 rorum
2336 4927 2559 4991 obtulit,
2604 4934 2660 4982 et
2699 4925 2831 4980 inde
2876 4925 2930 4979 id
2981 4925 3162 4997 ipsum
3209 4926 3360 4997 quod
3415 4927 3637 4994 obtulit,
3678 4945 3711 4984 a

2095 5023 2206 5078 Deo
2246 5017 2593 5092 probandum
2635 5014 2755 5070 fuit.
2812 5013 3017 5068 Obtulit
3055 5030 3249 5069 aurum
3300 5015 3610 5071 sanctitatis
3656 5025 3711 5073 et

2096 5113 2399 5186 sapientiae.
2433 5110 2712 5180 Tanquam
2761 5123 2954 5162 aurum
3009 5106 3065 5160 in
3117 5106 3338 5162 fornace
3369 5106 3570 5177 probat
3595 5107 3713 5163 ele-

2096 5211 2213 5260 ctos
2235 5200 2517 5266 Dominus,
2551 5197 2755 5253 obtulit
2781 5205 3068 5269 argentum
3097 5194 3452 5266 eloquentiae.
3483 5195 3626 5259 Quid
3643 5196 3710 5251 de

2097 5293 2191 5351 tali
2224 5292 2340 5347 viro
2371 5287 2617 5365 suggerit
2654 5286 2811 5343 vobis
2855 5285 3130 5357 sapientia
3175 5300 3277 5365 per
3324 5283 3708 5342 Salomoneml

2095 5381 2282 5447 Aufer,
2315 5362 2517 5451 inquit,
2546 5377 2856 5449 rubiginem
2898 5375 2968 5430 de
2999 5362 3261 5450 argento:
3305 5382 3359 5428 et
3397 5375 3716 5448 egredietur

2104 5493 2196 5534 vas
2234 5474 2609 5547 purissimum.
2655 5471 2909 5544 Optarem
2949 5470 3002 5524 in
3063 5470 3229 5526 domo
3285 5470 3382 5524 Dei
3429 5471 3714 5526 ambulare

2099 5586 2224 5626 cum
2277 5582 2553 5623 consensu
2585 5564 2708 5621 talis
2745 5564 2880 5628 viri;
2924 5563 3022 5618 sed
3066 5562 3142 5617 ait
3196 5563 3358 5616 Amos
3410 5563 3711 5634 pr0pheta:

2097 5659 2364 5731 Nunquid
2400 5657 2753 5714 ambulabunt
2771 5655 2877 5711 duo
2903 5655 3082 5719 simul,
3105 5655 3217 5708 nisi
3252 5655 3329 5708 eis
3358 5655 3668 5709 conuenerit
3689 5656 3716 5708 Ρ
