3960 6198
1405 280 1649 338 FRAGM.
1693 278 1989 340 RHYTHMI
2028 281 2112 337 DE
2151 281 2208 339 S.
2251 281 2462 338 LUCIA.

3490 290 3600 347 830

254 415 464 483 (Amos,
497 429 579 480 in,
611 412 645 466 3
671 412 684 479 )
724 411 1063 468 Putabamus
1093 410 1258 468 nobis
1296 417 1352 467 et
1386 410 1626 466 Bernoni
1677 425 1875 467 conve-
1897 414 1948 482 Α
1979 416 2038 465 ut
2066 410 2288 467 tollatur
2316 427 2349 464 a
2376 410 2536 467 vobis
2569 419 2697 468 nota
2735 412 3225 485 inconvenientia,
3253 432 3418 490 quam
3448 417 3599 491 prio-

255 505 379 560 nire
419 504 475 559 in
521 503 842 575 recipienda
880 503 1174 577 allegorica
1213 503 1626 576 generationem
1668 516 1872 558 conso-

253 593 480 660 nantia;
519 593 618 647 sed
652 592 994 648 dissonantia
1034 592 1223 662 primae
1254 591 1428 647 Martii
1461 597 1515 646 et
1544 590 1748 646 ultimae
1775 592 1875 645 De-

255 683 497 739 cembris
527 681 894 737 hebdomadis
922 697 1024 736 nos
1055 681 1123 735 ab
1156 679 1249 734 illa
1288 680 1673 735 convenientia
1702 680 1872 736 advo-

251 780 359 828 cat.
414 775 479 826 At
517 772 586 826 de
632 785 864 825 numero
916 786 1006 824 xxv
1070 769 1544 824 hebdomadarum
1604 769 1767 825 nobis
1817 775 1873 825 et

254 866 498 923 Bernoni
528 865 808 932 convenit,
855 880 996 937 quos
1036 865 1202 921 etiam
1235 881 1338 920 nos
1367 865 1720 936 recipientes,
1745 881 1868 920 am-

253 959 511 1014 bulamus
540 958 764 1031 quidem
793 959 955 1013 simul
1012 958 1206 1012 eadem
1237 957 1345 1026 via,
1378 958 1477 1012 sed
1501 964 1632 1022 inon
1665 957 1870 1029 ubique

255 1071 358 1125 per
388 1057 581 1111 eadem
615 1054 862 1130 vestigia.
911 1053 1162 1109 Bernone
1192 1053 1337 1108 enim
1369 1068 1463 1107 sex
1503 1051 1702 1106 diebus
1731 1069 1872 1122 prae-

251 1153 532 1214 currente,
565 1162 675 1202 non
717 1163 748 1200 a
803 1145 1045 1200 Sabbato
1079 1144 1278 1213 jejunii
1315 1159 1438 1199 cum
1475 1159 1563 1210 eo,
1595 1143 1692 1198 sed
1722 1160 1868 1198 sem-

252 1254 353 1311 per
381 1255 412 1292 a
458 1237 715 1292 Kalendis
758 1236 931 1292 Martii
959 1236 1301 1310 ingredimur
1345 1236 1488 1289 viam
1543 1235 1866 1290 numerandi

250 1345 360 1384 xm
418 1327 814 1394 hebdomadas,
874 1344 1082 1400 easque
1135 1336 1192 1384 ut
1244 1332 1299 1382 et
1326 1343 1426 1398 vos
1475 1326 1868 1401 distinguimus

249 1438 352 1493 per
395 1430 507 1477 tres
560 1422 1132 1487 tesserescedecades;
1189 1420 1286 1475 sed
1348 1419 1402 1474 in
1465 1420 1640 1490 prima
1695 1429 1866 1475 tesse-

249 1511 739 1567 rescedecadarum
791 1511 1006 1567 statutis
1069 1510 1406 1580 jejuniorum
1495 1509 1868 1564 hebdomadis

251 1599 431 1670 prima
458 1599 667 1654 scilicet
703 1599 879 1654 Martii
910 1599 1154 1655 secunda
1191 1598 1363 1664 Junii,
1416 1598 1575 1652 tertia
1611 1598 1866 1668 Septem-

247 1688 388 1752 bris,
422 1696 616 1759 quarta
655 1688 992 1743 Decembris.
1027 1688 1132 1743 Sex
1163 1695 1344 1742 autem
1387 1687 1507 1743 dies
1537 1687 1630 1758 qui
1673 1704 1863 1759 super-

1978 513 2067 552 res
2097 504 2290 554 vestrae
2321 498 2516 554 litterae
2550 499 2934 570 imposuerunt
2962 504 3142 559 nobis.
3178 505 3332 570 Quod
3358 507 3598 563 intrante

1972 585 2160 643 Martio
2212 587 2270 642 in
2317 603 2368 641 v1
2398 587 2485 642 vel
2515 602 2590 642 vu
2621 587 2756 642 feria
2784 604 2895 644 uno
2926 606 3072 647 anno
3115 593 3392 664 jejunium
3420 594 3594 666 Junii,

1970 677 2144 733 altero
2176 693 2322 734 anno
2363 677 2637 749 jejunium
2685 680 3026 750 Septembris
3063 684 3119 738 in
3169 701 3238 740 xv
3288 685 3597 742 hebdoma-

1972 769 2096 823 dam
2137 769 2500 824 celebramus.
2548 769 2611 825 Ut
2664 771 2812 827 salva
2864 774 3041 844 gratia
3088 782 3267 831 vestra
3324 777 3592 846 dicamus,

1972 876 2074 916 nos
2103 863 2410 916 secundum
2447 872 2694 918 tenorem
2725 871 2941 932 vestrae,
3002 882 3112 923 non
3160 877 3358 924 nostra
3389 871 3594 946 regula!

1970 962 2152 1009 vestro
2201 955 2524 1025 praejudicio
2579 964 2860 1028 urgentes.
2907 959 3045 1014 Ecce
3091 961 3290 1016 videtis
3336 979 3460 1034 quae
3516 962 3588 1020 sit

1970 1058 2134 1097 causa
2189 1050 2392 1098 mutuze
2433 1043 2810 1113 dissonantim,
2860 1063 2955 1102 sex
2995 1048 3206 1104 scilicet
3235 1049 3356 1104 dies
3385 1066 3420 1106 a
3468 1050 3594 1106 Ber-

1971 1151 2116 1191 none
2148 1136 2337 1191 Martio
2391 1137 2678 1204 subtracti,
2711 1146 2764 1194 et
2817 1141 2947 1211 quia
2987 1148 3205 1213 tr0pum
3232 1144 3588 1215 synecdoche

1968 1231 2057 1285 vel
2089 1230 2210 1285 dies
2241 1237 2548 1300 temporum
2580 1233 2634 1286 in
2661 1233 2895 1302 jejuniis
2921 1242 3231 1307 temporum
3256 1252 3367 1294 non
3395 1237 3594 1294 admit-

1969 1320 2101 1388 titis,
2135 1321 2259 1392 quis
2292 1322 2469 1376 nescit
2509 1321 2563 1375 in
2595 1325 2817 1394 quantis
2856 1325 2994 1381 locis
3032 1327 3313 1398 Scriptura
3341 1327 3590 1398 vacillet,

1968 1410 2072 1464 nisi
2105 1426 2136 1463 a
2172 1417 2329 1480 tropo
2357 1411 2706 1480 synecdoche
2760 1414 3146 1470 sustentetur?
3185 1415 3303 1470 Non
3347 1416 3591 1473 surrexit

1968 1503 2210 1558 Christus
2257 1520 2287 1556 a
2335 1504 2582 1571 mortuis,
2613 1505 2718 1559 nisi
2780 1515 2995 1576 tmpum
3056 1508 3406 1578 synecdoche
3445 1508 3587 1564 reci-

1967 1597 2207 1667 piamus.
2239 1595 2345 1650 Vos
2385 1596 2477 1666 qui
2506 1596 2680 1669 gratia
2707 1597 2802 1652 Dei
2835 1599 3038 1654 divites
3087 1600 3238 1667 estis,
3273 1601 3328 1655 in
3361 1600 3478 1668 illo,
3526 1600 3584 1657 in

1963 1688 2113 1743 omni
2153 1687 2344 1753 verbo,
2386 1697 2440 1741 et
2495 1687 2550 1740 in
2611 1689 2761 1743 omni
2794 1689 3047 1757 scientia,
3107 1691 3398 1749 confirmet
3441 1693 3585 1749 Deus

247 1785 396 1843 sunt,
432 1755 569 1832 nihil
621 1780 685 1834 ad
733 1779 1124 1853 distinguenda
1161 1779 1502 1847 jejuniorum
1556 1755 1860 1835 interstitia
1887 1755 1934 1822 Β
1964 1795 2138 1852 usque
2161 1779 2229 1834 ad
2261 1778 2424 1833 ﬁnem
2456 1779 2577 1833 sine
2599 1779 2856 1836 crimine.
2888 1755 3096 1838 Valete.

247 1872 475 1929 obsunt.
513 1874 621 1930 Hoc
647 1881 796 1930 extra
842 1873 1334 1949 interrogationem
1377 1880 1609 1930 vestram
1659 1874 1859 1945 adjeci.

250 2047 534 2054 —.__._
545 2044 727 2054 _.

1398 2154 2390 2261 SIGEBERTI

743 2375 1592 2503 EPISTOLA
1670 2377 1898 2500 AD
1985 2375 3085 2504 LEODIENSES

1553 2581 1795 2644 (Murem
1849 2583 1922 2637 A.
1961 2583 2018 2639 C.
2056 2583 2096 2648 1,
2130 2580 2281 2651 587.)

317 2713 582 2781 Roberto,
616 2713 881 2769 Flandriaa
910 2714 1118 2781 comiti,
1148 2731 1212 2769 ex
1228 2715 1374 2770 bello
1406 2731 1560 2771 sacro
1589 2732 1734 2771 anno
1771 2715 1899 2772 1101
1936 2731 2176 2780 reverso,
2209 2714 2488 2769 Paschalis
2512 2729 2652 2838 papa
2683 2713 2892 2794 litteras
2925 2713 3146 2784 scripsit
3177 2713 3382 2785 quibus
3417 2713 3570 2791 illum

321 2792 493 2838 rtatur
519 2792 578 2838 ut
615 2785 950 2838 Leodienses
975 2787 1374 2838 schismaticos.
1437 2787 1670 2838 Henrico
1725 2787 2073 2838 imperatoris
2129 2787 2496 2838 adhaerentes.
2551 2803 2580 2838 a
2652 2785 2892 2838 Ecclesra
2935 2785 3188 2838 cxnellat.
3233 2785 3570 2838 Sententiam

246 2786 493 2858 hortatur
519 2792 578 2839 ut
615 2785 950 2858 Leodienses
975 2787 1374 2855 schismaticos,
1437 2787 1670 2842 Henrico
1725 2787 2073 2858 imperatoris
2129 2787 2496 2850 adhaerentes,
2551 2803 2580 2839 a

2652 2785 2892 2839 Ecclesia
2935 2785 3188 2854 expellat.
3233 2785 3576 2840 Sententiam

244 2855 587 2930 pontiﬁciam
621 2857 911 2930 impugnat
945 2858 1266 2929 Sigcbertus
1291 2858 1345 2911 in
1374 2859 1606 2928 epistola
1626 2859 1694 2912 ad
1728 2855 2062 2930 Leodienses
2090 2858 2278 2922 missa,
2322 2864 2777 2930 quam,_ipropter
2802 2856 3418 2930 inl‘ensiouem,_quo_i_n
3446 2872 3577 2930 san-

241 2926 383 2983 ctam
432 2926 979 3000 sedem,invéhitur,
1007 2926 1287 2994 animum,
1320 2926 1448 2984 dare
1479 2930 1914 3000 supersedimus.
1961 2929 2142 2983 Exstat
2190 2930 2244 2982 in
2305 2926 2467 2983 tomis
2508 2927 2876 3000 (lonciliorum
2918 2926 3120 3000 Labbei
3153 2927 3237 3000 (Χ,
3269 2927 3419 2997 630),
3453 2927 3574 3000 sine

241 2998 483 3054 auctoris
509 2999 753 3063 nomine,
787 3016 908 3054 cum
960 3001 1062 3054 hoc
1107 3000 1290 3072 titulo:
1332 3022 1356 3050 (ι
1405 2998 1774 3072 Responsoria
1812 3000 2141 3055 Declamatio
2183 3000 2451 3072 acerrima
2482 2998 2869 3072 [.codiensium
2903 2998 3405 3072 scliismaticorum,
3447 2998 3568 3070 qui,

242 3085 397 3142 more
427 3085 649 3142 suorum
682 3086 996 3141 comparum
1039 3071 1092 3124 in
1133 3071 1429 3127 schismate
1462 3069 1864 3128 Donatistarum
1899 3073 2161 3126 adversus
2189 3071 2470 3142 principes
2503 3070 2890 3142 resilientium,
2924 3079 2977 3124 et
3007 3069 3338 3142 catholicum
3367 3069 3572 3125 nomen

244 3140 644 3215 affectantium,
702 3140 854 3215 suam
912 3142 1374 3199 Declamationem
1433 3144 1512 3200 sic
1551 3144 1977 3215 inscripserunt:
2039 3140 2278 3213 Epistula
2331 3140 2717 3198 Leodiensium
2775 3141 3039 3196 adversus
3095 3140 3411 3196 Paschalem
3474 3157 3576 3212 pa-

242 3229 391 3284 pam.
425 3231 451 3263 ››
481 3213 685 3269 Εοιτοιι
714 3214 1089 3270 ΡΑτιιοιοῡιᾱι.

1416 3449 2406 3555 SIGEBERTI

412 3619 776 3686 EPISTULA
827 3621 1224 3685 ADVERSUS
1271 3623 1652 3686 LAICORUM
1699 3623 1774 3686 IN
1823 3621 2358 3686 PRESBYTEKOS
2400 3615 2880 3682 CONJUGATOS
2922 3614 3394 3677 CALUMNIAM.

1521 3738 1804 3809 (Mauram,
1865 3739 2020 3793 Thes.
2064 3739 2106 3806 Ι,
2145 3737 2298 3808 230.)

310 3860 440 3916 Hec
461 3859 692 3932 epistola
723 3860 924 3932 scripta
963 3860 1182 3916 videtur
1210 3861 1500 3934 occasione
1529 3878 1778 3934 censurae
1811 3861 2058 3933 Gregorii
2102 3861 2194 3934 Vll
2244 3876 2449 3934 papae,
2462 3857 2558 3934 qui
2591 3863 2650 3912 ut
2689 3853 3097 3934 incontinentes
3149 3849 3567 3934 sacerdotesﬂad

237 3948 431 3987 sanam
465 3921 712 4006 mentem
736 3921 1045 4006 revocaret,
1090 3933 1264 3989 vetuit
1293 3950 1363 4006 ne
1393 3934 1516 4005 quis
1557 3932 1800 4006 ﬁdelium
1845 3921 2036 3988 eorum
2091 3921 2290 3986 missas
2318 3921 2580 3996 'au'dirct,
2623 3927 2798 4006 multo
2844 3925 3028 4006 minus
3085 3939 3154 4002 ne
3194 3921 3570 4006 ecclesiastica

237 4010 586 4077 sacramenta
604 4003 895 4074 Γοθίβθτθι-
930 3996 1097 4077 Quam
1129 3996 1458 4077 sententiam
1492 4006 1622 4059 dum
1652 4005 1984 4077 impugnare
2010 4011 2238 4059 conatur
2266 4010 2475 4069 noster,
2507 4016 2617 4056 non
2647 4013 2756 4054 uno
2788 3997 2842 4051 in
2871 3996 2991 4051 loco
3047 3996 3230 4047 minus
3259 3998 3407 4046 recte
3436 4007 3568 4046 sen-

238 4075 323 4130 tit.
361 4074 426 4129 Et
447 4075 552 4130 hoc
580 4090 802 4147 quoque
841 4076 1164 4147 opusculum
1197 4076 1564 4132 omittendum
1594 4074 1877 4131 duximus.
1911 4076 2059 4130 Emr.

241 4200 3556 4229 ______________________________________________

1416 4302 2406 4410 SIGEIH‘JRTI

242 4473 586 4555 Responsio
629 4473 706 4536 ad
752 4475 1079 4556 epistolam
1127 4476 1538 4542 Hildebrandi
1578 4499 1770 4573 quam
1820 4479 2074 4620 solripsit.
2106 4478 2186 4541 ad
2225 4477 2680 4539 Herimannum
2737 4475 3068 4538 Metensem
3124 4473 3189 4533 in
3237 4463 3561 4548 potestatis

1570 4579 1756 4620 regiae
1798 4578 1870 4620 ca
1903 4577 2184 4620 ummam

1570 4579 1756 4642 regiae
1798 4577 2184 4622 calumniam

1171 4677 1309 4732 Vide
1332 4693 1520 4749 supra,
1555 4681 1613 4734 in
1644 4680 2054 4747 Prolegomenis,
2086 4680 2182 4735 col.
2216 4678 2304 4745 16,
2336 4682 2519 4732 notam
2547 4676 2635 4733 40.

243 4982 1481 5110 FRAGMENTUM
1569 4985 2383 5110 RHYTHMI
2468 4985 2699 5110 DE
2795 4982 2939 5106 S.
3036 4973 3554 5103 LUCIA

1261 5192 1826 5282 AUCTORE
1889 5191 2542 5282 SIGEBERTO

1127 5351 1298 5420 (Apud
1327 5350 1553 5407 MABILL.
1573 5353 1783 5408 Annal.
1817 5352 2038 5420 Bened.,
2069 5361 2201 5408 tom.
2238 5353 2323 5421 ιν,
2365 5369 2490 5426 pag.
2516 5350 2666 5422 372.)

299 5613 376 5668 Ad
417 5611 1263 5689 monasterium_l.intburgense,
1298 5614 1354 5667 in
1385 5615 1610 5689 dioecesi
1640 5617 1909 5689 Spirensi,
1949 5632 2096 5689 anno
2128 5618 2266 5689 ιοιί
2305 5618 2578 5673 translatae
2605 5621 2744 5689 sunt
2772 5605 3476 5689 sanctze__l.uciie_virginis
3502 5609 3561 5689 et

231 5683 485 5756 martyris
515 5681 790 5754 reliquiae,
823 5681 1451 5756 Heinrico’imperatori,
1506 5681 1740 5746 Conradi
1783 5681 1951 5747 Salici
1981 5687 2119 5757 ﬁlio,
2177 5688 2324 5746 dono
2377 5689 2516 5744 datae
2543 5704 2576 5744 a
2603 5683 2947 5743 Theodorico
2987 5681 3238 5738 Mettensi
3269 5681 3554 5748 episcOpo,
