3960 6198
366 302 464 355 831
1101 301 1443 357 SIGEBEBTI
1484 300 1974 358 GEMBLACENSIS
2013 300 2462 357 FRAGMENTUM
2503 301 2585 356 DE
2627 302 2681 358 S.
2727 301 2956 358 LULLO.
3592 305 3704 359 832

368 429 461 501 qui
501 446 595 485 eas
622 446 684 484 ex
716 431 901 487 Sancti
927 432 1193 488 Vincentii
1223 432 1565 487 monasterio
1596 431 1827 502 accepit,
1854 431 1934 486 uti
1967 446 2069 486 nos
2102 431 2302 485 docent
2331 430 2814 502 Lintburgensium
2869 433 3259 488 monachorum
3295 433 3397 488 hac
3428 435 3498 489 de
3528 451 3586 488 re
3619 435 3705 489 lit-

369 510 519 566 tcrte,
542 518 691 577 Aquas
720 503 823 558 hoc
852 504 972 558 loco
1000 504 1204 577 referre
1239 519 1350 557 non
1379 504 1618 577 pigebit:
1653 504 1933 577 Cgmwbitis
1973 503 2114 577 beati
2173 504 2438 577 Vincentii
2464 506 2753 577 etSanctaz
2792 506 2990 569 Lucice,
3020 507 3190 559 vinea:
3225 507 3426 560 scilicet
3459 509 3555 560 Dei
3583 508 3699 559 ele-

368 578 481 626 ctce.
526 575 934 641 Lintburgensis
962 576 1185 630 carnobii
1221 591 1358 643 greci:
1385 575 1637 644 pusillus,
1671 576 1863 642 dignos
1905 579 2006 629 Deo
2029 576 2208 640 facere
2246 576 2476 641 fruetus.
2515 576 2718 642 Pignus
2760 577 3115 644 reliquiarum
3183 582 3384 631 sancta:
3430 580 3703 643 martyris

368 645 548 698 Luciw
574 650 781 718 noverit
804 652 977 701 vestra
1001 649 1324 713 fraternitas
1354 662 1448 700 nos
1478 649 1623 700 omni
1650 650 1889 715 pretiosa
1914 647 2223 713 margarita
2242 646 2532 700 amabilius
2561 646 2868 716 possidere;
2901 647 2989 701 sed
3019 663 3122 717 quo
3168 649 3323 701 modo
3358 653 3407 703 et
3436 665 3469 702 a
3490 650 3698 718 quibus

364 719 613 784 personis
643 717 717 769 ad
738 732 833 771 nos
864 720 1190 773 translatum
1228 721 1320 781 sit,
1353 722 1495 771 certa
1524 718 1672 771 vobis
1692 719 1833 771 ratio
1861 732 1959 785 pro
1986 721 2175 771 nostra
2212 719 2547 785 experientia
2572 719 2798 785 patebit.
2836 720 3272 773 Diummemoriae
3301 717 3529 774 domnus
3556 722 3703 776 Con-

374 787 546 860 radus
576 789 894 856 imperator,
927 806 1045 843 cum
1075 790 1300 858 conjuge
1337 804 1437 842 sua
1462 788 1631 849 Gisia,
1673 789 2046 841 devotissimus
2091 791 2261 860 nostri
2290 789 2392 841 loci
2445 791 2651 843 exstitit
2677 790 2947 855 fundator
2993 795 3157 859 atque
3198 795 3558 853 constructor;
3593 806 3705 860 quo

372 858 802 931 adhucrivente,
843 865 1023 930 cripta
1049 866 1097 915 et
1126 861 1373 931 quaedam
1393 862 1708 913 monasterii
1733 861 1937 913 altaria
1965 863 2089 912 sunt
2113 859 2382 913 dedicata.
2416 862 2494 913 Eo
2521 864 2699 914 autem
2727 876 2794 914 ea:
2823 862 2923 915 hac
2947 858 3375 929 luce'mtgrante,
3400 878 3522 916 cum
3546 858 3705 931 ﬁlius

374 930 493 997 ejus
527 927 806 983 Heinricus
829 927 1063 985 camitem
1093 927 1263 987 locum
1292 947 1397 985 non
1412 934 1590 985 minus
1620 931 1855 985 studiose
1874 933 2233 1002 reparaverit‘,
2248 931 2521 999 plerisque
2542 936 2853 987 sanctorum
2872 934 3117 1001 reliquiis
3142 927 3299 1000 longe
3320 933 3529 1002 lateque
3547 927 3701 988 ’ροη-

373 1003 635 1073 gregatis,
667 1004 827 1055 etiam
854 1008 1055 1057 sanctae
1082 1005 1260 1058 Lucize
1288 1003 1571 1056 brachium
1596 1018 1630 1055 a
1661 1003 2001 1067 Theoderico,
2030 1000 2256 1055 secundo
2284 1004 2564 1073 Mettensis
2588 1004 2839 1057 Ecclesia:
2870 1000 3139 1073 pontifice.
3178 1007 3374 1073 petivit
3421 1000 3467 1057 et
3520 1008 3703 1073 impe-

371 1075 554 1125 trarit.
584 1072 695 1137 Quo
723 1074 794 1125 ad
812 1088 924 1138 nos,
966 1076 1083 1143 ipso
1110 1075 1340 1143 prwsule
1368 1074 1650 1140 deferente,
1684 1074 1970 1129 translato.
2001 1074 2188 1138 ferunt
2216 1072 2291 1125 ad
2338 1076 2838 1141 comprobationem,
2872 1072 2940 1129 isi
2980 1077 3146 1129 Lueia
3190 1072 3490 1129 Siciliensis
3529 1072 3701 1139 esset,

372 1158 493 1215 eum
533 1143 591 1195 id
621 1160 655 1196 a
685 1147 907 1198 Domino
932 1147 1176 1213 precibus
1200 1152 1552 1215 qucereretur,
1585 1147 1859 1203 simorum
1888 1145 2109 1197 indiciis
2147 1144 2497 1198 declaratum.
2532 1146 2639 1200 Sed
2684 1151 2732 1199 et
2758 1148 3009 1200 hactenus
3036 1162 3129 1213 per
3154 1146 3271 1213 ejus
3301 1149 3697 1215 opitulationes

374 1214 669 1268 multm'um
690 1218 829 1283 ﬁunt
858 1214 1236 1285 infimuitatum
1253 1220 1572 1271 curationes.
1609 1216 1785 1284 Hujus
1811 1216 2007 1269 addita
2026 1218 2385 1280 veneratione,
2412 1220 2649 1270 nostrum
2666 1219 2918 1287 templum
2939 1220 2998 1271 in
3023 1219 3217 1271 honore
3233 1214 3432 1271 sancta:
3450 1220 3633 1273 erucis
3657 1224 3706 1272 et

374 1289 567 1357 sancta:
597 1288 787 1339 Maria:
814 1303 1022 1356 semper
1049 1291 1304 1356 virginis,
1346 1294 1395 1341 et
1445 1290 1617 1342 sancti
1645 1289 1870 1340 Joannis
1896 1287 2233 1352 evangelista:
2287 1291 2364 1340 est
2402 1288 2725 1341 dedicatum.
2764 1292 2837 1343 De
2865 1289 3019 1357 cujus
3047 1292 3210 1355 gestis
3257 1306 3363 1343 non
3385 1296 3510 1344 sunt
3545 1290 3707 1343 nobis

373 1356 469 1429 alii
494 1371 777 1421 sermones,
799 1362 1021 1427 accepta
1049 1360 1197 1414 illius
1224 1360 1321 1413 sub
1343 1360 1629 1413 Paschasio
1654 1359 1964 1426 proconsule
1981 1360 2247 1426 passione.
2280 1359 2474 1424 Quam,
2497 1363 2557 1413 ut
2574 1356 2957 1428 spopondistis,
2989 1362 3202 1413 metrice
3227 1364 3572 1429 compositam
3599 1377 3699 1415 no-

376 1425 454 1478 bis
488 1431 851 1481 transmittere
877 1425 1196 1496 dignemini,
1223 1434 1282 1484 ut
1302 1431 1452 1484 illius
1473 1425 1729 1497 praelari
1756 1425 2147 1499 participemur
2173 1430 2422 1498 opusculi
2430 1475 2437 1489 ,
2473 1425 2631 1498 cujus
2661 1425 2773 1483 una
2803 1432 3071 1485 vobiscum
3118 1425 3352 1499 pretiosi
3375 1446 3709 1500 composses-

372 1512 514 1572 seres
551 1514 734 1572 sumus
764 1502 1088 1569 corpusculi.
1135 1503 1317 1556 Valete
1356 1504 1413 1555 in
1444 1504 1684 1572 Domino,
1700 1502 1905 1567 fratres
1932 1500 2292 1572 dilectissimi,
2321 1505 2522 1572 sanctae
2561 1503 2742 1556 Lucida
2769 1508 2817 1556 et
2848 1506 3084 1557 omnium
3114 1508 3425 1557 sanctorum
3453 1505 3711 1572 precilus

375 1568 576 1645 adjuti.
610 1591 632 1617 υ
676 1568 946 1645 Ilacteuus
972 1572 1205 1645 epistola
1239 1570 1740 1645 Linlburgensiurp,
1774 1587 1841 1625 ex
1871 1571 2067 1645 co_dice_
2099 1571 2586 1645 SanctiVincentii
2623 1589 2654 1626 a
2685 1574 2845 1628 nobis
2877 1580 3051 1627 eruta.
3086 1573 3299 1641 Scripta
3324 1583 3409 1629 est
3430 1568 3559 1644 post
3589 1575 3705 1628 ini-

373 1638 519 1715 tium_
548 1641 734 1715 saeculi
770 1638 1104 1715 duodecinii,
1130 1659 1239 1713 quo
1270 1638 1521 1715 tempore
1550 1641 1885 1713 Sigebertus,
1920 1642 2333 1715 Gemhlaeensis
2364 1644 2685 1715 monachus,
2722 1645 2813 1715 qui
2848 1644 3058 1699 litteras
3087 1638 3234 1715 apud
3277 1638 3537 1699 Sanctum
3570 1645 3706 1699 Vin-

374 1710 617 1790 centium
643 1712 845 1790 docuit,
879 1710 1163 1790 rliylinum'
1187 1716 1256 1768 de
1294 1710 1480 1790 saneta
1512 1710 2040 1790 Luciaeomposuil,
2082 1714 2239 1781 cujus
2268 1714 2482 1785 cepiam
2525 1716 2625 1771 Inc
2655 1710 2887 1787 epistola
2920 1710 3198 1787 postulant
3244 1716 3701 1790 Lintburgcuses.

382 1779 495 1834 Huc
536 1791 747 1851 spectat
774 1779 1046 1854 Sigeberti
1076 1801 1264 1839 versus
1292 1785 1582 1856 rliythmici
1611 1784 1703 1855 qui
1736 1779 2057 1855 sequuntur.

1479 1914 1582 1967 Pro
1611 1915 1718 1965 tam
1751 1912 1913 1966 beatae
1935 1915 2160 1982 pignore
2189 1915 2421 1980 virginis

1482 2002 1547 2058 Se
1571 2003 1880 2069 gloriantur
1914 2005 2212 2072 participes
2237 2004 2353 2070 fore

1624 2096 1687 2148 In
1717 2094 1969 2148 laudibus
2001 2094 2210 2150 Christo
2249 2095 2507 2149 canendis

1621 2187 1867 2241 Ecclesiae
1891 2187 2120 2255 parochi
2149 2190 2441 2257 Spirensis.

1493 2283 1560 2334 Te
1588 2282 1705 2334 dico
1736 2276 2030 2335 Lintburch
2070 2279 2279 2330 nomine
2308 2279 2529 2344 nobilis,

1481 2368 1738 2422 Fundata
1757 2369 1960 2421 summi
1995 2367 2218 2422 servitio
2242 2368 2446 2431 Patris,

1630 2458 1794 2510 Manu
1822 2454 2108 2511 Cuunradi
2145 2459 2484 2527 imperantis,

1618 2547 1796 2614 Ipsius
1819 2551 1865 2599 et
1905 2545 2085 2599 Gisilm
2115 2551 2330 2619 jugalis

1486 2640 1614 2692 (lum
1651 2638 1823 2691 multa
1851 2642 2060 2692 comant
2097 2640 2327 2693 ecclesiw
2355 2641 2534 2703 decus,

1494 2729 1623 2795 Qua;
1653 2730 1811 2797 larga
1841 2745 2021 2797 regum
2043 2733 2339 2787 contulerat
2364 2750 2561 2788 manus

1626 2824 1723 2879 Nil
1763 2827 1871 2877 tam
1896 2825 2071 2893 pium,
2102 2827 2184 2879 nil
2221 2830 2332 2881 tam
2362 2828 2607 2881 decorum

1623 2917 1769 2969 Inter
1792 2916 1974 2983 opima
2004 2919 2145 2969 tenes
2176 2915 2455 2980 bonorum,

1489 3007 1665 3070 Quam
1692 3010 1883 3060 sancta
1909 3010 2107 3060 sancta:
2127 3006 2363 3073 pignora
2401 3005 2658 3071 rirginis,

1491 3099 1663 3164 Quam
1694 3098 1854 3152 laude
1882 3098 2156 3152 nobiscum
2188 3093 2381 3147 celebri
2395 3093 2524 3148 colis
2556 3111 2573 3147 :

1640 3191 1743 3243 Vos
1785 3190 2006 3243 brachio
2034 3190 2204 3243 Lucia
2232 3188 2364 3253 solo,

1637 3276 1870 3348 Corpore
1898 3294 1990 3332 nos
2020 3282 2201 3332 sacrat
2230 3279 2353 3346 ipsa
2385 3281 2510 3331 toto.

1505 3369 1665 3422 Vobis
1682 3369 1776 3422 hoc
1806 3367 2236 3437 Henrichjunior
2263 3368 2472 3434 attulit,

1495 3457 1658 3513 Nobis
1689 3458 1953 3512 Deodrich
1971 3459 2165 3526 junior
2192 3459 2446 3522 abstulit;

1635 3547 1914 3613 Augustus
1943 3549 2177 3602 Henrich
2214 3548 2502 3615 gloriosus,

1634 3638 1999 3708 Deodrirhque
2027 3638 2166 3692 stola
2191 3636 2438 3691 decorus.

467 3724 526 3776 Et
560 3723 611 3775 iu
648 3722 755 3777 line
787 3734 977 3780 auctor
1010 3744 1022 3779 :

1491 3823 1684 3887 Lucia,
1711 3826 1924 3888 martyr
1950 3822 2115 3887 fortis
2154 3825 2203 3875 et
2231 3821 2456 3889 inclyta,

1491 3917 1685 3981 Lucia,
1709 3917 1861 3982 virgo
1890 3915 2087 3969 nobilis
2118 3918 2167 3967 et
2184 3915 2299 3982 pia.

1635 4009 1719 4062 Me
1747 4022 1831 4060 me
1850 4007 2118 4061 misellum
2146 4006 2481 4073 Sigebertum

1638 4098 1880 4152 Emtrahe
1909 4097 1977 4151 ab
2000 4097 2213 4165 ignibus
2238 4096 2559 4163 inferorum.

393 4298 645 4305 ——._..__
654 4299 3063 4307 _WMﬂ_-_mmW—_
3074 4299 3167 4304 _—

827 4490 2059 4619 FRAGMENTUM
2144 4492 2376 4618 DE
2460 4492 2605 4617 S.
2697 4491 3288 4619 LULLO

674 4724 851 4798 (Apud
900 4723 1119 4778 MABILL.
1191 4726 1333 4779 Acta
1373 4725 1468 4782 SS.
1525 4723 1657 4780 0rd.
1707 4726 1747 4781 S
1824 4727 2037 4793 Bened.,
2096 4734 2226 4780 tom.
2274 4724 2360 4792 ιν,
2413 4740 2539 4798 pag.
2592 4724 2727 4791 392,
2785 4724 2839 4778 in
2896 4722 3086 4796 Elogio
3137 4723 3191 4778 S.
3255 4725 3440 4793 Lulli.)
3524 4765 3545 4773 ς

461 5006 631 5058 Litem
651 5003 716 5057 de
720 5002 1108 5071 jurisdictione
1135 5002 1440 5056 monasteri:
1472 5000 1753 5057 Fuldensis
1778 5001 1996 5057 Lnllum
2027 5002 2171 5055 inter
2197 5004 2249 5055 et
2280 5000 2576 5056 Sturmium
2603 4997 2851 5071 abbatem
2877 4999 3259 5071 intercessisse,
3305 5014 3400 5053 nec
3432 5004 3727 5056 contentio-

392 5076 453 5128 ni
479 5075 635 5128 bilem
662 5070 917 5140 defuisse,
942 5079 1003 5128 ut
1023 5077 1085 5143 ﬁt
1104 5076 1166 5128 in
1195 5074 1466 5128 similibus
1493 5087 1693 5137 causis,
1722 5088 1951 5143 pronum
1990 5077 2068 5126 est
2095 5072 2323 5126 credere.
2360 5073 2430 5126 Et
2451 5070 2579 5124 dum
2608 5070 2897 5143 ’Sturmius
2927 5070 3063 5137 jura
3088 5073 3404 5123 monasterii
3442 5075 3535 5125 sui
3560 5090 3595 5125 a
3624 5076 3730 5128 Ro-

391 5149 567 5199 manis
595 5148 937 5214 pontiﬁcibus
969 5142 1233 5210 concessa,
1254 5161 1442 5212 regum
1464 5142 1785 5199 auctoritate
1813 5146 2050 5207 munita,
2080 5147 2294 5197 strenue
2317 5147 2654 5214 propugnat,
2674 5145 2858 5194 exorta
2875 5142 3023 5194 inter
3042 5156 3097 5214 se
3118 5156 3346 5214 suosque
3370 5143 3725 5204 dissensione.

388 5231 523 5286 pars
561 5211 716 5271 Iullo
739 5211 1150 5286 metropolitano
1180 5211 1440 5281 blandiri,
1470 5218 1701 5270 crimina
1730 5217 1969 5272 Sturmio
1989 5217 2269 5284 affingere.
2312 5211 2438 5280 Qua:
2480 5214 2573 5286 ille
2601 5212 2730 5286 dum
2747 5214 2922 5286 nimis
2953 5211 3203 5286 credulus
3217 5213 3403 5286 _(quod
3424 5215 3625 5268 vitium
3662 5218 3719 5268 in

392 5282 628 5341 homines
659 5282 938 5342 commotos
967 5288 1130 5354 facile
1154 5288 1321 5359 cadit)
1349 5289 1427 5359 art
1448 5303 1623 5355 regem
1653 5288 1846 5355 defert,
1876 5282 2100 5340 invidia:
2136 5284 2495 5359 notamiapud
2525 5283 2988 5359 S_turmii_amicgs
3014 5287 3067 5359 _et
3099 5282 3410 5359 laudatores
3442 5287 3653 5359 retulit,
3679 5294 3723 5339 et

392 5360 637 5424 forsitan
659 5360 724 5413 ob
745 5359 884 5413 hanc
915 5353 1135 5412 causam
1164 5353 1499 5413 male'audiit
1517 5353 1675 5427 apud
1714 5353 2024 5413 Adrianum
2060 5371 2283 5425 papam.
2326 5357 2521 5410 Verum
2550 5356 2702 5420 longe
2727 5354 2886 5427 aliter
2914 5353 2980 5406 de
3007 5354 3103 5407 hoc
3130 5355 3276 5419 facto
3307 5358 3478 5409 sensit
3517 5372 3723 5425 anony-

390 5445 509 5483 mus
538 5431 1001 5494 Gemmelacensis,
1040 5431 1177 5485 Vita:
1219 5431 1451 5483 Lutlanm
1479 5426 1730 5499 scriptor,
1764 5444 1919 5499 quem
1949 5429 2296 5495 Sigebertnm,
2324 5427 2440 5495 ejus
2466 5426 2575 5499 loci
2594 5426 2932 5499 monachum,
2960 5439 3070 5477 esse
3095 5427 3360 5494 suspicor,
3385 5430 3487 5495 qui
3511 5430 3721 5497 exposi-

392 5505 449 5555 ta
479 5503 840 5576 translatione
865 5503 1101 5570 corporis
1132 5502 1187 5556 S.
1216 5502 1492 5568 Bonifacii
1518 5498 1873 5556 in'Fulde’nse
1909 5502 2313 5564 monasterium,
2348 5500 2455 5552 hac
2493 5498 2673 5551 subdit
2705 5514 2721 5548 :

464 5632 556 5687 llis
586 5628 756 5684 rebus
785 5625 931 5679 bene
954 5642 1026 5681 ex
1043 5627 1317 5682 sententia
1350 5627 1540 5698 gestis,
1571 5625 2022 5697 archiepiscopus
2042 5639 2263 5679 omnem
2288 5634 2513 5692 operam
2546 5633 2699 5673 suam
2731 5617 2783 5671 iu
2817 5616 2996 5672 locum
3022 5615 3198 5685 ipsum
3226 5615 3490 5673 intendit.
3525 5618 3716 5672 Verum

392 5737 457 5777 ea
494 5723 662 5795 longe
691 5717 850 5772 aliter
870 5733 1033 5789 quam
1065 5718 1183 5788 ipse
1220 5733 1321 5788 spe
1360 5725 1709 5786 conceperat,
1733 5733 1969 5773 cessere.
2003 5720 2133 5774 Nam
2161 5716 2398 5774 Sturmio
2432 5715 2658 5787 quidam
2700 5711 2922 5767 nomine
2953 5717 3084 5765 tunc
3116 5718 3352 5782 praeerat
3382 5711 3715 5769 monasterio
