3960 6198
250 309 357 367 833
1189 308 1536 365 CHRONICE
1572 308 1995 366 POLONORUM.
2036 340 2105 351 —
2144 310 2644 367 PROLEGOMENA.
3451 315 3581 371 .83’t

251 441 336 495 vir
374 438 696 495 excellentis
727 438 934 513 ingenii
968 455 1029 494 ac
1059 438 1430 511 praedicanda
1458 440 1788 507 sanctitatis,
1817 438 1917 496 sed
1955 441 2300 496 vehementis
2337 441 2567 495 nimium
2607 457 2670 497 ac
2709 441 2909 497 ferocis
2954 451 3186 500 naturae.
3239 446 3291 500 ls
3334 446 3584 503 animum

252 532 485 587 fratrum
527 530 881 597 sollicitabat,
914 546 1276 586 commonens
1302 532 1444 587 hanc
1476 530 1754 603 pontiﬁcis
1785 529 1923 586 Lulli
1951 528 2097 583 circa
2125 544 2184 583 se
2205 528 2438 603 gratiam
2472 528 2733 583 aliorsum
2774 539 3024 600 spectare
3050 549 3214 605 quam
3256 535 3359 605 ipsi
3391 536 3587 606 opina-

256 631 469 678 rentur.
507 623 596 677 llis
630 629 798 694 atque
851 621 1169 690 huiusmodi
1212 623 1565 679 sermonibus
1595 641 1626 678 a
1678 624 1841 679 beato
1875 619 2027 676 Lullo
2060 619 2276 675 animos
2303 618 2529 675 fratrum
2571 619 2851 688 alienavit,
2882 629 2937 677 et
2968 623 3101 677 nihil
3140 627 3442 696 suspicanti
3475 644 3587 683 non

254 712 592 767 mediocrem
623 710 891 765 invidiam
923 710 1201 766 conﬂavit.
1236 712 1507 767 Praeterea
1540 729 1649 769 non
1682 710 1953 768 mediocri
1983 710 2146 765 taedio
2174 708 2287 777 jam
2319 709 2420 764 viri
2461 709 2557 764 Dei
2588 708 2934 766 afficiebatur
2960 712 3197 779 animus,
3228 730 3352 770 cum
3381 717 3591 773 videret

256 812 338 859 tot
378 813 669 877 tantosque
702 804 918 860 labores
947 821 1079 860 suos
1105 804 1383 862 incassum
1415 807 1668 875 efﬂuere,
1719 802 2008 863 beneficiis
2040 798 2301 854 invidiam
2336 814 2448 854 non
2500 798 2806 872 exstingui;
2838 807 3097 856 extremae
3137 818 3268 858 vero
3295 804 3593 862 dementiae

257 910 404 961 esse,
445 895 578 951 huic
602 893 723 950 loco
758 900 936 949 tantas
963 910 1145 949 rerum
1185 896 1466 968 impensas
1495 897 1615 951 sine
1646 896 1826 952 fructu
1859 897 1904 952 in

2011 906 2158 957 nere,
2200 889 2403 963 quibus
2438 890 2546 945 alio
2576 890 2631 944 in
2675 891 2795 946 loco
2841 907 3086 963 perenne
3132 892 3445 950 devotionis
3481 913 3594 952 suae

258 993 682 1041 monumentum
724 982 897 1054 possit
934 989 1236 1039 exstruere.
1267 984 1441 1039 Locus
1486 990 1672 1039 autem
1700 990 1816 1040 erat
1846 985 1899 1040 in
1932 985 2070 1041 silva
2103 986 2422 1050 Buchoniaa,
2456 985 2541 1041 cui
2575 984 2893 1043 ilerollofelt
2926 1002 3124 1044 nomen
3161 989 3364 1047 indidit
3407 999 3595 1065 poste-

260 1078 415 1145 ritas,
446 1077 772 1133 habitationi
816 1077 1215 1132 monachorum
1266 1087 1732 1150 pempportunus.
1766 1079 1826 1133 In
1867 1079 1973 1135 hoc
2010 1079 2183 1134 abbas
2240 1079 2503 1142 Sturmio,
2533 1088 2781 1150 tempore
2826 1096 2938 1152 quo
2966 1082 3145 1153 primo
3183 1084 3254 1139 ad
3285 1085 3588 1142 solitariam

260 1170 686 1240 silvemtresque
713 1167 881 1223 vitam
912 1184 1035 1223 cum
1065 1167 1283 1225 fervore
1312 1169 1541 1240 spiritus
1572 1170 1910 1241 praecipitem
1935 1170 2151 1245 agebat,
2194 1170 2540 1238 consederat,
2584 1186 2647 1226 ac
2674 1172 2849 1227 erutis
2874 1174 3088 1228 arbutis
3120 1191 3313 1246 parvas
3344 1178 3450 1232 sibi
3480 1178 3596 1233 fra-

260 1259 549 1331 tribusque
574 1257 800 1313 cellulas
830 1272 996 1327 Opere
1017 1256 1270 1328 impolito
1303 1265 1705 1325 construxerat,
1726 1274 2035 1330 novemque
2067 1275 2241 1315 annos
2268 1259 2379 1329 jam
2407 1259 2482 1314 ibi
2510 1261 2807 1316 evolverat.
2833 1261 2939 1316 Sed
2965 1262 3189 1319 beatum
3224 1265 3591 1332 Bonifacium,

264 1351 394 1407 licet
421 1363 675 1404 amoenus
713 1346 818 1402 loci
871 1347 1009 1402 situs
1034 1346 1281 1402 alliceret
1311 1355 1366 1403 et
1392 1364 1549 1419 aqua:
1579 1347 1983 1419 opportunitas,
2017 1348 2249 1405 offendit
2275 1359 2456 1407 tamen
2488 1351 2630 1408 latus
2669 1353 2982 1429 contiguum
3014 1355 3339 1424 Saxonibus,
3364 1359 3455 1430 qui
3498 1360 3599 1414 ad-

263 1442 374 1495 huc
404 1437 635 1510 paganis
675 1436 874 1491 ritibus
902 1436 1250 1502 tenebantur,
1286 1441 1340 1490 et
1371 1436 1699 1507 plerumque
1736 1436 1793 1489 in
1826 1434 2128 1492 Christiana
2156 1438 2277 1495 loca
2315 1440 2499 1495 caedes
2539 1440 2825 1496 hominum
2855 1450 2908 1496 et
2938 1444 3406 1516 depOpulationes
3432 1465 3599 1523 agro-

266 1548 386 1587 rum
420 1546 531 1586 non
562 1530 809 1585 modicas
839 1528 1063 1584 dabant.
1109 1529 1174 1584 Ut
1209 1529 1377 1603 igitur
1424 1530 1567 1584 hanc
1598 1529 2105 1587 incommoditatem
2134 1534 2459 1600 evaderent,
2512 1535 2673 1589 altius
2702 1535 2755 1590 in
2798 1538 3130 1594 Boehoniam
3165 1541 3483 1599 tendentem
3515 1545 3598 1601 lo-

270 1637 419 1686 cum,
460 1635 571 1692 quo
610 1635 759 1674 nunc
806 1618 1080 1674 Fuldense
1125 1619 1519 1675 monasterium
1571 1619 1930 1691 conspicitur,
1986 1631 2412 1694 occupaverunt.
2476 1625 2647 1682 Locus
2696 1637 2876 1682 autem
2921 1629 3301 1687 Herveldensis
3347 1634 3598 1690 tradente

267 1713 432 1767 beato
464 1708 746 1766 Bonifacio
776 1708 832 1763 in
864 1709 1147 1780 prOprium
1172 1709 1345 1764 cessit
1369 1715 1560 1765 sancto
1595 1709 1768 1774 Lullo,
1800 1710 1893 1781 qui
1929 1711 2043 1780 jam
2066 1720 2196 1768 tunc
2221 1713 2448 1770 forsitan
2477 1716 2836 1771 construendi
2877 1717 2991 1773 illic
3019 1723 3339 1777 monasterii
3372 1723 3599 1780 deside-

271 1806 413 1860 rium
445 1803 630 1857 animo
662 1808 1012 1872 conceperat.
1047 1802 1106 1856 In
1139 1801 1285 1857 hunc
1323 1816 1457 1875 ergo
1491 1801 1667 1857 locum
1702 1816 1897 1857 omnes
1922 1803 2111 1874 copias
2142 1822 2270 1861 suas
2301 1806 2475 1870 dedit,
2505 1823 2569 1862 ac
2597 1822 2767 1878 apere
2805 1810 2917 1883 egit
2951 1810 3184 1866 succisis
3208 1813 3486 1884 profusius
3511 1833 3603 1871 ar-

269 1894 468 1962 bustis,
493 1900 550 1949 ut
576 1891 863 1964 amplioris
885 1892 1201 1947 monasterii
1232 1890 1496 1946 fratribus
1525 1891 1713 1946 laxans
1742 1891 2002 1963 spatium,
2012 1894 2326 1972 jpsumque
2360 1896 2662 1951 cultoribus
2688 1896 2941 1952 {BdlﬁCliS
2975 1907 3257 1955 exstruere
3306 1919 3605 1979 aggressus

266 1989 359 2055 sit,
390 1984 658 2059 brevique
685 1992 932 2055 tempore
966 1983 1333 2039 Herveldense
1362 1998 1565 2039 nomen
1595 1983 1650 2037 in
1684 1983 2012 2040 immensum
2040 1988 2231 2062 gloriae
2254 2005 2318 2044 ac
2346 1988 2748 2063 magnitudinis
2786 1990 3006 2046 culmen
3033 1993 3226 2048 evasit.
3250 1993 3382 2050 Cum
3414 2004 3596 2052 autem

269 2080 467 2135 beatus
494 2079 684 2134 Lullus
713 2078 781 2134 ab
811 2077 1039 2133 exordio
1064 2077 1197 2146 jacti
1225 2077 1570 2133 fundamenti
1600 2077 1891 2133 ecclesiam
1937 2077 2256 2134 monasterii
2288 2077 2467 2132 beatis
2502 2077 2765 2149 apostolis
2789 2078 3003 2135 Simoni
3036 2088 3091 2136 et
3146 2083 3384 2140 Thadieo
3416 2086 3608 2141 attitu-

270 2169 461 2237 lasset,
494 2168 743 2243 angelica
768 2168 824 2223 in
855 2169 1065 2224 somnis
1084 2183 1217 2225 voce
1242 2175 1328 2224 est
1357 2167 1693 2237 admonitus,
1721 2174 1780 2223 ut
1805 2184 2009 2242 corpus
2037 2166 2181 2222 beati
2215 2165 2480 2222 Wicberti
2507 2181 2575 2222 eo
2602 2167 2940 2223 transferret.

280 2322 3603 2358 Μ

1648 2451 1791 2491 ANNO
1832 2450 2024 2492 DOMINI
2066 2451 2213 2489 ICXII
2229 2480 2239 2489 .

298 2587 1796 2749 CHRONICAE
1884 2583 3605 2745 POLONORUM

1762 2826 2140 2882 EDIDERUNT

658 2962 739 3048 J.
807 2893 1739 3050 SZLACHTOWSKI
1808 2959 1961 3047 ET
2028 2961 2139 3046 Β.
2213 2955 2698 3047 KOEPKE
2761 2957 2945 3044 PH.
3020 2958 3212 3045 DD.

891 3142 1069 3213 (Apud
1103 3106 1289 3209 Pearz,
1322 3144 1666 3198 Monumenta
1704 3142 2001 3198 Germanice
2028 3140 2312 3208 historica,
2346 3139 2548 3211 Script.
2583 3145 2620 3194 t.
2656 3138 2743 3204 1X,
2776 3155 2828 3209 p.
2862 3138 3009 3209 418.)

1764 3293 2153 3307 .—_-_

1292 3332 2632 3552 PROLEGOMENA

361 3637 507 3690 Ante
522 3635 615 3689 hos
642 3636 850 3688 centum
879 3646 1045 3685 annos
1061 3630 1398 3698 Godcfredus
1428 3629 1696 3701 Lengnich
1726 3628 1895 3684 Chro-
1923 3631 1973 3700 Α
2002 3626 2234 3701 Martini
2263 3625 2689 3701 Gallici_nomen
2725 3623 2823 3701 (1),
2878 3624 2993 3701 sed,
3029 3624 3315 3701 dolendum
3352 3639 3483 3679 sane
3518 3630 3615 3701 est,

286 3711 449 3764 nicon
471 3707 796 3762 Polonorum
822 3705 1103 3775 primusin
1126 3696 1301 3775 lucem
1330 3696 1703 3775 emisit,'qucd
1738 3703 1895 3775 Mar-
1923 3696 1973 3700 ’”
2001 3712 2135 3775 qua;
2158 3696 2539 3775 laudgtperba
2575 3696 2749 3775 illius,
2782 3698 2840 3748 in
2863 3698 3077 3775 nostris
3107 3697 3379 3775 codicibus
3409 3712 3516 3751 non
3545 3698 3620 3751 le-

286 3784 401 3834 tino
422 3779 638 3833 cuidam
657 3777 808 3832 Gallo
823 3772 1226 3829 uindicandum
1254 3788 1363 3827 esse
1390 3773 1498 3827 sibi
1519 3772 1899 3841 persuadebat.

296 3855 477 3920 Neque
499 3851 660 3903 aliter
683 3848 974 3902 videbatur
999 3846 1201 3920 edituri
1219 3845 1503 3920 posteriori
1528 3845 1571 3898 I.
1604 3845 1665 3920 Υ.
1697 3843 1904 3920 Bandt-

292 3914 401 3988 hic,
426 3923 523 3991 qui
545 3921 686 3975 idem
715 3920 1021 3991 Chronicon
1049 3932 1116 3971 es:
1143 3916 1507 3991 locupletiore
1522 3914 1699 3969 codice
1724 3918 1906 3991 nostro

293 3986 486 4050 swculo
513 3992 722 4062 publici
743 3992 892 4060 juris
918 3990 1069 4055 fecit;
1089 3993 1315 4058 postque
1338 4003 1421 4041 eos
1447 3986 1588 4062 idem
1616 4001 1807 4040 nomen
1835 3986 1905 4039 ab

293 4058 542 4121 omnibus
563 4065 699 4117 viris
726 4058 899 4116 doctis
926 4062 1211 4129 repetitum
1235 4063 1330 4123 est,
1363 4060 1461 4128 qui
1489 4058 1807 4129 Polonorum
1820 4071 1904 4111 res

284 4137 699 4206 antiquissimus
737 4128 1102 4206 illustrandas
1122 4131 1228 4185 sibi
1257 4128 1754 4206 sumpserur_at.__S_ed
1796 4142 1906 4182 non

286 4201 433 4264 sane
466 4208 616 4276 jure.
657 4207 798 4262 Nam
842 4217 1014 4273 neque
1041 4204 1270 4276 Martini
1324 4216 1493 4276 neque
1533 4201 1679 4276 galli
1718 4214 1907 4276 nomen

283 4284 431 4336 stare
458 4271 651 4347 potest,
681 4292 801 4331 cum
821 4291 855 4330 a
884 4271 1270 4347 recentioribus
1285 4271 1899 4347 scriptoribustradita,

282 4342 535 4407 omnibus
566 4342 763 4419 quibus
789 4348 925 4419 fides
952 4345 1202 4402 habenda
1237 4350 1316 4399 est
1343 4342 1757 4419 auctoritatibus
1815 4357 1902 4396 ca-

286 4427 460 4477 reant.
506 4416 743 4477 lie—enim
793 4418 958 4488 paulo
987 4418 1295 4471 accuratius
1346 4416 1679 4488 acuminata,
1732 4428 1902 4467 unum

285 4498 499 4550 tantum
526 4493 761 4546 invenies
789 4486 1130 4560 prasidium,
1171 4487 1337 4560 idque
1382 4487 1477 4541 hoc
1504 4486 1615 4540 loco
1636 4487 1718 4560 _in
1755 4500 1905 4538 sum-

286 4581 433 4621 mam
463 4556 854 4618 dubitationém
897 4562 1089 4614 merito
1126 4556 1440 4623 vocandum,
1499 4571 1604 4626 quo
1631 4556 1767 4609 hanc
1787 4571 1906 4610 sen-

288 4638 519 4691 tentiam
539 4634 787 4689 nonnulli
813 4634 955 4687 tueri
974 4645 1130 4701 posse
1171 4630 1280 4684 sibi
1302 4628 1627 4683 videbantur
1652 4644 1667 4701 3
1696 4631 1774 4701 est
1810 4626 1906 4701 hoc

292 4708 562 4776 Dlugossi,
591 4720 771 4761 rerum
796 4698 1172 4759 Polonican
1200 4701 1479 4776 scriptoris
1507 4698 1688 4754 sectili
1702 4698 1909 4776 decimi

290 4769 492 4850 quinti,
516 4778 904 4834 testimonium.
951 4776 1152 4831 Verum
1198 4769 1526 4841 est,’legitur
1567 4770 1717 4840 apud
1765 4769 1907 4823 hunc

2003 3773 2228 3836 guntur.
2272 3768 2403 3833 Quis
2441 3780 2563 3820 vero
2611 3767 2713 3820 tali
2750 3768 3069 3820 auctoritate
3123 3768 3435 3821 innitatur?
3488 3768 3619 3822 Cum

2003 3842 2176 3906 igitur
2202 3838 2407 3893 codices
2426 3840 2602 3891 nostri
2629 3852 2795 3904 neque
2822 3852 2986 3891 unum
3008 3852 3177 3906 neque
3205 3838 3437 3891 alterum
3479 3839 3619 3892 illud

2004 3926 2197 3965 nomen
2226 3910 2535 3971 exhibeant,
2562 3907 2860 3976 rejicienda
2882 3912 3007 3962 sunt
3037 3908 3192 3962 ambo
3217 3924 3232 3970 ;
3271 3924 3445 3977 neque
3473 3909 3621 3965 Galli

2005 3997 2200 4036 nomen
2223 3980 2560 4036 retinendum
2590 3979 2877 4033 videbatur
2899 3979 2962 4033 ob
2989 3994 3167 4048 pauca
3193 3979 3293 4033 illa
3318 3979 3497 4044 verba,
3531 3996 3621 4034 re—

2007 4057 2237 4108 centiore
2272 4067 2439 4107 manu
2468 4055 2718 4114 exarata,
2751 4065 2872 4119 qua
2909 4052 2970 4104 in
3008 4050 3187 4104 codice
3227 4050 3622 4117 Heilsbergensi

2000 4125 2120 4194 jam
2164 4124 2439 4193 deperdita
2497 4123 2810 4190 legebantur
2839 4121 2935 4190 (2),
2985 4136 3156 4190 neque
3183 4121 3248 4177 ob
3301 4124 3620 4177 mentionem

2006 4196 2157 4265 apud
2208 4196 2344 4249 alios
2378 4194 2698 4249 Polonorum
2732 4194 3017 4262 scriptores
3046 4196 3173 4247 ante
3225 4194 3620 4265 Lengnichium

2004 4264 2213 4335 factum
2237 4267 2325 4333 (3).
2362 4268 2503 4323 Nam
2532 4266 2627 4320 illo
2656 4265 2828 4319 altero
2855 4266 3073 4335 nomine
3106 4265 3222 4318 sine
3246 4264 3409 4319 dubio
3435 4269 3621 4321 aucto-

2000 4334 2080 4393 ris
2092 4342 2335 4409 patriam
2364 4338 2607 4391 indicare
2634 4338 2939 4409 voluerunt.
2974 4334 3080 4391 Sed
3101 4336 3210 4390 haec
3245 4338 3408 4409 etiam
3435 4336 3501 4389 de
3524 4352 3621 4405 pa-

2001 4407 2111 4465 tria
2133 4412 2357 4480 quaestio
2384 4424 2490 4463 non
2517 4410 2698 4462 minus
2721 4410 2801 4461 est
2827 4407 3064 4480 obscura
3100 4422 3264 4480 quam
3293 4408 3360 4480 de
3406 4410 3621 4480 nomine

2001 4482 2117 4535 illa.
2142 4477 2218 4535 7n
2249 4484 2365 4550 ipso
2395 4482 2537 4534 enim
2576 4480 2709 4532 libro
2749 4478 2981 4533 tenebris
3009 4479 3110 4531 via:
3138 4477 3487 4546 dispellendis
3520 4494 3617 4532 au-

2003 4557 2118 4607 ctor
2152 4552 2368 4606 videtur
2396 4567 2451 4607 se
2479 4553 2706 4609 texisse:
2736 4564 3012 4619 nusquam
3040 4551 3165 4618 quis
3188 4550 3376 4615 fuerit,
3416 4550 3499 4603 uel
3525 4550 3623 4604 ubi

2005 4627 2278 4678 terrarum
2291 4627 2451 4677 natus
2473 4624 2564 4686 sit,
2588 4622 2790 4691 apertis
2808 4620 2987 4673 verbis
3014 4620 3265 4674 tradidit.
3305 4622 3477 4675 Unum
3496 4636 3620 4675 vero

2004 4699 2084 4749 est
2119 4695 2260 4765 quod
2286 4694 2454 4749 nullis
2470 4692 3145 4765 dubitationibusconvelli
3166 4695 3358 4765 potest,
3385 4693 3617 4765 Polonus

2006 4782 2113 4821 non
2127 4762 2268 4834 erat,
2304 4765 2451 4837 quod
2468 4768 2583 4835 ipse
2599 4764 2776 4820 verbis
2796 4762 3053 4833 probavit
3081 4764 3195 4819 luce
3219 4762 3541 4819 clarioribus
3563 4766 3622 4818 in

1874 4892 2089 4950 NOTlE.

364 5015 438 5089 (l)
467 5013 714 5089 Dlugoss.
739 5010 900 5089 _llist'.
958 5007 1176 5089 Polon._,
1330 5005 1588 5089 l.ip§.,__l,
1643 5003 1741 5060 36:
1797 5006 1901 5089 Du
1929 5005 1980 5073 Β
2002 5006 2189 5089 cntum
2205 4997 2836 5089 esse.gi_\gliisl}lartinus
2878 4997 2972 5089 ille
3011 4997 3394 5089 Gallicgs‘non
3426 5005 3622 5057 auctor

290 5070 400 5143 cem
425 5070 604 5141 conuii
630 5084 766 5140 Lech
795 5095 1077 5152 superasse
1104 5070 1658 5154 Martinus-Gallicus
1685 5080 1903 5154 ‘auctor
1932 5070 1967 5073 ⁷
2003 5070 2481 5154 nostrimChron'ici,
2506 5070 2781 5154 sedalius
2809 5070 3035 5154 quidam
3051 5070 3350 5154 videbatur
3369 5084 3513 5151 esse.

290 5164 386 5215 est.
419 5158 461 5223 l,
500 5157 570 5211 65
594 5174 607 5210 :
632 5150 894 5214 Nonnulli
918 5156 1164 5207 asserunt
1193 5152 1332 5206 hunc
1361 5150 1647 5204 Leskonem
1672 5150 1733 5203 in
1751 5163 1899 5223 pra-

260 5235 267 5240 '
291 5233 364 5286 lio
394 5221 512 5284 cum
543 5229 748 5285 Cwsare
774 5226 970 5280 Κανοιο
992 5226 1191 5291 Magno
1215 5224 1349 5277 inito
1372 5224 1577 5275 victum
1607 5224 1656 5273 et
1675 5221 1903 5274 occisum

2075 5145 2146 5215 (2)
2175 5143 2342 5215 Teste
2375 5142 2714 5215 Lengnichio
2745 5142 2798 5196 in
2828 5140 3018 5215 fronte
3051 5140 3490 5215 Heilsbergensis
3519 5157 3617 5199 co-

2004 5212 2142 5270 dicis
2174 5213 2293 5268 haac
2331 5212 2686 5286 legebantur:
2730 5214 2916 5270 Gallus
2955 5216 3094 5268 hanc
3145 5212 3426 5267 histor—iam
3474 5218 3617 5269 scri-

291 5285 438 5367 esse;
469 5303 551 5355 ita
577 5302 716 5353 enim
741 5299 956 5367 repperi
993 5285 1289 5367 Martinam
1316 5292 1578 5367 Gallicum
1596 5291 1730 5367 de_eo
1758 5291 1902 5367 scri-
1999 5288 2137 5367 psit,
2154 5285 2447 5367 monachus
2475 5288 2743 5367 utgpinor
2760 5287 2999 5367 aliquis,
3032 5290 3094 5340 ut
3120 5287 3626 5367 exproamiisncon-

289 5356 481 5443 psisse.
524 5370 732 5443 Semler
776 5356 854 5422 in-
886 5365 1424 5443 animadversionum
1448 5360 1902 5443 adantiquiores
1999 5356 2169 5443 iicere
2200 5357 2351 5443 Licet,
2403 5358 2499 5425 qui
2523 5358 2772 5443 [poleslai
2814 5359 2964 5411 tertii
2993 5361 3218 5427 tempore
3252 5357 3439 5411 vixit.
3473 5356 3536 5412 Et
3567 5357 3622 5412 in

293 5429 478 5499 rerum
535 5440 916 5496 Polonicarum
969 5436 1275 5499 specimine
1325 5435 1379 5489 in
1434 5433 1582 5488 Actis
1625 5429 1906 5488 societatis

290 5513 706 5571 Jablonovianaa
734 5511 801 5565 de
822 5502 1193 5565 SlavisLecho
1221 5506 1541 5577 Czechoque
1571 5504 1719 5575 Lips.
1749 5502 1901 5577 I712,

295 5606 349 5657 p.
409 5587 478 5639 30
509 5581 1009 5657 sqq.,__o‘bservavit
1025 5579 1208 5657 verba
1238 5593 1369 5657 quae
1398 5593 1429 5631 a
1453 5571 1740 5657 'Dlugosso
1774 5571 1909 5657 atie—

292 5644 495 5714 i'untur
532 5644 611 5709 (ἔχ’
646 5644 967 5708 Ειίιςοιιίιιυύο
1020 5650 1129 5708 805
1175 5644 1300 5705 esse
1339 5644 1738 5718 descripta,et
1781 5644 1909 5698 Dlu-

294 5743 524 5805 gossum
551 5724 938 5795 interpolatum
966 5722 1263 5795 quemdam
1296 5718 1509 5775 Martini
1531 5717 1795 5773 codicem
1821 5731 1914 5771 sc-

2006 5426 2116 5483 line
2140 5444 2154 5480 :
2193 5429 2481 5496 Hucusque
2519 5426 2725 5482 Gallus.

2074 5500 2153 5567 (3)
2200 5499 2254 5551 Β.
2309 5497 2575 5569 Paprocki
2626 5499 2703 5569 in,
2744 5498 2884 5553 libro
2915 5498 3093 5569 Herby
3142 5503 3437 5569 rycerztwa
3471 5498 3628 5553 Pols-

2013 5570 2174 5641 kiego
2208 5568 2416 5641 Kraltau
2452 5569 2597 5641 ibi“
2625 5568 2729 5641 sub
2756 5584 2892 5623 voce
2922 5568 3074 5641 0r§el
3108 5568 3527 5641 ediditcarmen
3551 5569 3623 5622 de

2013 5636 2188 5695 morte
2232 5638 2466 5694 Boleslai
2517 5638 2558 5704 l,
2616 5640 2703 5705 i6,
2744 5645 2798 5693 et
2853 5638 3179 5694 cantilenam
3222 5638 3277 5691 in
3318 5636 3629 5691 Boleslaum

2013 5711 2235 5768 tertium
2268 5710 2360 5779 ιιι,
2394 5710 2481 5776 ii,
2514 5710 2715 5779 13,14,
2749 5724 2979 5780 quorum
3011 5715 3204 5762 auctor
3222 5713 3305 5761 est
3333 5706 3384 5760 ei
3415 5720 3629 5779 anony-
