3960 6198
475 249 577 301 843

720 366 1090 421 Transeuntes
1120 368 1487 440 Burgundiam

796 459 1127 513 Remearunt
1151 459 1456 514 Poloniam.

795 551 933 625 Ergo
962 568 1180 623 gravem
1206 552 1490 606 inveniunt

797 639 1074 693 Ducissam
1109 640 1330 710 quando
1371 640 1621 694 veniunt.

726 727 814 781 Sic
845 743 981 796 puer
1004 727 1095 781 ille
1131 728 1394 792 nascitur,

797 819 894 882 Qui
930 819 1249 873 Bolezlavus
1279 819 1497 883 dicitur,

766 912 770 916 '
799 907 969 970 Quem
999 907 1324 961 Wladislaus
1343 907 1535 979 genuit

800 997 934 1063 Dux,
975 997 1114 1050 sicut
1147 999 1191 1030 ‘5
1226 999 1366 1050 Deus
1397 997 1586 1050 voluit.

1731 242 2076 297 (IllllONlCzE
2116 241 2535 296 POLONORUM.

3703 243 3812 297 8.51

2443 369 2683 423 Genitrix
2714 369 2899 424 Judilh
2923 370 3172 430 nomine.

2513 457 2677 512 Fatali
2711 456 2890 511 forsan
2910 459 3096 512 omine
3122 489 3192 498 —

2504 545 2693 600 Judith
2721 548 2766 581 ⁴⁶
2787 548 3044 602 salutavit
3077 548 3341 618 populum

2503 638 2606 692 Per
2637 639 2946 694 Holofernis
2985 639 3296 714 I“jugulum
3330 641 3374 674 ιδ
3419 671 3479 680 ...

2440 728 2545 782 Ista
2568 730 2613 763 ‘9
2641 730 2854 800 peperit
2877 730 3072 786 filium.

2507 817 2980 889 Triumphatorem
3005 819 3270 885 hostium,

2514 913 2583 966 De
2613 913 2772 983 cujus
2809 913 2981 986 gestis
3011 913 3253 968 scribere

2512 1000 2628 1055 Jam
2657 1006 2877 1072 tempus
2899 1011 2982 1054 est
3023 1002 3297 1056 insistere.

1230 1369 2152 1496 INCIPIUNT
2258 1367 3081 1498 CRONIC/E

764 1722 1142 1811 GESTA
1219 1726 1637 1816 DUCUM
1718 1726 1980 1814 SIVE
2056 1724 2707 1814 PRINCIPUM
2794 1725 3538 1816 POLONORUM

1731 1933 1960 1997 PRIMO
2006 1934 2065 1977 ⁵ο
2110 1932 2554 1996 PROHEMIUM

560 2110 822 2175 Quoniam
874 2110 1024 2167 orbis
1054 2117 1321 2166 terrarum
1357 2113 1410 2166 in
1467 2112 1825 2167 universitate
1855 2111 2400 2183 spatiosanocari,
2461 2126 2564 2166 nec
2602 2112 2647 2146 δε
2693 2111 2876 2185 gladio
2931 2113 3296 2189 jugulationis
3352 2129 3541 2169 eorum
3594 2115 3824 2185 penitus

489 2220 519 2257 a
566 2203 788 2275 regibus
840 2219 902 2258 ac
960 2203 1195 2258 ducibus
1245 2205 1496 2274 plurimis
1551 2205 1786 2274 plurima
1833 2204 2098 2259 memoria

489 2295 656 2369 digna
683 2297 723 2328 δι
756 2303 1021 2369 geruntur
1049 2296 1094 2328 ⁵²
1124 2297 1254 2365 (55),
1284 2312 1408 2366 quze
1441 2295 1726 2350 fastidiosa
1758 2295 2100 2368 negligentia

489 2387 941 2458 philosophorum
1002 2388 1066 2455 ⁵³,
1118 2387 1344 2442 forsitan
1388 2388 1597 2458 in0pia,
1630 2389 1856 2443 silentio
1904 2397 2096 2442 conte-

487 2486 688 2552 guntur
732 2493 915 2548 operte
949 2477 1181 2548 pretium
1211 2477 1467 2531 duximus
1505 2477 1769 2547 quasdam
1800 2493 1886 2531 res
1915 2486 2097 2550 gestas

489 2573 872 2629 Polonicorum
914 2572 1248 2643 principum,
1289 2572 1461 2644 gratia
1491 2571 1774 2639 cujusdam
1810 2569 2095 2640 gloriosis-

485 2662 606 2715 simi
640 2661 796 2714 ducis
822 2677 884 2714 ac
911 2659 1346 2714 victoriosissimi
1375 2659 1596 2714 nomine
1623 2657 1913 2716 Bolezlavi.
1969 2657 2095 2713 stilo

488 2754 688 2824 puerili
726 2754 770 2786 5"
814 2752 994 2823 potius
1037 2766 1292 2817 exarare,
1334 2767 1495 2821 quam
1547 2765 1613 2802 ex
1656 2756 1772 2804 toto
1815 2757 2091 2818 posterum

490 2845 768 2899 memorim
827 2843 998 2897 nichil
1075 2841 1320 2896 notabile
1387 2842 1432 2875 ⁵⁵
1483 2855 1789 2904 reservare;
1851 2839 1922 2894 ob
1993 2840 2095 2894 hoc

486 2933 649 2986 etiam
691 2933 736 2966 ⁵⁸
765 2933 1021 2998 maxime,
1045 2931 1192 3002 quod
1209 2931 1304 2984 Dei
1347 2930 1494 2985 dono
1523 2929 1891 2999 precibusque
1921 2929 2092 2983 sancti

487 3024 660 3098 ligidii
707 3031 869 3077 natus
909 3021 1027 3089 fuit,
1067 3038 1161 3091 per
1191 3039 1380 3092 quem,
1411 3030 1470 3076 ut
1511 3021 1553 3055 ⁵⁷
1607 3021 1904 3085 credimus,
1948 3021 2092 3075 bene

487 3117 792 3171 fortunatus
844 3130 1172 3184 semperque
1215 3114 1542 3168 victoriosus
1567 3113 1761 3168 extitit.
1811 3113 1920 3166 Sed
1968 3113 2095 3183 quia

485 3209 636 3282 regio
664 3209 992 3263 Polonorum
1028 3206 1094 3258 ab
1129 3205 1418 3259 itineribus
1449 3205 1869 3278 peregrinorum
1912 3212 1966 3259 et
1999 3221 2090 3259 re-

485 3309 653 3366 mota,
683 3308 738 3354 et
767 3299 871 3352 nisi
897 3297 1314 3353 transeuntibus
1343 3297 1400 3349 in
1445 3297 1665 3350 Itusiam
1694 3297 1738 3330 ⁵⁸
1767 3313 1864 3367 pro
1896 3297 2099 3352 merci-

482 3394 668 3449 monio
706 3393 897 3464 paucis
937 3401 1084 3457 nota,
1134 3391 1178 3444 si
1221 3392 1460 3445 breviter
1519 3390 1650 3444 inde
1681 3391 1986 3445 disseratur
2031 3392 2097 3457 59,

483 3484 618 3538 nulli
660 3483 912 3536 videatur
967 3481 1285 3546 absurdum,
1327 3489 1383 3534 et
1433 3480 1478 3534 si
1523 3495 1619 3550 pro
1671 3487 1826 3550 parte
1885 3480 2100 3535 descri-

481 3577 666 3632 bendo
694 3577 738 3610 5°
767 3583 936 3631 totum
981 3575 1295 3640 inducatur,
1329 3589 1493 3629 nemo
1525 3581 1744 3644 reputet
1783 3589 2097 3630 onerosum.

483 3669 654 3743 Igitur
691 3668 758 3721 ab
790 3667 1051 3738 aquilone
1087 3665 1315 3721 Polonia
1363 3666 1817 3736 septentrionalis
1863 3682 1989 3736 pars
2018 3675 2101 3720 est

479 3761 782 3817 Sclavonize
807 3761 874 3826 δί,
901 3776 1023 3832 qua:
1054 3760 1221 3813 habet
1247 3759 1314 3812 ab
1356 3759 1568 3814 oriente
1610 3759 1856 3824 Rusiam,
1899 3759 1966 3811 ab
1991 3774 2096 3812 au-

479 3861 591 3909 stro
626 3853 943 3926 Ungariam,
972 3869 1002 3905 a
1031 3852 1329 3906 subsolano
1364 3851 1653 3905 Moraviam
1687 3850 2099 3915 etBohemiam,

481 3947 549 4001 ab
593 3946 880 4000 occidente
921 3944 1138 3999 Daciam
1189 3949 1242 3997 et
1281 3943 1569 3997 Saxoniam
1603 3943 1964 3997 collaterales.
2024 3942 2100 3995 Ad

484 4052 631 4090 mare
671 4042 853 4090 autem
887 4033 1324 4104 septentrionale
1354 4034 1440 4088 vel
1480 4032 1887 4102 anphitrionale
1921 4032 1965 4065 ⁶²
1995 4037 2104 4085 tres

483 4125 649 4179 habet
696 4125 741 4157 ⁵³
770 4123 966 4178 afﬁnes
1000 4122 1355 4176 barbarorum
1396 4120 1686 4194 gentilium
1727 4119 2104 4174 ferocissimas

482 4217 754 4281 nationes,
812 4214 1117 4269 Seleuciam
1154 4214 1287 4282 (56),
1343 4211 1702 4266 Pomeranam
1767 4211 1810 4244 εί
1868 4217 1921 4265 et
1971 4211 2101 4264 Pru-

484 4306 621 4359 ziam
652 4306 715 4373 ⁸⁵,
759 4312 951 4360 contra
979 4318 1116 4374 quas
1146 4302 1404 4376 regiones
1434 4301 1768 4356 Polonorum
1801 4302 1910 4355 dux
1966 4300 2106 4355 assi-

483 4395 594 4448 due
652 4399 878 4468 pugnat,
927 4398 988 4446 ut
1026 4406 1120 4445 eas
1167 4391 1234 4443 ad
1278 4390 1441 4444 ﬁdem
1491 4397 1805 4455 convertat;
1846 4390 1943 4445 sed
2002 4405 2104 4445 nec

483 4485 667 4558 gladio
699 4481 1109 4556 praedicationis
1131 4497 1225 4538 cor
1255 4497 1447 4537 eorum
1478 4499 1507 4536 a
1540 4481 1773 4552 perfidia
1805 4477 1980 4553 potuit
2013 4498 2103 4536 re-

2202 2202 2498 2273 vipperalis
2527 2203 2823 2278 progenies
2853 2205 3090 2260 aboleri.
3127 2205 3283 2275 Saepe
3309 2212 3494 2260 tamen
3528 2205 3823 2277 principes

2202 2307 2392 2346 eorum
2440 2309 2471 2346 a
2536 2293 2676 2348 duce
2732 2294 3046 2349 Poloniensi
3113 2295 3156 2328 ⁶⁷
3211 2295 3401 2365 praelia
3441 2295 3709 2365 superati,
3752 2297 3822 2348 ad

2202 2379 2532 2451 baptismum
2583 2382 2987 2456 confugerunt;
3031 2382 3274 2453 itemque
3313 2381 3559 2437 collectis
3609 2382 3827 2437 viribus

2204 2469 2369 2525 ﬁdem
2429 2472 2778 2528 christianam
2826 2475 3188 2547 abnegantes,
3256 2481 3448 2529 contra
3485 2473 3828 2530 christianos

2198 2563 2400 2618 bellum
2447 2565 2631 2620 denuo
2673 2574 3020 2636 paraverunt.
3065 2567 3205 2622 Sunt
3258 2567 3423 2622 etiam
3451 2567 3594 2622 ultra
3633 2582 3736 2621 eos
3769 2578 3827 2621 et

2199 2654 2340 2708 intra
2389 2655 2612 2711 brachia
2657 2657 3045 2728 amphitrionis
3085 2657 3191 2712 alia
3233 2657 3482 2712 barbarae
3522 2658 3822 2731 gentilium

2197 2746 2452 2802 nationes
2479 2756 2533 2802 et
2559 2748 2751 2803 insulae
2784 2749 3191 2816 inhabitabiles,
3225 2749 3319 2804 ubi
3350 2758 3617 2820 perpetua
3645 2751 3691 2784 ⁸⁸
3722 2750 3817 2803 nix

2197 2847 2281 2892 est
2305 2844 2359 2892 et
2389 2839 2616 2913 glacies.
2649 2840 2819 2914 Igitur
2857 2847 3000 2896 terra
3038 2841 3360 2897 Sclavonica
3387 2841 3455 2895 ad
3488 2841 3815 2912 aquilonem

2197 2927 2302 2981 hiis
2329 2927 2652 3002 regionibus
2681 2929 2797 2982 suis
2829 2929 3136 2999 partialiter
3167 2929 3426 2984 divisuris
3456 2929 3501 2964 ⁶⁹
3541 2929 3661 2984 sive
3687 2945 3828 2984 con-

2193 3019 2467 3074 stituturis
2485 3019 2530 3052 7°
2555 3019 2816 3087 existens,
2841 3037 2871 3075 a
2888 3021 3208 3077 Sarmaticis
3235 3020 3328 3092 qui
3356 3027 3412 3076 et
3434 3021 3582 3076 Getae
3609 3037 3821 3077 vocan-

2197 3118 2284 3165 tur
2314 3111 2366 3164 in
2401 3111 2614 3166 Daciam
2645 3111 2686 3146 ⁷¹
2717 3119 2770 3167 et
2795 3112 3085 3168 Saxoniam
3121 3113 3446 3170 terminatur
3473 3113 3537 3178 7’,
3567 3129 3600 3167 a
3627 3113 3824 3168 Tracia

2200 3214 2381 3260 autem
2410 3221 2508 3275 per
2539 3207 2850 3279 Ungariam.
2890 3208 3059 3262 Hunis
3086 3208 3133 3242 ⁷³
3162 3208 3256 3280 qui
3299 3215 3352 3264 et
3384 3207 3587 3279 Ungari
3619 3209 3826 3263 dicun-

2201 3302 2288 3350 tur
2319 3297 2597 3368 quondam
2646 3298 2691 3332 7‘
2723 3307 3046 3370 occupatam
3069 3300 3136 3368 ⁷⁵,
3158 3299 3552 3354 descendendo
3584 3315 3688 3371 per
3719 3299 3830 3355 Ca-

2201 3388 2459 3443 rinthiam
2502 3390 2558 3442 in
2591 3390 2871 3445 Bavariam
2903 3391 2951 3425 7°
2987 3390 3290 3457 diffinitur;
3323 3393 3388 3446 ad
3420 3400 3668 3446 austrum
3695 3407 3834 3448 vero

2195 3477 2351 3545 juxta
2375 3494 2524 3533 mare
2555 3478 3020 3534 mediterraneum
3049 3479 3117 3534 ab
3141 3480 3357 3551 Eppyro
3387 3480 3694 3537 derivando
3729 3498 3836 3552 per

2203 3572 2550 3639 Dalmaciam,
2607 3573 2918 3629 Crovaciam
2974 3573 3019 3607 ⁷⁷
3078 3583 3134 3628 et
3189 3574 3455 3646 Hystriam
3515 3575 3563 3609 ’⁷⁸
3615 3575 3835 3631 ﬁnibus

2200 3663 2369 3717 maris
2423 3663 2682 3718 Adriatici
2746 3665 2790 3699 79
2867 3664 3181 3732 terminata,
3265 3665 3360 3719 ubi
3437 3665 3686 3721 Venecia
3774 3675 3834 3722 et

2201 3754 2448 3824 Aquileia
2478 3754 2522 3787 ⁸ο
2553 3756 2822 3822 consistit,
2854 3756 2922 3810 ab
2975 3754 3182 3827 Hytalia
3221 3764 3625 3828 sequestratur.
3689 3756 3830 3820 Quae

2203 3848 2375 3918 regio,
2420 3850 2672 3922 quamvis
2725 3849 2954 3905 multum
2987 3850 3058 3905 sit
3089 3865 3402 3919 nemorosa,
3455 3867 3593 3907 auro
3639 3859 3836 3908 tamen

2204 3946 2259 3992 et
2285 3939 2324 3973 ει
2353 3948 2602 4016 argento,
2628 3955 2770 4011 pane
2793 3947 2848 3994 et
2869 3939 2914 3974 ⁸²
2945 3956 3128 4006 carne,
3155 3941 3305 4012 pisce
3341 3946 3397 3994 et
3421 3939 3468 3975 ⁸³
3499 3941 3668 3996 melle
3699 3943 3843 3996 satis

2206 4037 2285 4084 est
2316 4032 2566 4102 capiosa,
2607 4039 2662 4086 et
2719 4033 2774 4086 in
2807 4031 2913 4086 hoc
2958 4031 3254 4102 plurimum
3287 4031 3410 4086 aliis
3450 4030 3834 4103 praeferenda,

2206 4120 2355 4191 quod
2395 4135 2516 4174 cum
2558 4120 2603 4154 ³⁸
2633 4136 2664 4174 a
2690 4126 2771 4174 tot
2799 4134 2966 4190 supra
3006 4119 3170 4174 dictis
3195 4119 3456 4195 gentibus
3486 4127 3542 4176 et
3565 4122 3840 4177 christia-

2206 4208 2292 4262 nis
2319 4215 2373 4262 et
2417 4208 2724 4283 gentilibus
2753 4207 2829 4262 sit
2857 4207 3077 4276 vallata,
3110 4215 3166 4264 et
3195 4224 3226 4262 a
3265 4208 3482 4264 cunctis
3513 4209 3744 4266 insimul
3780 4220 3838 4267 et

2205 4316 2236 4354 a
2274 4299 2508 4372 singulis
2561 4299 2882 4356 multotiens
2922 4298 3267 4372 impugnata,
3309 4316 3592 4372 nunquam
3648 4312 3837 4358 tamen

2206 4392 2274 4446 ab
2306 4391 2418 4447 ullo
2453 4391 2554 4447 fuit
2585 4391 2805 4463 penitus
2853 4390 3176 4466 subjugata;
3210 4392 3387 4463 patria
3413 4393 3457 4428 ⁸⁵
3491 4392 3589 4448 ubi
3621 4411 3720 4451 aer
3748 4413 3838 4451 sa-

2205 4483 2398 4550 lubris,
2430 4499 2563 4558 ager
2601 4483 2647 4518 ⁸⁸
2675 4481 2894 4550 fertilis,
2926 4483 3062 4538 silva
3093 4483 3382 4553 melliﬂua,
3413 4501 3559 4558 aqua
3591 4486 3837 4560 piscosa,

1846 4612 2066 4667 VARUE
2106 4613 2484 4670 LECTIONES.

557 4716 601 4750 ‘5
629 4715 708 4770 sic
725 4713 778 4771 3.
846 4713 894 4747 “
923 4710 1190 4785 Angelum
1224 4715 1501 4782 anteponit
1538 4712 1592 4765 2.
1616 4713 1754 4780 forte
1805 4711 2058 4818 jugulum
2090 4713 2228 4783 quod
2263 4719 2438 4782 postea
2469 4715 2688 4768 omittit.
2751 4712 2793 4747 ‘7
2819 4712 3094 4768 Holoferni
3126 4713 3177 4767 2.
3241 4713 3286 4747 ‘3
3309 4713 3449 4767 deest
3473 4711 3526 4765 2.
3593 4711 3638 4746 ‘°
3669 4711 3747 4766 ita
3774 4713 3836 4765 2.

567 4783 1094 4818 ςηώηῑηηιᾉηιοὶτηη
1132 4783 1325 4818 domm:
1356 4784 1387 4818 ρ
1463 4785 1502 4818 ΰι
1539 4784 1716 4818 Λυσι-94
1770 4784 1804 4818 G)
1901 4785 1921 4816 Ω
1953 4791 2140 4818 nor-nn!
2163 4786 2194 4818 ἢ
2280 4785 2699 4818 53nl...-:mmmm
2730 4784 2761 4818 τὶ
2840 4785 3094 4818 διηηηδηὶι
3139 4791 3189 4818 ιιι
3217 4787 3448 4818 oga/Ilia:an
3470 4798 3708 4818 unaunam
3738 4799 3835 4818 η-

489 4789 534 4824 ⁵ο
567 4783 1325 4857 ἱηςίρὶυηι-ρπὶἰηρμάεδιιηξι
1463 4785 1518 4857 5i
1539 4784 1745 4857 deesti.
1770 4784 1823 4837 2.

490 4925 775 4984 deseratur
810 4930 851 4983 ί.
886 4929 939 4983 2.
974 4925 1130 4994 desja
1169 4925 1222 4980 3.
1299 4926 1344 4960 ⁶⁰
1383 4925 1752 4981 describenda
1785 4943 1884 4997 pro

487 5007 617 5055 sunt
639 5004 690 5056 3.
777 5001 821 5034 ⁸³
849 5013 1071 5070 quoque
1092 4997 1153 5070 A2.
1189 5067 1201 5070 Α
1227 4997 1268 5030 ⁸⁵
1303 4997 1682 5070 Romoraniam
1716 4998 1768 5070 3.

489 5079 581 5125 tue
607 5071 657 5126 3.
729 5072 772 5104 59
803 5067 1049 5125 divisivis
1082 5068 1136 5124 2.
1178 5067 1230 5121 3.
1321 5069 1366 5102 ⁷ο
1391 5069 1704 5124 constitutis
1732 5069 1782 5122 2.
1820 5070 1872 5123 3.

490 5213 534 5246 ⁷⁸
562 5214 772 5268 Istriam
812 5212 863 5268 3.

491 5284 536 5318 ⁸³
556 5286 698 5341 deest
727 5285 779 5341 3.
871 5282 916 5316 ⁸³
944 5283 1084 5337 deest
1113 5281 1165 5337 3.

1901 4785 1921 4816 ²
1950 4786 2217 4839 eerunt3.

489 4801 534 4824 υυ
567 4801 1094 4857 ιηςιριυηι-ρπηηο
1131 4801 1325 4838 aes-um
1354 4801 1407 4839 δ.
1463 4801 1502 4818 υι
1539 4801 1745 4838 aeesu.
1770 4801 1823 4837 2.
1875 4801 1921 4818 υι
1950 4801 2217 4857 εθπυηιά.
2280 4801 2538 4855 υσριυι-ιη]

487 4861 684 4928 (inquit
711 4859 743 4913 3
826 4858 870 4891 δεῖ
903 4853 1170 4909 mutabile
1201 4855 1252 4908 1.
1287 4855 1339 4908 2.
1368 4855 1420 4912 3.
1477 4855 1523 4888 ⁵6
1546 4862 1602 4909 et
1625 4855 1738 4924 jam
1769 4871 1905 4924 saepe
1931 4857 1984 4909 2.
2021 4856 2226 4910 ecciam
2256 4871 2462 4924 semper
2489 4857 2540 4910 3.

490 4932 775 4982 deseratur
810 4930 851 4982 ί.
886 4929 939 4982 2.
974 4925 1130 4982 desia
1169 4925 1222 4980 3.
1299 4926 1344 4960 ⁶⁰
1383 4925 1752 4981 describenda
1785 4943 1884 4982 uro
1919 4935 2071 4982 parte
2101 4927 2152 4982 3.
2239 4928 2278 4961 ⁶¹
2314 4928 2540 4982 Sclavon

1957 4935 2071 4979 arte
2101 4935 2152 4980 3.

1857 4944 1884 4981 Ο
1919 4944 2071 4997 parte
2101 4944 2152 4982 ὅ.
2239 4944 2278 4961 ⁸³⁸
2314 4944 2600 4982 δϐιᾶγοιιιϐ
2627 4944 2682 4979 Ζ.
2750 4944 2839 4982 δϐα
2867 4944 3131 4983 σοι’νεειοτ
3154 4944 3183 4981 C
3213 4944 3403 4982 aewvu
3473 4944 3518 4959 ⁸³⁵
3565 4944 3618 4980 ν.
3656 4944 3709 4979 8.
3739 4944 3841 4981 ae-

1857 4999 1901 5031 ⁶⁵
1925 4997 2164 5052 Prusiam
2195 4997 2248 5053 2.
2286 4999 2532 5052 Itussiam
2563 4999 2616 5051 3.
2713 4998 2758 5032 ⁶⁶
2789 4997 2890 5052 nisi
2913 4997 2967 5053 2.
3053 4997 3094 5032 ⁸⁷
3139 4997 3366 5053 Polonie
3393 4995 3427 5052 3
3537 4996 3583 5030 ⁵⁸
3619 5013 3800 5099 perpe
3824 5027 3841 5038 -

1952 5069 1992 5099 τί
2032 5069 2252 5099 Ῐὶιιηῖηπνι
2303 5069 2337 5099 ω
2504 5067 2868 5099 ὒηπωῖηηηιιι-
2902 5075 2915 5099 1
2982 5068 3014 5099 ο
3190 5069 3348 5099 ιιηξιιο
3394 5070 3410 5099 ⁴
3479 5067 3514 5099 θ
3647 5069 3664 5099 δ
3697 5082 3801 5099 ann

1952 5069 1993 5102 τι
2031 5069 2253 5123 Duciam
2303 5069 2355 5122 2.
2428 5069 2473 5102 7’
2504 5067 2868 5124 terminantur
2902 5075 2945 5123 t.
2979 5068 3033 5124 2.
3111 5069 3157 5103 ⁷³
3190 5069 3352 5138 hujus
3394 5070 3446 5122 1.
3479 5067 3534 5120 2.
3619 5067 3664 5101 ’³⁸
3696 5082 3838 5122 con-

491 5143 612 5220 dam
644 5144 678 5220 2
782 5143 842 5220 τί
856 5140 1759 5220 Ηυεὶἱε-ρεςυρίι-ιειτῃ-άᾳδᾳηιμ3τ-
1815 5141 1860 5220 :5
1888 5139 2256 5220 Chorinthiam
2287 5148 2342 5196 et
2381 5139 2728 5220 Bavariam}

941 5211 985 5244 το
1017 5210 1255 5265 atriatici
1303 5212 1353 5266 1.
1381 5215 1467 5266 Sic
1490 5212 1680 5266 habuit
1709 5218 1760 5266 et
1812 5212 1865 5265 2.
1903 5213 1993 5266 sed
2017 5219 2197 5280 postea
2238 5214 2486 5268 correxit.

1264 5283 1307 5317 ει
1348 5299 1456 5354 que
1488 5283 1661 5338 eciam
1689 5299 1810 5338 cum
1831 5299 1931 5352 pro
1962 5283 2110 5353 quod
2151 5299 2273 5338 cum
2298 5282 2349 5340 3.

2280 4785 2325 4818 ⁵³
2344 4785 2700 4855 plurimorum
2729 4784 2783 4838 3.
2840 4785 3115 4850 “omittit,
3137 4791 3189 4840 et
3212 4787 3452 4854 spatium
3470 4798 3714 4855 vacuum
3738 4799 3835 4838 re-

2630 4855 2674 4888 ⁵⁷
2695 4856 2835 4910 deest
2866 4855 2916 4910 1.
2949 4855 3004 4910 2.
3064 4855 3110 4890 ⁵³
3158 4856 3408 4910 Russiam
3428 4869 3637 4922 semper
3665 4854 3718 4908 3.
3791 4855 3841 4889 ⁵ο

2239 4928 2278 4961 δι
2314 4927 2600 4982 Sclavonie
2627 4926 2682 4979 2.
2750 4928 2840 4982 sed
2867 4933 3131 4983 corrector
3154 4943 3183 4981 c
3213 4928 3403 4982 delevit
3473 4927 3519 4959 ⁸⁸
3565 4942 3618 4980 v.
3656 4941 3709 4979 a.
3739 4927 3841 4981 de-

2239 5042 2248 5052 .
2286 4999 2532 5052 Itussiam
2563 4999 2616 5051 3.
2713 4998 2758 5032 ⁶⁶
2789 4997 2890 5052 nisi
2913 4997 2967 5053 2.
3053 4997 3094 5032 ⁸⁷
3139 4997 3366 5053 Polonie
3393 4995 3427 5052 3
3537 4996 3583 5030 ⁵⁸
3625 5013 3841 5053 uerne-

2848 5140 2890 5173 ⁷⁷
2915 5139 3260 5195 Scrovaciam
3290 5142 3341 5194 1.
3374 5138 3736 5193 Stromaciam
3775 5140 3838 5193 3.

2577 5211 2622 5245 ⁸ο
2645 5211 2878 5267 Venacia
2910 5219 2965 5266 et
2992 5211 3279 5340 Aquilegia
3317 5210 3370 5266 3.
3455 5211 3496 5244 ⁸¹
3519 5211 3664 5265 deest
3697 5212 3745 5265 I.
3775 5211 3838 5267 2.

2577 5288 2658 5338 est
2685 5283 2736 5337 3.
2825 5282 2871 5317 ⁸⁸
2893 5289 3034 5337 terra
3094 5325 3106 5338 .

2443 5282 2486 5317 ⁸⁸
2515 5283 2658 5338 deest
2685 5283 2736 5337 3.
2825 5282 2871 5317 ⁸⁸
2893 5282 3106 5338 terra3.

2068 5382 2259 5438 ΝΟΤᾹΞ

557 5487 668 5556 (55)
700 5484 853 5550 Sall.,
887 5482 1063 5556 Catil_.,
1104 5498 1156 5537 IV
1203 5501 1216 5547 ;
1273 5482 1610 5556 Jug.,___xvu.
1647 5483 1704 5536 S.

560 5553 668 5624 (56⁷,
697 5557 798 5609 Per
818 5553 1125 5608 Seleuciam
1167 5568 1277 5606 non
1322 5553 1631 5625 intelligere
1686 5561 1967 5608 auctorem
2003 5568 2102 5625 nec

487 5643 595 5698 que
633 5626 882 5682 Silesiam
939 5639 1040 5677 nec
1071 5630 1267 5677 terram
1324 5624 1750 5693 SlesviCensem,
1793 5627 1889 5679 sed
1954 5624 2102 5678 Luti-

2205 5481 2343 5536 ciam
2377 5496 2496 5547 seu,
2533 5490 2594 5536 ut
2645 5487 2836 5536 auctor
2866 5479 2996 5535 Vita
3031 5481 3086 5534 S.
3149 5479 3363 5535 Ottonis
3410 5480 3600 5546 habet,
3641 5480 3844 5535 Lenti-

2205 5553 2370 5619 ciam,
2425 5551 2966 5620 demonstravitjam
3019 5551 3074 5605 S.
3123 5551 3322 5606 Girtler
3363 5552 3418 5606 in
3462 5551 3647 5606 Indice
3703 5553 3834 5607 lect.

2206 5623 2358 5678 univ.
2393 5622 2568 5690 Crac.,
2601 5639 2653 5677 a.
2691 5622 2846 5678 1823.
2887 5622 2944 5676 S.
