3960 6198
257 170 366 225 8ιῦ

1676 171 1865 226 LIBER
1910 170 2175 226 PRIMUS.

3482 173 3586 226 846

256 305 462 361 milites
507 304 777 372 bellicosi,
821 305 1006 359 rustici
1066 303 1344 370 laboriosi,
1392 305 1518 376 equi
1561 305 1865 371 durabiles,
1893 305 2096 378 Adam
2149 311 2302 379 gesta
2349 304 2814 374 prmdecessorum
2869 306 2913 340 ³⁸
2975 305 3143 380 digna
3209 306 3474 362 memoria
3541 307 3586 342 θ’

255 397 427 451 boves
456 394 715 460 arabiles,
753 409 930 448 vacca:
956 394 1195 459 lactosaz,
1229 410 1359 449 oves
1399 395 1620 450 lanosae.
1657 396 1764 450 Sed
1800 412 1869 450 ne

255 486 660 562 digressionem
719 484 949 540 nimium
1019 486 1282 556 prolixam
1326 485 1525 542 fecisse
1565 486 1871 549 videamur,

259 579 330 632 ad
386 577 713 632 intentionis
751 584 952 632 nostrae
995 577 1332 648 prOpositum
1367 585 1725 632 revertamur.
1789 575 1876 630 Est

260 679 446 725 autem
481 670 713 724 intentio
746 676 932 724 nostra
955 669 1024 723 de
1053 670 1278 724 Polonia
1317 676 1372 724 et
1403 669 1470 724 de
1503 669 1642 724 duce
1671 668 1876 740 princi-

265 766 464 836 paliter
511 764 758 821 Bolezlao
787 763 830 797 ⁷
860 765 1195 831 describere,
1250 765 1480 836 ejusque
1509 763 1683 838 gratia
1713 779 1872 835 quaa-

1977 397 2226 452 recitare.
2287 397 2439 450 Nunc
2495 411 2628 469 ergo
2679 397 2761 452 sic
2817 397 2984 453 ordiri
3030 399 3310 454 materiam
3353 399 3587 469 incipia-

1979 507 2123 554 mus,
2163 498 2221 545 ut
2262 506 2360 560 per
2400 490 2640 545 radicem
2689 491 2757 544 ad
2803 508 3010 546 ramum
3067 493 3278 548 arboris
3323 494 3588 548 ascenda-

1978 599 2121 638 mus.
2166 582 2408 648 Qualiter
2434 597 2565 654 ergo
2596 582 2827 637 ducatus
2858 583 3034 638 honor
3069 584 3411 657 generationi
3462 587 3589 642 huic

1979 670 2261 736 acciderit,
2294 670 2642 742 subsequens
2665 669 2801 726 ordo
2843 670 3170 726 narrationis
3202 673 3477 728 intimabit
3521 675 3584 728 νο.

1367 973 1763 1061 LIBER
1859 968 2346 1060 PRIMUS
2410 963 2502 1056 9‘.

341 1216 390 1270 1.
419 1219 490 1271 De
512 1217 642 1271 duce
673 1216 946 1284 Papetone.
980 1219 1164 1272 Dictus
1202 1219 1248 1253 ⁰²
1277 1217 1390 1289 (57)
1423 1220 1668 1276 Chosisco
1708 1219 1772 1274 ’3.

346 1311 468 1366 Erat
525 1326 763 1381 namque
813 1312 867 1365 in
925 1313 1142 1367 civitate
1183 1313 1516 1379 Gneznensi,
1559 1331 1680 1386 qua-3
1727 1316 1890 1370 nidus

270 1403 662 1472 interpretatur
691 1401 1014 1458 Sclavonice
1046 1403 1112 1472 9‘,
1143 1404 1251 1458 dux
1274 1405 1498 1460 nomine
1530 1405 1720 1475 POpel,
1753 1406 1892 1461 duos

273 1491 418 1547 filios
442 1492 668 1558 habens,
695 1494 790 1564 qui
824 1509 974 1548 more
1004 1495 1329 1568 gentilitatis
1360 1496 1426 1550 ad
1461 1512 1651 1551 eorum
1700 1504 1893 1552 tonsu-

273 1600 388 1638 ram
430 1584 638 1657 grande
665 1585 976 1639 convivium
1011 1587 1337 1657 praeparavit
1375 1588 1442 1652 ⁸⁵,
1490 1588 1583 1642 ubi
1627 1589 1894 1659 plurimos

271 1693 499 1731 suorum
541 1691 830 1746 procerum
885 1687 939 1732 et
993 1679 1293 1733 amicorum
1343 1679 1610 1734 invitavit.
1654 1679 1893 1752 Contigit

271 1775 456 1822 autem
511 1783 573 1821 ex
621 1769 836 1824 occulto
869 1769 962 1824 Dei
1020 1771 1251 1825 consilio
1301 1771 1441 1826 duos
1481 1771 1611 1826 illuc
1645 1772 1891 1842 hospites

273 1859 594 1924 advenisse,
628 1859 720 1930 qui
757 1875 863 1914 non
892 1861 1066 1915 solum
1091 1862 1159 1916 ad
1191 1862 1503 1917 convivium
1537 1879 1646 1918 non
1673 1865 1719 1898 ⁹⁶
1751 1863 1890 1918 invi-

1906 1225 1954 1292 B
1975 1219 2315 1290 praeparari,
2349 1218 2442 1272 sed
2483 1219 2615 1288 quid
2656 1219 2878 1287 prodest
2906 1218 3000 1274 hoc
3045 1223 3323 1277 tantillum
3346 1226 3374 1277 ?
3413 1224 3473 1280 Si
3527 1225 3598 1279 li-

1994 1312 2112 1366 beat
2150 1309 2394 1364 ebibatis.
2432 1310 2756 1363 Decreverat
2786 1309 2931 1364 enim
2965 1310 3198 1367 rusticus
3242 1313 3331 1367 ille
3366 1329 3596 1386 pauper,

1993 1398 2215 1471 quando
2247 1397 2506 1452 dominus
2536 1414 2669 1452 suus
2695 1398 2806 1453 dux
2834 1415 2931 1470 pro
2963 1397 3090 1453 filiis
3119 1401 3433 1456 convivium
3467 1420 3604 1474 prie-

1995 1501 2211 1565 pararet
2241 1523 2310 1533 —-
2337 1509 2461 1546 nam
2495 1493 2549 1546 in
2577 1492 2686 1548 alio
2727 1500 2974 1564 tempore
3005 1512 3115 1566 prae
3147 1497 3317 1551 nimia
3349 1515 3596 1569 pauper-

1993 1592 2102 1638 tate
2136 1599 2243 1637 non
2276 1587 2463 1654 posset
2497 1613 2540 1621 -
2567 1582 2777 1652 aliquid
2809 1583 3026 1638 obsonii
3069 1585 3133 1619 “7
3190 1603 3289 1656 pro
3327 1604 3427 1642 suo
3479 1598 3604 1643 ton-

1995 1671 2177 1726 dendo
2226 1671 2452 1742 parvulo
2485 1687 2794 1742 praeparare
2830 1679 2884 1726 et
2921 1675 3189 1744 quosdam
3220 1677 3518 1732 amicorum
3553 1688 3608 1732 et

1995 1778 2324 1834 pauperum,
2357 1776 2468 1816 non
2520 1761 2587 1815 ad
2631 1762 2948 1832 prandium,
2981 1763 3080 1818 sed
3137 1765 3203 1819 ad
3255 1767 3606 1837 gentaculum

2001 1851 2254 1918 invitare,
2288 1851 2383 1922 qui
2431 1851 2598 1905 etiam
2644 1851 2946 1921 porcellum
2995 1854 3293 1918 nuttiebat,
3328 1872 3491 1926 quem
3540 1857 3608 1910 ad

2003 1942 2136 1996 illud
2167 1941 2447 1998 servitium
2483 1941 2818 1998 reservabat.
2866 1942 2998 1998 Mira
3038 1943 3288 2000 dicturus
3319 1962 3464 2012 sum,
3508 1948 3608 2002 sed

2001 2030 2125 2102 quis
2158 2030 2223 2064 ¹¹⁸
2262 2031 2407 2084 valet
2438 2030 2533 2084 Dei
2563 2031 2840 2105 magnalia
2869 2031 3150 2104 cogitare?
3177 2035 3265 2089 vel
3295 2035 3421 2106 quis
3445 2036 3611 2092 audet

2000 2121 2069 2176 de
2125 2120 2333 2174 divinis
2381 2119 2668 2175 beneficiis
2717 2121 3041 2192 disputare?
3083 2123 3176 2195 qui
3237 2125 3612 2194 temporaliter

2001 2212 2260 2282 pauperis
2307 2212 2372 2245 ¹¹⁹
2417 2211 2776 2267 humilitatem
2810 2212 3144 2284 aliquotiens
3195 2216 3394 2270 exaltat
3426 2216 3513 2282 ¹²⁰,
3553 2224 3607 2271 et

2001 2304 2427 2376 hospitalitatem
2461 2304 2623 2358 etiam
2648 2304 2936 2378 gentilium
2979 2321 3333 2361 remunerare
3370 2323 3478 2362 non
3513 2324 3606 2362 re-

274 1947 396 2011 tati,
444 1963 630 2001 verum
674 1947 838 2002 etiam
899 1963 928 2002 a
984 1949 1222 2003 civitatis
1271 1951 1492 2005 introitu
1543 1967 1666 2006 cum
1701 1950 1900 2020 injuria

271 2045 406 2092 sunt
435 2036 662 2092 redacti.
704 2036 804 2101 Qui
834 2037 1015 2092 statim
1058 2038 1258 2092 civium
1317 2039 1533 2094 illorum
1587 2040 1898 2095 inhumani-

273 2135 445 2184 tatem
474 2129 516 2162 9"
549 2129 914 2183 abhorrentes
945 2137 999 2184 et
1023 2130 1076 2184 in
1110 2131 1434 2186 subuibium
1467 2132 1894 2198 descendentes,

278 2227 410 2274 ante
444 2220 834 2274 domunculam
868 2221 1098 2276 aratoris
1139 2222 1384 2292 praedicti
1425 2223 1582 2279 ducis
1620 2241 1717 2295 pro
1773 2225 1898 2280 filiis

277 2313 595 2368 convivium
637 2312 889 2368 facientis
945 2312 1085 2369 forte
1128 2314 1343 2372 fortuna
1384 2319 1750 2372 devenerunt.
1800 2318 1895 2373 llle

275 2417 413 2456 vero
438 2403 594 2455 bona:
623 2403 1028 2473 compassionis
1055 2407 1420 2476 pauperculus
1442 2406 1686 2476 hospites
1708 2407 1830 2461 illos
1852 2408 1897 2442 93
2001 2403 2172 2452 cusat.
2225 2398 2499 2468 Imperant
2529 2413 2662 2470 ergo
2698 2398 2757 2430 ηε
2791 2414 2916 2452 eum
2969 2399 3034 2432 In
3055 2399 3304 2469 ιιοερίιρε
3335 2400 3400 2433 us
3427 2401 3609 2454 securi

271 2491 343 2544 ad
375 2506 527 2544 suam
559 2490 604 2523 9°
635 2489 1026 2545 domunculam
1061 2492 1332 2557 invitavit,
1361 2510 1630 2566 suamque
1656 2511 1894 2566 pauper-
1919 2535 1964 2600 Γ
1999 2488 2285 2544 cervisiam
2317 2488 2619 2558 pr0pinari,
2644 2505 2806 2560 quam
2835 2488 2978 2544 bene
3003 2499 3267 2546 noverant
3289 2491 3608 2562 potissando

272 2589 437 2600 .-.-A-
514 2583 552 2600 ’κ
587 2581 652 2600 ι.-
703 2581 889 2600 ‘,,,_,'_,,'
966 2599 975 2600 κ
1251 2592 1260 2600 .
1342 2587 1373 2600 ι.
1460 2587 1503 2600 ι-
1555 2587 1628 2600 on-
1665 2587 1729 2600 “\n
1943 2584 1963 2600 Α
1999 2579 2191 2600 «δι-Α..
2229 2577 3013 2600 ,1,.(ξ,.....,.,--.1---..-..2----..---
3043 2579 3337 2600 -J---__2__-
3374 2582 3594 2600 _,_,,,'_,,

271 2589 443 2636 tatem
475 2583 557 2636 eis
587 2581 984 2656 benignissime
1027 2587 1398 2654 praesentavit.
1447 2587 1509 2640 At
1554 2587 1629 2640 illi
1665 2587 1730 2621 ¹⁰ο
1764 2604 1893 2658 pau-
1919 2577 1963 2605 υ
1998 2579 2062 2613 ¹²⁶
2087 2593 2195 2632 non
2225 2577 2460 2632 deficere
2482 2577 2818 2652 sedaugeri;
2843 2595 3018 2650 usque
3039 2579 3180 2634 adeo
3195 2579 3343 2634 enim
3366 2582 3605 2637 crevisse

268 2673 423 2742 peris
456 2673 768 2728 invitationi
805 2673 866 2708 ¹⁰¹
898 2681 1174 2749 gratanter
1205 2676 1538 2732 inclinantes
1569 2685 1622 2732 et
1648 2679 1895 2748 hospita-
1994 2672 2164 2726 fertur
2204 2671 2488 2734 ccrevisia,
2544 2672 2724 2726 donec
2775 2689 2901 2726 vasa
2959 2681 3202 2729 mutuata
3265 2675 3609 2746 replerentur

269 2763 447 2818 li:atis
475 2764 751 2836 tugurium
797 2764 1125 2830 subeuntes,
1158 2769 1296 2821 Bene
1343 2767 1620 2839 inquiunt,
1660 2784 1754 2824 nos
1793 2770 1896 2824 ad-
1997 2766 3190 2837 omniaetquaeducisconvivantisinvenere
3212 2785 3398 2826 vacua.
3427 2772 3612 2828 ΡΙ·ωοί-

267 2859 482 2912 venisse
503 2857 813 2923 gaudeatis,
845 2863 893 2910 et
930 2859 987 2912 in
1035 2864 1217 2914 nostra
1249 2861 1478 2915 aciemin
1517 2861 1770 2915 bonorum
1829 2861 1896 2895 ¹⁰²

271 2947 489 3015 copiam
516 2950 565 2998 et
592 2945 658 2999 de
681 2945 854 2999 sobole
874 2949 1125 3002 honorem
1155 2952 1202 3002 et
1231 2949 1464 3014 gloriam
1491 2947 1750 3003 habeatis.

493 3040 548 3094 2.
583 3040 651 3074 ¹⁰³
681 3044 754 3095 De
777 3043 908 3095 Patz
940 3041 1006 3075 ‘0‘
1034 3042 1150 3110 filio
1183 3042 1558 3100 Chosischonis
1594 3042 1682 3094 “’5.

2000 2855 2158 2925 piunt
2180 2863 2234 2909 et
2263 2855 2564 2925 porcellum
2593 2854 2964 2925 supradictum
2994 2857 3214 2924 occidit,
3241 2859 3386 2914 unde
3417 2861 3609 2916 decem

1997 2945 2190 2998 situlae.
2222 2944 2538 2999 Sclavonice
2582 2943 2754 3010 cebri,
2797 2945 3051 3000 mirabile
3090 2946 3262 3013 dictu,
3297 2963 3613 3006 memoran-

2000 3043 2088 3088 tur
2117 3033 2432 3104 adimpleri,
2464 3033 2604 3087 Visis
2630 3048 2760 3107 ergo
2794 3035 2858 3068 ¹²⁶
2886 3035 3013 3090 Pazt
3046 3042 3100 3090 et
3141 3036 3320 3107 Repca
3358 3039 3425 3072 ¹²⁶
3455 3038 3615 3094 mira-

2003 3125 2140 3179 culis
2195 3141 2318 3196 quae
2358 3123 2584 3191 fiebant,
2644 3125 2851 3197 aliquid
2908 3129 3092 3202 magni
3154 3129 3405 3204 praesagii
3441 3130 3504 3164 ¹²⁷
3544 3132 3613 3186 de

2005 3230 2176 3286 puero
2203 3214 2538 3278 sentiebant,
2565 3215 2794 3288 jamque
2833 3217 3030 3273 ducem
3072 3226 3127 3273 et
3182 3220 3441 3275 convivas
3479 3221 3616 3276 invi-

2005 3314 2119 3359 tare
2147 3304 2486 3376 cogitabant,
2518 3305 2616 3359 sed
2655 3320 2763 3361 non
2797 3305 3099 3375 audebant,
3137 3308 3240 3363 nisi
3273 3309 3424 3380 prius
3454 3325 3614 3380 pcre-

2004 3393 2194 3468 grinos
2236 3394 2339 3448 hoc
2372 3393 2672 3464 inquirant.
2717 3394 2854 3459 Quid
2885 3395 3206 3451 moramur?
3260 3397 3492 3454 consilio
3525 3399 3619 3454 ita—

2006 3499 2114 3554 que
2162 3485 2438 3554 hospitum
2469 3493 2523 3539 et
2569 3485 2946 3540 exhortatione
2988 3488 3246 3543 dominus
3281 3503 3470 3543 eorum
3510 3489 3617 3545 dux

2007 3584 2061 3629 et
2091 3576 2334 3630 convivae
2378 3593 2574 3632 omnes
2615 3578 2789 3649 ipsius
2821 3580 2886 3614 ¹²³
2919 3581 2987 3634 ab
3027 3582 3267 3656 agricola
3319 3581 3447 3637 Pazt
3478 3583 3614 3638 invi-

2010 3672 2214 3731 tantur,
2247 3683 2428 3738 neque
2457 3668 2656 3724 rustico
2719 3685 2820 3724 suo
2852 3669 2958 3723 dux
3008 3671 3267 3725 invitatus
3318 3674 3382 3707 ¹¹⁹
3412 3674 3619 3729 conde-

2008 3760 2275 3816 scendere
2307 3757 2660 3831 dedignatur.
2696 3756 2946 3812 Nondum
2999 3759 3147 3812 enim
3179 3760 3411 3815 ducatus
3453 3762 3618 3818 Polo-

2017 3850 2122 3905 nia:
2153 3857 2268 3905 erat
2309 3857 2510 3912 tantus,
2569 3864 2752 3919 neque
2785 3848 3045 3918 princeps
3089 3849 3241 3904 orbis
3299 3859 3450 3905 tanto
3482 3851 3621 3907 fastu

2014 3941 2292 4012 superbiae
2323 3941 2684 4008 tumescebat,
2714 3956 2818 3995 nec
2867 3947 2945 3996 tot
2973 3942 3166 3996 cuneis
3211 3941 3486 3998 clientelae
3523 3946 3621 4000 sti-

2017 4042 2194 4105 palus,
2229 4034 2304 4090 ita
2334 4032 2627 4109 magniﬁce
2656 4033 2996 4105 procedebat
3017 4036 3104 4090 ¹³⁰.
3131 4035 3269 4092 Inito
3311 4037 3625 4095 “‘demore

358 3132 520 3186 Erant
541 3131 690 3186 enim
723 3132 946 3203 hospitii
981 3133 1046 3168 ¹⁰⁶
1072 3134 1362 3189 domestici
1396 3134 1462 3169 “’7
1495 3135 1622 3189 Pazt
1664 3135 1728 3169 ¹⁰³
1759 3133 1902 3189 ﬁlius

279 3223 604 3280 Chostconis
633 3224 698 3258 ¹⁰⁰
730 3232 784 3279 et
815 3240 954 3280 uxor
982 3225 1104 3292 ejus
1143 3225 1326 3296 Repca
1359 3227 1424 3261 ¹¹⁰
1448 3227 1714 3282 vocabulo
1754 3243 1901 3282 nun-

279 3315 469 3387 cupati
520 3316 608 3380 ¹¹¹,
640 3315 733 3387 qui
779 3331 903 3370 cum
944 3332 1144 3391 magno
1170 3318 1354 3372 cordis
1385 3317 1581 3374 affectu
1614 3335 1711 3390 pro
1737 3335 1902 3389 posse

275 3420 383 3459 suo
441 3404 720 3473 hospitum
789 3403 1104 3460 necessitati
1158 3406 1470 3461 ministrare
1515 3408 1901 3480 sathagebant,

279 3509 590 3564 eorumque
640 3493 706 3526 ¹¹²
775 3492 1122 3564 prudentiam
1180 3492 1478 3557 intuentes,
1525 3501 1797 3548 secretum
1858 3495 1902 3548 si

280 3585 420 3657 quid
451 3586 516 3620 “3
543 3596 659 3640 erat
687 3601 809 3640 cum
841 3599 1032 3640 eorum
1076 3584 1310 3640 consilio
1343 3583 1607 3654 perficere
1639 3585 1903 3657 diapone-

284 3677 421 3729 bant
483 3674 726 3745 Cumque
765 3674 835 3727 de
875 3689 1026 3728 more
1059 3673 1381 3728 resistentes
1412 3673 1477 3708 “‘
1517 3673 1903 3745 colloqueren-

283 3773 380 3820 tur
418 3765 486 3820 de
531 3764 805 3834 plurimis,
853 3771 907 3819 et
957 3763 1235 3838 peregrini
1276 3780 1343 3817 an
1381 3763 1456 3817 ibi
1507 3770 1670 3834 potus
1697 3764 1905 3835 aliquid

289 3858 363 3892 ³⁸⁵
392 3855 1043 3927 habeaturinquirerent,
1062 3865 1245 3911 arator
1271 3855 1563 3926 hospitalis
1585 3856 1907 3926 respondit:

288 3947 412 4009 Est,
474 3943 674 4016 inquit,
729 3945 896 3998 michi
930 3945 1207 3999 vasculum
1263 3946 1502 3999 cervisia:
1555 3946 1910 4010 fermentata,

290 4049 463 4103 quam
491 4049 590 4103 pro
615 4033 833 4089 casarie
845 4033 953 4102 ﬁlii
980 4049 1139 4102 quem
1171 4033 1337 4088 habeo
1366 4034 1517 4088 unici
1546 4033 1816 4088 tondenda
1847 4034 1916 4068 ἰθ

1641 4195 1860 4251 VARI/1'1
1901 4196 2253 4252 LECTIONES

367 4329 411 4364 ⁸⁷
437 4327 685 4386 Boleslao
715 4328 1095 4400 principaliter
1121 4329 1153 4383 3
1233 4329 1277 4362 ⁸⁸
1309 4327 1733 4400 praedecessoris
1757 4329 1814 4381 2.
1876 4329 2196 4384 “memorie
2226 4329 2277 4386 3.
2304 4328 2702 4383 90intimaverit
2728 4329 2780 4383 3.
2868 4329 2908 4364 ⁸³
2943 4329 3085 4384 deest
3115 4331 3164 4384 1.
3197 4329 3249 4383 2.
3286 4329 3337 4384 3.
3381 4329 3543 4386 93dcs
3575 4333 3626 4388 1-

297 4403 462 4474 dctus
477 4402 529 4474 2.
547 4399 751 4474 dictoB
787 4399 1297 4474 deductuseonjecit
1330 4400 1384 4455 Β.
1413 4401 1490 4474 4Ῠὲ
1507 4399 1796 4474 Choszystp
1825 4401 1878 4455 3.
1938 4401 1980 4434 9"
2006 4401 2316 4474 scglavonice
2332 4401 2387 4474 2._
2415 4402 2509 4454 sed
2529 4409 2790 4474 corrector
2805 4403 3039 4474 primum
3061 4402 3304 4474 cdeleuit
3373 4402 3418 4436 9⁵
3439 4419 3633 4474 prepa-

303 4473 460 4528 rabat
499 4473 547 4526 1.
577 4473 631 4526 2.
697 4473 744 4507 ⁹⁶
769 4473 911 4526 deest
947 4476 1000 4524 iu
1027 4471 1680 4543 eorticibus;addide1unt
1711 4472 1952 4525 editores.
2033 4472 2076 4506 9⁷
2107 4471 2507 4526 inhumanitate
2538 4473 2590 4524 3.
2669 4473 2714 4505 93
2755 4473 3047 4541 praadictos
3075 4472 3109 4528 3
3205 4473 3248 4506 9°
3267 4471 3556 4543 propriam'
3575 4476 3628 4528 3.

300 4544 371 4580 ¹⁰⁰
400 4543 490 4597 ille
515 4543 565 4598 3.
643 4544 706 4578 ¹⁰¹
737 4543 1125 4598 invitacionem
1147 4544 1200 4596 3.
1290 4542 1357 4576 ¹⁰²
1390 4543 1490 4596 hor
1555 4543 1790 4613 [iubebat
1833 4543 1885 4596 2.
1919 4543 2063 4613 quod
2088 4551 2352 4598 corrector
2390 4544 2584 4596 delevit
2626 4548 2673 4596 et
2713 4547 2775 4597 in
2805 4547 3048 4610 margine
3075 4542 3328 4613 apposuit
3359 4542 3628 4600 honorum

303 4614 537 4670 honoris
593 4615 644 4670 3.
737 4615 804 4648 ¹⁰³
834 4615 878 4668 ll
932 4615 1075 4668 deest
1105 4615 1156 4667 1.
1203 4613 1255 4667 2.
1291 4613 1342 4669 3.
1458 4613 1524 4646 ¹⁰⁴
1554 4611 1691 4666 Past.
1725 4613 1760 4666 2
1869 4611 2391 4685 ‘°‘Choszyszkonis
2437 4616 2488 4668 3.
2535 4617 2718 4668 Totam
2767 4611 3194 4684 inscriptimtem:
3254 4615 3634 4686 Capitulum—

304 4686 695 4741 Chosischonis
720 4686 771 4739 1.
799 4687 865 4756 in
895 4689 1137 4750 margine
1161 4688 1327 4749 sistit,
1376 4687 1711 4756 narrationis
1735 4686 1826 4754 ﬁlo
1857 4701 1890 4737 a
1927 4691 2103 4754 capite
2150 4687 2472 4755 praecedenti
2515 4701 2625 4739 non
2655 4689 2981 4754 interrupto.
3074 4686 3142 4720 ¹⁰⁶
3174 4687 3412 4756 hospitio
3450 4692 3482 4740 3
3566 4687 3631 4722 ¹⁰⁷

301 4756 616 4812 domesticii
645 4757 699 4811 2.
769 4755 834 4791 ¹⁰³
867 4757 1025 4811 Pazto
1054 4761 1187 4810 erat.
1248 4757 1300 4809 2.
1331 4755 1425 4809 sed
1454 4757 1632 4810 littera
1665 4771 1697 4810 ο
1726 4772 1904 4819 erasa,
1937 4759 2014 4811 ita
2046 4762 2242 4822 tamen,
2273 4763 2332 4811 ut
2369 4758 2512 4810 clare
2535 4763 2822 4825 appareat.
2884 4758 2947 4790 ¹⁰⁹
2971 4755 3376 4812 Chossistconis
3399 4759 3452 4812 2.
3480 4758 3630 4814 Cho-

303 4827 640 4900 siszconis3.
728 4828 794 4900 {‘0
821 4827 991 4900 Repta
1013 4828 1063 4882 2.
1126 4898 1140 4900 _
1164 4827 1580 4900 “‘rnuncupata
1623 4833 1740 4881 erat
1768 4828 1817 4900 2.
1855 4827 1950 4882 sed
1985 4829 2081 4881 ull.
2117 4845 2148 4882 a
2185 4834 2449 4900 mutatum
2489 4831 2545 4900 in
2579 4828 2613 4881 i.
2679 4828 2763 4900 _'”
2792 4827 2886 4900 qui
2925 4844 3116 4883 eorum
3145 4830 3195 4882 3.
3294 4830 3361 4863 “3
3399 4829 3547 4900 quod
3576 4831 3631 4886 3.

305 4900 375 4934 ¹¹⁴
410 4898 709 4972 rescientes
727 4898 778 4972 3.
848 4899 913 4972 tt“
944 4900 1088 4953 deest
1117 4898 1169 4952 3.
1234 4899 1300 4972 “f3
1327 4897 1661 4972 tondendum
1690 4901 1736 4952 l.
1770 4899 1823 4972 3.
1865 4900 2212 4972 condendam
2243 4900 2293 4953 2.
2377 4899 2440 4932 “7
2473 4897 2691 4972 obsonti
2719 4899 2770 4951 1.
2805 4897 3090 4972 obsenti2.
3157 4900 3225 4972 _“§
3251 4900 3382 4971 quid
3417 4897 3466 4955 1.
3510 4902 3637 4972 quis

301 4971 499 5044 suadet
521 4972 690 5044 legere
713 4970 782 5044 2.7
844 4969 910 5004 ¹¹⁹
939 4985 1239 5044 pauperum
1279 4969 1431 5044 1.
1499 4968 1574 5044 ¹²⁰λ
1589 4970 1864 5044 pauperis
1887 4970 2254 5024 humilitatem
2287 4979 2557 5044 temperat
2587 4969 2892 5044 aliquocies
2919 4972 2970 5026 3.
3054 4972 3118 5004 ¹²¹
3155 4968 3320 5044 igitur
3351 4973 3404 5025 2.
3435 4975 3489 5026 3.
3528 4968 3543 4972 “
3572 4974 3637 5007 ¹²²

305 5057 394 5093 em
427 5043 589 5096 addit
621 5045 664 5094 ε.
695 5043 785 5095 sed
804 5046 989 5109 postea
1027 5039 1242 5094 delevit.
1341 5039 1667 5108 1’3hOSpitas
1693 5046 1812 5094 erat
1838 5040 1884 5094 2.
1925 5044 2014 5094 sed
2042 5058 2235 5096 manus
2264 5043 2379 5096 alia
2407 5039 2490 5095 tas
2521 5039 2739 5107 delevit,
2774 5046 2822 5096 et
2861 5045 2919 5095 in
2947 5039 3457 5108 margine'uddidit:
3486 5045 3640 5097 tibus

302 5115 388 5166 ita
428 5118 485 5186 ut
511 5111 1003 5186 essethospitibus,
1035 5111 1459 5186 quodggdditum
1481 5111 1627 5186 tibus
1654 5112 1782 5164 edit.
1824 5113 1981 5167 Vars.
2013 5112 2174 5186 cibus
2214 5113 2437 5186 legebat.
2510 5112 2580 5186 ¹²ξ
2607 5112 2890 5186 prtisando
2920 5112 2955 5186 2
3012 5113 3300 5182 potisando
3333 5117 3384 5168 3.
3445 5116 3510 5148 ⁸³⁵
3533 5115 3643 5186 igi-

305 5195 398 5237 tur
423 5183 474 5237 2.
509 5185 542 5236 3
655 5183 721 5216 ¹²⁶
752 5183 924 5252 Rupta
953 5184 987 5236 2
1037 5186 1105 5254 3.7
1151 5182 1249 5254 7'”
1285 5182 1531 5254 prestigii
1554 5186 1733 5254 potest
1760 5198 1969 5252 quoque
2007 5185 2113 5250 legi
2137 5185 2189 5238 3.
2279 5183 2345 5218 ¹²⁸
2383 5183 2528 5238 deest
2553 5182 2606 5237 3.
2705 5183 2768 5217 ¹²⁰
2803 5199 2908 5238 vox
2939 5185 3048 5239 huic
3070 5188 3250 5252 posita
3269 5191 3390 5254 post
3417 5182 3642 5241 verbum

305 5254 643 5329 dedignatur
679 5254 730 5307 3.
817 5254 884 5287 ¹⁸⁰
905 5253 1281 5324 procedebant
1303 5254 1354 5309 1.
1386 5253 1439 5308 2.
1466 5253 1483 5254 ί
1549 5253 1608 5286 ¹³¹
1637 5261 1770 5323 puto
1799 5270 1980 5309 errore
2005 5255 2198 5309 scriba
2227 5255 2279 5310 3.

1878 5415 2086 5470 ΝΟΤᾸί.

378 5510 485 5580 (Si?)
518 5511 556 5565 l.
592 5528 644 5582 q.
683 5510 959 5578 laudatus,
991 5508 1324 5564 benedictus
1357 5509 1410 5563 P.
