3960 6198
481 233 584 287 847

1739 223 2082 280 CHRONlC/E
2123 223 2546 280 POLONORUM.

3715 230 3826 287 848

480 355 830 419 convivio,et
859 353 1249 408 habundanter
1277 352 1538 408 omnibus
1567 352 1868 422 apparatis,
1903 349 2088 421 liospi-
2116 355 2167 420 Α
2195 365 2311 404 sam
2345 349 2720 420 epulationem
2754 356 2809 404 et
2838 350 3206 421 sollempnem
3236 351 3576 420 celebrabat,
3606 360 3665 408 et
3697 363 3830 410 tan-

479 451 564 498 tes
605 444 684 498 illi
715 459 946 516 puerum
980 443 1362 509 totonderunt,
1411 443 1572 513 eique
1604 442 1884 496 Semovith
1927 455 2092 496 voca-

478 537 670 593 bulum
702 554 766 593 ex
795 537 1066 610 praesagio
1097 535 1400 591 futurorum
1434 535 1546 606 (58)
1581 535 1918 589 indiderunt.

479 653 530 709 3.
567 654 634 688 ¹³²
665 657 738 709 De
763 653 891 708 duce
920 654 1396 778 Ξεγηουὶϋὲιέὶιξιᾳέέξ
1433 651 1636 704 dicitur
1665 651 1930 705 Scmouith
1978 651 2090 719 ﬁlio

553 815 664 868 illis
721 814 902 884 itaque
949 812 1185 882 peractis
1243 828 1378 882 puer
1427 809 1728 875 Semovith,
1773 809 1918 864 ﬁlius
1966 811 2091 865 Pazt

481 905 880 961 Chossistconis
909 905 975 938 ‘3‘
1005 903 1214 958 viribus
1245 911 1298 957 et
1326 909 1483 957 aetate
1512 902 1684 956 crevit
1727 911 1781 957 et
1805 903 1869 937 ³³⁵
1900 903 1967 957 de
2001 903 2088 958 die

481 996 536 1049 in
567 995 712 1049 diem
761 995 814 1048 in
846 1000 1197 1066 angmentum
1246 992 1509 1061 proiicere
1543 990 1832 1060 probitatis
1881 992 2090 1062 incepit

481 1084 567 1147 ¹³⁶,
596 1092 828 1138 eotenus
857 1083 1001 1153 quod
1036 1098 1128 1135 rex
1175 1097 1364 1154 regum
1407 1089 1461 1134 et
1491 1080 1596 1134 dux
1627 1079 1824 1133 ducum
1866 1080 1928 1114 ‘37
1964 1096 2086 1134 cum

481 1176 720 1232 POIODitB
764 1177 960 1229 ducem
992 1174 1340 1228 concorditer
1376 1174 1673 1238 ordinavit,
1731 1181 1785 1227 et
1815 1173 1884 1227 de
1917 1189 2089 1245 regno

482 1264 697 1334 Pumpil
731 1263 795 1297 ¹³⁸
833 1280 957 1318 cum
998 1263 1190 1316 sobole
1221 1261 1484 1316 radicitus
1518 1263 1811 1332 extirpavit
1861 1262 2093 1316 Narrant

480 1354 644 1408 etiam
675 1352 925 1408 seniores
965 1351 1198 1422 antiqui,
1231 1351 1380 1422 quod
1405 1352 1504 1405 iste
1539 1353 1602 1384 '39
1635 1351 1847 1422 Pumpil
1873 1353 1938 1385 ¹⁵⁰
1967 1368 1998 1405 a
2025 1353 2087 1386 ¹⁴¹

481 1461 653 1518 regno
685 1444 968 1516 expulsus,
994 1451 1199 1498 tantam
1226 1445 1291 1478 “2
1317 1460 1348 1496 a
1379 1443 1626 1497 muribus
1654 1444 2092 1513 persecutionem

482 1539 814 1610 patiebatur,
849 1539 996 1610 quod
1028 1540 1099 1593 ob
1130 1539 1281 1592 lioca
1308 1539 1424 1592 suis
1454 1538 1923 1609 consequentibus
1949 1539 2015 1572 “3
2035 1539 2092 1593 in

482 1629 718 1682 insulam
749 1634 1164 1698 transportatus,
1195 1635 1248 1681 et
1279 1627 1346 1680 ab
1378 1627 1485 1681 illis
1517 1627 1647 1681 feris
1675 1627 1931 1696 pessimis
1963 1627 2093 1683 illuc

482 1720 958 1775 transnatantibus
986 1719 1041 1772 in
1071 1728 1217 1774 turre
1247 1718 1432 1790 lignea
1458 1719 1666 1774 tamdiu
1699 1721 1768 1774 sit
1806 1720 2089 1783 defensus,

483 1813 660 1867 donec
702 1828 816 1882 prae
857 1811 1052 1866 fanore
1099 1809 1374 1881 pestiferae
1407 1812 1779 1866 multitudinis
1829 1813 2094 1867 interem-

483 1913 590 1975 ptae
621 1904 689 1958 ab
718 1904 976 1958 omnibus
1001 1903 1318 1967 derelictus,
1360 1912 1535 1958 morte
1559 1904 1894 1974 turpissima,
1925 1921 2092 1960 mon-

483 1995 610 2051 stris
639 1995 1085 2064 {corrodentibus
1138 1995 1424 2065 expiravit.
1493 1995 1600 2050 Sed
1660 1998 1886 2052 istorum
1941 2007 2095 2070 gesta

483 2102 714 2157 quorum
764 2087 1086 2142 memoriam
1145 2086 1351 2142 oblivio
1408 2087 1691 2143 vetustatis
1721 2088 1981 2155 abolevit,
2042 2097 2096 2145 et

483 2196 622 2253 quos
653 2197 807 2236 error
841 2191 896 2236 et
926 2182 1195 2252 ydolatria
1226 2181 1544 2249 defcedavit,
1573 2199 1880 2239 memorare
1913 2185 2092 2258 negli-

482 2290 697 2348 gamus,
740 2280 794 2328 et
836 2274 904 2328 ad
954 2290 1018 2328 ea
1065 2275 1369 2343 recitanda,
1408 2292 1530 2346 quae
1571 2275 1753 2330 ﬁdelis
1785 2278 2091 2332 recordatio

481 2365 754 2430 meminit,
806 2365 940 2420 istos
990 2366 1267 2420 succincte
1334 2367 1672 2422 nominando
1727 2375 2086 2422 transeamus.

483 2454 761 2512 Semovitb
793 2470 922 2509 vero
955 2455 1322 2524 principatum
1365 2457 1615 2526 adeptus,
1655 2473 1766 2511 non
1820 2459 1886 2491 ιιι
1942 2459 2093 2513 volu-

481 2555 676 2617 ptuose
711 2547 796 2600 vel
829 2548 1014 2617 inepte
1066 2548 1412 2615 juventutem
1463 2565 1617 2602 suam
1670 2550 1935 2615 exercuit,
1989 2550 2084 2604 sed

479 2653 586 2690 usu
615 2636 820 2691 laboris
867 2644 924 2690 et
955 2637 1163 2691 militiae
1203 2637 1492 2708 probitatis
1526 2638 1729 2692 famam
1779 2647 1832 2692 et
1863 2638 2087 2692 honoris

475 2728 704 2800 gloriam
737 2727 1050 2799 acquisivit,
1083 2735 1244 2798 atque
1275 2727 1358 2782 sui
1391 2729 1732 2799 principatus
1756 2727 1914 2799 fines
1944 2729 2089 2783 ulte-

477 2822 590 2876 rius
628 2838 791 2892 quam
814 2823 1016 2893 aliquis
1045 2833 1206 2878 antea
1236 2825 1301 2858 “5
1334 2824 1597 2878 dilatavit.
1625 2824 1790 2892 Cujus
1818 2825 1938 2879 loco
1979 2825 2078 2878 de-

477 2916 725 2970 cedentis
754 2917 934 2971 Lestik
965 2917 1113 2972 ﬁlius
1145 2919 1265 2986 ejus
1289 2919 1617 2973 subintravit
1647 2919 1736 2984 “6,
1772 2919 1866 2989 qui
1900 2929 2086 2989 pater-

2118 1678 2167 1745 Β

2195 450 2309 496 tum
2331 441 2397 476 ¹⁶⁸
2423 441 2568 496 inter
2587 441 2781 512 epulas
2807 457 2919 512 prae
2943 442 3188 498 caecitate
3213 443 3394 514 pueri,
3415 445 3574 516 quasi
3607 445 3829 502 doloris

2193 541 2248 588 et
2277 534 2626 588 verecundiae
2658 534 2724 568 ¹⁵⁹
2753 551 2965 590 memor
2994 535 3229 590 latenter
3257 535 3327 589 ab
3349 535 3458 591 imo
3493 537 3560 572 ¹⁶⁰
3592 544 3828 607 pectore

2193 622 2522 692 suspirabat.
2557 624 2688 678 Aliis
2739 624 2995 695 equidem
3029 625 3407 679 exultantibus
3425 635 3480 680 et
3520 625 3733 696 palmis
3762 643 3826 680 ex

2191 712 2592 766 consuetudine
2626 712 3039 782 plaudentibus,
3074 713 3263 768 laetitia
3293 714 3401 768 alia
3428 714 3596 769 aliam
3629 731 3829 770 cumu-

2192 804 2344 868 lavit,
2387 821 2507 876 quae
2545 805 2720 858 visum
2753 805 3030 876 recepisse
3088 822 3297 861 caecum
3337 823 3569 878 puerum
3606 807 3828 863 indica-

2192 893 2267 946 vit
2324 894 2409 949 ¹⁶¹.
2466 896 2529 949 At
2583 901 2739 964 pater
2769 894 2904 948 nulli
2962 895 3028 928 ¹⁶²
3070 895 3350 951 nuntianti
3391 897 3497 952 hoc
3553 897 3823 962 credidit,

2193 987 2372 1042 donec
2399 995 2573 1042 mater
2602 988 2670 1042 de
2702 987 2956 1043 convivio
3013 1005 3286 1064 exurgens
3336 990 3406 1044 ad
3446 1005 3690 1061 puerum
3729 991 3825 1045 in-

2190 1082 2390 1148 troivit,
2413 1099 2536 1153 quae
2570 1083 2707 1153 patri
2740 1082 2947 1138 nodum
2977 1083 3043 1117 ¹⁶³
3075 1082 3455 1157 ambiguitatis
3481 1083 3823 1154 amputavit,

2191 1171 2519 1242 cunctisque
2574 1171 2950 1226 residentibus
3006 1172 3071 1205 ¹⁶⁴
3104 1171 3381 1226 videntem
3417 1187 3656 1242 puerum
3692 1187 3829 1243 pro-

2193 1265 2465 1320 nuntiavit
2487 1266 2571 1318 “‘5.
2599 1266 2750 1320 Tunc
2773 1266 2996 1320 demum
3025 1267 3242 1321 cunclis
3273 1265 3464 1320 laetitia
3496 1265 3668 1336 plena
3701 1265 3826 1330 fuit,

2193 1371 2315 1409 cum
2378 1371 2514 1425 puer
2547 1354 2670 1410 illos
2701 1371 2839 1425 quos
2878 1371 3164 1426 nunquam
3219 1355 3435 1409 viderat
3463 1355 3822 1430 recognovit,

2193 1459 2418 1515 suaeque
2475 1444 2742 1499 caecitatis
2791 1444 3152 1519 ignominiam
3189 1443 3241 1498 in
3273 1444 3536 1516 gaudium
3593 1444 3828 1499 inextri-

2193 1531 2369 1587 cabile
2411 1533 2787 1588 commutavit.
2821 1533 2968 1588 Tunc
3007 1533 3290 1588 Semimizl
3331 1533 3440 1587 dux
3479 1533 3741 1588 seniores
3772 1540 3828 1587 et

2193 1625 2547 1682 discretiores
2587 1627 2679 1698 qui
2710 1627 2941 1683 aderant
2989 1628 3057 1662 ¹⁶⁶
3099 1627 3378 1682 subtiliter
3406 1627 3745 1694 sciscitatur,
3780 1628 3825 1681 si

2195 1719 2326 1789 quid
2351 1719 2588 1791 prodigii
2621 1736 2719 1790 per
2745 1720 3043 1775 caecitatem
3085 1719 3624 1775 etilluminationem
3660 1721 3824 1790 pueri

2195 1808 2532 1878 designatur.
2599 1808 2706 1879 lpsi
2739 1825 2870 1864 vero
2911 1825 3010 1880 per
3061 1808 3366 1864 caecitatem
3409 1808 3698 1864 Poloniam
3741 1808 3823 1862 sic

2194 1906 2354 1953 antea
2386 1899 2552 1956 fuisse
2585 1901 2740 1972 quasi
2775 1916 2972 1955 caecam
3014 1900 3356 1964 indicabant,
3388 1899 3485 1954 sed
3517 1900 3589 1955 de
3630 1908 3822 1955 cetero

2196 2010 2296 2064 per
2332 1994 2682 2050 Meschonem
2721 1995 3141 2051 illuminandam
3175 2005 3231 2050 et
3269 1995 3618 2050 exaltandam
3646 2011 3822 2066 super

2197 2083 2451 2138 nationes
2467 2084 2754 2159 contiguas
2786 2083 3243 2155 prophetisabant
3271 2084 3357 2138 “‘7.
3391 2082 3529 2147 Quia
3563 2091 3619 2138 et
3651 2083 3731 2138 ita
3756 2100 3817 2138 se

2196 2175 2404 2242 habuit,
2438 2185 2493 2230 et
2522 2177 2683 2231 aliter
2702 2183 2884 2231 tamen
2926 2175 3278 2246 interpretari
3307 2175 3507 2247 potuit.
3541 2176 3676 2231 Vere
3711 2176 3815 2231 Po-

2193 2265 2342 2320 lonia
2383 2283 2527 2322 caeca
2567 2268 2718 2338 prius
2752 2276 2889 2332 erat,
2922 2283 3044 2339 qua:
3095 2283 3199 2322 nec
3220 2267 3506 2335 {culturam
3545 2267 3662 2322 veri
3713 2268 3817 2322 Dei

2194 2376 2297 2415 nec
2315 2361 2621 2416 doctrinam
2647 2361 2775 2417 ﬁdei
2797 2361 3188 2437 cOgnoscebat,
3215 2362 3317 2418 sed
3333 2378 3430 2432 per
3458 2362 3813 2417 Meschonem

2194 2452 2559 2508 illuminatum
2619 2461 2701 2510 est
2731 2463 2786 2510 et
2839 2455 2960 2526 ipsa
2993 2455 3300 2509 illuminata
3335 2453 3426 2522 "5‘,
3465 2454 3614 2526 quod
3648 2455 3717 2489 ¹⁶⁹
3749 2469 3815 2510 eo

2194 2548 2454 2603 credente
2495 2549 2753 2604 Polonica
2814 2565 2954 2623 gens
2993 2549 3063 2603 de
3117 2557 3296 2604 morte
3337 2546 3683 2603 inﬁdelitatis
3730 2558 3815 2604 est

2188 2651 2459 2713 exempta.
2485 2643 2687 2698 Ordine
2714 2644 2781 2678 ¹⁷⁰
2810 2644 2956 2699 enim
2990 2643 3322 2714 competenti
3357 2643 3501 2697 Deus
3549 2642 3816 2712 omnipo-

2189 2727 2314 2785 tens
2342 2732 2518 2786 visum
2550 2733 2762 2802 primus
2784 2733 3066 2788 Mesehoni
3093 2733 3433 2803 corporalem
3468 2733 3730 2798 restituit,
3762 2741 3815 2787 et

2190 2829 2382 2893 postea
2415 2823 2477 2857 ¹⁷¹
2510 2824 2811 2895 spiritalem
2846 2824 3119 2891 adhibuit,
3153 2831 3212 2879 ut
3235 2839 3334 2895 per
3357 2824 3596 2879 visibilia
3623 2824 3691 2878 ad
3727 2824 3812 2878 in-

2188 2911 2487 2965 visibilium
2518 2913 2861 2985 agnitionem
2891 2919 3225 2984 penetraret,
3258 2921 3312 2968 et
3343 2928 3444 2983 per
3480 2927 3668 2966 rerum
3710 2929 3812 2968 no-

475 3023 560 3062 nae
582 3008 842 3078 probitati
867 3016 921 3062 et
959 3010 1201 3063 audaciae
1231 3011 1400 3082 gestis
1429 3026 1548 3064 sese
1581 3009 1908 3063 militaribus
1942 3010 2089 3063 adae-
2115 3062 2158 3082 η
2191 2999 2361 3053 tiliam
2391 3000 2460 3053 ad
2489 2999 2716 3055 artiﬁcis
2744 3001 3204 3071 omnipotentiam
3227 3000 3555 3071 suspicaret.
3586 3000 3696 3054 Sed
3741 3001 3806 3035 ¹τ²

473 3062 662 3170 quavit
691 3099 755 3133 “'7
787 3099 919 3169 (59),
981 3062 1192 3154 bestik”
1220 3062 1554 3171 ginno—que
1607 3099 1865 3154 morienti
1908 3062 2084 3154 semi-
2110 3062 2160 3131 C
2190 3105 2285 3143 cur
2323 3099 2440 3144 rota
2472 3091 2578 3160 (60)
2606 3105 2823 3145 currum
2857 3062 3144 3162 praecurrit
3175 3062 3594 3145 1""‘t‘éemimizl
3626 3097 3810 3145 autem

472 3191 600 3244 mizl
622 3191 688 3225 “9
705 3191 828 3260 ejus
858 3191 1077 3264 genitus
1111 3193 1400 3258 successit,
1433 3192 1525 3263 qui
1557 3198 1847 3262 parentum
1876 3207 2087 3247 memo-

471 3283 607 3337 riam
628 3290 698 3353 .et
727 3298 933 3356 genere
974 3289 1027 3337 et
1057 3283 1124 3317 “5°
1155 3283 1423 3356 dignitate
1456 3280 1753 3355 triplicavit
1784 3285 1869 3338 '5‘.

541 3401 594 3454 4.
635 3402 710 3454 De
738 3401 972 3454 caecitate
1002 3399 1426 3505 Meschcqnigf’
1448 3401 1554 3469 ﬁlii
1586 3398 1654 3433 ¹⁵³
1683 3400 1940 3454 Zeminizl
1974 3401 2082 3454 du-

1181 3486 1257 3526 cis
1355 3509 1369 3523 .

1210 3488 1257 3524 ιε
1284 3488 1369 3523 Ην’.

541 3563 636 3617 Hic
693 3569 873 3617 autem
931 3562 1206 3617 Semimizl
1249 3578 1507 3636 magnum
1571 3567 1624 3616 et
1662 3562 2078 3617 memorandum

2189 3181 2345 3236 senio
2375 3180 2659 3236 confectus
2684 3190 2988 3239 extremum
3021 3181 3143 3238 vale
3174 3182 3241 3216 ‘7‘
3273 3181 3481 3236 mundo
3512 3179 3665 3236 fecit.

2256 3293 2308 3347 5.
2341 3293 2608 3359 Quomodo
2629 3295 2798 3348 Mesco
2830 3292 2897 3327 “5
2923 3292 3490 3398 recepiLDobrowcam
3518 3291 3631 3346 sibi
3659 3292 3728 3327 ίτ⁶
3756 3295 3811 3345 in

2818 3379 3042 3398 ..ωηηη
3107 3373 3140 3395 ι.

2818 3379 3044 3418 umorem
3079 3373 3164 3416 ¹⁴⁴.

2256 3469 2319 3522 At
2371 3467 2552 3523 Mesco
2603 3467 2952 3522 mducalum
3003 3467 3259 3538 adeptus,
3290 3465 3576 3542 ingenium
3641 3466 3811 3520 animi

2185 3557 2426 3628 caspitet
2449 3558 2593 3612 vires
2621 3557 2869 3628 corporis
2891 3557 2958 3591 “9
2987 3571 3269 3623 exercere,
3308 3571 3373 3610 ac
3403 3556 3666 3610 nationes
3702 3571 3808 3626 per

467 3655 816 3710 Meschonem
849 3656 914 3690 ¹⁵⁵
945 3655 1260 3727 progenuit,
1289 3655 1384 3727 qui
1419 3655 1628 3726 primus
1652 3655 1877 3710 nomine
1911 3670 2081 3709 voca-
2184 3645 2474 3701 circuitum
2511 3645 2656 3700 bello
2685 3645 2887 3716 saepius
2921 3650 3250 3715 atemptare.
3278 3643 3469 3699 Adhuc
3497 3651 3614 3699 tum
3648 3643 3718 3679 ¹⁸⁰
3753 3645 3807 3698 in

467 3750 553 3798 tus
591 3744 698 3799 alio
754 3744 841 3810 ’55,
873 3751 1084 3815 septem
1129 3744 1290 3798 annis
1331 3761 1359 3798 a
1416 3743 1698 3798 nativitate
1752 3760 1933 3799 caecus
1964 3743 2085 3799 fuit.
2191 3745 2343 3792 tanto
2374 3737 2696 3810 gentilitatis
2736 3752 2924 3792 errore
2964 3736 3348 3792 involvebatur
3388 3736 3475 3798 ¹¹,
3521 3734 3672 3807 quod
3713 3751 3813 3790 sua

464 3836 710 3906 Septimo
740 3851 870 3891 vero
919 3844 1239 3891 recurrente
1272 3835 1574 3890 nativitatis
1611 3836 1732 3904 ejus
1763 3836 2091 3891 anniversa-
2189 3831 2595 3886 consuetudine
2638 3831 2705 3866 ¹⁸²
2745 3837 2959 3901 septem
3006 3831 3273 3886 uxoribus
3311 3828 3670 3884 abutebatur.
3704 3828 3806 3885 Po-

466 3925 570 3993 rio,
621 3935 778 3996 pater
807 3926 986 3996 pueri,
1039 3941 1192 3981 more
1250 3925 1414 3980 solito
1469 3931 1770 3980 convocata
1827 3925 2086 3980 comitum
2188 3929 2390 3978 stremo
2434 3922 2502 3957 ¹⁸³
2540 3938 2706 3978 unam
2748 3922 3264 3977 christianissimam
3295 3921 3364 3976 de
3396 3920 3663 3977 Bobemia
3692 3921 3811 3975 Du-

466 4014 814 4086 aliorumque
853 4030 1077 4070 suorum
1111 4014 1175 4048 ίδτ
1209 4013 1524 4085 principum
1556 4013 1850 4081 concione,
1892 4014 2088 4084 copio-
2187 4016 2444 4070 brovcam
2473 4014 2700 4069 nomine
2732 4013 2787 4068 in
2819 4014 3234 4070 matrimonium
3266 4012 3558 4085 requisivit
3593 4013 3663 4048 ³⁸⁵
3692 4012 3810 4086 (61)

1805 4112 2040 4168 VARUE
2081 4112 2458 4169 LECTIONES.

539 4211 607 4245 ¹³²
638 4211 706 4264 ιιι
739 4211 882 4264 deest
908 4211 964 4264 in
992 4209 1260 4282 codicibus
1292 4210 1386 4263 hoc
1420 4209 1529 4264 loco
1560 4214 1611 4264 et
1645 4225 1904 4264 numerus
1935 4213 2168 4281 capituli
2203 4213 2262 4265 in
2299 4211 2547 4265 omnibus
2578 4213 2920 4282 sequentibus
2949 4212 3186 4266 omnium
3209 4212 3377 4264 tri-um
3403 4209 3697 4282 librorum,
3747 4212 3806 4264 in

466 4283 659 4352 qutbus
689 4287 736 4336 et
762 4297 868 4335 voce
889 4282 1190 4350 capitulum
1220 4281 1384 4347 deest,
1413 4286 1611 4350 praeter
1633 4297 1692 4334 ea
1719 4283 1962 4351 capitula
1992 4280 2152 4352 penes
2184 4298 2303 4352 quae
2330 4280 2832 4338 notavimusfsolum
2855 4283 3121 4349 defectum
3153 4284 3382 4336 numeri.
3468 4280 3540 4352 ‘3?
3559 4280 3632 4335 de
3663 4281 3806 4335 duce

466 4351 664 4407 I—Pazt
702 4353 893 4408 desunt
931 4352 981 4408 3.
1072 4352 1137 4386 ¹³¹ο
1166 4352 1548 4425 Cliossisconis
1575 4351 2060 4425 2.7Choiszysconis
2088 4355 2141 4411 3.
2193 4351 2208 4352 ί
2230 4355 2296 4388 ¹³⁵
2325 4355 2470 4409 deest
2494 4355 2546 4408 3.
2624 4354 2692 4388 ³⁸⁵
2719 4354 2869 4425 cepit
2896 4354 2949 4410 3.
3054 4353 3119 4388 ³³⁷
3151 4354 3298 4425 deest
3325 4353 3378 4425 3.
3450 4351 3549 4425 7‘3“
3587 4352 3804 4425 Pumpil

466 4431 584 4481 erat
603 4431 649 4478 et
679 4425 731 4479 2.
767 4425 857 4478 sed
889 4433 1149 4497 corrector
1179 4423 1484 4491 efformavit
1518 4423 1728 4494 Popiel.
1773 4424 1940 4497 Popel
1971 4425 2038 4497 3.
2077 4426 2267 4497 Popiel
2303 4426 2541 4497 Polonice
2564 4423 2845 4497 usitatum.
2941 4425 3007 4497 ‘7”
3038 4425 3197 4497 istem
3230 4424 3282 4478 1.
3332 4424 3394 4497 2Δ
3425 4424 3574 4497 deest
3593 4423 3648 4477 3.
3743 4423 3808 4457 ¹⁶⁰

468 4497 683 4568 Pumpil
713 4500 829 4550 erat
855 4501 903 4550 et
930 4496 984 4549 2.
1018 4494 1112 4549 sed
1168 4497 1370 4568 iterum
1393 4511 1426 4547 a
1465 4493 1866 4568 cor-rectorem:
1913 4495 2100 4567 P0piel
2141 4493 2404 4552 mutatum
2437 4496 2679 4566 Pope13.
2760 4498 2823 4531 ¹⁸¹
2858 4497 2926 4552 de
2957 4496 3006 4550 3.
3099 4496 3166 4530 ¹⁴²
3197 4501 3349 4568 tanto
3368 4494 3424 4568 3.
3507 4493 3580 4568 [‘j’j
3605 4509 3806 4568 conse-

465 4562 735 4641 quacibus
764 4568 820 4620 2.
855 4566 1398 4641 persequentibus_3.
1479 4567 1718 4641 1“deest
1745 4567 1780 4620 2
1834 4566 1884 4622 3.
1921 4562 2152 4641 "s'anter
2183 4585 2248 4623 ea
2288 4568 2342 4623 3.
2409 4562 2624 4641 _“5__cui
2653 4568 2920 4623 successit
2958 4566 3476 4641 mortuo_g_Lesthko
3505 4562 3658 4641 ﬁlius
3684 4566 3806 4641 ejus

509 4657 566 4695 ro
597 4656 686 4705 eo,
723 4654 822 4709 pro
856 4639 1044 4710 cujus
1067 4638 1187 4692 loco
1202 4637 1592 4710 —subintravit
1621 4641 1674 4693 3.
1706 4641 1769 4692 In
1796 4643 2076 4705 margine:
2127 4640 2196 4694 de
2236 4641 2377 4694 duce
2409 4638 2677 4694 Lestkone
2725 4645 2935 4710 ponunt
2964 4641 3017 4694 1.
3046 4639 3082 4692 2
3184 4638 3247 4710 ‘f"
3281 4637 3576 4710 coequavit
3604 4636 3693 4710 3.Δ
3739 4636 3806 4710 ιξδ

507 4706 763 4767 esthkoni
793 4711 844 4764 3.
925 4708 1407 4780 1‘9gszemimisl3.
1435 4711 1498 4764 In
1531 4712 1778 4780 margine
1808 4709 1877 4763 de
1927 4711 2068 4764 duce
2107 4710 2382 4765 Zemimizl
2421 4716 2625 4780 ponunt
2669 4706 2807 4765 1:2.
2897 4710 2964 4744 ¹⁵⁰
2993 4710 3137 4764 deest
3187 4707 3268 4780 3.7
3318 4709 3380 4743 ¹⁵¹
3406 4706 3447 4762 Β
3497 4706 3722 4780 plicavit
3751 4707 3803 4760 3.

468 4784 535 4818 ¹⁵²
565 4783 881 4837 Mecheonis
907 4781 961 4835 2.
992 4779 1322 4835 Mieszkonis
1352 4781 1404 4835 3.
1483 4780 1551 4814 ¹⁸³
1578 4779 1692 4836 filio
1723 4781 1773 4834 1.
1807 4781 1861 4834 2.
1956 4781 2318 4836 15iZemimizl
2372 4778 2458 4836 etc
2518 4797 2616 4851 pro
2669 4782 2722 4836 Ζ.
2785 4783 2839 4835 d.
2879 4782 2932 4835 3.
3006 4782 3072 4816 ¹⁵δ
3113 4779 3458 4834 Meschonem
3504 4779 3558 4832 2.
3605 4778 3805 4833 Miesz-

464 4855 664 4910 konem
715 4855 765 4910 3.
851 4853 918 4887 ¹⁵⁶
949 4852 1044 4906 illo
1085 4852 1135 4906 3.
1209 4852 1273 4886 ‘57
1305 4853 1450 4924 deest
1478 4852 1532 4906 3.
1616 4853 1682 4886 ¹⁵⁸
1715 4859 1896 4907 tamen
1951 4857 2000 4908 1.
2047 4853 2098 4908 3.
2176 4854 2241 4887 ¹⁵⁹
2267 4869 2396 4908 vere
2427 4853 2698 4924 quottidie
2725 4853 2778 4916 3,
2868 4852 2936 4886 ¹⁶⁰
2961 4867 3072 4907 uno
3103 4852 3153 4905 2.
3175 4868 3298 4924 Aqua
3322 4851 3809 4924 uocecancetlata,

465 4932 726 4980 corrector
753 4928 814 4980 in
844 4926 1285 4994 margineposuit
1317 4923 1529 4978 intimo.
1630 4924 1692 4957 ¹⁶¹
1726 4927 1808 4978 ita
1833 4925 2194 4988 correximus;
2226 4921 2474 4979 invitavit
2500 4925 2654 4979 codd.
2697 4930 2744 4979 et
2784 4924 2932 4988 edd.,
2985 4924 3042 4977 P.
3124 4922 3190 4957 ¹⁶²
3219 4921 3296 4976 illi
3324 4922 3380 4994 3.
3401 4991 3430 4994 Α
3455 4921 3524 4955 ¹⁶³
3555 4921 3807 4976 nondum

465 4998 666 5050 vulnus
718 4997 770 5050 3.
867 4997 932 5030 "5*
963 4991 1346 5050 resistentibus
1384 4995 1434 5066 2.
1525 4995 1955 5065 16"’presentavit
2009 4995 2062 5048 2.
2145 4996 2213 5029 ¹⁶⁶
2242 4996 2512 5050 adherent
2539 4995 2594 5049 2.
2686 4995 2750 5030 ¹⁶⁷
2785 4993 3189 5066 prophetabant
3224 4993 3277 5047 2.
3332 4991 3435 5066 λεδ
3459 4999 3548 5066 est
3594 5007 3812 5066 erg-ones

463 5070 658 5137 repetit
688 5071 952 5122 corrector
987 5066 1040 5120 2.
1127 5066 1192 5102 16°
1220 5065 1431 5138 quia2.
1517 5065 1583 5099 "0
1607 5062 1731 5120 cum
1759 5069 2065 5138 anteposuit
2095 5067 2191 5122 sed
2218 5071 2404 5137 postea
2432 5067 2625 5121 deleuit
2661 5068 2711 5121 1.
2787 5062 2857 5100 "7‘
2889 5062 2944 5122 et
2989 5073 3244 5137 preterea
3272 5063 3432 5118 addit
3453 5062 3506 5138 2.
3606 5063 3811 5138 mid'r,

465 5136 561 5192 hoc
579 5139 794 5204 siglum.
826 5139 966 5208 quod
990 5139 1094 5206 legi
1117 5136 1285 5208 potest
1324 5136 1544 5201 dicitur,
1576 5139 1722 5192 sistit
1765 5137 1819 5197 2.
1904 5137 2065 5192 1“ita
2093 5136 2389 5194 emendavi.
2435 5139 2523 5200 P.;
2559 5138 2893 5208 precurritur
2917 5136 3130 5208 absque
3166 5137 3808 5208 interrogationissigno

467 5211 587 5280 1.2.
621 5210 745 5264 edd.
794 5206 985 5264 Verba.
1053 5206 1204 5264 Tunc
1245 5209 1834 5279 demum—prascurrit
1864 5209 2056 5264 desunt
2107 5208 2137 5264 3
2245 5210 2310 5244 ¹τ¹ο
2342 5206 2696 5280 postmodum
2757 5209 2916 5264 addit
2967 5206 3044 5265 3.“
3098 5207 3164 5280 ‘1‘
3195 5207 3416 5280 Moscho
3440 5206 3636 5280 2.___"F
3666 5209 3809 5280 deest

460 5279 514 5336 2.
550 5280 616 5315 “7
649 5281 935 5344 Quomodo
961 5313 986 5319 -
1012 5297 1238 5336 uxorem
1267 5281 1455 5335 desunt
1487 5275 1558 5336 3.’
1657 5281 1722 5314 ¹τ⁸
1752 5283 1906 5335 Anno
1947 5280 2160 5335 Domini
2215 5275 2545 5336 DCCCCLXV
2585 5280 2824 5336 Mieszko
2864 5296 2967 5350 pro
3013 5281 3077 5334 At
3104 5277 3352 5350 Mescoi3
3420 5349 3427 5350 ί
3489 5277 3557 5350 ¹ῖ⁹
3579 5279 3723 5350 deest
3751 5275 3806 5330 3.

463 5351 532 5386 ¹³⁰
556 5356 638 5408 ita
665 5352 899 5414 edimus;
934 5368 1055 5406 cum
1092 5356 1137 5406 t.
1165 5352 1218 5406 2.
1247 5359 1430 5406 tamen
1459 5352 1511 5407 3.
1595 5351 1656 5385 ¹⁸¹
1684 5350 2011 5406 volvebatur
2027 5353 2082 5406 3.
2167 5353 2234 5386 ¹⁸²
2265 5355 2360 5406 hoc
2408 5353 2519 5406 loco
2550 5352 2623 5406 ad
2659 5347 2884 5407 calcem—
2906 5353 3164 5406 columna:
3190 5349 3349 5403 addit
3408 5349 3430 5401 1
3458 5365 3471 5400 :
3505 5347 3667 5402 Anno
3699 5348 3808 5402 Do-

460 5424 596 5479 mini
641 5420 969 5476 DCCCCLXV
1011 5439 1234 5479 uxorem
1281 5423 1513 5493 accepit.
1586 5423 1652 5456 ¹⁸³
1675 5422 2014 5478 Postremum
2069 5424 2122 5478 2.
2215 5424 2280 5458 ‘3‘
2315 5423 2727 5479 Dambrowcam
2786 5423 3012 5479 nomine
3074 5420 3368 5493 requisivit
3422 5417 3594 5473 ﬁliam
3640 5418 3804 5474 ducis

459 5494 726 5553 Bohemie
742 5508 844 5562 pro
883 5494 1611 5565 Dubrowcam—requisivit
1641 5494 1692 5548 3.
2021 5565 2211 5620 ΝΟΤΝ

529 5665 639 5731 (58)
674 5661 751 5734 Cf.
793 5660 908 5716 Vita
928 5661 994 5734 iS.
1041 5662 1270 5716 Ladislai
1316 5662 1778 5734 regisiﬂungarim
1825 5661 1892 5734 in
1923 5662 2074 5734 End-

460 5734 642 5861 llielzigg
666 5735 862 5856 Rgrum
905 5733 1079 5805 llung.
1117 5748 1266 5788 mon.
1301 5733 1630 5801 Arpadiana.
1659 5734 1710 5787 S.
1744 5733 1879 5787 Galli
1909 5733 2072 5799 1848,

2248 5663 2707 5737 (59)_Sall.,1ug.,
2741 5681 2814 5718 IV.
2849 5664 2904 5737 S.

2248 5730 2352 5808 (60)
2385 5730 2659 5808 l_..e.Acur'.
2685 5735 2923 5808 narratio
2952 5733 3122 5808 gestis
3152 5730 3484 5804 praecurrit?
3513 5730 3575 5785 P.

2248 5803 2360 5875 (61)
2391 5803 2466 5860 Cf.
2503 5806 2746 5873 Cosmas,
2783 5823 2820 5874 ι,
2851 5803 3038 5862 26ῘΚ.
