3960 6198
225 394 334 449 849

1638 398 1826 452 LIBER
1868 398 2133 454 PRIMUS.

3465 403 3571 457 850

225 529 338 578 (an.
400 517 526 589 965)
570 521 635 574 At
665 519 757 573 illa
800 519 857 574 ni
905 535 1126 590 pravam
1175 523 1631 579 consuetudinem
1697 525 1843 580 illam
1875 535 1920 596 Α
1951 527 2114 600 longa
2147 530 2594 604 peregrinatione
2617 537 2722 586 eta
2745 545 2842 583 sua
2866 529 3059 583 rebelli
3080 537 3246 605 gente
3272 529 3568 585 Bohemica

227 612 490 679 dimittat,
547 627 785 684 seseque
837 611 954 667 fieri
997 613 1360 669 christianum
1416 618 1698 687 promittat
1739 618 1846 673 sibi

231 705 301 740 ’⁸⁵
357 705 567 760 nubere
595 705 886 762 recusavit.
933 705 1004 760 Eo
1061 721 1192 780 ergo
1248 706 1316 742 ¹⁸⁶
1364 708 1739 776 collaudante,
1791 727 1850 765 se

230 817 395 856 usum
455 799 522 836 ³⁸⁷
568 799 718 856 illius
763 801 1069 873 paganismi
1111 801 1464 859 dimissurum
1519 815 1575 860 et
1615 806 1681 841 ¹⁸⁸
1722 805 1850 860 fidei

224 893 544 950 christiana
601 900 947 950 sacramenta
1017 903 1425 966 suscepturum,
1483 897 1576 952 illa
1628 898 1851 954 domina

229 997 360 1036 cum
398 997 602 1055 magno
629 981 894 1037 secularis
920 989 976 1037 et
1012 983 1404 1039 ecclesiastica:
1434 985 1716 1058 religionis
1746 1004 1850 1058 ap-

229 1079 426 1142 paratu
458 1071 739 1126 Poloniam
769 1070 1034 1138 introivit,
1071 1072 1304 1128 necdum
1327 1081 1510 1129 tamen
1540 1076 1700 1131 thoro
1729 1092 1851 1131 sese

230 1165 469 1221 maritali
503 1164 811 1232 fmderavit,
859 1165 1036 1221 donec
1065 1165 1158 1221 ille
1190 1169 1448 1238 paulatim
1490 1171 1851 1225 consuetudi-

228 1271 358 1310 nem
384 1253 800 1310 christianitatis
828 1261 883 1310 et
908 1255 1233 1328 religionem
1265 1259 1849 1314 ecclesiasticiordinis

225 1345 528 1420 diligenter
557 1345 962 1418 contemplans,
1011 1348 1185 1402 errori
1225 1349 1514 1421 gentilium
1555 1351 1850 1424 abnegavit

225 1454 400 1510 seque
425 1437 638 1513 gremio
665 1439 854 1493 matris
882 1439 1133 1494 ecclesia:
1173 1442 1415 1496 counivit
1446 1444 1513 1477 ¹⁸⁹
1545 1443 1657 1513 (an.
1689 1443 1832 1511 966).

296 1546 346 1600 6.
385 1549 460 1601 De
491 1548 670 1617 primo
697 1546 1095 1673 Βοιϐιιὲπίιί
1116 1548 1404 1653 ggcebatur
1443 1551 1716 1606 Gloriosus
1746 1566 1841 1606 seu

300 1709 513 1765 Primus
555 1725 688 1784 ergo
719 1709 1049 1766 Polonorum
1081 1711 1192 1765 dux
1238 1712 1453 1768 Mescho
1494 1730 1594 1785 per
1623 1713 1843 1769 fidelem

1955 620 2426 692 multasiinjurias
2483 639 2832 695 perpessum,
2878 621 2946 675 ad
2989 637 3047 676 se
3096 623 3414 677 venientem
3443 639 3568 678 cum

1953 729 2151 786 magna
2179 717 2537 772 veneratione
2577 716 2838 786 suscepit,
2886 715 3117 784 eiusque
3161 714 3571 784 praedicationi-

1953 805 2057 860 bus
2087 805 2326 862 fideliter
2354 808 2422 843 ὀδ
2473 815 2526 863 et
2558 806 3000 863 instutitionihus
3029 805 3299 861 obedivit.
3340 806 3571 862 Sanctus

1953 909 2082 949 vero
2110 895 2448 969 martirignc
2489 896 2736 951 caritatis
2774 903 2828 950 et
2872 895 2991 950 zelo
3045 894 3454 966 praedicationis
3485 911 3570 949 ac-

1951 999 2174 1052 census,
2196 993 2252 1040 ut
2277 986 2677 1058 aliquantulum
2702 986 2815 1054 jam
2845 985 2901 1039 in
2932 984 3159 1040 Polonia
3188 983 3352 1038 fidem
3384 983 3569 1054 pullu-

1951 1075 2095 1130 lasse
2149 1085 2203 1131 et
2260 1085 2505 1132 sanctam
2567 1077 2855 1132 ecclesiam
2904 1076 3208 1132 excrevisse
3262 1076 3566 1145 conspexit,

1952 1166 2262 1236 intrepidus
2309 1167 2553 1222 Prusiam
2588 1167 2828 1231 intravit,
2886 1166 3078 1237 ibique
3108 1165 3352 1220 martirio
3405 1183 3566 1221 suum

1950 1272 2184 1327 agonem
2217 1257 2616 1312 consummavit
2646 1258 2714 1290 ²⁰⁵
2745 1258 2855 1326 (an.
2887 1257 3034 1326 997).
3071 1257 3262 1312 Postea
3279 1272 3410 1312 vero
3442 1272 3565 1312 eor-

1953 1364 2054 1419 pus
2081 1348 2255 1419 ipsius
2285 1348 2354 1402 ab
2405 1350 2538 1418 ipsis
2571 1348 2756 1402 Prusis
2792 1348 3110 1403 Bolezlavus
3138 1348 3255 1402 auri
3308 1348 3560 1418 pondere

1949 1441 2286 1511 comparavit
2313 1442 2443 1512 (67),
2473 1452 2530 1496 et
2562 1441 2616 1494 in
2649 1441 2958 1496 Gneznensi
3000 1442 3070 1476 ²⁰⁶
3107 1441 3400 1511 metropoli
3433 1456 3568 1496 con-

1942 1535 2110 1609 digno
2136 1536 2346 1590 honore
2362 1535 2758 1590 collocavitm.
2786 1535 2925 1590 lllud
2947 1551 3167 1607 quoque
3191 1537 3472 1591 memoriae
3496 1522 3565 1571 ²⁰⁸

1944 1626 2446 1681 commendandum
2489 1627 2848 1693 aestimamus,
2905 1627 3052 1698 quod
3112 1633 3362 1696 tempore
3392 1628 3566 1698 ipsius

1947 1715 2016 1748 ’09
2047 1715 2168 1770 Otto
2203 1714 2373 1770 Rufus
2404 1716 2514 1786 (68)
2573 1716 2870 1786 imperator
2911 1716 2980 1770 ad
3009 1723 3258 1770 sanctum
3290 1717 3559 1771 Adalber-

224 1821 456 1862 uxorem
488 1807 554 1862 ad
605 1806 863 1878 baptismi
891 1807 1121 1881 gratiam
1164 1809 1440 1879 pervenit,
1496 1811 1582 1866 cui
1611 1811 1679 1865 ad
1724 1811 1847 1867 lau-
1877 1856 1919 1882 η
1949 1814 2063 1862 tum
2119 1808 2384 1862 orationis
2421 1823 2484 1862 ac
2534 1807 3004 1862 reconciliationis
3058 1809 3232 1881 gratia
3285 1809 3564 1882 simulque

223 1899 353 1954 dem
382 1905 435 1953 et
464 1898 692 1971 gloriam
727 1899 860 1954 satis
885 1899 1274 1955 habundanter
1300 1901 1526 1967 sufﬁcit,
1570 1903 1718 1973 quod
1747 1920 1847 1960 suo

229 1995 479 2058 tempore
519 1996 574 2042 et
599 2003 697 2058 per
724 2003 849 2042 eum
877 1988 1064 2043 oriens
1084 2003 1150 2043 ex
1193 1989 1303 2044 alto
1336 2005 1565 2064 regnum
1605 1991 1845 2047 Poloniae

229 2077 469 2132 visitavit
500 2079 579 2122 ¹⁹¹-
624 2078 696 2132 De
731 2079 834 2133 hac
877 2095 1116 2150 namque
1157 2079 1454 2135 benedicta
1495 2080 1696 2136 femina
1722 2083 1845 2157 glo-

231 2166 443 2221 riosum
477 2167 818 2221 Boleslavum
847 2169 1132 2239 generavit
1166 2169 1252 2236 ‘9’,
1296 2170 1387 2240 qui
1423 2179 1546 2239 post
1571 2171 1750 2242 ipsius
1780 2173 1848 2207 ¹⁹⁸

230 2253 446 2309 obitum
493 2255 606 2325 (an.
637 2254 764 2320 992,
805 2257 922 2310 Mai
944 2255 1035 2326 25)
1070 2255 1174 2326 (6‘2)
1217 2272 1445 2331 regnum
1478 2258 1710 2314 viriliter
1733 2277 1842 2334 gu-

228 2343 500 2409 bernavit,
525 2349 578 2398 et
610 2343 664 2398 in
689 2352 894 2398 tantam
918 2345 1029 2400 Deo
1050 2345 1265 2400 favente
1283 2346 1536 2402 virtutem
1565 2356 1619 2402 et
1646 2360 1839 2419 poten-

227 2431 357 2486 tiam
389 2431 650 2498 excrevit,
708 2433 878 2504 quod,
924 2439 982 2487 ut
1033 2433 1114 2488 sic
1144 2433 1392 2504 eloquar,
1422 2451 1522 2489 sua
1568 2436 1841 2506 probitate

225 2527 394 2575 totam
452 2520 734 2576 Poloniam
775 2521 1079 2577 deauravit.
1125 2522 1254 2586 Quis
1306 2523 1454 2577 enim
1515 2523 1636 2594 ejus
1687 2533 1842 2594 gesta

226 2611 389 2666 fortia
443 2611 530 2666 vel
586 2612 891 2667 certamina
943 2620 1134 2668 contra
1193 2612 1428 2684 populos
1493 2613 1841 2686 circumqua-

226 2719 339 2775 que
387 2703 682 2758 commissa
729 2703 897 2776 digne
949 2704 1130 2759 valeat
1176 2706 1242 2739 ¹⁹⁴
1300 2720 1578 2774 enarrare,
1637 2707 1838 2761 nedum

225 2795 391 2850 etiam
418 2795 640 2866 scriptis
656 2795 1074 2852 memorialibus
1102 2798 1168 2832 ¹⁹⁵
1197 2797 1588 2852 commendare
1607 2797 1635 2850 ?
1665 2799 1839 2853 Num-

225 2887 363 2960 quid
393 2903 504 2943 non
533 2887 651 2957 ipse
683 2889 750 2922 ¹⁹⁶
779 2887 1074 2943 Moraviam
1118 2895 1172 2943 et
1207 2888 1526 2944 Bohemiam
1559 2890 1624 2924 ‘97
1657 2890 1844 2959 subju-

222 2976 392 3050 gavit,
421 2983 476 3031 et
506 2976 560 3030 in
601 2976 773 3050 Praga
802 2977 1050 3032 ducalem
1082 2978 1270 3033 sedem
1311 2977 1573 3042 obtinuit,
1615 2979 1843 3051 suisque

223 3084 347 3123 eam
384 3067 747 3141 suffraganeis
772 3069 1093 3139 deputavit?
1124 3069 1224 3140 (63)
1289 3072 1400 3140 (an.
1446 3069 1630 3142 1003.)
1683 3071 1845 3125 Num-

1948 1894 2174 1967 gloriosi
2223 1895 2508 1951 Bolezlawi
2544 1895 2916 1968 c0gnoscendi
2960 1895 3102 1950 fama
3134 1897 3399 1964 introivit,
3423 1898 3564 1953 sicut

1949 1987 2004 2040 in
2057 1986 2199 2044 libro
2232 1987 2302 2042 de
2330 1987 2588 2057 passione
2621 1987 2860 2041 martiris
2893 1994 3074 2059 potest
3107 1989 3436 2060 propensius
3466 1991 3558 2044 in-

1948 2077 2124 2134 veniri
2158 2078 2267 2148 (69)
2334 2080 2501 2144 Quem
2535 2078 2852 2133 Bolezlavus
2879 2077 2959 2132 sic
3010 2078 3314 2133 honoriﬁce
3342 2086 3395 2132 et
3444 2096 3562 2134 ma-

1947 2169 2151 2243 gniﬁce
2178 2170 2423 2240 suscepit
2453 2171 2586 2240 (7H),
2620 2177 2677 2225 ut
2707 2185 2890 2242 regem
2947 2169 3330 2240 imperatorem
3362 2169 3559 2224 Roma-

1948 2281 2077 2319 num
2109 2280 2171 2319 ac
2195 2270 2403 2318 tantum
2436 2263 2708 2334 hospitem
2734 2263 3018 2333 suscipere
3049 2263 3254 2317 decens
3274 2261 3394 2316 fuit.
3425 2263 3555 2316 Nam

1945 2353 2207 2408 miracula
2247 2352 2478 2406 mirifica
2515 2351 2831 2406 Bolezlavus
2859 2352 2927 2384 ²¹⁰
2979 2350 3327 2420 imperatoris
3355 2350 3556 2404 adven~

1943 2452 2023 2511 tu,
2055 2444 2204 2499 acies
2235 2442 2504 2513 imprimis
2538 2443 2600 2476 ²¹¹
2661 2442 2893 2495 militum
2943 2441 3317 2507 multimodas,
3349 2441 3554 2497 deinde

1945 2533 2254 2608 principum
2293 2531 2348 2584 in
2402 2530 2632 2601 planitie
2662 2531 2904 2600 spatiosa
2947 2529 3103 2600 quasi
3156 2530 3358 2584 choros
3407 2532 3556 2586 ordi-

1944 2624 2112 2692 navit,
2180 2623 2538 2697 singulasque
2593 2623 2662 2657 ²¹²
2703 2623 2995 2694 separatim
3046 2625 3116 2657 ²¹³
3157 2624 3306 2680 acies
3368 2625 3556 2680 diver-

1943 2717 2074 2771 sitas
2149 2716 2600 2771 indumentorum
2671 2715 2912 2770 discolor
2975 2715 3220 2772 variavit.
3315 2717 3376 2772 Et
3441 2733 3553 2774 non

1945 2808 2208 2880 quaelibet
2281 2818 2397 2864 erat
2459 2807 2534 2861 ibi
2582 2808 2708 2864 vilis
2771 2808 2840 2842 ²¹⁴
2908 2809 3144 2863 varietas
3195 2811 3552 2877 ornamenti,

1947 2900 2046 2955 sed
2097 2899 2357 2972 quitquid
2413 2907 2598 2971 potest
2662 2916 2893 2972 usquam
2953 2901 3200 2974 gentium
3262 2901 3556 2972 pretiosius

1947 2999 2199 3070 reperiri,
2233 2998 2440 3070 quippe
2487 2995 2757 3051 Bolezlavi
2811 3004 3058 3068 tempore
3107 2995 3314 3067 quique
3352 2995 3556 3052 milites

1947 3095 2001 3144 et
2030 3103 2264 3160 quaeque
2300 3086 2517 3141 feminas
2548 3086 2781 3141 curiales
2829 3085 3010 3157 palliis
3055 3100 3154 3156 pro
3199 3084 3363 3140 lineis
3392 3085 3557 3139 vesti-

224 3163 360 3236 (ιυὶά
410 3179 522 3219 ηοη
555 3165 673 3234 ipse
713 3164 998 3238 “ungams
1037 3164 1383 3236 frequentius
1427 3165 1482 3219 ίη
1537 3166 1840 3222 certamine
1867 3227 1912 3250 η
1942 3181 2045 3236 bus
2073 3180 2160 3236 vel
2200 3181 2374 3235 laneis
2425 3180 2740 3244 utebantur,
2792 3194 2895 3234 nec
2922 3179 3096 3250 pelles
3150 3177 3556 3249 quantumlibet

225 3253 528 3324 superavit,
563 3260 844 3325 totamque
877 3260 1074 3308 terram
1101 3269 1291 3308 eorum
1324 3269 1500 3326 usque
1530 3254 1838 3309 Danubium

1946 3227 2044 3236 η-
2085 3227 2160 3236 η-
2200 3227 2373 3235 .----.-
2430 3227 2740 3244 ---η----η
2792 3227 2892 3234 --η
2923 3227 3094 3250 ,------
3154 3227 3555 3249 1__"-_---___--

1946 3269 2216 3340 pretiosae,
2268 3269 2396 3324 licet
2446 3283 2598 3324 novae
2656 3267 2879 3335 fuerint,
2939 3268 2996 3322 in
3052 3267 3173 3337 ejus
3222 3267 3374 3322 curia
3432 3267 3556 3323 sine

224 3363 329 3403 suo
359 3347 610 3403 dominio
646 3347 1020 3418 mancipavil?
1050 3349 1160 3419 (64)
1208 3349 1315 3420 (αη-
1350 3347 1493 3418 999.)
1543 3349 1843 3405 Indomitos
1942 3358 2110 3430 pallio
2138 3359 2206 3394 ἰδ
2229 3366 2283 3413 et
2314 3358 2594 3414 aurifrisio
2617 3358 2994 3429 portabantur.
3032 3358 3235 3412 Aurum
3265 3357 3411 3412 enim
3436 3357 3555 3426 ejus

227 3452 362 3492 νθτο
393 3443 540 3491 lania
573 3437 775 3491 νὶτῑυῑθ
821 3437 1068 3492 Saxones
1105 3438 1170 3472 ¹⁹⁸
1201 3437 1612 3509 εάοῐηυίι(δδ)ν
1641 3439 1734 3510 qui
1776 3439 1842 3474 ¹⁹⁹
1945 3457 2190 3522 tempore
2255 3467 2546 3506 commune
2603 3451 2758 3522 quasi
2808 3458 3095 3524 argentum
3163 3449 3234 3504 ab
3295 3449 3555 3504 omnibus

228 3526 283 3580 in
313 3524 541 3580 ﬂumine
568 3525 707 3579 Salue
762 3525 818 3579 in
845 3526 1030 3582 medio
1061 3534 1218 3581 terra:
1267 3542 1457 3581 eorum
1491 3533 1637 3581 meta
1667 3527 1845 3582 ferrea
1945 3540 2271 3608 habebatur,
2310 3548 2597 3612 argentum
2655 3554 2784 3594 νει-ο
2815 3539 2922 3593 vile
2953 3539 3108 3610 quasi
3164 3539 3234 3573 216
3278 3555 3378 3610 ρτο
3417 3546 3554 3594 διε-ει..

226 3616 374 3671 fines
401 3615 641 3671 Polonia:
667 3617 980 3672 terminavit
1028 3618 1156 3688 (66).
1191 3617 1328 3682 Quid
1377 3631 1508 3692 ergo
1539 3617 1606 3650 ²⁰⁰
1631 3626 1715 3672 est
1744 3633 1842 3672 ne-

227 3723 386 3763 cesse
412 3707 671 3764 victorias
715 3717 770 3764 et
795 3709 1109 3780 triumphos
1152 3709 1222 3764 de
1247 3709 1507 3783 gentibus
1537 3711 1842 3767 incredulis

225 3803 555 3859 nominatim
611 3804 674 3838 ²⁰¹
707 3804 988 3871 recitasse,
1031 3821 1168 3876 quas
1218 3813 1301 3860 est
1329 3815 1588 3861 constans
1616 3807 1685 3840 ²⁰²
1715 3823 1840 3863 eum

222 3900 386 3972 quasi
418 3900 520 3955 sub
548 3900 787 3972 pedibus
813 3901 1208 3958 conculcasse?
1231 3904 1350 3974 Ipse
1371 3919 1610 3975 namque
1639 3905 1838 3960 Selen-

221 3992 387 4054 ciam,
423 3993 804 4048 Pomoraniam
854 4003 911 4048 et
957 3994 1205 4048 Prusiam
1239 4011 1415 4066 usque
1464 3995 1605 4050 adeo
1651 3996 1738 4052 vel
1786 3997 1840 4051 in

223 4081 462 4154 perfidia
509 4085 828 4141 resistentes
866 4086 1124 4142 contrivit
1168 4089 1254 4142 vel
1308 4103 1599 4143 conversas
1641 4089 1697 4143 in
1734 4089 1842 4144 fide

222 4178 486 4235 solidavit
518 4182 624 4250 (an.
659 4181 805 4250 995),
857 4182 1005 4254 quod
1047 4183 1311 4238 ecclesias
1347 4182 1424 4237 ibi
1456 4184 1654 4238 multas
1679 4184 1748 4219 ’03
1789 4191 1844 4240 et

223 4267 524 4340 episcopos
564 4285 663 4341 per
691 4271 1081 4342 apostolicum,
1142 4287 1326 4342 ymmo
1367 4273 1702 4344 apostolicus
1747 4289 1846 4345 per

223 4375 354 4415 eum
385 4360 664 4417 ordinavit
720 4362 843 4434 lpse
893 4363 1057 4417 etiam
1117 4363 1334 4418 beatum
1395 4363 1747 4419 Adalbertum
1789 4365 1844 4419 in

1945 3627 2092 3682 mine
2134 3628 2199 3662 ἰτ
2231 3627 2542 3682 tenebatur.
2589 3625 2750 3695 Cujus
2788 3626 3019 3700 gloriam
3071 3634 3124 3682 et
3163 3629 3466 3698 potentiam
3499 3635 3555 3684 et

1941 3716 2162 3771 divitias
2193 3716 2490 3786 imperator
2508 3715 2783 3769 Romanus
2813 3715 3196 3783 considerans,
3227 3717 3551 3774 admirando

1941 3806 2106 3860 dixit:
2135 3808 2237 3862 Per
2263 3820 2508 3859 coronam
2546 3806 2773 3873 imperii
2794 3806 2899 3858 mei
2928 3805 3014 3868 ³⁸⁸,
3047 3805 3258 3875 majora
3286 3812 3410 3860 sunt
3438 3823 3556 3877 qum

1940 3899 2115 3963 video,
2145 3913 2305 3968 quam
2342 3898 2492 3964 fama
2527 3898 2778 3965 percepi;
2820 3911 3157 3968 suorumque
3198 3897 3266 3930 ²¹⁹
3296 3897 3549 3952 consultu

1942 3997 2258 4064 magnatum
2298 4004 2484 4044 coram
2505 3987 2765 4044 omnibus
2794 3988 3020 4056 adjecit:
3062 3991 3182 4045 Non
3211 3994 3288 4044 est
3325 3991 3553 4057 dignum

1943 4087 2157 4137 tantum
2187 4099 2248 4136 ac
2299 4084 2475 4136 virum
2500 4081 2661 4136 talem
2698 4080 2788 4146 πο,
2809 4083 2947 4135 sicut
2988 4096 3150 4135 unum
3189 4081 3253 4135 de
3285 4084 3552 4152 principi-

1943 4173 2058 4240 bus,
2112 4173 2297 4228 ducem
2349 4176 2442 4226 aut
2495 4172 2734 4224 comitem
2789 4172 3084 4236 no-mtnari,
3140 4171 3234 4225 sed
3272 4173 3328 4225 in
3382 4170 3554 4239 regale

1943 4268 2134 4324 solium
2194 4267 2494 4334 glorianter
2549 4264 2854 4318 redimitum
2899 4264 3219 4333 dyademate
3264 4265 3554 4319 sublimari

1947 4361 2058 4432 (71)
2090 4365 2198 4428 (an.
2229 4358 2404 4428 1025).
2440 4358 2499 4412 Et
2527 4356 2807 4427 accipiens
2845 4357 3133 4428 imperiale
3164 4356 3432 4428 dyadema
3461 4372 3553 4411 ca-

1563 4461 1784 4516 VARM‘I
1837 4457 2206 4516 LECTIONES.

302 4559 369 4595 ¹⁸⁸
426 4573 646 4631 quoque
721 4559 899 4615 addit.
955 4559 1009 4616 3.

226 4631 412 4688 univit
463 4631 658 4685 desunt
713 4631 766 4685 3.
894 4632 962 4666 ¹⁹⁰
993 4631 1065 4686 De
1123 4661 1192 4670 —
1235 4631 1446 4686 "Chabri
1517 4631 1731 4688 desunt'
1776 4634 1829 4686 2.

1117 4560 1184 4595 ¹⁸⁶
1209 4560 1378 4633 igitur
1435 4561 1507 4633 73.
1545 4632 1550 4633 ν
1588 4561 1655 4596 ¹⁸⁷
1696 4561 1875 4633 ipsum
1933 4562 1986 4633 3.

1929 4632 1983 4688 3.
2109 4631 2169 4665 ¹⁹¹
2261 4630 2426 4683 Natus
2457 4635 2540 4682 est
2578 4625 2963 4680 DCCCCLXVII
3039 4625 3320 4682 addit'in
3397 4644 3549 4682 mar-

2074 4559 2142 4594 ¹⁸⁸
2173 4559 2269 4613 sed
2353 4557 2405 4611 3.
2545 4556 2608 4628 ιθξν
2635 4555 2957 4628 comunivit
3034 4557 3078 4610 l.
3149 4571 3318 4628 seque
3374 4571 3546 4611 —co-

226 4706 359 4773 gina
416 4702 466 4757 1.
545 4702 612 4736 ¹⁹²
637 4704 793 4758 Anno
845 4703 1064 4758 Domini
1119 4701 1501 4757 DCCCCLXVII
1559 4704 1627 4758 de
1691 4705 1790 4760 hac
1839 4703 2130 4774 benedicta
2194 4701 2396 4774 femina
2472 4697 2839 4774 Datnbrovvka
2903 4697 3175 4774 gloriosus
3237 4700 3346 4774 dux
3393 4699 3550 4774 Dole-

222 4769 377 4858 slaus
429 4780 752 4858 generatur
799 4789 902 4858 pio
958 4774 1739 4858 Primusnergp—ge‘neravit
1793 4776 1967 4858 31"”:
1992 4773 2160 4845 patris
2308 4773 2374 4806 19*
2402 4769 3190 4858 valpit3‘.“.195‘memoralipus
3234 4770 3282 4824 3.

3388 4771 3455 4804 196
3478 4773 3549 4823 εί,

228 4846 380 4915 glum
417 4840 678 4917 uices-tum
704 4840 879 4915 pro—IV
935 4861 991 4917 q.
1019 4862 1074 4917 n.
1111 4845 1126 4900 i
1168 4843 1220 4900 3.
1265 4840 1330 4882 ‘57
1361 4852 1414 4900 et
1440 4840 1751 4900 Bchemiam
1782 4846 1912 4900 add.
1947 4840 2437 4917 idmarginecorr.
2472 4842 2524 4917 2.
2597 4840 3055 4917 ‘fﬂtantavirtute
3087 4842 3545 4917 Saxones‘trans-

219 4911 380 4988 ponit
404 4919 492 4970 in:
517 4911 769 4992 ⁵ξευιυιιξδε
807 4911 1185 4992 ῳῃιέγὶειυιθ
1211 4917 1244 4971 3
1351 4917 1595 4992 mquod
1748 4918 1818 4992 ἳοο
1845 4917 2008 4992 igitur
2027 4917 2103 4992 -2.
2277 4915 2340 4948 ²⁰¹
2377 4911 2640 4992 nominali
2669 4912 2702 4967 3
2803 4913 3184 4992 ’°’_constath3.

222 4983 309 5041 ἐς.
346 4984 670 5092 magniﬁcas
690 4987 742 5042 3.
827 4987 896 5022 ²⁰⁴
929 4985 1164 5042 fideliter
1197 4983 1479 5058 praeponit
1519 4990 1678 5042 verbo
1725 4983 1970 5044 obedi’vit
2022 4989 2073 5042 3.
2157 4988 2225 5021 ²⁰⁵
2257 4985 2600 5041 consionavit
2623 5013 2702 5035 =
2732 4983 3075 5058 consignavit
3105 4983 3156 5039 3.
3238 4985 3308 5019 ¹⁰⁶
3328 4983 3550 5038 Gnezna

223 5063 257 5092 ο
392 5060 438 5092 ιο
489 5058 744 5092 connliuit
775 5057 807 5092 ρ
906 5059 977 5092 208
1009 5057 1235 5092 ιιὶηηιιηι
1269 5060 1382 5092 min?
1443 5058 1475 5092 τὶ
1589 5060 1658 5092 209
1689 5076 1832 5092 ειη-ιη
1859 5058 2113 5092 ι-ἶΑοιῖηηΙ
2159 5057 2368 5092 “nmini
2400 5056 2442 5092 Μ
2477 5057 2634 5092 nti/HI
2665 5057 2695 5092 Ω
2821 5057 2889 5090 210
2923 5055 3186 5092 nnln'llnvi
3223 5057 3242 5092 4
3323 5056 3357 5092 9
3481 5055 3546 5090 211

263 5105 276 5116 .
392 5056 467 5093 ὀτ
488 5058 750 5116 sepelivit
773 5057 824 5114 3.
906 5059 977 5092 ²⁰⁸
1009 5057 1235 5116 dignum
1268 5056 1382 5114 add
1442 5058 1494 5116 3.
1589 5060 1658 5094 ²⁰⁹
1687 5076 1832 5114 anno
1859 5058 2118 5114 videlicet
2158 5057 2372 5113 Domini
2400 5056 2445 5110 Μ
2476 5057 2634 5112 addit
2663 5057 2715 5114 3.

225 5130 516 5190 Bolezlaus
541 5126 596 5184 in
623 5129 863 5184 adventu
910 5126 1257 5200 imperatoris
1287 5130 1581 5234 prepandit
1609 5130 1848 5202 (pendit)
1914 5132 1971 5184 In
2022 5129 2213 5201 primis
2243 5129 2390 5182 acies
2415 5144 2516 5198 pro
2548 5129 2865 5184 Bolezlavus
2899 5127 3242 5231 imperatoris
3271 5157 3341 5166 —
3372 5126 3552 5197 inpri-

225 5204 329 5234 ..ι-..ζι-
361 5203 394 5234 9
477 5202 548 5234 In
578 5200 823 5234 cina-“Ion
864 5216 1086 5234 nnnnnn
1115 5201 1146 5234 Q
1242 5202 1284 5234 Il
1337 5212 1648 5234 εοηοναιηηὶ
1673 5203 1704 5234 Q
1795 5203 1861 5234 215
1891 5203 2031 5234 Alma!
2057 5201 2090 5234 εὶ
2167 5202 2236 5234 ΩΙό
2261 5200 2426 5234 nollin
2457 5201 2489 5234 ἰ
2576 5202 2645 5234 216
2675 5216 2776 5234 ηηα
2829 5200 2860 5234 Q
2923 5200 2962 5232 21
3032 5197 3340 5234 hnhnhalnl-
3369 5198 3526 5234 nti/HI

1337 5197 1649 5272 separatum
1672 5203 1725 5257 3.
1795 5197 1861 5236 ²ί⁵
1889 5197 2036 5257 deest
2057 5201 2107 5256 3.
2167 5202 2236 5235 ἰδ
2261 5197 2426 5271 pellio
2457 5201 2509 5255 3.
2576 5202 2782 5272 “siqua
2829 5200 2880 5256 3.
2923 5197 2989 5272 ³1⁷
3032 5197 3340 5252 habebatur
3369 5198 3547 5272 addit,

1643 5274 1710 5307 ³³⁸
1741 5273 1884 5329 deest
1913 5274 1966 5327 2.
2049 5273 2117 5306 ²¹⁹
2139 5268 2360 5328 suorum
2379 5272 2431 5326 3.
2503 5271 2571 5305 ²²⁰
2610 5268 2785 5326 virum
2815 5287 2877 5326 ac
2917 5271 3090 5326 civem
3122 5285 3223 5340 pro
3249 5285 3299 5323 a.
3340 5285 3394 5325 v.
3425 5276 3464 5323 t.
3497 5268 3548 5324 3.

221 5063 276 5120 3.
392 5057 466 5093 ³⁸³⁷
488 5058 750 5129 sepelivit
773 5057 824 5114 3.
906 5059 977 5092 ²⁰⁸
1009 5057 1235 5127 dignum
1268 5057 1382 5114 add
1442 5058 1494 5116 3.

223 5204 332 5260 mis
359 5203 412 5260 3.
477 5202 548 5236 ἠ
578 5200 826 5275 singulas
863 5216 1087 5273 quoque
1113 5201 1166 5255 3.
1242 5202 1284 5236 ²ι

221 5277 319 5332 sed
337 5279 522 5344 postea
542 5288 655 5344 qua
673 5273 1002 5342 superﬂuum
1027 5275 1247 5343 punctis
1269 5275 1476 5328 notavit
1493 5273 1547 5328 2.

3277 4913 3344 4947 ²⁰³
3379 4929 3548 4968 nucas

2821 5055 3189 5110 "Vliolezlavi
3223 5057 3270 5110 1.
3323 5056 3376 5109 2.
3481 5055 3546 5090 ²ί¹

1811 5374 2020 5430 NOTAE.

296 5446 406 5516 (62)
440 5443 520 5502 Cf.
559 5443 952 5516 Thietmarum,
1010 5462 1080 5508 IV,
1132 5445 1222 5508 37,
1297 5451 1351 5499 et
1398 5445 1534 5498 Ann.
1589 5445 1831 5500 Hildesh.

218 5515 350 5584 992,
405 5516 627 5589 diem__v
674 5515 932 5589 ld._Mai__
951 5516 1173 5570 exhibet
1225 5516 1452 5570 Kalend.
1493 5516 1830 5589 Merseburg.

222 5589 347 5643 Vid.
384 5585 634 5657 Roepell,
660 5602 696 5650 ι,
729 5585 849 5641 103.
896 5586 956 5640 Κ.

296 5660 403 5728 (63)
434 5657 498 5714 Cf
555 5659 795 5728 Cosmus,
823 5674 862 5719 ι.
892 5657 980 5713 35.
1017 5658 1075 5712 K.

299 5727 403 5799 164)
435 5728 516 5786 Cf.
553 5727 623 5799 de
653 5727 737 5781 his
767 5728 992 5799 itoepel,
1027 5747 1065 5795 ι,
1095 5731 1219 5784 651.
1256 5729 1313 5784 Κ.

296 5801 408 5872 (65)
439 5798 680 5872 Annales
720 5798 1048 5872 Polonorum
1100 5800 1486 5872 Cracovienses
1515 5801 1728 5872 inediti,
1778 5802 1832 5854 S.

450 5869 530 5926 Cf.
565 5872 698 5923 Ann.
754 5869 1158 5945 Quedlinburg.
1198 5870 1360 5939 1007,
1393 5871 1551 5934 1012,
1591 5871 1738 5926 1017.
1774 5871 1835 5926 Κ.

2009 5445 2116 5511 (67)
2149 5445 2327 5499 Bruno
2369 5443 2484 5498 Vita
2533 5444 2594 5497 S;
2638 5442 2850 5505 Adalb.,
2890 5459 2934 5496 c.
2991 5444 3079 5509 31,
3113 5450 3166 5496 et
3207 5439 3462 5494 Miracula
3494 5440 3551 5493 S.

1937 5517 2152 5576 Adalh.,
2179 5533 2224 5569 c.
2263 5518 2315 5568 9.
2349 5516 2400 5566 S.

2007 5587 2114 5652 ((³8)
2149 5587 2260 5641 [mo
2289 5586 2497 5640 tertius.
2530 5586 2587 5638 K.

2006 5657 2110 5723 (69)
2144 5657 2220 5711 Cf.
2255 5655 2520 5727 praefatio.
2557 5656 2615 5712 Κ.

2011 5728 2115 5795 (71))
2146 5728 2222 5780 Cf.
2258 5732 2394 5780 Ann.
2422 5727 2818 5796 Qucdlinburg.
2858 5727 3011 5782 1000.
3047 5728 3108 5781 Κ.

2010 5789 2118 5866 (71)
2152 5799 2303 5862 Quod
2339 5789 2557 5852 (lenium
2589 5815 2637 5851 a.
2673 5789 2811 5850 1023
2844 5797 3038 5850 factum
3082 5806 3184 5856 est,
3232 5803 3288 5846 nt
3316 5789 3550 5860 probant

1941 5872 2077 5924 Ann.
2110 5869 2507 5941 Quedlinburg.
2545 5870 2624 5924 tLl'.
2659 5869 2884 5938 Βξεροιι,
2912 5884 2949 5933 ι,
2983 5869 3084 5920 162
3136 5867 3192 5918 Κ.
