3960 6198
442 466 548 522 851

1705 466 1783 520 CH
1796 467 1918 521 RUN
1933 466 2052 520 [(1:13
2092 466 2508 522 PULONOllUM.

3675 475 3788 529 852

446 591 575 662 pitis
612 593 719 659 sui,
748 591 915 663 capiti
971 591 1239 648 Bolezlavi
1281 594 1334 647 in
1366 593 1622 649 amicitiae
1666 592 1848 648 foedus
1886 590 2061 664 impo-
2085 595 2135 662 Α
2231 592 2284 646 7.
2317 592 2575 659 Quomodo
2603 597 2805 648 terram
2841 597 3084 663 potenter
3138 596 3451 654 Botezlavus
3488 600 3715 656 Rustic

444 682 577 747 suit,
605 690 660 736 et
678 696 779 752 pro
804 681 1006 738 vexillo
1031 681 1350 753 triumphali
1382 684 1447 719 ²²¹
1476 683 1688 739 clavum
1718 683 1768 738 ei
1799 684 1869 738 de
1895 700 2057 739 cruce

448 772 665 828 Domini
705 789 828 827 cum
862 774 1053 828 lancea
1094 774 1267 828 sancti
1296 773 1540 829 Mauricii
1572 774 1719 829 dono
1753 774 1924 835 dedit,
1958 789 2057 845 pro

449 862 653 935 quibus
714 862 793 917 illi
852 862 1171 918 Bolezlavus
1224 862 1397 917 sancti
1441 862 1718 919 Adalberti
1772 863 2057 918 brachium

449 954 751 1011 redonavit.
806 954 865 1008 Et
905 961 1053 1008 tanta
1078 959 1206 1007 sunt
1238 953 1329 1007 illa
1368 953 1456 1008 die
1515 953 1798 1009 dilectioni
1849 953 2057 1009 couniti

449 1046 541 1107 ³³³,
568 1045 714 1117 quod
764 1043 1063 1114 imperator
1106 1058 1233 1097 eum
1284 1042 1506 1097 fratrem
1562 1050 2059 1114 ete00peratorem

452 1132 669 1204 imperii
699 1130 984 1186 constituit
1012 1131 1081 1164 "3
1121 1138 1178 1185 et
1231 1131 1417 1201 p0puli
1471 1131 1701 1186 Romani
1729 1131 1966 1187 amicum
2008 1138 2063 1186 et

450 1225 658 1279 socium
689 1222 1009 1295 appellavit.
1044 1222 1278 1293 Insuper
1303 1222 1469 1277 etiam
1495 1222 1635 1277 "‘in
1669 1221 2063 1278 ecclesiasticis

451 1315 756 1371 honoribus
792 1316 861 1349 ’³⁵
912 1314 1167 1387 quitquid
1198 1316 1275 1379 ad,
1305 1314 1595 1386 imperium
1648 1314 1962 1385 pertinebat
2006 1314 2061 1369 in

449 1420 621 1479 regno
659 1404 1016 1469 Polonorum,
1069 1404 1155 1458 vel
1210 1403 1267 1458 in
1299 1404 1421 1459 aliis
1450 1405 1719 1475 superatis
1757 1404 1826 1458 ab
1870 1419 1937 1459 eo
1975 1402 2063 1460 vel

452 1498 781 1570 superandis
805 1496 1127 1571 regionibus
1165 1496 1551 1565 barbarorum,
1583 1514 1696 1553 suae
1725 1513 2062 1569 suorumque

453 1588 706 1659 potestati
738 1587 1033 1651 concessit,
1074 1586 1233 1655 cujus
1272 1586 1550 1658 pactionis
1592 1586 1872 1642 decretum
1922 1603 2065 1658 papa

453 1679 717 1734 Silvester
773 1679 844 1712 ²²⁶
892 1688 1096 1733 sancta:
1157 1679 1417 1734 Romanae
1466 1678 1717 1734 ecclesia:
1777 1678 2066 1752 privilegio

452 1769 813 1827 confirmavit.
850 1770 1022 1843 Igitur
1048 1769 1365 1825 Bolezlavus
1406 1770 1462 1825 in
1502 1786 1690 1844 regem
1717 1770 1785 1824 ab
1819 1770 2065 1841 impera-

455 1871 572 1918 tore
606 1870 710 1917 tam
738 1861 979 1937 gloriose
995 1860 1339 1922 sublimatus.
1375 1861 1603 1917 inditam
1635 1862 1742 1916 sibi
1776 1861 2068 1916 liberalita-

455 1961 563 2007 tem
592 1951 836 2006 exercuit
865 1950 954 2017 ³³⁷,
1005 1966 1127 2005 cum
1159 1950 1337 2006 tribus
1367 1967 1481 2006 suae
1513 1950 1948 2007 consecrationis
1999 1950 2066 1985 ²²⁸

455 2040 654 2095 diebus
682 2039 992 2095 convivium
1037 2040 1294 2112 regaliter
1322 2048 1380 2095 et
1430 2040 1794 2111 imperialiter
1820 2040 2069 2095 celebra-

454 2136 550 2201 vit,
576 2134 920 2206 singulisque
952 2134 1150 2188 diebus
1201 2150 1330 2189 vasa
1365 2134 1552 2190 omnia
1592 2141 1647 2189 et
1700 2133 2068 2205 supellectilia

454 2226 854 2290 transmutavit,
899 2226 1116 2297 aliaque
1160 2225 1375 2281 diversa
1426 2226 1713 2297 multoque
1744 2226 2072 2296 pretiosiora

457 2317 831 2389 praesentavit.
887 2317 1066 2372 Finito
1098 2334 1339 2389 namque
1376 2317 1651 2384 convivio,
1703 2317 1992 2388 pincernas
2018 2326 2071 2372 et

454 2410 732 2481 dapiferos
762 2425 891 2465 vasa
928 2426 1094 2464 aurea
1124 2417 1180 2463 et
1209 2414 1492 2481 argentea,
1525 2408 1673 2464 nulla
1703 2408 1850 2463 enim
1890 2409 2072 2482 lignea

455 2499 532 2553 ibi
565 2499 934 2564 habebantur,
989 2498 1198 2570 cyphos
1228 2498 1487 2553 videlicet
1529 2506 1584 2553 et
1613 2515 1841 2570 cuppas,
1881 2499 2071 2554 lances

459 2600 514 2647 et
544 2591 823 2647 scultellas
862 2592 930 2625 ²²⁰
962 2597 1017 2644 et
1043 2605 1249 2645 cornua
1279 2590 1348 2645 de
1377 2591 1587 2646 mensis
1617 2591 1873 2647 omnibus
1905 2591 2070 2647 trium

459 2684 672 2739 dierum
708 2697 1051 2757 congregare
1078 2682 1147 2716 ²³⁰
1187 2682 1468 2754 praecepit,
1511 2690 1567 2737 et
1616 2683 1934 2754 imperatori
1968 2699 2068 2755 pro

457 2776 689 2840 honore,
724 2789 834 2829 non
863 2788 961 2845 pro
993 2773 1283 2844 principali
1332 2790 1582 2840 munere,
1625 2776 1996 2846 prtesentavit.
2028 2776 2070 2829 Α

455 2869 775 2926 camerariis
830 2884 959 2924 vero
1003 2868 1168 2939 pallia
1216 2876 1441 2924 extensa
1495 2880 1550 2924 et
1575 2870 1639 2904 ²³¹
1700 2868 1941 2925 cortinas
1980 2870 2069 2937 ³³³,

457 2964 681 3034 tapetia,
707 2970 896 3029 strata,
928 2962 1195 3029 mantilia,
1228 2964 1594 3038 manutergia,
1626 2971 1680 3019 et
1708 2979 2070 3036 quaecumque

454 3052 683 3108 servitio
723 3059 1052 3124 praesentata
1084 3051 1306 3107 fuerunt
1347 3052 1509 3121 jussit
1539 3053 1797 3108 similiter
1837 3068 2073 3128 congre-

454 3159 584 3218 gare
616 3144 684 3178 ³³³
733 3151 789 3197 et
818 3143 872 3197 in
905 3158 1177 3197 cameram
1221 3143 1568 3214 imperatoris
1598 3150 1947 3214 comportare
1978 3146 2067 3202 ’3‘.

456 3233 688 3302 Insuper
743 3231 907 3286 etiam
965 3231 1034 3265 ’³⁸
1091 3230 1197 3285 alia
1244 3231 1401 3302 plura
1452 3231 1607 3286 dedit
1655 3248 1803 3301 vasa,
1856 3234 2068 3290 scilicet

2727 684 2799 719 ²⁴⁰
2835 686 3064 741 intravit
3106 685 3197 740 ²⁸⁸.

2233 773 2406 846 Igitur
2435 773 2710 842 imprimis
2740 772 3096 831 inserendum
3129 783 3212 831 est
3235 778 3422 848 seriei,
3453 795 3621 852 quam
3657 780 3797 855 glo—

2161 861 2304 918 riose
2343 869 2399 918 et
2429 862 2717 938 magnifice
2740 880 2897 919 suam
2930 863 3184 935 injuriam
3216 866 3286 922 de
3326 884 3454 942 rege
3484 869 3794 927 Rntheno-

2165 968 2281 1006 rum
2321 950 2622 1007 vindicavit
2646 953 2736 1019 ³⁵³,
2785 953 2880 1025 qui
2910 954 3018 1009 sibi
3078 971 3323 1013 sororem
3356 958 3487 1013 dare
3517 975 3684 1014 suam
3736 960 3793 1014 in

2164 1039 2575 1096 matrimonium
2618 1041 2913 1118 denegavit
2955 1043 3085 1112 (73).
3134 1044 3289 1110 Quod
3325 1045 3650 1102 Bolezlavus
3697 1064 3797 1103 rex

2164 1128 2395 1202 indigne
2426 1128 2612 1185 ferens
2640 1146 2764 1185 cum
2797 1132 3005 1205 ingenti
3040 1133 3110 1167 ³⁸³
3139 1132 3469 1190 fortitudine
3496 1136 3801 1193 Rutheno-

2165 1237 2281 1275 rum
2309 1237 2536 1294 regnum
2566 1223 2786 1291 invasit,
2819 1239 3028 1297 eosque
3059 1226 3291 1297 primum
3320 1228 3492 1284 armis
3520 1230 3800 1286 resistere

2164 1323 2447 1383 conantes,
2490 1332 2599 1372 non
2661 1334 2826 1375 ausos
2873 1320 3222 1375 committere
3269 1321 3361 1388 ²⁴⁸,
3407 1321 3552 1378 sicut
3587 1333 3802 1379 ventus

2166 1405 2469 1476 pulverem,
2501 1414 2626 1462 ante
2657 1424 2811 1463 suam
2838 1408 3035 1464 faciem
3076 1408 3408 1485 profugavit.
3449 1411 3564 1467 Nec
3591 1413 3790 1468 statim

2164 1513 2285 1552 cum
2320 1498 2503 1553 hostili
2562 1515 2713 1555 more
2742 1500 2993 1556 civitates
3045 1502 3318 1573 capiendo
3370 1503 3457 1559 vel
3488 1505 3796 1575 pecuniam

2164 1591 2555 1665 congreganda
2582 1608 2739 1646 suum
2785 1592 2889 1647 iter
2919 1593 3234 1661 retardavit,
3265 1595 3364 1650 sed
3395 1595 3461 1649 ad
3496 1594 3692 1668 Chyou
3725 1599 3800 1633 ³³³

2167 1687 2334 1749 caput
2357 1680 2532 1754 regni.
2562 1687 2619 1735 ut
2644 1697 2824 1736 arcem
2857 1682 3012 1754 regni
3043 1682 3206 1737 simul
3233 1689 3288 1738 et
3318 1700 3503 1758 regem
3531 1695 3793 1757 caperet.

2170 1769 2483 1839 properavit
2522 1770 2592 1803 ³⁸⁸
2639 1770 2751 1840 (an.
2794 1769 2972 1834 10l8t.
3004 1773 3069 1824 At
3113 1771 3490 1828 Ruthenorum
3529 1790 3628 1829 rex
3682 1777 3793 1846 (7t)

2168 1860 2520 1932 simplicitate
2560 1862 2742 1936 gentis
2779 1861 2929 1917 illius
2967 1863 3021 1916 in
3054 1862 3306 1918 navicula
3359 1873 3492 1920 tunc
3520 1866 3590 1901 "7
3647 1867 3797 1924 forte

2167 1968 2288 2008 cum
2345 1953 2506 2008 hamo
2544 1953 2878 2024 piscabatur,
2917 1970 3041 2009 cum
3098 1955 3167 1990 ³⁸⁸
3201 1955 3545 2013 Bolezlavum
3591 1960 3797 2016 adesse

2170 2058 2354 2117 regem
2387 2058 2451 2097 ex
2494 2044 2774 2115 insperato
2817 2044 3095 2101 nuntiant.
3136 2045 3290 2110 Quod
3325 2045 3417 2101 ille
3440 2048 3526 2102 vix
3558 2049 3798 2105 credere

2171 2134 2369 2206 potuit,
2400 2136 2498 2190 sed
2526 2137 2745 2191 tandem
2773 2136 2844 2171 θ’θ’
2863 2137 2986 2192 aliis
3016 2144 3071 2191 et
3089 2136 3213 2191 aliis
3234 2137 3344 2194 sibi
3374 2140 3791 2208 nuntiantibus,

2172 2228 2511 2284 certiticatus
2552 2228 2854 2284 exhorruit.
2895 2229 3045 2285 Tunc
3075 2230 3298 2285 demum
3332 2231 3589 2303 pollicem
3620 2235 3796 2292 simul

2171 2317 2240 2351 ²⁵⁰
2260 2324 2315 2371 et
2338 2317 2576 2372 indicem
2605 2317 2686 2372 ori
2722 2317 3034 2393 porrigens,
3074 2320 3408 2393 hamumque
3435 2333 3602 2394 sputo
3630 2341 3790 2382 more

2174 2408 2505 2479 piscatorum
2537 2407 2761 2478 liniens,
2804 2409 2858 2464 in
2892 2409 3249 2485 ignominiam
3296 2428 3411 2469 sum
3441 2416 3629 2489 gentis
3656 2433 3794 2488 pro-

2169 2500 2417 2555 verbium
2447 2500 2739 2571 protulisse
2792 2500 2990 2557 fertur:
3031 2504 3170 2570 Quia
3209 2503 3513 2561 Bolezlauus
3561 2508 3693 2563 huic
3723 2511 3787 2544 ²⁵¹

2170 2595 2283 2648 arti
2305 2609 2410 2648 non
2431 2594 2663 2660 studuit,
2694 2595 2790 2649 sed
2812 2611 2973 2649 arma
3000 2597 3269 2651 militaria
3298 2597 3542 2668 bajotare
3564 2600 3638 2634 ³⁸³
3664 2617 3796 2657 ωηο

2169 2684 2359 2748 suevit,
2394 2683 2599 2738 idcirco
2628 2686 2765 2738 Deus
2803 2684 2876 2737 ad
2901 2700 3122 2739 manum
3137 2684 3253 2755 ejus
3282 2687 3495 2742 tradere
3522 2690 3796 2745 civitatem

2171 2779 2330 2833 istam
2359 2793 2687 2848 regnumque
2714 2779 3080 2835 Ruthenorum
3109 2784 3161 2834 et
3202 2782 3429 2837 divitias
3472 2782 3793 2841 datinavil.

2172 2868 2300 2923 Haec
2329 2867 2484 2933 dixit,
2520 2884 2625 2922 nec
2647 2867 2802 2938 plura
2842 2876 3190 2939 prosecutus,
3222 2870 3404 2942 fugam
3437 2872 3696 2943 arripuit.
3730 2876 3795 2929 At

2172 2956 2514 3022 Bolczlavus,
2546 2956 2699 3013 nullo
2739 2957 2846 3011 sibi
2877 2958 3190 3024 resistente,
3219 2959 3499 3016 civitatem
3531 2978 3792 3036 magnam

2172 3054 2228 3102 et
2266 3047 2584 3119 Opulentam
2650 3046 2988 3121 ingrediens,
3053 3055 3109 3103 et
3168 3048 3461 3124 evaginato
3504 3052 3698 3128 gladio
3739 3055 3791 3110 in

2171 3153 2338 3192 aurea
2369 3143 2523 3207 porta
2556 3136 2894 3208 percutiens,
2938 3136 3047 3191 risu
3076 3137 3210 3192 satis
3244 3138 3438 3207 jocoso
3465 3140 3587 3198 suis
3612 3143 3763 3199 admi

2172 3225 2418 3283 rantibus
2444 3225 2536 3292 ³⁵⁸,
2556 3242 2655 3280 cur
2677 3225 2783 3279 hoc
2798 3223 3038 3291 fecisset,
3070 3224 3348 3282 enodavit.
3377 3228 3554 3297 Sicut,
3586 3230 3790 3304 inquit,

452 3339 621 3378 aurea
661 3330 717 3377 et
755 3330 1015 3394 argentea
1072 3321 1273 3376 diversi
1322 3322 1532 3393 operis.
1601 3322 1766 3393 pallia
1822 3339 1951 3378 vero
1997 3325 2066 3359 ³³⁵
2088 3300 2137 3366 (οἶ
2164 3321 2220 3373 in
2247 3319 2348 3373 hac
2377 3319 2512 3372 hora
2541 3318 2611 3352 ’⁸⁸
2640 3332 2803 3371 aurea
2837 3322 2999 3387 porta
3026 3320 3263 3374 civitatis
3282 3320 3355 3376 ab
3379 3322 3486 3376 isto
3501 3338 3626 3378 ense
3648 3340 3780 3395 per-

369 3399 385 3417 ’
453 3416 654 3472 diversi
714 3416 935 3483 coloris,
967 3422 1291 3472 ornamenta
1341 3415 1564 3488 generis
1615 3416 1810 3492 ignoti,
1853 3417 2067 3488 lapides

454 3508 724 3579 pretiosos
768 3514 822 3561 et
852 3505 1168 3575 hujusmodi
1194 3506 1260 3540 ³³⁷
1294 3514 1373 3561 tot
1408 3515 1462 3561 et
1501 3514 1648 3562 tanta
1690 3507 2061 3578 praesentavit,

451 3600 596 3673 quod
627 3601 925 3671 imperator
952 3605 1101 3652 tanta
1147 3613 1377 3652 munera
1419 3613 1517 3669 pro
1548 3599 1813 3654 miracqu
1845 3606 2063 3671 reputa-

448 3692 543 3747 vit.
576 3691 835 3765 Singulos
868 3706 1000 3746 vero
1030 3690 1310 3762 principes
1347 3690 1468 3760 ejus
1496 3690 1569 3745 ita
1606 3690 1900 3764 magnifice
1940 3709 2063 3747 mu-

446 3785 678 3851 neravit,
735 3783 880 3856 quod
913 3799 1008 3839 eos
1062 3800 1127 3837 ex
1178 3782 1373 3837 amicis
1412 3783 1481 3818 ²³⁸
1531 3784 1897 3838 amicissimos
1948 3785 2058 3855 (72)

442 3876 749 3948 acquisivit.
800 3877 908 3931 Sed
957 3874 1083 3947 quis
1126 3875 1477 3931 dinumerare
1516 3876 1722 3946 poterit
1766 3877 1949 3948 qualia
2008 3883 2061 3932 et

444 3976 650 4042 quanta
693 3968 999 4035 majoribus
1047 3968 1116 4003 ²³⁹
1164 3968 1311 4023 dona
1358 3968 1532 4024 dedit.
1584 3985 1707 4022 cum
1752 3984 1856 4024 nec
1914 3985 2059 4024 unus

445 4066 670 4138 quidem
700 4064 1010 4138 inquilinus
1035 4063 1102 4119 de
1127 4069 1275 4118 tanta
1297 4063 1648 4119 multitudine
1676 4064 1799 4119 sine
1828 4080 2057 4119 munere

446 4170 555 4211 non
596 4155 843 4211 recessit.
890 4156 1191 4225 Imperator
1243 4159 1424 4207 autem
1479 4153 1636 4209 laetus
1677 4154 1892 4226 magnis
1931 4170 2052 4210 cum

447 4249 775 4305 muneribus
827 4249 895 4304 ad
939 4247 1161 4320 propria
1220 4247 1505 4314 remeavit,
1565 4249 1885 4305 Bolezlavus
1924 4266 2056 4307 vero

445 4354 690 4411 regnans
713 4338 767 4393 in
809 4338 997 4394 hostes
1026 4353 1176 4409 yram
1218 4344 1458 4392 veterem
1487 4338 1770 4394 renovavit

2166 3413 2388 3475 cutitur,
2417 3411 2496 3465 sic
2520 3412 2579 3464 in
2608 3414 2759 3464 nocte
2786 3412 3029 3479 sequenti
3053 3425 3205 3465 soror
3222 3414 3364 3479 regis
3393 3412 3508 3483 (75)
3529 3416 3788 3483 ignauis-

2164 3502 2292 3555 simi
2326 3499 2464 3554 mihi
2526 3500 2654 3553 dari
2689 3500 2962 3569 prohibita
3014 3505 3420 3570 corrumpetur;
3460 3519 3556 3558 nec
3598 3509 3783 3563 tamen

2170 3590 2445 3643 Itolezlavo
2502 3589 2653 3643 thoro
2702 3589 2952 3642 maritali
2996 3588 3091 3642 sed
3115 3588 3459 3644 concubinali
3508 3594 3789 3661 singulari

2162 3682 2278 3734 vice
2313 3684 2522 3734 tantum
2550 3678 2924 3747 conjungetur,
2963 3683 3231 3755 quatenus
3268 3680 3363 3734 hoc
3397 3682 3547 3748 facto
3600 3688 3787 3739 nostri

2161 3777 2370 3843 generis
2395 3776 2606 3845 injuria
2632 3773 2957 3841 vindicetur,
3004 3778 3053 3828 et
3080 3775 3340 3830 Rutheni:
3378 3776 3455 3830 ad
3479 3777 3708 3837 dedecus
3737 3787 3789 3836 εὶ

2159 3873 2231 3927 ad
2258 3872 2610 3939 ignominiam
2640 3872 2951 3940 imputetur.
2988 3866 3078 3924 Sic
3111 3867 3268 3935 dixit,
3311 3869 3573 3943 dictaque
3622 3872 3785 3931 factis

2160 3964 2478 4037 complevit.
2514 3963 2685 4039 Igitur
2716 3979 2809 4017 rex
2852 3961 3168 4017 Bolezlavus
3206 3963 3343 4018 urbe
3376 3962 3657 4020 ditissima
3707 3966 3780 4002 ³⁸³

2158 4077 2440 4135 regnoque
2470 4059 2846 4115 Rutlienorum
2864 4056 3246 4128 potentissimo
3272 4057 3468 4113 decem
3484 4059 3779 4115 mensibus

2160 4152 2365 4224 potitus
2410 4150 2500 4215 ³⁵⁸,
2546 4148 2675 4203 inde
2719 4145 3009 4219 pecuniam
3064 4146 3120 4201 in
3170 4146 3449 4204 Poloniam
3491 4149 3777 4205 transmit-

2156 4246 2326 4303 tendo
2376 4257 2658 4315 nunquam
2725 4239 2904 4296 extitit
2954 4239 3196 4304 otiosus;
3274 4240 3574 4298 undecimo
3639 4259 3773 4299 vero

2159 4351 2372 4402 mense,
2395 4334 2523 4407 quia
2544 4348 2715 4408 regna
2751 4330 3158 4404 quamplurima
3180 4331 3423 4398 tenebat,
3452 4337 3510 4387 et
3538 4348 3772 4405 puerum

1780 4521 1996 4577 VARIIE
2051 4520 2424 4578 LECTIONES.

513 4706 581 4741 ὐ
608 4705 854 4776 trmphas
902 4703 955 4759 3.

1124 4917 1189 4952 ³⁵η
1231 4919 1375 4974 deest
1435 4917 1485 4973 3.

446 4920 516 4954 ’³ο
546 4920 871 4993 congregari
948 4919 1001 4975 3.
1124 4919 1189 4952 ²³¹
1231 4919 1375 4974 deest
1435 4919 1485 4973 3.
1598 4920 1717 4974 ³³³(

446 5007 547 5046 ner
587 5007 687 5046 pro
735 4991 961 5046 insuper
1004 4989 1169 5045 etiam
1225 4989 1277 5045 3.
1392 4990 1463 5025 ³³⁸
1491 4990 1635 5046 ἀθεεὶ
1685 4993 1717 5044 3

444 5007 547 5093 per
585 4989 687 5061 pro
735 4989 961 5062 insuper
1004 4989 1169 5045 etiam
1225 4989 1277 5045 3.

468 5062 513 5093 39
545 5061 911 5093 ηιιῌΙῖΛ-ιηυιο
942 5063 1158 5093 κελαι...
1206 5077 1277 5093 οη.

1055 4703 1125 4737 ²²²
1151 4703 1313 4777 cog’ti
1369 4705 1422 4760 1.
1469 4703 1524 4760 2.
1593 4704 1723 4762 99‘ti
1753 4704 1804 4760 3.
1871 4704 2079 4761 couniti
2152 4720 2274 4759 uoce
2356 4719 2494 4808 sape
2545 4704 2736 4784 utitur.

1055 4780 1167 4808 4n...
1230 4779 1366 4808 mi...
1423 4774 1437 4808 ς
1492 4778 1548 4808 Α..
1582 4785 1596 4808 ι
1654 4781 1957 4808 κηποι-ΑΜ..
2017 4786 2065 4808 ιιι
2136 4782 2241 4808 συν.
2284 4776 2316 4808 Q
2451 4775 2497 4808 28
2527 4773 2736 4808 hamum

447 4785 576 4835 tam.
647 4770 730 4832 2f
773 4792 827 4831 a.
881 4780 1167 4832 correctore
1219 4770 1369 4830 'énim
1423 4774 1439 4829 i
1492 4778 1601 4833 int
1654 4781 1959 4839 mutatum;
2016 4786 2071 4831 et
2136 4782 2241 4831 tam
2283 4776 2335 4830 3.
2428 4770 2497 4809 ω
2527 4770 2849 4829 hominibus
2895 4771 2948 4825 3.

448 4858 694 4919 tempore
767 4846 1014 4903 Silvestri
1071 4862 1213 4918 papc
1286 4848 1445 4903 addit
1506 4849 1566 4902 in
1606 4850 1850 4916 margine
1923 4848 1958 4902 2
2064 4848 2131 4882 ³³⁷
2156 4847 2369 4904 exeruit
2423 4847 2477 4901 2.

448 4920 516 4954 ’³ο
546 4920 871 4975 congregari
948 4919 1001 4975 3.
1124 4918 1189 4952 ²³¹
1231 4919 1375 4974 deest
1435 4917 1485 4973 3.
1598 4920 1667 4953 ³³³
1704 4918 1968 4975 cortinias
2048 4919 2078 4975 3
2237 4918 2307 4953 ³³³
2333 4934 2477 4975 cont!

1854 4991 1922 5024 ’37
1952 4997 2006 5045 et
2046 4990 2362 5063 hujusmodi
2390 4987 2664 5063 desunt}.

3085 4696 3156 4732 ³³³
3186 4695 3424 4752 instituit
3473 4696 3527 4751 3.
3620 4698 3693 4732 ⁸³⁸
3717 4707 3774 4754 et

3056 4769 3127 4804 ²²⁶
3158 4768 3268 4824 Rex
3333 4768 3617 4825 Boleslaus
3668 4767 3777 4825 fuit

2573 4844 2644 4879 ²²⁸
2673 4840 3051 4900 coronationis
3126 4839 3178 4896 3.
3296 4839 3657 4895 mscutellas
3713 4841 3765 4898 2.

2573 4915 2656 4966 ari
2740 4914 2793 4966 3.
2901 4910 3335 4966 ’“comnortari
3407 4911 3464 4966 3.
3579 4911 3765 4966 msu-

2237 4918 2307 4953 ³³³
2333 4915 2657 4993 congregari
2740 4914 2793 4969 3.
2901 4914 2970 4947 ³³⁸
3001 4914 3348 4993 comportari.
3390 4914 3464 4993 .3.
3579 4914 3650 4947 ³³⁵
3678 4929 3775 4967 su-

2237 4990 2361 5039 nodi
2390 4991 2587 5039 desunt
2612 4987 2664 5039 3.
2790 4985 2859 5020 ²³⁶
2890 4983 3080 5039 limitis
3124 4984 3206 5037 vel
3236 4983 3435 5036 hmicis
3475 4997 3694 5038 erronee
3718 4985 3771 5039 3.

2468 4720 2494 4757 e
2545 4704 2725 4756 utitur
2781 4703 2984 4754 auctor.

468 5062 513 5095 ³³
545 5052 915 5118 nobilioribus
942 5063 1158 5116 videtur
1202 5064 1464 5131 scriptum
1492 5078 1588 5121 uer
1617 5064 2048 5125 contractionem,
2082 5052 2177 5117 sed
2192 5062 2394 5131 absque
2420 5059 2558 5128 siglo
2585 5059 2635 5131 2.
2693 5057 2764 5092 ’⁸ο
2791 5056 2958 5131 fiusie
2988 5055 3041 5131 ‘2‘.
3090 5054 3156 5088 ²⁸¹
3181 5052 3776 5131 Ωμριηοάρ-ἱζιιιίενίι

446 5132 642 5187 desunt
670 5132 721 5189 3.

442 5202 748 5281 vindicavit
763 5201 815 5260 3.
864 5202 1042 5281 Affﬂin
1074 5221 1398 5281 magnapro
1419 5221 1541 5281 cum
1573 5204 1781 5281 ingenti
1814 5207 1865 5260 3.
1919 5197 2128 5281 '_"“_sed
2165 5221 2274 5259 non
2302 5218 2578 5281 ausospno
2609 5197 3279 5281 non‘ausosncomrnnit‘teré
3310 5198 3363 5281 3.

1281 5273 1347 5311 ²ῖ⁷
1381 5273 1674 5331 ηενὶευιθῐὶ
1694 5292 1796 5346 pro
1820 5276 2069 5332 navicula
2096 5284 2226 5332 tunc
2255 5273 2565 5346 corrupte}

444 5275 498 5328 2.
524 5274 689 5346 Kyow
719 5275 753 5330 3

444 5346 498 5399 2.
542 5351 590 5401 et
606 5346 658 5402 3.
690 5349 747 5400 in
775 5348 1081 5414 fragmento

437 5433 503 5487 ρ.
526 5416 596 5473 93
697 5417 768 5453 ’⁸⁸
786 5417 930 5472 ἀθεεὶ
958 5416 1013 5475 2.

863 5274 934 5309 "‘
952 5275 1094 5331 deest
1123 5277 1157 5333 3

1126 5365 1184 5419 ρ.
1209 5348 1297 5404 93.
1367 5348 1431 5382 ²⁵¹
1456 5348 1620 5416 hujus
1647 5348 1682 5401 2

1794 5349 1864 5383 ³⁵³
1895 5348 2137 5417 bajolare
2176 5348 2229 5402 3.
2253 5350 2312 5401 in
2335 5342 2539 5414 fragm'.
2565 5361 2623 5415 p.
2657 5342 2729 5400 93

1103 5420 1172 5455 ³⁵⁵
1223 5427 1327 5475 etc.
1372 5420 1529 5475 addit
1547 5419 1599 5476 3.
1632 5420 1684 5474 in
1711 5421 1897 5488 fragm
1917 5435 1979 5490 p.
2013 5420 2102 5476 93.

824 5133 1051 5206 "(Nam
1090 5150 1236 5189 anno
1276 5124 1334 5188 D'.
1383 5132 1594 5206 MXVIII
1635 5141 1824 5206 contra
1858 5124 2041 5206 regem
2087 5124 2728 5189 Ituthen'orum'viriliter
2774 5127 3058 5181 dimicavit
3094 5141 3198 5206 pro
3227 5124 3395 5206 Igitnur
3424 5125 3770 5206 imprimis-

3450 5197 3559 5269 "fw
3580 5198 3770 5269 th‘yon

2694 5271 2763 5306 ³⁸⁸
2793 5270 2878 5327 ειιί
2912 5270 2962 5324 3.
3056 5268 3126 5303 ’θ’
3153 5274 3333 5321 tamen
3358 5269 3391 5321 3
3496 5267 3568 5301 ’³ο
3606 5267 3767 5324 suum

2838 5342 2909 5377 ³⁸³
2937 5338 3357 5410 ammirantibus
3382 5339 3432 5410 3.
3479 5341 3542 5395 in
3559 5341 3771 5410 fragm.

2193 5419 2265 5454 ³⁸⁸
2290 5409 2371 5474 ita
2396 5409 2712 5482 emendavi;
2740 5413 2944 5487 quibus
2970 5411 3127 5467 codd.
3154 5416 3204 5466 et
3228 5409 3353 5466 edd.
3387 5409 3444 5465 P.
3474 5478 3479 5481 _

2000 5568 2209 5625 ΝΟΤᾹΞ.

510 5715 618 5781 (72)
650 5710 888 5766 Sallustii
913 5712 1203 5781 Jugurtha,
1232 5729 1288 5769 ι.
1320 5714 1376 5769 S.

507 5786 620 5850 (73)
653 5781 922 5854 Bolezlavi
982 5781 1095 5838 tilia
1142 5783 1515 5854 vaatOpulko,
1551 5782 1663 5839 filio
1720 5784 2046 5851 Wladimiri,

441 5851 650 5911 ltussiae
676 5850 963 5925 principis,
1004 5863 1266 5924 nupserat
1294 5850 1355 5910 Κ.

2224 5708 2657 5782 i7t)Jaroslaus,
2686 5706 2833 5782 ﬁlius
2873 5702 3179 5782 Wladimiri
3220 5702 3282 5782 li.

2221 5773 2339 5854 (75)
2380 5780 2722 5836 Pcrcdslawa
2741 5777 2905 5851 vulgo
2936 5774 3239 5831 nominata.
3277 5773 3331 5828 Κ.
