3960 6198
256 348 364 403 833

1671 351 1865 407 LIBER
1909 352 2175 408 PRIMUS.

3485 360 3598 413 854

256 480 325 548 ad
389 476 731 553 regnandum
785 478 1138 534 Meschonem
1187 478 1369 534 adhuc
1434 480 1711 552 ydoneum
1762 496 1874 537 non
1899 488 1952 554 Α
1976 500 2138 556 quam
2163 499 2287 539 cum
2315 484 2504 555 praeda
2524 483 2750 539 domum
2782 485 3012 555 turpiter
3038 486 3106 520 ²⁶⁰
3134 486 3339 542 intrare
3363 503 3599 559 respon-

261 574 504 636 videbat,
537 572 657 628 loco
689 571 775 628 sui
798 572 1038 644 quodam
1062 573 1139 627 ibi
1169 572 1422 629 Rutheno
1452 574 1537 629 sui
1567 575 1786 647 generis
1819 575 1874 629 in

255 661 566 718 dominium
619 661 923 717 constituto
975 661 1083 732 (76)
1142 677 1265 716 cum
1336 662 1598 718 thezauro
1655 664 1879 719 residuo

256 754 543 811 Poloniam
578 753 856 810 remeabat
894 753 984 809 ’57.
1021 754 1180 810 Illum
1214 754 1401 827 itaque
1432 756 1502 791 ’⁸⁸
1521 772 1642 812 cum
1664 756 1879 832 ingenti

254 846 463 921 gaudio
478 847 548 881 ’⁸³
576 853 632 901 et
653 845 886 917 pecunia
906 845 977 881 ²⁶⁰
999 853 1364 915 remeantem,
1381 847 1608 920 jamque
1636 848 1880 907 Poloniae

258 939 468 996 ﬁnibus
525 940 991 1012 prepinquantem
1036 940 1129 1008 “1,
1178 957 1270 997 rex
1323 940 1587 1014 fugitivus
1636 942 1882 999 collectis

258 1028 477 1085 viribus
523 1029 724 1085 ducum
765 1029 1145 1085 Ruthenorum
1185 1045 1310 1086 cum
1358 1031 1569 1087 Plaucis
1615 1041 1669 1087 et
1698 1031 1881 1087 Pinci-

260 1123 475 1180 niatiris
502 1124 574 1159 ²⁶²
600 1141 630 1179 a
652 1134 807 1200 tergo
834 1124 1214 1196 subsequitur,
1247 1131 1302 1180 et
1323 1126 1392 1179 ad
1413 1124 1644 1181 ﬂuvium
1673 1127 1876 1203 Bugam

257 1219 609 1275 committere
657 1224 841 1274 certus
895 1219 964 1274 de
1013 1218 1242 1275 victoria
1281 1221 1602 1276 conabatur.
1644 1221 1880 1277 Arbitra-

256 1311 423 1366 batur
481 1325 720 1383 namque
779 1310 1020 1367 Polonos
1076 1326 1228 1367 more
1286 1311 1571 1368 hominum
1619 1313 1689 1369 de
1728 1320 1879 1369 tanta

257 1403 492 1460 victoria
551 1403 737 1474 praeda
780 1404 1105 1476 gloriantes,
1160 1420 1615 1478 unumquemque
1654 1406 1877 1462 domum

258 1509 416 1549 suam
452 1492 851 1565 propinquare,
890 1500 1080 1564 utpote
1120 1493 1549 1565 triumphatores
1582 1503 1742 1550 terrae
1765 1511 1878 1551 suae

257 1584 468 1641 ﬁnibus
497 1585 953 1657 propinquantes,
981 1591 1039 1640 et
1075 1586 1282 1641 tamdiu
1324 1595 1474 1642 extra
1501 1587 1729 1658 patriam
1757 1588 1879 1644 sine

258 1673 389 1729 filiis
423 1681 478 1729 et
515 1674 779 1730 uxoribus
813 1675 1192 1731 immorantes.
1224 1676 1332 1731 Nec
1353 1676 1489 1731 illud
1518 1676 1640 1732 sine
1671 1677 1881 1734 ratione

255 1762 556 1835 cegitabat,
590 1763 719 1835 quia
749 1778 952 1835 magna
981 1779 1110 1835 pars
1140 1763 1253 1834 jam
1296 1764 1630 1821 Polonorum
1672 1766 1884 1822 exerci-

256 1862 345 1909 tus
375 1871 505 1928 rege
535 1855 820 1912 nesciente
850 1854 1154 1912 deﬂuxerat
1204 1857 1291 1912 ³⁸³.
1321 1857 1388 1912 At
1416 1874 1510 1913 rex
1558 1857 1881 1914 Bolezlavus

252 1943 454 1999 videns
481 1959 613 1999 suos
665 1944 875 2000 milites
904 1960 1111 2015 paucos
1142 1961 1286 2012 esse,
1324 1946 1510 2002 hostes
1564 1963 1696 2003 vero
1724 1948 1880 2019 quasi

253 2035 470 2092 centies
506 2036 577 2071 ’⁸⁸
628 2042 838 2091 tantum
885 2036 954 2072 ⁸⁸⁵
999 2035 1134 2104 fere,
1188 2053 1299 2093 non
1350 2038 1505 2093 sicud
1563 2039 1798 2113 ignavus
1826 2049 1882 2096 et

259 2126 509 2193 timidus,
541 2127 639 2182 sed
683 2136 743 2181 ut
776 2127 951 2182 audax
983 2135 1041 2183 et
1073 2128 1356 2198 providus,
1387 2145 1518 2186 suos
1548 2130 1752 2186 milites
1800 2131 1882 2187 sic

258 2212 458 2270 aﬂ‘atur
488 2214 629 2286 (77):
678 2218 799 2273 Non
847 2220 927 2271 est
976 2232 1111 2287 opus
1147 2219 1344 2288 probos
1396 2223 1447 2274 et
1485 2224 1731 2290 expertos
1784 2221 1882 2276 diu

258 2304 458 2359 milites
521 2305 795 2359 cohortari
850 2304 952 2369 ²⁶⁸;
1023 2320 1118 2360 nec
1182 2307 1516 2376 triumphum
1559 2323 1672 2363 sese
1727 2310 1882 2364 nobis

258 2395 567 2464 offerentem
622 2395 924 2464 retardari,
956 2397 1052 2451 sed
1094 2400 1172 2452 est
1217 2402 1423 2467 tempus
1464 2401 1608 2454 vires
1640 2401 1880 2470 corporis

258 2486 543 2554 animique
577 2487 836 2539 virtutem
882 2486 1185 2541 exercendi.
1213 2487 1359 2541 Nam
1377 2487 1515 2557 quid
1549 2489 1770 2557 prodest
1806 2494 1883 2545 tot

257 2578 308 2626 et
338 2576 523 2628 tantas
548 2575 712 2643 prius
761 2575 1019 2629 victorias
1062 2575 1332 2642 habuisse,
1358 2578 1443 2630 vel
1481 2577 1617 2646 quid
1660 2578 1884 2647 prodest

256 2666 420 2717 tanta
455 2676 626 2729 regna
638 2667 820 2717 nostra
836 2663 1076 2718 dominio
1094 2663 1412 2733 subjugasse
1432 2670 1718 2736 tantasque
1737 2668 1884 2721 divi-

1981 574 2200 629 derunt.
2256 572 2409 629 Tunc
2445 588 2576 628 vero
2616 588 2708 627 rex
2748 572 3070 628 Bolezlavus
3120 590 3344 630 suorum
3392 592 3598 633 unum-

1980 676 2257 733 quemque
2290 660 2613 716 nominatim
2654 662 2971 727 exhortans,
3024 661 3081 715 in
3124 662 3194 697 ²⁷⁰
3224 663 3412 719 hostes
3458 681 3597 721 con-

1981 756 2305 812 fertissimos
2334 756 2400 791 ²⁷¹
2434 756 2575 811 sicut
2620 756 2707 811 leo
2764 756 2960 811 sitiens
2993 757 3318 827 penetravit.
3354 758 3465 814 Nec
3516 770 3601 816 est

1983 853 2183 901 nostrae
2219 845 2493 901 facultatis
2521 845 2781 913 recitare,
2831 852 3065 917 quantas
3090 854 3302 921 strages
3330 847 3434 901 sibi
3463 849 3599 903 resi-

1981 936 2243 991 stentium
2267 934 2343 990 ibi
2369 934 2499 990 fecit
2536 935 2626 1002 ³⁷³,
2657 950 2840 1006 neque
2871 934 3163 1006 quisquam
3186 934 3332 990 valet
3359 936 3597 991 hostium

1979 1034 2390 1099 peremptorum
2429 1025 2582 1080 milia
2614 1031 2765 1081 certo
2808 1040 3040 1080 numero
3086 1035 3428 1097 computare,
3461 1043 3602 1099 quos

1979 1118 2265 1174 constabat
2294 1117 2362 1171 ad
2395 1117 2641 1188 praelium
2673 1116 2793 1172 sine
2826 1132 3059 1172 numero
3078 1117 3428 1184 convenisse,
3459 1136 3599 1190 pau-

1979 1223 2184 1280 cosque
2217 1208 2545 1278 superstites
2576 1208 2706 1282 fuga
2745 1208 2936 1279 lapsos
2970 1208 3217 1263 evasisse
3256 1208 3345 1261 “3.
3378 1211 3597 1265 Assere-

1980 1297 2112 1352 bant
2140 1312 2378 1367 namque
2414 1296 2639 1366 plurimi
2663 1312 2762 1368 pro
2793 1306 2966 1367 certo,
2994 1300 3088 1370 qui
3107 1307 3230 1370 post
3257 1301 3461 1357 multos
3482 1301 3601 1357 dies

1978 1404 2077 1461 pro
2134 1388 2326 1443 amicis
2389 1389 2475 1443 vel
2533 1388 2860 1461 propinquis
2900 1390 3251 1445 inveniendis
3302 1392 3371 1446 ad
3410 1392 3592 1448 locum

1980 1481 2298 1537 certaminis
2324 1481 2393 1536 de
2422 1481 2741 1555 longinquis
2770 1482 3090 1552 regionibus
3132 1484 3449 1554 veniebant,
3479 1493 3600 1540 tan-

1982 1584 2090 1629 tam
2111 1573 2184 1628 ibi
2216 1573 2428 1629 cruoris
2458 1572 2785 1628 eﬁusionem
2816 1572 3011 1639 fuisse,
3046 1575 3197 1647 quod
3230 1576 3416 1631 nullus
3444 1586 3598 1647 pote-

1982 1673 2065 1720 rat
2110 1664 2217 1718 nisi
2261 1679 2360 1734 per
2388 1662 2717 1736 sanguinem
2746 1662 2815 1696 ²⁷⁴
2846 1662 2931 1719 vel
2964 1679 3133 1734 super
3184 1664 3450 1719 cadavera
3500 1683 3599 1737 per

1981 1764 2149 1813 totam
2207 1756 2494 1828 planitiem
2545 1754 2850 1817 ambulare,
2910 1761 3199 1827 totumque
3254 1756 3323 1791 ’⁷⁵
3388 1757 3595 1832 Bugam

1982 1848 2208 1904 ﬂuvium
2242 1848 2367 1919 plus
2405 1846 2615 1902 cruoris
2653 1846 2898 1917 speciem
2955 1863 3118 1919 quam
3176 1847 3421 1903 ﬂuminis
3470 1850 3598 1904 reti-

1982 1957 2133 1997 nere.
2162 1941 2235 1995 Ex
2276 1955 2342 1996 eo
2385 1938 2532 1994 enim
2567 1946 2817 2010 tempore
2846 1938 3011 1995 Rusia
3041 1939 3285 1995 Poloniae
3314 1941 3599 2015 vectigalis

1983 2036 2080 2091 diu
2110 2035 2231 2091 fuit.

2087 2141 2143 2198 8.
2170 2144 2246 2196 De
2270 2140 2673 2208 magniﬁcentia
2703 2143 2754 2193 et
2787 2142 3033 2208 potentia
3057 2138 3328 2196 Bolezlavi
3356 2139 3488 2196 Glo-

2655 2212 2791 2266 riosi
2829 2211 2916 2265 ³⁷⁸.

2054 2301 2215 2358 Plura
2284 2302 2468 2373 itaque
2519 2309 2649 2356 sunt
2704 2308 2758 2356 et
2818 2302 3026 2373 majora
3089 2309 3247 2375 gesta
3300 2302 3595 2368 Bolezlavi,

1981 2408 2145 2465 quam
2177 2408 2205 2446 a
2234 2390 2397 2446 nobis
2434 2391 2650 2462 possint
2679 2390 2942 2459 describi,
2981 2389 3067 2446 vel
3112 2389 3277 2445 etiam
3307 2391 3377 2424 ³⁷⁷
3432 2392 3598 2448 nudis

1981 2483 2330 2540 sermonibus
2359 2482 2621 2537 enarrari.
2656 2482 2787 2536 Nam
2816 2482 2940 2554 quis
2968 2482 3347 2538 arithmeticus
3375 2484 3443 2519 ³⁷⁸
3468 2485 3599 2540 satis

1984 2586 2135 2633 certo
2167 2590 2399 2630 numero
2431 2574 2660 2630 ferratas
2692 2574 2812 2642 ejus
2859 2574 3009 2628 acies
3051 2574 3230 2629 valeat
3255 2585 3596 2646 computare,

1984 2666 2190 2721 nedum
2245 2664 2407 2719 etiam
2463 2663 2831 2719 describendo
2886 2663 3145 2719 victorias
3200 2671 3255 2719 et
3294 2664 3600 2736 triumphos

255 2761 366 2814 tias
413 2760 648 2814 aliorum
682 2761 1003 2826 cumulasse,
1057 2762 1108 2815 si
1139 2762 1281 2827 forte
1307 2777 1450 2817 nunc
1509 2766 1757 2819 subactos
1785 2780 1880 2820 nos
1981 2766 2145 2814 tantae
2178 2757 2548 2813 multitudinis
2576 2756 2851 2811 recitare?
2894 2756 2969 2811 De
3010 2756 3228 2817 Poznan
3258 2757 3326 2793 ²⁷⁹
3359 2774 3598 2830 namque

256 2854 540 2920 contingat
561 2852 670 2907 hac
704 2856 754 2907 et
782 2856 969 2907 nostra
994 2853 1345 2923 perdidisse?
1376 2856 1483 2911 Sed
1507 2856 1573 2911 de
1598 2859 1695 2911 Dei
1720 2861 1881 2912 mise-
1981 2852 2130 2907 mille
2159 2850 2392 2906 trecenti
2432 2849 2642 2905 loricati
2685 2849 2888 2905 milites
2944 2865 3070 2905 cum
3109 2856 3346 2921 quatuor
3372 2850 3600 2906 milihiis

253 2947 497 3003 ricordia
524 2952 809 3019 vestraque
851 2949 1116 3017 probitate
1144 2955 1413 3020 comperta
1449 2953 1675 3021 conﬁdo,
1733 2954 1877 3023 quod
1976 2945 2341 3016 clipeatorum
2375 2942 2631 3005 militum,
2694 2942 2762 2997 de
2816 2942 3078 2997 Gneznen
3116 2942 3186 2976 ²⁸⁰
3229 2942 3381 2998 mille
3435 2944 3598 3015 quin-

252 3039 307 3092 si
332 3038 567 3093 viriliter
590 3040 651 3092 in
679 3040 974 3092 certamine
1001 3040 1288 3105 resistatis,
1319 3042 1370 3095 si
1397 3056 1540 3096 more
1565 3043 1722 3098 solito
1755 3044 1877 3109 ﬁor-

1984 3033 2130 3107 genti
2179 3032 2390 3088 loricati
2456 3038 2512 3087 et
2573 3031 2822 3103 quinque
2876 3030 3028 3085 milia
3091 3031 3477 3103 clipeatorum,
3530 3033 3599 3088 de

256 3132 389 3185 titer
401 3129 702 3194 inundatis,
720 3130 771 3182 si
782 3129 1085 3198 jactantias
1105 3138 1152 3184 et
1180 3133 1561 3200 promissiones
1590 3135 1650 3187 in
1672 3133 1880 3204 pradis
1909 3171 1952 3204 ,η
1981 3124 2283 3180 Wladislau
2312 3124 2376 3158 ²⁸¹
2405 3130 2583 3179 castro
2633 3123 2940 3195 octingenti
2970 3122 3185 3178 loricati
3215 3131 3271 3179 et
3307 3124 3418 3179 duo
3449 3124 3600 3180 milia

257 3219 572 3274 dividendis
601 3223 651 3272 et
680 3221 738 3273 in
756 3219 1015 3273 conviviis
1042 3221 1175 3273 meis
1205 3220 1423 3275 habitas
1460 3222 1537 3276 ad
1564 3226 1877 3279 memoriam
1908 3214 1955 3237 υ
1977 3216 2361 3287 clipeatorum,
2402 3214 2470 3269 de
2512 3214 2698 3269 Gdech
2749 3214 2818 3248 ²⁸²
2867 3214 2972 3281 (78)
3003 3214 3234 3270 trecenti
3286 3214 3501 3270 loricati
3544 3224 3599 3271 et

257 3307 556 3373 reducatis,
579 3308 732 3362 hodie
746 3310 970 3362 victores
984 3311 1144 3377 ﬁnem
1164 3310 1364 3365 laboris
1381 3313 1627 3367 continui
1639 3313 1877 3379 facietis,
1981 3306 2090 3360 duo
2123 3303 2271 3359 milia
2310 3303 2702 3375 clipeatorum;
2750 3302 2825 3358 hii
2876 3318 3071 3358 omnes
3119 3302 3405 3359 fortissimi
3434 3311 3491 3360 et
3527 3306 3596 3360 ad

259 3405 313 3455 et
339 3403 560 3470 inmper
587 3401 797 3466 famam
845 3404 1163 3471 perpetuam
1208 3416 1272 3456 ac
1310 3404 1693 3472 triumphalem
1720 3406 1884 3461 victo-
1982 3401 2129 3455 bella
2155 3398 2456 3455 doctissimi
2479 3399 2549 3433 ⁸⁸³
2579 3398 2763 3473 magni
2794 3398 2863 3433 ³⁸⁵
2896 3398 3168 3454 Bolezlavi
3193 3406 3444 3470 tempore
3473 3415 3601 3471 pro-

262 3493 411 3545 riam
455 3491 768 3560 acquiretis.
824 3488 922 3545 Sin
978 3505 1102 3545 vero
1147 3493 1299 3556 victi,
1350 3492 1497 3561 quod
1550 3508 1659 3546 non
1702 3494 1881 3557 credo,
1986 3491 2279 3547 cedebant.
2310 3491 2386 3545 De
2414 3489 2538 3545 aliis
2568 3490 2637 3525 ²³⁶
2675 3506 2806 3546 vero
2836 3490 3152 3545 civitatibus
3196 3497 3251 3545 et
3280 3491 3521 3547 castellis
3547 3497 3602 3546 et

260 3584 503 3651 fueritis,
534 3597 653 3637 cum
672 3583 795 3637 sitis
824 3582 1047 3649 domini,
1079 3585 1221 3638 servi
1248 3585 1615 3640 Ruthenorum
1639 3590 1690 3640 et
1716 3600 1808 3641 vos
1836 3590 1886 3640 et
1985 3580 2055 3614 ³³⁸
2106 3579 2270 3634 nobis
2326 3579 2526 3653 longus
2555 3584 2610 3633 et
2650 3578 2901 3633 infinitus
2933 3578 3089 3634 labor
3115 3588 3202 3634 est
3236 3596 3518 3648 enarrare,
3548 3588 3603 3635 et

262 3668 334 3703 ²⁶⁷
360 3672 466 3739 ﬁlii
491 3675 662 3728 vestri
703 3675 879 3740 eritis,
909 3680 960 3730 et
990 3677 1209 3745 insuper
1230 3691 1413 3746 prunas
1439 3692 1540 3746 pro
1583 3677 1757 3732 illatis
1814 3677 1883 3712 368
1983 3669 2143 3726 vobis
2173 3669 2402 3725 forsitan
2434 3667 2779 3722 fastidiosum
2810 3666 2975 3722 fuerit
3004 3669 3111 3723 hoc
3141 3669 3354 3725 audire.
3401 3669 3509 3725 Sed
3544 3677 3603 3725 ut

266 3759 828 3832 injuriisturpissime
848 3764 1316 3833 rependetis.Htec
1337 3766 1882 3840 ethiissimiliarege
1981 3764 2142 3821 vobis
2197 3763 2479 3819 fastidium
2527 3761 2855 3817 numerandi
2902 3762 3340 3832 praetermittam,
3397 3779 3601 3819 nume-

272 3848 525 3905 Bolezlao
557 3851 939 3922 proloquente,
967 3867 1165 3908 omnes
1192 3855 1277 3909 sui
1312 3854 1514 3910 milites
1544 3856 1727 3910 hastas
1751 3871 1883 3910 suas
1984 3874 2104 3912 rum
2139 3856 2301 3912 vobis
2347 3855 2469 3910 sine
2515 3868 2748 3909 numero
2806 3852 3177 3909 multitudinis
3241 3862 3598 3924 anteponam.

265 3941 608 3998 unanimiter
636 3944 1001 4014 protulerunt,
1031 3960 1202 4018 seque
1242 3958 1365 4002 cum
1401 3947 1680 4019 triumpho
1718 3948 1883 4004 malle
1984 3946 2177 4001 Plures
2207 3960 2445 4017 namque
2477 3942 2718 3998 habebat
2765 3958 2860 3998 rex
2890 3942 3174 3998 Bolezlaus
3211 3942 3415 3998 milites
3463 3941 3600 3999 lori-

1620 4054 1841 4109 VARME
1867 4051 2240 4109 LECTIONES.

344 4151 726 4232 "Lreguoque
742 4152 1123 4232 Ruthenorum
1142 4156 2167 4232 potentissimo-remeabatdesu_nt3.
2184 4158 2244 4209 in
2263 4156 2447 4232 fragm
2480 4171 2515 4224 p
2548 4152 2617 4208 93
2635 4156 2696 4208 in
2709 4159 2975 4232 contextu
2999 4167 3194 4232 verop;
3226 4150 3449 4232 135..a_h
3476 4166 3598 4207 ver-

270 4225 374 4279 bis.
402 4222 554 4279 Tunc
567 4222 786 4303 demum
822 4222 1373 4303 pollicemusquead
1411 4227 1710 4303 remeabat.
1739 4228 1773 4285 3
1803 4230 1902 4303 tati
1925 4228 2078 4303 modo
2111 4222 2493 4303 narrationem
2510 4228 2814 4282 contrahit:
2848 4225 2997 4279 Tunc
3015 4222 3301 4303 Boleslaus
3320 4222 3596 4303 civitatem

273 4311 528 4373 magnam
557 4302 617 4373 et
643 4294 962 4366 epulentam
1003 4297 1157 4373 n_ullo
1182 4294 1295 4353 sibi
1315 4300 1608 4373 resistente
1629 4299 1971 4373 ingrediens,
2000 4298 2185 4373 gladio
2214 4298 2270 4351 in
2306 4302 2762 4373 aure_am_portam
2785 4295 3071 4373 percussit.
3108 4294 3599 4373 cumquerivitate

274 4366 1002 4443 potentissima,‘regnaque
1025 4367 1421 4443 Buthenorum
1448 4366 1722 4443 potirent:
1754 4387 1877 4425 cum
1905 4366 2106 4443 magno
2136 4366 2795 4443 thezauroinPoloniam
2814 4367 3114 4443 remeabat.
3136 4367 3205 4401 ²⁶⁸
3236 4368 3297 4421 At
3325 4366 3477 4443 illum
3503 4381 3600 4443 pro

270 4438 429 4492 illum
463 4438 648 4509 itaque
679 4437 731 4520 3..
783 4437 883 4473 ’³³⁸
912 4437 1097 4521 gladio
1260 4441 1331 4475 ²⁶⁰
1359 4441 1425 4496 ad
1450 4437 1676 4513 prepria
1714 4448 1910 4524 praet
1950 4437 2204 4512 pecunia.
2255 4440 2306 4495 3.
2385 4439 2453 4474 ’⁸⁸
2478 4438 2796 4563 {amque—
2823 4438 3288 4509 pr0pinquantem
3314 4439 3509 4519 desunt
3541 4437 3594 4494 3.

272 4509 347 4544 ⁵⁵³
379 4524 503 4563 cum
539 4508 753 4563 Plancis
794 4520 848 4563 et
880 4509 1230 4563 Pmematms
1252 4512 1446 4563 desunt
1469 4513 1521 4563 3.
1626 4513 1699 4548 "3
1725 4513 2095 4563 arbitrabatur
2123 4527 2361 4563 namaue
2389 4509 2478 4563 det
2502 4519 2691 4563 uxerat
2727 4511 2920 4563 desunt
2957 4508 3011 4563 3.
3123 4509 3192 4543 ²⁶⁴
3220 4524 3442 4563 cencias
3478 4516 3594 4563 erat

272 4509 347 4592 ξδ’
379 4524 503 4592 cum
539 4508 753 4592 Plau‘cis
794 4520 848 4592 et
880 4508 1230 4592 Pi’neinatiris
1252 4508 1573 4592 desunt'3..__'
1599 4590 1604 4592 _
1626 4513 1699 4548 “3
1714 4508 2095 4592 arbitrabatur
2123 4527 2361 4592 namque
2389 4508 2691 4592 deﬂuxerat
2727 4511 2920 4592 desunt
2957 4508 3018 4592 3.
3123 4509 3192 4543 ²⁶⁴
3220 4508 3442 4592 ceneias
3478 4516 3597 4592 erat

266 4579 320 4634 2.
349 4581 439 4635 sed
474 4588 787 4637 correctore
825 4584 886 4635 in
914 4599 945 4635 e
978 4584 1409 4650 trans/armavit.
1494 4584 1563 4619 ³⁸³
1593 4590 1707 4640 tum
1736 4586 1788 4638 1.
1820 4586 1875 4638 2.
1952 4585 2025 4619 ’σε
2053 4579 2286 4639 coartari
2307 4589 2423 4637 erat
2445 4581 2498 4635 2.
2548 4582 2637 4636 sed
2662 4582 3116 4648 trans/armatum
3144 4596 3177 4633 a
3215 4586 3506 4636 correctore
3540 4583 3601 4634 in

273 4650 576 4725 cohortari.
665 4653 739 4725 ⁸ἒῖ
757 4654 898 4708 deest
932 4655 978 4709 1.
1069 4654 1369 4725 ²⁶⁸,ρὶ11ειίὶδ
1400 4659 1442 4707 1.
1489 4657 1546 4710 2.
1592 4659 1809 4712 incuria
1848 4657 2053 4712 scribat.
2125 4655 2194 4689 ’⁸ο
2219 4654 2273 4706 (1.
2296 4661 2333 4708 t.
2370 4653 2742 4722 transponit2.
2803 4652 2890 4725 ξῖο
2928 4652 2991 4706 At
3020 4668 3114 4706 rex
3156 4650 3492 4725 Bolezlavus,
3515 4651 3597 4704 vi-

274 4722 420 4777 dens
460 4738 597 4804 suos.
628 4723 832 4804 milites
868 4722 1204 4804 paucos-fin
1246 4726 1590 4804 contrahit__3.
1625 4730 1725 4783 tati
1761 4729 1955 4804 modo;
2007 4728 2072 4781 At
2120 4742 2213 4804 rex
2239 4725 2324 4804 ΑΒ..
2347 4724 2545 4804 videns
2580 4738 2711 4804 suos
2742 4723 2949 4804 milites
2976 4737 3370 4804 paucosﬂesse,
3414 4723 3600 4804 hostes

279 4808 412 4849 vero
445 4794 601 4865 quasi
625 4794 842 4849 cencies
865 4803 1073 4850 tantum
1107 4796 1241 4864 fere,
1271 4814 1402 4853 suos
1426 4799 1634 4854 milites
1677 4794 1997 4855 confortans
2033 4805 2088 4853 et
2116 4798 2183 4852 de
2234 4797 2327 4851 Dei
2359 4794 2741 4850 misericordia
2769 4794 3077 4850 conlidens.
3179 4794 3249 4829 ²⁷¹
3278 4797 3358 4848 ita
3384 4796 3602 4862 corrigit

275 4864 405 4921 edit.
439 4864 597 4943 Vars._
605 4866 1050 4943 confertissimos
1071 4870 1222 4943 codd.
1312 4869 1383 4904 ³⁷⁸
1413 4870 1652 4925 hostium
1677 4871 1767 4943 ibi
1787 4870 1975 4925 stravit
2000 4885 2098 4940 pro
2120 4877 2282 4943 strago
2304 4884 2391 4922 ss.
2437 4884 2480 4922 r.
2512 4866 2620 4943 i_f.
2652 4868 2729 4943 3.Δ
2817 4866 3326 4943 ’τῗλρει-(ξητριοτυῐη
3358 4865 3598 4919 hostium

279 4946 489 5012 quanta
525 4936 699 5012 millia
720 4937 812 5012 ‘ibi
845 4939 1173 5012 ceciderint?
1208 4955 1431 4995 narrare
1480 4958 1578 5011 pro
1629 4942 1868 4997 hostium
1924 4936 2656 5012 peremptorum—evasisse
2687 4936 2751 5012 _3.
2781 4937 2910 5012 _ubi
2933 4940 3139 5012 _etiam
3185 4952 3288 5012 von;
3345 4951 3601 5012 enarrare

279 5009 598 5088 alia-manu
627 5009 811 5063 addita
841 5017 1093 5088 apparet.
1140 5011 1209 5045 '7‘
1229 5007 1563 5067 cruorem'3.
1656 5014 1727 5047 ’τε
1746 5007 1998 5069 Ιοῑιιηί3.
2074 5007 2145 5047 ²⁷ῖί
2163 5012 2369 5088 regis3.
2447 5010 2518 5088 ²ἶ⁷
2539 5009 2732 5088 Ῐιιῐηὴἓ.
2759 5010 2899 5088 deest
2929 5008 2980 5062 3.
3010 5007 3120 5088 7”"
3142 5008 3521 5088 arthimetieus
3543 5008 3598 5061 1.

274 5079 849 5154 arthimaticuserat
895 5082 949 5146 2,
1002 5082 1094 5136 sed
1134 5090 1396 5139 corrector
1431 5100 1461 5137 a
1491 5088 1752 5154 posterius
1784 5089 1893 5140 int
1935 5079 2603 5152 mutavitfarismeticus
2655 5080 2701 5134 3‘
2763 5079 3143 5134 arithmeticus
3189 5080 3603 5154 suadetutemgere

279 5152 405 5206 edit.
428 5151 827 5225 ’νανδηέἶξ-Βθ-
840 5168 1046 5225 magna
1077 5154 1432 5225 p0pu|atione
1456 5149 1637 5210 (s'nezn
1691 5164 1745 5210 et
1773 5156 1937 5212 Pozn.
1973 5149 2253 5210 civitatum
2285 5155 2432 5208 addit
2460 5155 2521 5207 in
2546 5156 2797 5221 margine
2818 5154 2995 5222 prisca
3020 5166 3219 5206 manus
3247 5149 3300 5204 2.
3360 5150 3431 5185 ²³⁰
3455 5151 3603 5225 Gne-

280 5238 383 5298 zna
421 5222 485 5298 3.,
574 5221 640 5257 ²³¹
674 5221 988 5298 Wladislavv
1034 5221 1096 5298 3.;
1126 5221 1240 5298 _"3'
1266 5227 1440 5281 Gdeth
1475 5240 1680 5297 quoque
1706 5229 1809 5297 legi
1829 5234 1998 5298 potest
2039 5228 2074 5281 2
2128 5228 2180 5280 3.
2212 5229 2644 5298 quiac‘e‘ttnon
2667 5225 2828 5298 facile
2847 5224 3284 5298 distinguuntur:
3318 5224 3601 5298 Posterior,

278 5294 372 5348 sed
396 5296 573 5368 prisca
608 5295 1034 5368 manusidelevit
1063 5296 1269 5363 Gdehc,
1301 5304 1352 5353 et
1384 5294 1562 5367 posuit
1589 5294 1671 5353 'in
1706 5294 1953 5368 marpine
1998 5294 2235 5351 Gdansk’
2261 5297 2314 5351 2.
2402 5295 2813 5351 Μύρα..δεὶΜὶ
2842 5294 2894 5351 3.
2976 5296 3044 5329 ²⁸⁴
3063 5296 3202 5350 deest
3243 5294 3295 5349 3.
3370 5294 3439 5329 ²⁸⁵
3463 5294 3605 5349 deest

278 5308 573 5419 magal
608 5310 809 5349 manus
844 5308 1034 5351 delevit
1063 5308 1269 5363 Gdehc,
1301 5308 1352 5353 et
1384 5308 1562 5367 posuit
1610 5308 1671 5353 in
1706 5308 1953 5368 margine
1998 5308 2219 5351 Urlansk
2261 5308 2314 5351 2.

277 5372 331 5418 1.
503 5370 562 5418 at
584 5371 636 5420 et
663 5364 714 5419 2.
743 5367 833 5421 sed
847 5370 908 5421 in
936 5372 1184 5438 margine
1196 5371 1381 5424 eadem
1405 5385 1581 5424 manu
1606 5373 1927 5439 appositum.
2019 5369 2087 5403 ²⁸⁶
2106 5369 2246 5423 deest
2273 5368 2325 5422 3.

1828 5471 2041 5539 nom,

344 5568 859 5642 (Z§)S_ua_topplcbo
886 5583 1112 5642 genero.
1144 5570 1203 5625 Κ.
1990 5573 2135 5626 hanc
2164 5569 2430 5642 munitam
2476 5570 2868 5642 destruxerunt
2915 5570 3142 5642 Bohemi
3193 5586 3241 5624 a.
3287 5566 3447 5642 1039ε
3483 5564 3601 5618 Non

348 5636 458 5714 (ῃ)
488 5636 854 5714 §a_ll.,'Catil.,
881 5636 1035 5714 ivi".
1068 5642 1127 5714 8ἶ
1461 5710 1474 5714 _
1994 5646 2159 5714 longe
2191 5658 2221 5696 a
2253 5641 2511 5714 praedicta
2542 5641 2934 5714 urbe__[Gdecz)
2978 5648 3199 5714 ventum
3231 5644 3345 5692 erat
3383 5636 3450 5689 ad
3486 5648 3600 5685 me-

349 5708 456 5785 (78)
487 5710 865 5785 Gdeez,_n_unc
895 5708 1074 5785 Giech
1114 5712 1171 5785 in
1202 5725 1410 5785 magno
1443 5710 1644 5767 ducatu
1674 5714 1888 5770 Pozna-
1994 5708 2551 5785 trop'olim'Gnezden.
2576 5712 2650 5766 Cf.
2685 5708 2928 5775 Cosmus,
2962 5729 3018 5777 ιι,
3039 5712 3093 5763 2.
3125 5712 3179 5763 S.

277 5780 458 5837 niensi
505 5781 651 5837 inter
695 5778 996 5845 Wrzesnia,
1038 5780 1209 5837 Sroda
1263 5778 1324 5836 et
1377 5781 1622 5851 Koslryn.
1690 5785 1887 5841 Urbem
