3960 6198
385 340 495 396 855·

1640 337 1987 391 ΕΗΗΟΝΙΟΑΞ
2030 336 2452 392 I‘OLONURUM.

3614 342 3724 396 856

389 477 558 537 catos,
601 485 763 541 quam
798 469 993 522 habeat
1030 469 1091 501 ἐτ
1124 477 1309 522 nostro
1352 469 1418 502 ²⁸⁸
1462 474 1708 538 tempore
1740 475 1852 523 tota
1897 468 2002 524 Po-
2025 471 2081 540 Α
2107 467 2400 539 quebatur,
2444 472 2704 538 quantam
2739 465 2860 535 ejus
2900 465 3148 536 probitas
3175 474 3232 521 et
3262 466 3566 524 liberalitas
3609 486 3734 526 me-

387 557 535 613 lonia
555 557 847 627 clipeatos:
874 565 1122 628 tempore
1150 557 1421 611 Bolezlavi
1447 556 1673 612 totidem
1699 557 1753 611 in
1778 557 2003 612 Polonia

389 652 502 706 fere
532 652 600 685 ²⁸⁹
630 651 834 705 milites
877 650 1244 719 habebantur,
1277 658 1411 722 quot
1453 651 1703 705 homines
1734 650 2003 723 cujusque

388 741 612 815 generis
644 747 831 795 nostro
858 747 1107 811 tempore
1140 740 1513 794 continentur.

533 834 585 887 9.
620 834 695 888 De
717 835 916 886 virtute
941 837 988 886 et
1023 834 1300 886 nobilitate
1325 833 1557 888 Gloriosi
1575 834 1858 888 Bolezlavi.

461 925 586 979 Haec
625 931 742 980 erat
771 923 1040 978 Bolezlavi
1069 924 1215 996 regis
1247 924 1315 958 ³⁹⁰
1359 925 1768 995 magnificentia
1798 925 2002 980 milita—

390 1018 486 1083 ris,
519 1033 622 1072 nec
652 1015 880 1071 inferior
910 1015 960 1070 ei
994 1022 1109 1069 erat
1148 1015 1318 1069 virtus
1345 1015 1678 1071 obedientia:
1705 1017 2004 1088 spiritualis

388 1110 476 1142 3°"
511 1109 813 1179 Episcopos
867 1108 1071 1178 quippe
1131 1123 1370 1178 suosque
1393 1109 1712 1178 capellanos
1767 1110 1822 1163 in
1855 1117 2003 1165 tanta

389 1199 746 1254 veneratione
801 1198 1097 1264 retinebat,
1141 1199 1288 1270 quod
1329 1199 1410 1254 eis
1461 1200 1773 1256 astantibus
1801 1202 1999 1256 sedere

388 1309 497 1348 non
530 1291 920 1363 praesumebat,
951 1308 1054 1345 nec
1091 1307 1186 1346 eos
1215 1291 1377 1347 aliter
1407 1309 1570 1364 quam
1603 1294 1858 1349 dominos
1897 1311 1998 1364 ap-

389 1381 626 1452 pelabat,
651 1381 822 1434 Deum
861 1395 991 1434 vero
1015 1396 1228 1435 summa
1253 1381 1456 1452 pietate
1485 1382 1725 1450 colebat,
1751 1390 1996 1438 sanctam

386 1473 674 1527 ecclesiam
705 1472 996 1538 exaltabat,
1031 1488 1262 1544 eamque
1315 1473 1476 1528 donis
1525 1475 1804 1547 regalibus
1833 1476 1997 1531 ador-

388 1561 554 1615 nabat
572 1561 662 1616 ’9’.
697 1560 942 1615 Habebat
970 1559 1134 1614 etiam
1168 1566 1432 1631 praeterea
1458 1561 1731 1632 quiddam
1768 1562 1998 1630 justitiaa

389 1669 647 1726 magnum
697 1659 752 1706 et
812 1651 1137 1706 humilitatis
1190 1651 1430 1723 insigne,
1489 1653 1636 1724 quod
1691 1654 1735 1707 si
1775 1655 1998 1725 quando

384 1747 624 1802 rusticus
655 1762 864 1817 pauper
903 1747 987 1801 vel
1020 1746 1342 1802 muliercula
1383 1748 1644 1818 quaelibet
1684 1749 1752 1803 de
1799 1750 1996 1821 quovis

385 1835 523 1889 duce
554 1834 815 1889 videlicet
867 1835 936 1867 ’93
975 1833 1060 1889 vel
1112 1835 1311 1889 comite
1352 1843 1698 1906 quereretur,
1745 1839 1994 1910 quamvis

385 1931 530 1979 esset
579 1923 793 1997 magnis
831 1923 1069 1996 negotiis
1107 1932 1429 1994 occupatus,
1472 1925 1771 1998 multisque
1802 1929 1994 1984 cuneis

386 2023 440 2072 et
470 2023 782 2091 magnatum
817 2024 875 2070 et
903 2016 970 2048 ’9‘
1021 2015 1257 2070 militum
1298 2018 1659 2088 constipatus,
1699 2034 1809 2072 non
1844 2017 1994 2088 prius

383 2127 442 2165 se
473 2110 540 2165 de
573 2111 694 2165 loco
724 2110 1029 2165 dimoverat
1058 2111 1145 2175 ηδ,
1197 2110 1378 2166 donec
1426 2127 1645 2167 causam
1687 2128 1752 2167 ex
1799 2112 1992 2167 ordine

383 2199 774 2272 eonquerentis
821 2199 1173 2266 auscultaret,
1223 2211 1278 2255 et
1307 2216 1402 2271 pro
1453 2201 1546 2256 illo
1599 2202 1668 2257 de
1708 2218 1816 2274 quo
1856 2219 1994 2274 que-

383 2290 603 2345 rebatur
653 2289 1015 2343 camerarium
1075 2290 1544 2356 transmandaret;
1589 2291 1808 2346 interim
1864 2306 1992 2346 vero

384 2383 563 2454 ipsum
587 2389 1016 2453 conquerentem
1049 2382 1207 2436 alicui
1241 2381 1390 2435 fideli
1421 2397 1521 2437 suo
1547 2381 1990 2450 commendabat,

382 2473 475 2544 qui
507 2488 632 2527 eum
667 2477 984 2542 procuraret
1031 2471 1254 2543 sibique
1294 2487 1511 2526 causam
1553 2472 1866 2529 adversario
1897 2474 1995 2528 ad-

382 2562 640 2618 veniente
671 2567 1013 2636 suggereret,
1046 2569 1100 2616 et
1137 2560 1217 2615 sic
1249 2561 1511 2616 rusticum
1549 2561 1706 2634 quasi
1737 2570 1893 2632 pater
1923 2561 1990 2617 fi-

383 2657 514 2711 lium
547 2655 900 2722 admonebat,
932 2671 1002 2709 ne
1028 2654 1314 2710 absentem
1346 2655 1465 2710 sine
1496 2672 1663 2710 causa
1684 2662 1987 2722 accusaret,

381 2755 435 2804 et
468 2765 537 2802 ne
569 2748 769 2817 injuste
801 2748 1194 2819 conquerenda
1227 2747 1359 2802 iram
1393 2763 1555 2818 quam
1597 2747 1752 2803 alteri
1783 2748 1990 2803 confla-

381 2842 476 2897 bat
503 2841 727 2896 sibimet
756 2840 860 2911 ipsi
892 2839 1218 2895 cumularet.
1267 2840 1375 2895 Nec
1404 2849 1690 2894 accusatus
1728 2840 1990 2896 citissime

380 2938 608 2988 vocatus
639 2929 827 2984 venire
851 2927 1158 2996 differebat,
1191 2944 1294 2983 nec
1325 2928 1470 2982 diem
1504 2944 1534 2981 a
1565 2943 1694 3001 rege
1726 2927 1995 2982 constitu-

383 3034 493 3078 tum
513 3021 756 3095 qualibet
785 3021 1074 3077 occasione
1107 3020 1440 3093 praeteribat.
1492 3019 1830 3074 Adveniente
1861 3035 1990 3074 vero

380 3113 654 3185 principe,
687 3127 786 3184 pro
807 3126 917 3183 quo
933 3111 1162 3164 missum
1190 3109 1386 3175 fuerat,
1420 3125 1530 3164 non
1561 3125 1621 3164 se
1644 3110 1724 3164 illi
1750 3109 1990 3180 maligne
2015 3150 2064 3219 Ο

380 3205 444 3219 ιιι.
680 3207 718 3219 κ.
747 3218 756 3219 κ
783 3217 811 3219 κ-
857 3199 1172 3219 -_.___I_L_n
1244 3199 1335 3219 --.ι
1395 3200 1552 3219 -I_-_,f
1604 3216 1712 3219 _____
1762 3208 1804 3219 ,ι
1864 3197 1951 3219 ,αι

377 3205 447 3240 ³9⁸
484 3207 820 3259 commotum
849 3199 1195 3264 ostendebat,
1241 3199 1337 3253 sed
1391 3200 1555 3254 alacri
1596 3216 1719 3255 eum
1754 3208 1809 3255 et
1857 3197 1991 3255 affa-

379 3298 479 3352 bili
505 3297 655 3354 vultu
687 3295 986 3366 recipiens,
1014 3295 1082 3349 ad
1115 3310 1360 3348 mensam
1395 3294 1682 3360 invitabat,
1712 3312 1894 3368 neque
1925 3313 1990 3351 ea

376 3387 492 3454 die,
544 3385 644 3441 sed
694 3384 950 3456 sequenti
1009 3383 1094 3440 vel
1149 3383 1306 3438 tertia
1362 3399 1582 3438 causam
1639 3384 1988 3441 discutiebat.

372 3479 573 3551 Sicque
612 3477 909 3548 diligenter
945 3492 1057 3530 rem
1113 3477 1370 3548 pauperis
1419 3483 1479 3530 ut
1529 3476 1764 3548 alicujus
1805 3483 1986 3553 magni

377 3569 645 3642 principis
701 3568 1068 3639 pertractabat
1119 3569 1206 3622 ’97.
1251 3570 1288 3624 0
1319 3586 1517 3642 magna
1567 3570 1823 3628 discretio
1872 3591 1986 3628 ma-

373 3675 592 3731 gnaque
623 3657 890 3728 perfectio
920 3657 1191 3712 Bolezlavi
1218 3656 1230 3711 l
1265 3659 1357 3730 qui
1382 3675 1675 3729 personam
1701 3661 1753 3714 in
1774 3662 1987 3731 judicio

374 3773 483 3811 non
514 3753 788 3820 servabat,
820 3753 929 3824 'qui
964 3753 1227 3824 pepulum
1269 3760 1418 3808 tanta
1465 3753 1676 3821 justitia
1706 3755 1986 3828 guberna-

373 3845 485 3912 bat,
509 3843 604 3916 qui
629 3843 894 3898 honorem
924 3841 1176 3900 ecclesiaa
1193 3857 1256 3896 ac
1285 3849 1483 3896 statum
1515 3852 1672 3898 terra:
1697 3843 1751 3898 in
1770 3860 1986 3900 summo

367 3936 608 3991 culmine
641 3933 914 3990 retinebat
967 3933 1182 3988 Iustitia
1213 3933 1472 3988 nimirum
1520 3935 1588 3970 ’9⁸
1629 3945 1684 3990 et
1723 3936 1986 4008 mquitate

368 4025 436 4060 39°
465 4024 531 4078 ad
562 4024 705 4078 hanc
731 4021 1048 4077 Bolezlavus
1077 4021 1307 4093 gloriam
1342 4029 1396 4077 et
1427 4023 1755 4096 dignitatem
1787 4041 1987 4081 ascen-

369 4113 470 4181 dit,
503 4112 705 4186 quibus
733 4111 1028 4166 virtutibus
1059 4111 1214 4165 initio
1257 4110 1501 4181 potentia
1531 4111 1903 4168 Romanorum
1931 4125 1986 4170 et

369 4203 661 4276 imperium
713 4201 974 4257 excrevit.
1031 4200 1200 4255 Tanta
1254 4199 1477 4266 virtute,
1534 4207 1680 4256 tanta
1739 4203 1985 4273 potentia

368 4299 627 4364 tantaque
661 4289 890 4345 victoria
922 4305 1102 4360 regem
1139 4287 1485 4343 Bolezlavum
1531 4289 1674 4344 Deus
1715 4292 1981 4363 omnipo-

369 4394 491 4440 tens
521 4381 820 4446 decoravit,
853 4387 1112 4452 quantam
1141 4378 1262 4448 ejus
1288 4380 1588 4437 bonitatem
1631 4388 1686 4436 et
1711 4383 1980 4452 justitiam

2020 1795 2068 1861 Β

2105 559 2346 615 rebatur.

2289 655 2369 709 t0.
2403 653 2472 687 ³⁰⁰
2498 656 2573 709 De
2614 655 2808 723 pratia
2846 654 3084 708 Batezlai
3107 669 3228 709 cum
3255 656 3538 712 Ruthenis.

2173 743 2280 798 Sed
2320 743 2419 798 ista
2480 742 2773 797 memorari
2827 742 3194 814 subsequenti
3249 743 3450 818 pagina
3494 744 3730 802 differa-

2104 853 2246 902 mus,
2297 845 2351 891 et
2381 835 2661 908 quoddam
2697 836 2818 906 ejus
2855 836 3101 906 praelium
3143 836 3385 892 novitate
3418 837 3548 894 facti
3595 841 3734 895 satis

2104 924 2463 980 memorabile
2511 924 2576 958 ³⁰¹
2611 922 2934 988 referamus,
2966 939 3034 978 ex
3072 923 3234 993 cujus
3263 925 3342 980 rei
3397 927 3741 984 considera-

2105 1012 2257 1068 tione
2310 1012 2674 1067 humilitatem
2733 1010 3014 1082 superbiae
3058 1012 3436 1083 praeferamus.
3485 1014 3733 1092 Contigit

2104 1108 2174 1142 ³⁰²
2205 1124 2443 1179 namque
2470 1122 2581 1162 uno
2613 1107 2925 1179 eodemque
2955 1113 3205 1179 tempore
3238 1109 3587 1165 Bolezlavum
3630 1128 3726 1166 re-

2102 1216 2225 1270 gem
2254 1198 2493 1265 Rusiam,
2521 1197 2905 1252 Ruthenorum
2932 1214 3062 1254 vero
3109 1214 3293 1274 regem
3322 1200 3392 1234 303
3414 1201 3728 1269 Poloniam,

2101 1298 2334 1361 utroque
2365 1289 2433 1344 de
2465 1289 2639 1344 altero
2670 1289 2737 1322 ³⁰⁵
2772 1289 3082 1357 nesciente,
3132 1290 3412 1346 hostiliter
3439 1291 3728 1358 introisse,

2101 1394 2310 1449 eosque
2350 1394 2517 1449 super
2547 1377 2772 1432 fluvium
2828 1377 3063 1432 alterum
3104 1377 3160 1432 in
3220 1378 3449 1434 alterius
3483 1383 3727 1437 termino

2101 1472 2366 1547 regionis,
2386 1471 2712 1542 interposito
2737 1471 2985 1535 ﬂumine,
3001 1479 3182 1527 castra
3204 1472 3417 1528 militiae
3438 1477 3728 1546 posuisse.

2101 1564 2346 1636 Cumque
2375 1565 2692 1621 nunciatum
2726 1572 2872 1621 esset
2925 1565 3305 1621 Ruthenorum
3355 1567 3494 1639 regi,
3529 1569 3725 1624 Bolez-

2101 1653 2278 1708 lavum
2328 1654 2468 1710 ultra
2513 1654 2626 1723 jam
2699 1654 2927 1721 ﬂuvium
2997 1653 3354 1721 transivisse,
3411 1656 3583 1728 inque
3637 1659 3725 1713 sui

2101 1743 2254 1814 regni
2294 1741 2538 1798 confinio
2595 1743 2663 1778 ³0⁵
2693 1760 2816 1798 cum
2858 1744 3104 1799 exercitu
3155 1745 3498 1815 consedisse,
3530 1747 3728 1803 existi—

2097 1850 2254 1888 mans
2286 1850 2380 1889 rex
2423 1834 2662 1890 insulsus
2706 1851 2765 1890 se
2815 1835 2974 1907 quasi
3026 1834 3196 1890 feram
3255 1836 3326 1871 ³⁰⁶
3372 1836 3428 1891 in
3468 1839 3728 1895 rethibus

2094 1941 2218 1979 eum
2265 1941 2365 1980 sua
2429 1925 2782 1981 multitudine
2841 1924 3200 1992 conclusisse,
3263 1929 3618 1997 proverbium
3665 1933 3722 1986 ei

2095 2032 2306 2090 magnae
2337 2016 2612 2087 superbire
2650 2016 2817 2088 capiti
2868 2033 2968 2073 suo
3025 2019 3463 2090 retorquendum
3503 2021 3715 2077 dicitur

2095 2109 2486 2164 mandavisse:
2520 2112 2741 2166 Noverit
2776 2125 2832 2165 se
2870 2111 3150 2165 Boleztaus
3185 2116 3449 2182 tanquam
3476 2129 3626 2169 suem
3647 2118 3716 2170 in

2093 2201 2375 2256 volutabra
2398 2202 2625 2256 canibus
2654 2203 2787 2255 meis
2825 2207 2872 2255 et
2896 2202 3244 2257 venatoribus
3273 2205 3719 2262 circumclusum.

2093 2293 2171 2350 Ad
2229 2295 2347 2349 haec
2386 2310 2476 2350 rex
2535 2293 2831 2350 Polonicus
2868 2294 2936 2327 ³⁰⁷
3001 2293 3373 2348 remandavit:
3424 2298 3588 2364 Bene,
3631 2295 3722 2351 in-

2093 2384 2214 2456 quit
2243 2384 2333 2450 3°“,
2397 2399 2548 2440 suem
2577 2385 2636 2438 in
2665 2383 2950 2438 volutabra
2982 2385 3298 2448 nominasti,
3330 2387 3464 2454 quia
3500 2388 3563 2439 in
3590 2402 3726 2441 san-

2092 2478 2254 2544 guine
2277 2475 2345 2508 ³⁰⁹
2356 2477 2631 2530 venatoris
2660 2490 2959 2544 canumque
2991 2474 3060 2508 ³¹⁰
3077 2479 3311 2540 tuorum,
3331 2475 3394 2528 id
3420 2479 3497 2530 est
3521 2475 3721 2531 ducum

2092 2569 2141 2619 et
2171 2565 2406 2619 militum
2463 2563 2555 2630 3“,
2579 2563 2742 2634 pedes
2792 2578 3052 2632 equorum
3089 2578 3324 2617 mearum
3351 2564 3614 2632 inﬁciam,
3671 2573 3724 2619 et

2091 2663 2288 2713 terram
2317 2661 2471 2710 tuam
2494 2660 2544 2710 et
2572 2657 2820 2710 civitates
2865 2670 2960 2708 ceu
3005 2655 3074 2689 ³¹²
3103 2655 3252 2722 ferus
3299 2657 3600 2723 singularis
3648 2655 3721 2692 ³⁸³

2090 2750 2378 2818 depascam
2429 2745 2539 2800 iliis
2593 2746 2777 2801 verbis
2818 2745 2886 2780 3”
2919 2746 3199 2817 utrimque
3241 2747 3596 2814 renuntiatis,
3626 2747 3719 2801 die

2094 2840 2350 2913 sequenti
2383 2838 2766 2909 sollempnitas
2796 2838 3141 2905 imminebat,
3174 2855 3339 2911 quam
3393 2840 3463 2874 ³³⁵
3492 2855 3588 2894 rex
3613 2840 3722 2895 Bo-

2095 2932 2334 2987 lezlavus
2363 2930 2743 2986 celebraturus
2774 2930 2864 2996 3‘5,
2898 2929 2953 2983 in
2993 2928 3143 2983 diem
3177 2936 3387 2984 certum
3415 2929 3482 2963 ³¹⁷
3505 2928 3715 2984 bellum

2095 3024 2437 3080 committere
2476 3021 2784 3077 diﬂerebat.
2820 3021 2893 3076 Eo
2937 3036 3176 3093 namque
3205 3020 3298 3076 die
3336 3020 3600 3075 animalia
3632 3020 3716 3075 in-

2092 3114 2462 3170 numerabilia
2517 3113 2924 3180 mactabantur,
2955 3129 3081 3184 quae
3121 3111 3377 3182 sequenti
3409 3110 3723 3182 solempni-

2092 3217 2201 3264 tate
2223 3207 2290 3262 ad
2328 3221 2574 3261 mensam
2619 3205 2786 3278 regis,
2817 3221 2941 3260 cum
2963 3203 3228 3260 omnibus
3253 3203 3335 3258 sui
3368 3203 3720 3274 principibus

2091 3296 2398 3353 comessuri
2448 3295 2539 3362 ³³⁸,
2605 3309 2758 3349 more
2810 3293 2978 3349 solito
3035 3292 3392 3364 parabantur.
3449 3291 3723 3348 Omnibus

2093 3387 2275 3457 itaque
2305 3384 2476 3449 cocis,
2509 3381 2820 3454 inquilinis,
2873 3381 3286 3452 apparitoribus
3333 3381 3422 3448 διεδ,
3453 3383 3716 3452 parasitis

2092 3483 2366 3530 exercitus
2404 3473 2473 3527 ad
2526 3470 2848 3526 animalium
2907 3485 3102 3524 carnes
3153 3478 3210 3525 et
3257 3478 3381 3525 exta
3428 3472 3721 3544 purganda

2089 3578 2258 3634 super
2286 3562 2460 3633 ripam
2493 3558 2740 3614 fluminis
2761 3557 3129 3632 congregatis,
3156 3574 3223 3613 ex
3251 3558 3425 3614 altera
3452 3559 3573 3630 ripa
3609 3559 3722 3615 Βυ-

2089 3658 2377 3712 thenorum
2413 3654 2649 3710 clientes
2692 3661 2748 3708 et
2777 3651 3032 3725 armigeri
3066 3652 3324 3708 clamosis
3362 3652 3594 3708 vocibus
3629 3654 3718 3708 in-

2087 3748 2384 3814 sultabant,
2419 3761 2629 3817 eosque
2659 3745 2940 3816 probrosis
2987 3744 3213 3813 injuriis
3248 3745 3317 3799 ad
3370 3745 3719 3801 iracundiam

2087 3843 2455 3900 lacessebant.
2495 3841 2575 3895 llli
2607 3855 2739 3896 vero
2768 3840 2938 3894 nichil
2995 3839 3232 3908 injuriae
3263 3855 3293 3895 e
3318 3841 3598 3897 contrario
3628 3857 3724 3897 re-

2086 3933 2438 4007 apondcbant
2463 3932 2560 3987 sed
2593 3931 2981 3986 intestinorum
3011 3931 3203 3986 sordes
3241 3939 3298 3986 et
3327 3930 3552 3986 inutilia
3579 3947 3722 3988 con-

2089 4036 2170 4084 tra
2201 4044 2392 4083 eorum
2428 4026 2621 4082 oculos
2653 4040 2751 4095 pro
2787 4024 2991 4093 injuria
3017 4024 3298 4093 jaciebant
3328 4024 3421 4076 3‘0.
3465 4025 3718 4098 Cumque

2089 4122 2328 4178 Rutheni
2358 4120 2532 4193 magis
2557 4135 2655 4175 eos
2684 4118 2974 4192 magisque
3005 4118 3362 4174 contumeliis
3388 4118 3718 4184 incitarent,

2087 4225 2142 4270 et
2171 4213 2361 4287 sagitis
2389 4212 2554 4268 etiam
2593 4210 2774 4266 acrius
2803 4209 3152 4276 infestarent,
3195 4210 3430 4265 canibus
3471 4210 3536 4245 ³³¹
3574 4228 3720 4284 quos

2084 4303 2153 4337 3"
2185 4303 2448 4357 tenebant
2489 4299 2794 4370 avibusque
2821 4297 3044 4353 omissis
3079 4298 3171 4360 ³³³,
3203 4315 3328 4353 cum
3355 4298 3527 4353 armis
3573 4301 3722 4356 mili-

2087 4401 2202 4447 tum
2231 4390 2284 4445 in
2316 4388 2625 4445 meridiana
2652 4387 2721 4421 ³³⁸
2753 4386 2860 4458 (79)
2901 4385 3297 4441 dormientium
3329 4386 3498 4442 ﬂuvio
3531 4395 3719 4452 trans-

369 4496 499 4556 erga
527 4494 586 4533 se
633 4478 812 4550 ipsum
855 4451 909 4532 et
949 4474 1205 4530 homines
1239 4476 1577 4550 recognovit,
1616 4451 1763 4532 tanta
1810 4479 1985 4552 gloria
2011 4451 2294 4545 Dnatato,
2328 4479 2598 4536 Bolezlavi
2634 4451 2998 4550 parasitorum
3040 4478 3316 4534 exercitus
3378 4478 3488 4550 (80)
3542 4495 3722 4553 super

371 4572 739 4637 Bolezlavum,
779 4574 926 4624 tanta
958 4583 1138 4623 rerum
1171 4567 1329 4639 capia
1374 4574 1635 4642 tantaque
1675 4569 1863 4626 laetitia
1894 4588 1983 4627 se-

2087 4579 2236 4628 tanta
2274 4571 2648 4625 Ruthenorum
2679 4566 3034 4622 multitudine
3059 4565 3438 4637 triumphavit.
3466 4568 3717 4624 Bolezla-

1711 4678 1928 4735 VARl/E
1963 4679 2323 4738 LECTIONES

441 4786 506 4820 ἐἳ
535 4784 773 4840 habebat
794 4789 912 4839 erat
939 4785 1222 4852 scriptum.
1255 4781 1307 4835 2.
1333 4783 1423 4836 sed
1455 4785 1711 4838 ultimum
1741 4781 1776 4835 b
1816 4792 2079 4840 corrector
2119 4785 2328 4838 notavit
2359 4788 2528 4850 tanqu

441 4863 742 4909 msmmunt
790 4859 851 4909 in
903 4854 938 4909 f.
1012 4854 1027 4908 i
1111 4853 1165 4906 P.
1232 4853 1284 4906 2.
1337 4860 1389 4908 et
1420 4853 1472 4907 3.
1581 4855 1650 4888 ²⁰⁰
1679 4856 1818 4909 deest
1857 4855 1910 4909 3.
2022 4857 2086 4890 ²⁹¹
2121 4856 2258 4909 soal.
2311 4852 2364 4909 3.
2475 4851 2528 4885 ὐτ

2121 4872 2258 4936 seet
2311 4872 2364 4936 s-

1232 4853 1284 4906 2.
1337 4860 1389 4908 et
1420 4853 1472 4907 3.
1581 4855 1650 4888 ²⁰⁰
1679 4856 1818 4909 deest
1857 4855 1910 4912 3.

373 4863 742 4927 transpanunt
790 4859 851 4910 in
903 4854 970 4927 t'.,
1012 4854 1027 4908 i
1083 4853 1165 4927 _P.

2529 4795 2623 4833 am
2651 4792 2954 4834 erraneum.
3026 4775 3094 4810 ³⁸⁸
3119 4775 3274 4845 juxta
3297 4777 3349 4831 3.
3409 4776 3479 4811 '3’
3504 4777 3537 4830 i.
3573 4777 3632 4832 P.
3677 4778 3715 4833 t'.

2475 4846 2543 4885 99’
2569 4849 2833 4904 adorabat
2870 4853 2918 4902 l.
3035 4846 3105 4880 ²⁹³
3121 4848 3263 4902 deest
3310 4848 3362 4902 3.
3473 4848 3542 4882 ’9‘
3573 4851 3715 4905 deest

369 4918 426 4990 2,
503 4918 572 4962 ²ξ⁹⁵
595 4927 930 4983 demovebat
950 4926 1001 4982 3.
1078 4924 1415 4998 mirmaligno
1447 4927 1497 4979 1.
1529 4927 1582 4979 2.
1660 4927 1724 4960 ’97
1758 4927 1859 4981 hec
1903 4935 1986 4981 est
2029 4918 2251 4994 justicia
2281 4931 2335 4978 et
2363 4922 2578 4998 equites
2630 4918 2860 4998 Boleslai
2892 4920 3040 4998 addit
3063 4919 3165 4998 bac
3190 4919 3298 4998 loco
3327 4919 3378 4973 3.
3425 4921 3714 4998 emetienda

368 4988 576 5069 reliqua
608 5001 771 5067 hujus
809 4999 1054 5068 capituli.
1127 4996 1195 5070 f9“
1225 4988 1546 5070 itavvidetur
1589 4999 1871 5066 legendum
1900 5015 1994 5067 pro
2020 4988 2074 5052 i'n
2108 4998 2329 5052 mirum.
2394 4988 2574 5070 19°75;
2607 4992 2778 5070 verbis
2804 4989 3031 5070 iusticie
3061 4988 3115 5042 in
3147 4989 3348 5070 mirum
3383 4999 3437 5044 et
3467 4990 3710 5070 equitate

365 5061 548 5145 effecit
584 5061 844 5145 corrector
867 5061 1062 5145 additis
1106 5069 1312 5145 duabus
1346 5069 1520 5124 verbis
1549 5061 1997 5145 superpositisque
2025 5072 2180 5145 lineis
2209 5071 2345 5122 duas
2371 5066 2636 5145 periodos:
2689 5061 2982 5142 Justiciam.
3009 5061 3062 5114 in
3089 5061 3317 5145 “mirum
3373 5063 3621 5145 mendum.
3651 5069 3710 5145 et

370 5131 672 5218 equitatem
701 5141 1073 5218 diligebat}.
1153 5139 1367 5218 30°.ltein
1402 5131 1749 5218 “proponit-3
1819 5131 2212 5218 “sofquoddarn
2261 5131 2443 5218 autem
2499 5135 2711 5218 factum.
2756 5132 3034 5218 inﬁmoria'
3069 5131 3710 5218 digfnumﬂro‘sedista

375 5203 911 5271 -‘memorabilev3.
995 5211 1064 5246 ³⁰²
1091 5209 1364 5279 contingit
1400 5203 1453 5265 ἱ.
1530 5203 1600 5246 έοδ
1628 5213 1766 5267 deest
1817 5213 1868 5265 3.
1944 5203 2014 5246 3""
2038 5213 2145 5267 alio
2177 5212 2228 5267 3.
2302 5209 2370 5242 ³⁰⁵
2399 5205 2640 5264 conﬁnio
2678 5208 2732 5259 3.
2802 5203 2872 5237 ³⁰⁶
2901 5203 3205 5274 ργθάειηιᾟ.

375 5285 743 5338 minquaml.
771 5284 953 5338 inn.3.
1036 5284 1105 5318 ³⁰⁹
1133 5283 1460 5338 sanauinem
1490 5282 1552 5335 Ξ.
1661 5283 1730 5317 ³¹⁰
1753 5299 1948 5338 canum
1972 5290 2026 5337 et
2051 5291 2374 5338 venatorum
2404 5294 2498 5338 pro
2521 5295 2573 5332 v.
2604 5294 2654 5333 c.
2687 5277 2738 5330 3.
2842 5274 2907 5309 3“
2943 5275 3205 5330 tuorumﬂ

1753 5299 1948 5338 canum
1972 5295 2026 5337 ει
2051 5295 2374 5338 venatorum
2401 5295 2498 5349 pro
2521 5295 2573 5332 V.
2604 5295 2654 5333 c.
2687 5295 2738 5330 ό·

367 5285 743 5355 minquamt.
771 5284 953 5353 inq.3.
1036 5284 1105 5318 30°
1133 5283 1471 5355 sanguinem
1490 5282 1552 5335 2-

365 5362 491 5415 davi
545 5371 667 5410 cum
714 5356 763 5408 1.
820 5356 873 5410 2.
922 5357 974 5409 3.
1035 5355 1088 5409 Ρ.

367 5431 657 5503 quodpro.
689 5443 731 5481 s.
761 5427 813 5503 _i.
840 5429 978 5503 q.A3.
1060 5426 1143 5503 “3f
1174 5424 1616 5503 celebra_turis2.

363 5497 416 5556 3.
499 5501 567 5535 ³¹⁹
585 5497 868 5569 apparitor
905 5499 955 5569 2.

362 5576 527 5630 deleto
550 5569 832 5626 omnibus.

367 5643 602 5702 meridie
635 5640 688 5696 3.

1177 5353 1396 5427 3'3_feris
1430 5353 1807 5427 singularibus
1850 5371 1949 5427 pro
2000 5353 2177 5427 f._s.g3

1703 5417 2013 5480 317tertium
2042 5425 2093 5482 3.
2131 5425 2186 5480 in
2228 5423 2375 5478 diem
2416 5427 2626 5477 certum
2659 5421 2737 5474 bis
2767 5420 2958 5488 repetit
2983 5417 3018 5471 2

1058 5496 1128 5530 ³²⁰
1157 5494 1526 5565 projiciebant
1563 5513 1659 5565 pro
1692 5514 1745 5566 p.
1789 5496 1824 5552 i.
1879 5497 1914 5550 i.
1949 5497 2003 5551 3.

935 5568 1005 5601 ³²²
1036 5570 1115 5620 ita
1139 5568 1378 5632 correxi;
1411 5582 1518 5638 que
1555 5569 1701 5623 cadd.
1733 5573 1785 5624 et
1827 5569 1942 5623 edd.
1979 5568 2032 5622 P.

3346 5203 3364 5235 ⁷
3398 5201 3625 5258 Polonie
3655 5202 3708 5260 3.

2842 5273 2914 5309 3”
2943 5283 3158 5330 tuorum
3181 5275 3234 5328 3.
3322 5273 3392 5307 ³¹²
3421 5277 3500 5329 ita
3529 5291 3712 5330 emen-

3011 5346 3080 5380 ³¹⁵
3106 5345 3355 5400 solemne
3383 5344 3711 5401 imminebat

3129 5416 3197 5451 3"
3234 5432 3333 5487 pro
3364 5417 3709 5473 comestione

2087 5496 2150 5530 ³³³
2177 5494 2438 5552 omnibus
2467 5493 2520 5546 2.
2557 5492 2790 5547 canibus
2818 5491 3032 5558 scripsit
3059 5494 3322 5543 corrector
3347 5491 3408 5541 in
3431 5491 3703 5558 margine,

2152 5569 2222 5602 ³²³
2250 5571 2326 5622 ita
2347 5565 2783 5627 emendavimus;
2815 5559 3126 5615 commissis
3150 5560 3295 5615 aadd.
3325 5565 3384 5614 et
3401 5561 3510 5614 edd.
3538 5559 3598 5614 P.
3639 5559 3709 5593 ³³⁸

2286 5352 2355 5386 3“
2384 5347 2529 5406 veris
2558 5365 2669 5405 non
2693 5353 2834 5403 recte
2864 5347 2909 5401 ί.

1928 5710 1966 5764 Ν
1974 5709 2136 5765 ΟΤΑΞ.

438 5814 550 5886 (79)
581 5807 804 5866 Scilicet
834 5805 986 5864 hora.
1015 5809 1074 5863 P.

2162 5809 2268 5880 (80)
2296 5809 2334 5864 1.
2364 5824 2412 5863 e.
2451 5805 2626 5878 pueri,
2651 5805 2981 5860 servientes.
3018 5801 3074 5858 Ρ.
