3960 6198
376 393 484 448 859

377 631 501 669 eum
534 615 680 670 curis
709 625 763 671 et
791 618 1041 672 consiliis
1079 619 1393 688 expeditum
1438 621 1508 654 3“
1536 621 1813 677 convivari
1848 624 1991 679 mul-

379 707 578 760 totiens
606 715 660 760 et
690 723 912 763 coenare
936 709 1338 777 delectabatur,
1371 717 1424 765 et
1449 727 1572 766 cum
1616 712 1698 767 eis
1730 714 1884 785 regni
1909 713 1993 770 fa-

379 801 648 856 miliarius
687 810 740 857 et
779 796 995 858 consilii
1036 805 1280 860 misteria
1341 808 1726 877 pertractabat.
1785 809 1993 873 Quibus

376 893 730 962 epulantibus
786 896 988 966 pariter
1041 904 1094 951 et
1128 897 1522 964 exultantibus,
1563 909 1620 954 et
1671 900 1815 954 inter
1858 901 1994 955 alias

378 985 686 1042 locutiones
725 989 778 1043 in
833 989 1178 1056 memoriam,
1212 1007 1277 1045 ex
1320 993 1613 1048 occasione
1651 993 1792 1049 forte
1820 1011 1993 1068 gene-

379 1077 477 1142 ris,
538 1077 756 1133 illorum
814 1081 1236 1151 dampnatorum
1299 1083 1698 1151 incidentibus,
1751 1101 1842 1140 rex
1886 1087 1993 1142 Bo-

380 1168 618 1223 lezlavus
650 1169 866 1224 illorun:
898 1171 1060 1227 morti
1103 1171 1352 1228 bonitate
1407 1183 1692 1244 parentum
1735 1176 2000 1232 condole-

382 1260 491 1337 bat,
540 1276 711 1332 seque
775 1263 1104 1334 praecepisse
1160 1280 1257 1319 eos
1312 1265 1506 1336 perimi
1553 1267 1858 1337 pcenitebat
1910 1269 1998 1325 ³⁵⁵.

377 1351 526 1405 Tunc
559 1351 746 1423 regina
780 1354 1116 1409 venerabilis
1136 1356 1284 1425 pium
1319 1363 1512 1426 pectus
1537 1357 1682 1430 regis
1713 1358 1917 1413 blanda
1934 1359 2002 1392 3“

381 1460 544 1499 manu
607 1447 958 1514 demulccns,
1011 1449 1396 1507 sciscitabatur
1446 1453 1514 1506 ab
1572 1469 1661 1519 eo,
1719 1454 1765 1508 si
1813 1471 1998 1508 carum

381 1533 430 1586 ei
483 1534 656 1598 lieret,
708 1537 750 1589 si
787 1537 910 1607 quis
961 1553 1058 1593 eos
1115 1547 1398 1594 sanctusa
1449 1550 1625 1595 morte
1677 1541 1902 1597 forsitan
1934 1542 2000 1576 ³⁸⁷

383 1626 694 1681 suscitaret.
726 1628 820 1682 Cui
857 1645 945 1682 rex
980 1630 1354 1701 respondebat
1378 1633 1470 1695 ³⁸⁸,
1503 1649 1562 1687 se
1595 1633 1764 1688 nichil
1797 1641 1904 1688 tam
1933 1633 2001 1667 ³⁸⁸

383 1718 685 1785 pretiosum
735 1720 1043 1789 possidere,
1087 1721 1233 1792 quod
1271 1739 1380 1777 non
1433 1723 1607 1789 daret,
1653 1725 1696 1778 si
1729 1725 1852 1795 quis
1906 1740 2002 1779 eos

385 1815 571 1874 posset
599 1806 666 1859 ad
699 1807 860 1861 vitam
894 1809 960 1862 de
1000 1810 1191 1864 funere
1219 1827 1500 1879 revocare,
1529 1828 1833 1884 eorumque
1867 1829 1996 1884 pro-
2028 1844 2075 1910 Β

384 1895 604 1967 geniem
638 1897 706 1929 ³⁷0
728 1897 795 1950 ab
821 1897 1059 1953 infamiae
1091 1902 1304 1956 macula
1328 1903 1583 1958 liberare.
1614 1903 1735 1957 Hiec
1764 1905 1998 1959 audiens

386 1986 574 2061 regina
632 1988 696 2022 ³⁷¹
740 1989 964 2059 sapiens
1011 2000 1066 2046 et
1119 1992 1318 2059 ﬁdelis,
1349 1995 1421 2065 pii
1481 1993 1607 2050 furti
1662 2012 1720 2050 sc
1763 2013 1909 2050 ream
1944 2005 1999 2052 et

385 2078 660 2133 consciam
698 2083 1009 2147 accusabat,
1045 2092 1098 2138 et
1137 2101 1258 2139 cum
1300 2087 1370 2120 ³⁷³
1401 2087 1592 2142 amicis
1623 2087 1915 2143 duodecim
1949 2097 2002 2143 et

387 2167 648 2222 uxoribus
692 2184 881 2225 eorum
935 2172 1003 2226 ad
1051 2175 1220 2243 pedes
1252 2176 1397 2250 regis
1427 2192 1525 2246 pro
1564 2177 1648 2231 sui
1678 2177 2004 2248 dampnato-

389 2272 618 2326 rumque
643 2258 803 2311 venia
835 2263 1242 2328 prosternebat.
1269 2263 1434 2328 Quam
1465 2281 1555 2320 rex
1585 2265 1826 2340 benigne
1853 2283 2004 2322 com-

387 2348 636 2418 plexans,
665 2366 787 2404 cum
836 2353 1026 2408 osculo
1052 2354 1120 2408 de
1176 2363 1320 2410 terra
1370 2357 1624 2412 manibus
1652 2359 2000 2427 sublevabat,

386 2439 618 2512 ejusque
648 2441 810 2497 tidele
852 2444 1080 2512 furtum,
1121 2463 1304 2516 ymmo
1339 2448 1558 2518 pietatis
1586 2465 1755 2520 opera
1783 2452 2000 2507 collau-

386 2529 551 2584 dabat
590 2531 676 2584 ³⁷³.
742 2532 940 2588 Eadem
994 2551 1126 2607 ergo
1167 2535 1234 2570 ³⁷⁵
1288 2537 1422 2591 hora
1473 2554 1568 2609 pro
1601 2540 1840 2610 captivis
1875 2540 2003 2608 illis,

389 2636 486 2689 per
515 2621 762 2678 mulieris
792 2625 1144 2695 prudentiam
1189 2627 1310 2681 vitae
1351 2629 1666 2694 reservatis,
1700 2646 1824 2684 cum
1847 2632 2006 2703 equis

391 2707 642 2777 plurimis
671 2712 1010 2779 mittebatur,
1043 2723 1099 2769 et
1129 2715 1390 2770 euntibus
1442 2716 1708 2771 redeundi
1739 2719 2009 2773 terminus

389 2803 715 2871 ponebatur.
759 2805 908 2862 Tunc
955 2823 1085 2863 vero
1143 2807 1334 2864 laetitia
1374 2810 1662 2881 multiplex
1713 2809 1821 2864 illis
1867 2810 2007 2866 resi-

389 2897 647 2952 dentibus
695 2903 1064 2966 accrescebat,
1106 2920 1230 2958 cum
1291 2904 1480 2977 regina
1537 2905 1682 2976 regis
1734 2905 2001 2960 honorem

388 3001 452 3038 ac
472 2985 627 3059 regni
663 2987 952 3043 utilitatem
1006 2990 1085 3044 sic
1114 2991 1396 3062 sapienter
1425 2992 1774 3058 observabat,
1808 3001 1864 3047 et
1907 3008 1999 3047 rex

389 3089 508 3128 (ram
552 3090 675 3129 cum
726 3077 1026 3133 amicorum
1083 3080 1313 3135 consilio
1367 3080 1434 3134 de
1467 3080 1582 3134 suis
1631 3080 2000 3151 petitionibus

389 3168 669 3226 audiebat.
722 3154 812 3225 Illi
854 3181 1058 3240 autem,
1119 3190 1217 3244 pro
1257 3174 1461 3246 quibus
1519 3176 1742 3229 missum
1802 3175 1999 3244 fuerat,
2034 3199 2080 3261 (ἶ

389 3261 676 3316 venientes
705 3263 796 3329 ³⁷⁵,
828 3280 939 3318 non
969 3265 1148 3321 statim
1183 3267 1296 3340 regi
1329 3268 1426 3321 sed
1460 3268 1664 3341 reginae
1699 3277 2004 3338 prmsenta-

392 3352 608 3420 bantur,
639 3357 733 3427 qui
765 3357 832 3410 ab
862 3374 927 3411 ea
954 3359 1024 3392 ³⁷⁸
1054 3359 1237 3413 verbis
1258 3361 1468 3430 asperis
1493 3369 1546 3415 et
1576 3361 1797 3416 lenibus
1819 3362 1885 3395 ³⁷⁷
1908 3378 2002 3417 οε-

391 3448 596 3521 stigati,
625 3450 692 3503 ad
729 3451 874 3523 regis
915 3451 1171 3507 balneum
1195 3455 1563 3510 ducebantur.
1597 3457 1741 3520 Quos
1772 3472 1863 3510 rex
1897 3457 2004 3511 Bo-

392 3535 647 3602 lezlavus,
671 3539 812 3594 sicut
844 3548 995 3611 pater
1019 3541 1179 3607 ﬁlios,
1211 3559 1395 3598 secum
1439 3545 1748 3599 balniantes
1781 3545 1849 3579 ³⁷⁸
1879 3560 2007 3601 cor-

395 3625 604 3696 rigebat
634 3644 936 3700 eorumque
970 3631 1291 3704 pregeniem
1334 3633 1693 3688 memorando
1730 3634 2004 3689 collauda-

396 3719 504 3773 liat.
542 3727 650 3789 Vos,
683 3722 884 3793 inquit,
941 3731 1121 3792 tanta,
1180 3741 1287 3793 vos,
1331 3729 1432 3781 tali
1481 3731 1734 3798 prosapia
1781 3736 2006 3796 exertos,

397 3812 531 3866 talia
560 3812 628 3846 379
659 3817 990 3870 committere
1016 3833 1128 3872 non
1168 3819 1401 3872 decebat.
1435 3818 1609 3873 .lEtate
1662 3819 1887 3890 quidem
1942 3821 2010 3855 ⁸⁸⁰

397 3903 769 3972 provectiores
818 3907 1001 3960 verbis
1033 3915 1243 3963 tantum
1287 3916 1394 3963 tam
1442 3925 1540 3980 per
1587 3926 1646 3965 se
1705 3927 1869 3982 quam
1911 3928 2012 3982 per

393 3993 531 4049 alios
559 3995 880 4071 castigabat,
934 3998 988 4052 in
1018 3997 1084 4033 3”
1119 3999 1431 4054 minoribus
1486 4000 1554 4033 ³⁸³
1607 4016 1738 4056 vero
1777 4001 2010 4057 verbera

393 4099 516 4145 cum
548 4087 732 4141 verbis
751 4088 1067 4144 adhibebat.
1113 4091 1314 4161 Sicque
1367 4099 1594 4160 paterne
1643 4093 2010 4149 commonitos

393 4194 454 4232 ac
486 4178 825 4235 indumentis
852 4182 1131 4256 regalibus
1166 4182 1486 4248 adornatos,
1507 4182 1650 4238 datis
1677 4185 2007 4240 muneribus

391 4271 717 4344 collatisque
770 4274 840 4308 ³⁸³
865 4274 1191 4338 honoribus,
1249 4275 1327 4329 ire
1360 4275 1584 4329 domum
1625 4291 1750 4332 cum
1804 4278 2007 4352 gaudio

394 4363 804 4420 dimittebat“.
832 4366 1015 4420 Talem
1046 4382 1178 4440 ergo
1197 4367 1266 4401 ⁸⁸⁵
1292 4382 1416 4422 sese
1439 4384 1532 4423 rex
1565 4368 1849 4424 Bolezlaus
1877 4386 2007 4444 erga

394 4451 656 4522 populum
688 4460 744 4508 et
769 4453 1050 4526 principes
1079 4454 1399 4522 exhibebat,
1433 4457 1516 4512 sic
1543 4457 1828 4528 sapienter
1865 4465 1919 4513 et
1945 4459 2010 4514 ti-

1655 399 2004 457 CHRONlC/E
2043 401 2444 457 POLONORUM

377 521 720 578 consiliarios
749 525 838 591 ³⁸³,
878 541 1001 581 cum
1044 525 1248 597 quibus
1279 542 1582 600 eorumque
1622 529 1690 564 ³⁸³
1725 531 1992 586 uxoribus
2018 536 2065 603 Α

3617 407 3728 464 860

2167 533 2254 587 14.
2283 538 2355 588 De
2380 535 2739 602 magnatitate
2763 533 2830 568 ³⁸⁷
2857 549 3039 590 mense
3053 541 3106 590 et
3120 536 3374 604 largitate
3395 537 3647 594 Botezlai.

2164 623 2405 679 Mensam
2439 640 2570 679 vero
2625 641 2781 680 suam
2822 625 2902 681 sic
2949 627 3223 691 ordinate,
3288 627 3369 683 sic
3408 628 3721 684 honoriﬁce

2095 713 2386 780 retinebat,
2440 714 2586 786 quod
2646 715 2795 769 omni
2837 715 2929 769 die
2985 715 3196 785 privato
3246 717 3316 750 ³⁸⁸
3360 716 3429 772 40
3496 734 3724 773 mensas

2093 804 2426 876 principales
2483 806 2728 876 exceptis
2785 806 3093 862 minoribus
3136 807 3273 877 erigi
3332 807 3595 873 faciebat,
3655 816 3715 864 et

2097 894 2262 948 nichil
2295 902 2476 949 tamen
2507 895 2576 928 33°
2615 895 2683 949 de
2723 894 2940 960 alienis,
2975 895 3073 949 sed
3125 896 3193 950 de
3226 897 3468 966 prOpriis
3517 898 3573 951 in
3607 898 3723 952 hiis

2096 983 2352 1038 omnibus
2383 983 2747 1053 expendebat.
2782 983 3027 1038 Habebat
3059 983 3226 1038 etiam
3268 1001 3511 1055 aucupes
3541 996 3718 1041 etve-

2098 1081 2320 1128 natores
2373 1073 2621 1128 omnium
2656 1072 2769 1127 fere
2821 1073 3128 1134 nationum,
3187 1073 3281 1144 qui
3339 1074 3454 1128 suis
3503 1076 3720 1130 artibus

2098 1165 2391 1236 capiebant
2440 1182 2601 1220 omne
2634 1181 2809 1237 genus
2859 1165 3163 1219 volatilium
3209 1173 3261 1219 et
3320 1165 3582 1230 ferarum,
3649 1169 3722 1221 de

2105 1258 2308 1330 quibus
2334 1257 2588 1330 singulis,
2651 1266 2755 1311 tam
2791 1257 3248 1328 quadrupedibus
3289 1275 3451 1329 quam
3509 1275 3730 1330 penua-

2104 1347 2195 1414 tis,
2241 1347 2471 1402 cottidie
2526 1347 2596 1380 39°
2623 1346 2841 1420 singula
2891 1345 3318 1416 apponebautur
3364 1345 3573 1402 fercula
3605 1349 3726 1402 suis

2104 1456 2330 1495 mCHSlS.

2174 1558 2261 1610 15.
2296 1562 2365 1612 De
2391 1559 2728 1626 dispositione
2752 1563 3056 1612 castrorum
3078 1562 3129 1612 et
3149 1561 3434 1613 civitatum
3453 1561 3543 1614 sui
3565 1565 3730 1629 regni

2690 1643 2786 1697 per
2805 1629 3130 1682 Bolexlaum.

2174 1715 2394 1770 Solebat
2442 1732 2667 1787 quoque
2718 1732 2953 1789 magnus
3008 1715 3347 1782 Bolezlavus,
3407 1716 3464 1770 in
3515 1715 3729 1773 ﬁnibus

2102 1809 2386 1882 regionum
2412 1809 2476 1843 391
2501 1809 2568 1862 ab
2601 1808 2853 1864 hostibus
2881 1808 3275 1863 conservandis
3313 1809 3382 1842 39’
3427 1808 3537 1875 (84)
3580 1811 3733 1864 mul-

2102 1898 2304 1951 totiens
2339 1904 2658 1968 occupatus,
2719 1897 2834 1950 suis
2873 1895 3071 1950 villicis
3103 1912 3168 1950 ac
3213 1896 3582 1952 vicedominis
3637 1899 3732 1957 ³⁸³.

2103 1984 2233 2055 quid
2265 1985 2335 2039 de
2368 1984 2707 2039 indumentis
2736 1987 2788 2037 in
2820 1983 2977 2038 festis
3006 1983 3338 2039 annualibus
3355 1985 3424 2019 3"
3457 2001 3733 2056 prepara-

2103 2075 2193 2138 tis,
2225 2074 2423 2145 quidve
2481 2074 2549 2127 de
2583 2073 2721 2127 cibis
2779 2081 2834 2128 et
2873 2073 3094 2143 potibus
3145 2073 3202 2127 in
3234 2071 3469 2145 singulis
3495 2074 3732 2130 civitati-

2105 2164 2225 2230 bus,
2282 2162 2459 2226 fieret,
2516 2162 3010 2237 interrogantibus,
3073 2161 3430 2233 proverbium
3489 2164 3734 2234 posteris

2105 2256 2158 2308 in
2190 2253 2502 2324 exemplum
2536 2268 2992 2318 commemorare;
3043 2253 3123 2308 sic
3175 2253 3436 2325 inquiens
3470 2254 3571 2308 ’95:
3627 2255 3731 2310 Sa-

2104 2347 2210 2398 tius
2241 2351 2290 2398 et
2317 2346 2584 2398 honestius
2627 2349 2704 2397 est
2732 2345 2818 2397 hic
2837 2345 3002 2397 michi
3029 2345 3246 2411 gallinae
3270 2345 3486 2414 pullum
3515 2345 3587 2398 ab
3617 2348 3734 2399 ini-

2107 2441 2257 2492 micis
2303 2453 2632 2504 conservare,
2660 2453 2825 2507 quam
2854 2440 2911 2492 in
2960 2439 3068 2492 illis
3125 2439 3205 2492 vel
3257 2440 3362 2493 illis
3418 2440 3734 2495 civitatibus

2104 2533 2354 2587 desidiose
2376 2533 2681 2586 convivanti
2730 2531 3120 2586 insultantibus
3162 2533 3327 2586 michi
3363 2530 3516 2600 [meis
3563 2535 3734 2586 hosti-

2107 2625 2202 2679 bus
2241 2626 2417 2678 locum
2443 2625 2592 2678 dare.
2635 2629 2769 2677 Nam
2798 2624 3012 2692 pullum
3037 2625 3275 2693 perdere,
3304 2637 3402 2693 per
3451 2627 3735 2691 virtutem,

2108 2728 2218 2769 non
2241 2713 2454 2782 pullum
2491 2717 2698 2780 reputo,
2729 2712 2820 2766 sed
2844 2718 3090 2766 castrum
3137 2714 3216 2767 vel
3245 2715 3496 2767 amittere
3532 2717 3734 2768 civita-

2111 2805 2235 2854 tem.
2278 2800 2339 2854 Et
2368 2800 2644 2855 advocans
2673 2799 2742 2854 de
2769 2800 2883 2854 suis
2907 2798 3268 2855 familiaribus
3301 2801 3371 2835 3“
3402 2817 3544 2873 quos
3575 2803 3733 2856 vole-

2110 2891 2224 2957 bat,
2247 2889 2495 2963 singulos
2523 2888 2761 2962 singulis
2806 2888 3123 2944 civitatibus
3154 2891 3240 2945 vel
3274 2891 3514 2945 castellis
3543 2891 3729 2962 depu-

2108 2988 2255 3042 tabat
2283 2987 2374 3056 ’97,
2416 2986 2507 3058 qui
2537 2986 2656 3041 loco
2686 2986 2770 3040 sui
2802 2985 3114 3041 castellanis
3146 2993 3200 3040 et
3237 2986 3557 3042 civitatibus
3589 3003 3727 3042 eon-

2105 3086 2247 3140 vivia
2277 3085 2619 3140 celebrarent
2659 3086 2750 3152 3",
2790 3101 2854 3140 ac
2883 3085 3207 3141 indumenta
3235 3086 3304 3120 399
3336 3086 3555 3155 aliaque
3585 3087 3734 3141 dona

2105 3178 2332 3252 regalia,
2373 3195 2493 3249 qua:
2533 3195 2627 3233 rex
2679 3177 2812 3232 dare
2865 3185 3252 3243 consueverat,
3299 3179 3414 3232 suis
3468 3177 3734 3233 ﬁdelibus

2108 3274 2519 3338 pra‘sentarent.
2556 3267 2784 3322 Talibus
2811 3268 2972 3323 dictis
3017 3275 3071 3322 et
3101 3267 3262 3322 factis
3300 3267 3727 3322 admirabantur

2108 3357 2348 3413 universi
2406 3358 2752 3429 prudentiam
2796 3365 2850 3412 et
2895 3358 3180 3429 ingenium
3224 3357 3293 3392 ⁴⁰⁰
3327 3359 3462 3413 tanti
3505 3359 3570 3393 ⁴⁰¹
3603 3359 3730 3423 viri,

2107 3455 2458 3504 conterentes
2497 3451 2564 3504 ad
2594 3450 2858 3505 invicem:
2911 3453 3006 3504 Hic
3051 3456 3128 3505 est
3171 3466 3291 3505 vere
3331 3457 3486 3520 pater
3531 3456 3726 3520 patria:

2107 3543 2191 3595 hic
2219 3541 2481 3606 defensor,
2514 3541 2600 3593 hic
2617 3546 2694 3594 est
2721 3541 2969 3594 dominus
3000 3539 3089 3605 ‘0’,
3121 3556 3230 3595 non
3264 3542 3456 3594 alienat
3479 3544 3730 3609 pecunia:

2108 3633 2410 3700 dissipator,
2451 3633 2540 3686 sed
2589 3634 2819 3686 honestis
2846 3635 2926 3686 rei
2964 3632 3194 3701 publicae
3235 3633 3591 3700 dispensator,
3643 3635 3738 3701 qui

2109 3722 2410 3790 dampnum
2437 3723 2628 3774 rustici
2651 3721 2906 3775 violenter
2933 3720 3002 3774 ab
3027 3720 3264 3775 hostibus
3287 3721 3505 3774 illatum
3518 3722 3735 3775 castello

2108 3821 2325 3884 reputat
2350 3815 2430 3868 vel
2458 3817 2668 3869 civitati
2691 3814 2915 3883 perdita:
2944 3814 3330 3880 conferendum
3373 3812 3511 3876 Quid
3545 3813 3736 3867 multis

2112 3902 2434 3958 moramur?
2457 3902 2511 3957 Si
2535 3903 2755 3977 singula
2778 3902 2918 3957 facta
2949 3902 3032 3957 vel
3066 3901 3214 3956 dicta
3237 3901 3427 3975 magni
3457 3902 3733 3956 Bolezlavi

2112 3993 2467 4048 memoranda
2512 3992 2582 4026 ⁴⁰⁸
2619 3999 2847 4064 carptim
2905 3991 2974 4027 ⁴⁰⁴
3024 3992 3362 4046 voluerimus
3387 3992 3729 4062 scriptitarc,

2111 4084 2264 4156 quasi
2293 4085 2339 4138 si
2368 4085 2494 4140 stilo
2533 4084 2850 4140 laboremus
2879 4085 3132 4157 guttatim
3163 4083 3393 4158 pelagus
3423 4084 3728 4139 exsiccare.

2109 4176 2217 4231 Sed
2249 4175 2343 4248 qui
2405 4184 2566 4231 nocet
2594 4175 2786 4232 otiosis
2840 4176 3140 4231 lectoribus
3175 4175 3278 4230 hoc
3330 4175 3546 4241 audire,
3580 4177 3733 4247 quod

2110 4264 2196 4319 v’x
2237 4265 2304 4299 ⁴⁰⁵
2345 4273 2533 4336 potest
2564 4264 2632 4299 ⁴⁰⁶
2671 4281 2793 4320 cum
2833 4263 3024 4321 labore
3064 4264 3546 4338 historiographus
3574 4267 3734 4320 inve-

2111 4360 2271 4416 nire?

2185 4455 2266 4510 16.
2301 4461 2372 4510 De
2407 4462 2578 4511 morte
2627 4456 2858 4510 Βοιαὶ(ιὶ
2913 4456 3132 4510 Gloriosi
3175 4455 3520 4509 lamentabili
3567 4455 3659 4507 ⁸0⁷.

395 4543 528 4599 meri
586 4551 641 4600 et
687 4547 858 4601 amari
900 4564 960 4603 se
1013 4564 1043 4602 a
1096 4548 1308 4603 cunctis
1350 4549 1454 4604 sibi
1515 4550 1752 4606 subditis
1804 4550 1875 4585 ³⁸⁸
1927 4517 2092 4606 fa-D
2185 4547 2312 4602 Cum
2368 4548 2536 4623 igitur
2568 4554 2646 4603 tot
2696 4554 2750 4602 et
2799 4547 2966 4601 tantis
3006 4562 3099 4600 rex
3151 4546 3470 4601 Bolezlavus
3517 4547 3731 4602 divitiis

394 4635 592 4690 ciebat.

2112 4639 2411 4712 probisque
2443 4640 2510 4675 ‘03
2561 4639 2852 4696 militibus.
2891 4645 2949 4692 ut
3005 4638 3210 4693 dictum
3244 4645 3345 4703 est,
3379 4639 3502 4709 plus
3563 4656 3729 4710 quam

1750 4771 1968 4826 VARUE
1997 4771 2369 4827 LECTIONES.

462 4895 534 4928 ³⁵³
557 4894 939 4951 consiliatores
991 4897 1048 4960 2,
1097 4898 1185 4951 sed
1231 4905 1493 4952 corrector
1537 4902 1772 4952 mutavit
1806 4901 1877 4954 in
1928 4898 2295 4954 consiliarios.

1652 4970 1980 5040 permitebat
1999 4971 2034 5024 2
2127 4971 2196 5005 ³⁸⁵
2224 4972 2365 5025 deest
2394 4971 2446 5027 3.

395 4965 642 5038 consiliis
689 4967 960 5038 expeditis
999 4983 1168 5038 prec.
1223 4985 1256 5023 e
1326 4984 1374 5023 c.
1421 4969 1473 5023 3.
1555 4969 1624 5004 ³⁸⁵

2408 4899 2478 4934 ³⁸³
2507 4908 2562 4954 et
2621 4915 2812 4954 eorum
2867 4900 2918 4953 3.
3047 4900 3117 4933 3“
3145 4897 3409 4953 omnibus
3466 4899 3614 4952 curis
3678 4907 3735 4953 et

2541 4970 2608 5005 ³⁸⁷
2631 4971 2770 5026 deest
2809 4972 2844 5024 2
2919 4970 2988 5004 ³⁵³
3013 4969 3299 5040 respondit
3337 4970 3389 5021 3.
3493 4969 3564 5003 ³⁸³
3589 4971 3735 5026 deest

395 5031 446 5092 3.
524 5036 596 5070 ³⁷⁰
622 5031 887 5110 progenie
925 5031 1013 5092 2.'
1058 5039 1122 5074 ³⁷³
1153 5041 1292 5096 deest
1320 5040 1370 5094 3.
1453 5040 1524 5074 3"
1543 5031 1714 5093 ecia'm
1761 5048 1881 5095 erat
1923 5041 1956 5095 2
2025 5043 2114 5097 sed
2168 5048 2430 5097 corrector
2478 5043 2660 5096 deleta:
2689 5045 2805 5097 voci
2835 5042 3009 5096 eciam
3057 5031 3393 5110 superposuit
3431 5057 3578 5094 cum.
3663 5042 3736 5076 ³⁷³

1460 5110 1529 5145 ³⁷⁵
1548 5112 1689 5166 deest
1717 5112 1769 5164 3.

396 5108 872 5164 commendabat3
990 5110 1060 5144 ³⁷⁸
1111 5111 1278 5188 igitur
1311 5110 1362 5168 3.
1460 5110 1529 5145 ³⁷⁵
1548 5112 1608 5166 de

396 5178 466 5212 ³⁸⁸)
493 5193 620 5232 vero
651 5181 704 5233 3.
797 5181 863 5214 ³⁸¹
881 5181 1022 5236 deest
1045 5181 1094 5236 3.
1200 5182 1270 5218 ³³³
1298 5182 1547 5236 moribus
1573 5183 1608 5236 2

1298 5197 1547 5238 moribus
1573 5197 1627 5236 2.

395 5178 466 5212 ⁸⁸⁸)
493 5193 620 5232 vero
651 5181 704 5233 3.
797 5181 863 5214 ³⁸¹
881 5181 1022 5236 deest
1045 5181 1094 5238 3.

396 5321 682 5375 servandis
707 5324 756 5375 3.

1866 5113 1936 5146 ³⁷⁸
1958 5128 2026 5168 eo
2057 5113 2108 5170 3.
2175 5113 2242 5146 ³⁷⁷
2269 5113 2482 5167 levibus
2508 5115 2562 5169 2.

1730 5183 1801 5250 ⁷⁵⁸³
1821 5185 2146 5239 muneribus
2191 5186 2401 5239 addunt
2429 5186 2480 5238 1.
2514 5186 2568 5238 2.

395 5247 740 5334 3°°subjecti§
797 5251 1502 5334 3ms°fmagnitudincn3.
1550 5247 1952 5334 _3“_d_eest‘3.‘
1994 5255 2250 5334 mutam
2294 5260 2555 5334 margine
2586 5255 2640 5334 2_.

847 5321 917 5398 ³⁷³
946 5321 1214 5378 vicedinis
1242 5325 1294 5379 3.
1371 5325 1443 5398 39f
1474 5324 1806 5398 animalibus
1833 5323 1882 5377 2.
1923 5327 1971 5381 3.
2053 5327 2123 5362 ⁸⁸⁵
2157 5321 2448 5398 inquirens
2477 5327 2525 5382 3.

3344 5111 3413 5144 ³⁷⁸
3451 5113 3544 5165 tali
3597 5116 3646 5165 1.
3676 5111 3726 5166 2.

3288 5182 3358 5215 ³⁸⁸
3391 5182 3559 5250 igitur
3601 5185 3649 5236 1.
3676 5183 3730 5238 3.

3153 5255 3218 5288 3‘“
3252 5253 3361 5326 reg”
3406 5255 3459 5308 3.
3533 5253 3605 5287 ³9³
3637 5255 3732 5309 ob-

2620 5328 2691 5362 ³⁹⁶
2717 5343 2842 5380 nam
2879 5326 3086 5396 pullum
3129 5324 3335 5394 reputo
3357 5324 3454 5378 sed
3487 5331 3725 5378 castrum

2645 5113 2714 5147 ³⁷⁸
2741 5113 3068 5169 balneantes
3115 5113 3165 5165 2.
3210 5114 3260 5166 3.

2660 5184 2730 5218 ³⁸⁸
2745 5184 3097 5252 permittebat
3126 5184 3179 5236 3.

2737 5256 2806 5290 39°
2835 5257 2975 5310 deest
3014 5254 3062 5310 3.

395 5391 478 5445 vel
512 5391 1061 5468 amittereeivitatem
1103 5405 1159 5468 et
1184 5411 1386 5468 vocans
1416 5397 1486 5451 de
1515 5396 1630 5450 suis
1658 5405 1907 5467 corrupte
1928 5413 2026 5468 pro
2055 5398 2186 5452 Nam
2230 5391 2439 5468 pullum
2471 5429 2540 5437 —
2564 5399 2682 5452 suis
2708 5400 2760 5452 3.
2833 5391 2900 5431 ³9⁷
2934 5391 3248 5467 preferebat
3289 5396 3322 5448 3
3416 5396 3731 5468 39'Aprepaf

398 5472 580 5519 rarent
599 5466 652 5519 3.

393 5535 535 5592 deest
574 5536 624 5592 3.
701 5536 771 5570 ‘0‘
801 5534 994 5604 eartim
1023 5537 1074 5592 1.
1107 5537 1142 5591 2
1202 5537 1254 5593 3.
1324 5537 1394 5573 ⁴⁰⁶
1415 5534 1507 5594 ἶνίν
1530 5554 1642 5594 non
1677 5534 1819 5595 recte
1844 5539 1897 5594 2.

395 5604 447 5670 3,
532 5607 601 5642 ⁴⁰⁸
632 5614 798 5678 atque
825 5606 879 5660 3.

743 5465 812 5500 39°
840 5463 1108 5520 indomita
1135 5467 1186 5520 2.
1260 5467 1329 5501 ⁴⁰⁰
1356 5467 1639 5540 ingenium
1687 5475 1740 5521 ct
1775 5463 1870 5536 pro
1900 5463 1944 5523 θ’
1995 5469 2034 5523 i.
2085 5469 2120 5523 2
2225 5463 2291 5502 ῖ⁰¹

743 5537 771 5569 ’⁸
801 5534 994 5589 eartim
1023 5537 1074 5592 1.
1107 5537 1142 5591 2
1202 5537 1254 5593 3.
1324 5537 1394 5573 ⁴⁰⁶
1424 5538 1507 5594 vir
1530 5554 1642 5594 non
1677 5545 1819 5595 recte
1844 5539 1897 5594 2.
1980 5540 2049 5574 ⁶⁰⁶
2068 5541 2209 5596 deest
2259 5540 2292 5594 3

2133 5555 2209 5596 εει
2259 5555 2310 5594 ὅ.

2225 5465 2291 5502 ῖ⁰¹
2327 5470 2450 5524 talis
2499 5470 2553 5524 3.
2631 5470 2700 5504 ⁸⁰²
2731 5469 2818 5522 hic
2847 5465 3223 5522 est—dominus
3254 5468 3449 5521 desunt
3487 5466 3535 5522 3.
3639 5465 3730 5500 ί⁴⁰³

2414 5540 2482 5575 ⁴ο⁷
2508 5540 2640 5595 lauli
2670 5541 2725 5595 2.
2781 5541 2853 5594 De
2887 5546 3062 5594 morte
3083 5537 3511 5592 —lamentabili
3533 5539 3733 5593 desunt

1958 5681 2150 5738 ΝΟΤΙΕ

467 5779 577 5845 (84)
607 5777 646 5830 ι.
681 5794 730 5832 e.
768 5775 823 5831 in
849 5774 1054 5832 finibus
1082 5738 1566 5833 couservandisiab
1595 5780 1849 5836 hostibus
1881 5782 1944 5837 K.
