3960 6198
315 389 414 443 861

1737 384 1929 439 LIBER
1971 383 2237 439 PRIMUS.

3548 392 3655 447 862

317 528 415 567 rex
431 511 574 567 alius
590 510 899 567 abundaret
920 511 1011 578 “’9,
1033 511 1372 582 querebatur
1390 509 1459 545 ⁸¹⁰
1483 515 1663 565 tamen
1688 523 1931 580 semper,
1957 517 2007 584 Α
2035 508 2347 563 exulantem
2400 508 2468 541 “°
2495 514 2547 563 et
2594 508 2951 576 aberrantem,
3008 518 3061 567 et
3089 515 3345 596 hostibus,
3374 530 3503 586 quos
3554 519 3655 572 sub

316 604 467 676 quod
494 605 559 638 ⁸¹¹
586 602 723 659 solis
750 601 1021 659 militibus
1053 602 1350 678 indigeret.
1395 602 1459 657 Et
1496 600 1834 672 quicumque
1863 599 1933 633 ⁸η

316 699 526 769 probus
557 699 758 769 hospes
785 705 919 767 aput
955 713 1082 752 eum
1116 697 1172 754 in
1206 696 1402 753 militia
1432 696 1787 768 probabatur,
1820 709 1931 751 non

316 788 477 842 miles
514 788 605 842 ille
658 787 755 842 sed
791 786 937 859 regis
969 786 1114 842 lilius
1151 787 1476 851 vocabatur;
1518 795 1572 841 et
1601 785 1648 840 si
1677 784 1931 857 quando-

314 896 445 951 que,
477 889 539 934 ut
568 878 773 934 assolet
804 894 994 934 eorum
1029 878 1267 951 aliquem
1296 877 1660 933 “3infelicem
1694 878 1748 933 in
1773 878 1934 951 equis

313 974 398 1028 vel
430 974 484 1028 in
524 973 649 1028 aliis
702 972 986 1038 audiebat,
1019 972 1236 1028 inlinita
1269 973 1453 1029 dando
1494 972 1543 1027 ei
1577 972 1934 1028 circumstan-

315 1066 463 1120 tibus
494 1063 808 1120 alludebat:
840 1068 896 1119 Si
928 1080 1131 1135 possem
1175 1068 1254 1121 sic
1279 1067 1427 1121 hunc
1460 1065 1684 1135 probum
1707 1065 1935 1120 militem

311 1170 346 1207 a
395 1160 568 1209 morte
593 1155 795 1208 divitiis
832 1153 1081 1220 liberare,
1120 1156 1262 1209 sicut
1286 1168 1501 1223 possum
1555 1155 1670 1223 ejus
1696 1156 1930 1221 infortu—

311 1244 471 1296 nium
515 1248 568 1297 et
621 1248 1000 1313 paupertatem
1054 1258 1172 1298 mea
1224 1245 1375 1313 copia
1437 1257 1711 1313 superare,
1758 1246 1932 1314 ipsam

306 1337 534 1387 mortem
558 1331 776 1385 avidam
802 1332 1005 1386 divitiis
1058 1333 1373 1387 honerarem
1413 1331 1503 1399 ⁸¹⁸,
1540 1337 1598 1387 ut
1638 1333 1784 1388 hunc
1826 1334 1929 1400 ﬂo-

305 1438 423 1477 rem
449 1423 520 1457 ⁸¹⁵
558 1429 673 1477 tam
701 1423 965 1478 audacem
993 1425 1053 1478 in
1081 1425 1283 1479 militia
1308 1439 1636 1479 reservarem
1661 1423 1749 1477 ⁸¹⁶.
1785 1423 1929 1489 Quo-

306 1516 453 1572 circa
484 1517 648 1572 talem
681 1533 745 1574 ac
776 1524 984 1573 tantum
1027 1518 1200 1572 virum
1243 1535 1593 1575 successores
1623 1518 1832 1575 debent
1859 1519 1926 1554 ⁸⁸⁷

305 1608 605 1663 virtutibus
646 1609 868 1676 imitari,
917 1618 976 1664 ut
1001 1610 1222 1665 valeant
1252 1611 1319 1665 ad
1353 1617 1556 1666 tantam
1610 1611 1839 1686 gloriam
1873 1617 1928 1667 et

304 1700 609 1769 potentiam
659 1701 965 1757 sublimari.
995 1702 1093 1768 Qui
1142 1710 1295 1774 cupit
1353 1713 1476 1775 post
1522 1703 1688 1758 vitam
1736 1704 1929 1776 acqui-

303 1807 427 1846 rere
458 1799 661 1847 tantam
690 1791 915 1860 famam,
957 1795 1204 1866 acquirat
1231 1795 1359 1850 dum
1401 1796 1532 1851 vivit
1563 1796 1630 1831 ⁸¹⁸
1660 1796 1718 1851 in
1746 1797 1920 1852 virtu-

304 1884 456 1938 tibus
491 1891 694 1939 tantam
723 1883 981 1955 palmam.
1042 1886 1095 1940 Si
1139 1887 1263 1959 quis
1303 1894 1485 1959 captat
1516 1887 1766 1945 Boleslao
1804 1904 1923 1944 me—

305 1973 518 2028 moriali
552 1973 724 2045 tytulo
773 1974 1081 2046 comparari
1131 1976 1223 2045 “9,
1270 1975 1518 2032 elaboret
1559 1992 1713 2032 suam
1755 1978 1919 2033 vitam

303 2065 428 2130 ejus
448 2063 572 2119 vitae
595 2064 664 2099 ⁸²⁰
691 2065 997 2121 venerabili
1017 2067 1731 2123 conformari.Tuncerit”'
1751 2068 1921 2124 virtus

309 2156 361 2210 in
393 2156 568 2230 gestis
596 2156 928 2212 militaribus
957 2157 1323 2213 collaudanda
1351 2159 1440 2225 ⁸³³,
1466 2174 1589 2214 cum
1613 2157 1781 2215 fuerit
1810 2160 1919 2215 vita

303 2250 498 2305 militis
535 2250 605 2285 ⁸³³
637 2251 890 2306 honestis
920 2250 1171 2307 moribus
1197 2252 1481 2308 adornata.
1508 2253 1632 2309 Haec
1659 2260 1776 2308 erat
1804 2270 1919 2309 ma-

297 2343 396 2415 gui
422 2342 687 2398 Bolezlavi
719 2342 894 2415 gloria
922 2344 1306 2409 memoranda,
1336 2345 1460 2399 talis
1496 2345 1669 2400 virtus
1723 2344 1917 2400 recite-

300 2440 390 2486 tur
416 2433 485 2466 ⁸³⁸
506 2431 878 2503 posteriorum
914 2434 1196 2488 memoria:
1230 2433 1509 2489 imitanda.
1537 2433 1655 2489 Non
1683 2433 1832 2489 enim
1863 2435 1918 2491 in

298 2536 532 2576 vacuum
567 2521 709 2576 Deus
737 2521 815 2576 illi
847 2522 1079 2596 gratiam
1111 2538 1280 2593 super
1311 2521 1543 2596 gratiam
1597 2523 1917 2591 cumulavit,

302 2631 409 2671 nec
459 2615 540 2670 sic
569 2615 638 2651 ⁸³⁵
681 2631 807 2672 eum
848 2616 973 2672 sine
1002 2632 1169 2672 causa
1213 2622 1291 2672 tot
1322 2616 1546 2688 regibus
1591 2632 1656 2673 ac
1681 2616 1920 2673 ducibus

301 2702 587 2771 antefecit,
618 2702 714 2758 sed
748 2703 879 2775 quia
900 2704 1068 2759 Deum
1092 2704 1147 2759 in
1179 2704 1438 2760 omnibus
1466 2710 1521 2759 et
1545 2720 1714 2776 super
1734 2705 1921 2760 omnia

301 2795 591 2866 diligebat,
626 2802 683 2851 et
724 2797 984 2868 quoniam
1019 2813 1150 2871 erga
1187 2813 1340 2861 suos,
1390 2795 1547 2852 sicud
1595 2803 1750 2869 pater
1790 2814 1921 2874 erga

301 2885 463 2952 lilios,
505 2886 749 2942 caritatis
803 2887 1111 2943 visceribus
1172 2887 1454 2944 afﬂuebat.
1502 2887 1656 2944 Unde
1712 2888 1917 2954 cuncti,

298 2978 396 3033 sed
428 2978 497 3013 ⁸²⁶
517 2978 839 3050 specialiter
865 2984 1017 3051 ;quos
1042 2981 1407 3037 venerabatur
1435 2980 1685 3053 episcopi
1716 2980 1806 3047 ⁸²’⁷,
1833 2997 1918 3036 ar-

298 3066 639 3139 chiepiscopi
664 3068 755 3135 “3,
784 3068 1041 3136 abbates,
1073 3069 1351 3137 monachi,
1385 3069 1574 3125 clerici
1612 3070 1681 3104 ⁸²⁹
1726 3070 1919 3126 sedulo

302 3178 428 3217 eum
459 3162 575 3217 suis
606 3162 866 3234 precibus
912 3163 1147 3220 Domino
1191 3165 1689 3230 commendabant;
1749 3163 1922 3219 duces

303 3273 456 3325 vero,
478 3258 739 3327 [comites
763 3258 969 3331 aliique
996 3275 1256 3331 proceres
1293 3260 1443 3316 hunc
1473 3276 1695 3331 semper
1737 3258 1916 3314 victo-

305 3365 441 3417 rem,
464 3350 612 3406 hunc
641 3349 745 3405 sibi
768 3349 887 3406 fore
918 3351 1283 3422 superstitem
1311 3350 1666 3422 ex0ptabant.
1700 3349 1919 3405 Glorio-

303 3455 398 3494 sus
431 3439 615 3511 itaque
662 3439 983 3495 Bolezlavus
1034 3438 1250 3495 felicem
1292 3439 1457 3494 vitam
1507 3438 1775 3495 laudabili
1810 3437 1920 3493 ﬁne

302 3529 667 3594 concludens,
694 3547 816 3586 cum
849 3532 1016 3588 sciret
1041 3548 1102 3587 se
1144 3531 1391 3588 debitum
1442 3531 1626 3587 carnis
1650 3530 1921 3587 universas

304 3624 706 3694 completurum
739 3625 829 3693 ⁸³⁸),
855 3633 990 3692 tum,
1023 3626 1088 3662 ⁸³¹
1121 3627 1382 3682 omnibus
1407 3626 1526 3681 suis
1563 3626 1630 3682 ad
1662 3642 1722 3681 se
1769 3624 1923 3697 prin-

308 3713 532 3784 cipibus
570 3722 626 3771 et
651 3716 845 3772 amicis
861 3717 1106 3789 undique
1131 3717 1501 3793 congregatis,
1529 3717 1599 3772 de
1626 3716 1780 3791 regni
1819 3731 1924 3787 gu-

306 3809 631 3866 bernatione
661 3819 718 3866 et
747 3820 890 3868 statu
921 3812 1194 3868 secretius
1213 3812 1511 3879 ordinavit,
1535 3812 1728 3883 eisque
1748 3809 1919 3865 multa

305 3908 430 3968 post
467 3915 527 3952 se
571 3900 713 3955 mala
739 3899 921 3956 futura
950 3917 1083 3957 voce
1117 3902 1438 3974 praphetica
1500 3900 1773 3956 nuntiavit
1818 3900 1916 3966 ⁸³²ε

298 3994 339 4045 0
368 3993 607 4054 utinam,
635 3994 837 4061 fratres
865 3993 934 4027 ⁸³³
971 3997 1098 4062 mei,
1130 3994 1331 4066 inquit,
1388 4009 1517 4064 quos
1542 3995 1768 4049 delicate
1797 3999 1919 4048 tan-

298 4098 468 4153 quam
494 4089 671 4138 mater
708 4085 846 4150 ﬁlios
873 4088 1115 4141 enutrivi
1140 4086 1230 4153 ‘3‘,
1268 4101 1388 4156 qua:
1420 4088 1622 4156 positus
1660 4086 1722 4139 in
1751 4097 1922 4153 agone

299 4177 586 4231 nascitura
604 4175 672 4210 ⁸³³
698 4177 867 4244 video,
895 4177 1039 4232 vobis
1069 4180 1126 4232 in
1154 4192 1409 4248 prospera
1438 4181 1847 4242 convertantur,
1867 4181 1919 4231 et

301 4266 623 4332 utinamque
649 4264 721 4300 ⁸³⁸
744 4267 924 4334 ignem
948 4267 1221 4322 seditionis
1265 4266 1609 4322 accendentes
1636 4263 1704 4340 ⁸³⁷
1756 4268 1924 4319 Deum

303 4360 356 4410 et
384 4356 655 4410 hominem
692 4356 761 4391 ⁸³⁸
781 4359 1113 4433 vereantur!
1154 4358 1309 4414 Heu!
1347 4359 1451 4413 heu
1474 4358 1493 4411 Ι
1512 4361 1636 4428 jam
1659 4358 1816 4426 quasi
1826 4370 1924 4426 per

304 4448 583 4520 speculum
628 4452 689 4505 in
716 4453 1006 4521 cenigniate
1053 4453 1203 4509 video
1228 4452 1464 4522 regalem
1487 4452 1800 4522 prosapiam
1851 4447 1921 4483 ⁸³⁸

1952 1843 1999 1909 Β

1946 3214 1995 3282 C

2030 604 2251 672 pedibus
2291 604 2620 671 conculcavi,
2669 606 3082 661 misericorditer
3114 611 3511 679 supplicantem
3541 611 3651 682 (83}

2039 695 2186 750 Video
2223 697 2391 750 etiam
2418 696 2482 750 de
2530 696 2818 765 longinquo
2847 697 2912 751 de
2957 698 3153 754 lumbis
3200 703 3332 755 meis
3377 705 3655 770 procedere

2033 785 2190 851 quasi
2216 783 2615 838 carbunculum
2633 786 2978 852 emicantem,
2997 788 3093 856 qui
3119 787 3290 856 gladii
3310 792 3423 857 mei
3464 792 3655 860 capulo

2031 888 2324 944 connexus,
2362 890 2460 931 suo
2511 876 2786 945 splendore
2835 878 3111 933 Poloniam
3165 884 3336 934 totam
3386 881 3553 949 efﬁcit
3584 881 3650 917 ⁸⁸⁸

2030 970 2376 1023 relucentem.
2432 968 2583 1024 Tunc
2611 984 2743 1024 vero
2785 970 2965 1027 luctus
2997 977 3052 1025 et
3106 987 3311 1028 mceror
3351 972 3428 1027 ibi
3469 982 3652 1029 astan-

2033 1059 2168 1114 tium
2199 1067 2254 1115 et
2286 1060 2390 1116 hoc
2427 1060 2768 1117 audientium
2798 1063 2983 1118 cordis
3014 1063 3222 1119 viscera
3251 1066 3653 1136 penetravit,et

2036 1169 2148 1225 prae
2186 1154 2380 1210 dolore
2407 1155 2575 1210 nimio
2608 1164 2823 1212 mentes
2851 1157 3098 1213 omnium
3128 1165 3321 1229 stupor
3349 1160 3653 1215 vehemens

2031 1244 2321 1314 occupavit
2379 1243 2623 1317 Cumque
2665 1246 2947 1318 paulisper
2975 1247 3167 1303 dolore
3197 1264 3514 1320 compresso
3542 1250 3651 1305 μη

2032 1334 2374 1390 Bolezlavum
2428 1335 2790 1408 inquirerent,
2823 1345 3032 1410 quanto
3086 1346 3335 1411 tempore
3365 1340 3530 1396 funus
3564 1340 3652 1411 ip-

2025 1428 2142 1484 sius
2172 1429 2360 1485 habitu
2392 1432 2653 1502 cultuque
2688 1431 2906 1504 lugubri
2937 1432 3304 1501 celebrarent,
3345 1450 3479 1490 voce
3505 1436 3647 1490 veri-

2026 1520 2148 1576 dica
2180 1522 2495 1593 respondit:
2548 1530 2648 1579 Nec
2671 1525 2946 1579 mensibus
2973 1541 3072 1581 nec
3101 1530 3266 1583 annis
3312 1529 3503 1584 doloris
3530 1535 3644 1583 ter—

2025 1612 2242 1666 minum
2279 1611 2349 1645 ⁸⁸³
2394 1612 2539 1667 vobis
2580 1627 2739 1682 pono,
2779 1614 2870 1669 sed
2914 1630 3239 1686 quicumque
3273 1632 3359 1671 me
3403 1620 3645 1686 cognovit

2023 1714 2305 1770 meamque
2345 1703 2585 1769 gratiam
2632 1704 2937 1770 acquisivit,
2986 1717 3192 1759 memor
3232 1708 3341 1759 mei
3374 1706 3461 1760 die
3495 1709 3640 1760 cotti-

2022 1792 2108 1846 die
2140 1792 2208 1825 ⁸⁸⁸
2235 1807 2322 1847 me
2344 1794 2592 1862 plorabit.
2626 1798 2693 1849 Et
2747 1809 2861 1850 non
2905 1796 3076 1851 solum
3107 1800 3202 1866 qui
3251 1813 3339 1852 me
3380 1804 3647 1853 noverunt

2022 1895 2303 1950 meamque
2324 1882 2738 1938 benivolentiam
2757 1884 3085 1943 habuerunt,
3110 1895 3197 1940 me
3231 1887 3522 1955 plorabant
3547 1887 3636 1940 ⁸⁸³.

2018 1974 2109 2027 sed
2142 1974 2308 2028 etiam
2334 1988 2520 2029 eorum
2541 1976 2647 2041 ﬁlii
2670 1976 2875 2045 ﬁliique
2916 1977 3156 2041 ﬁliorum
3206 1978 3460 2033 Boleslavi
3509 1980 3646 2048 regis

2018 2063 2224 2118 obitum
2284 2066 2645 2120 narrantibus
2737 2066 2860 2120 aliis
2926 2067 3295 2123 condolebunt.
3355 2068 3643 2124 llolezlavo

2020 2169 2153 2229 ergo
2183 2154 2253 2190 ⁸⁸⁸
2276 2171 2403 2229 rege
2442 2155 2512 2210 de
2540 2157 2821 2212 mundana
2842 2158 3263 2213 conversatione
3291 2159 3641 2215 descenden-

2020 2250 2072 2298 te
2106 2242 2242 2314 (86),
2286 2253 2420 2298 mtas
2468 2260 2635 2300 aurea
2674 2245 2741 2279 ⁸⁸⁷
2799 2244 2853 2299 in
2884 2244 3214 2316 plumbeam
3255 2246 3325 2282 ⁸⁸⁸
3381 2257 3469 2303 est
3507 2263 3644 2303 con-

2021 2351 2195 2390 versa.
2239 2335 2497 2392 Polonia
2531 2337 2684 2407 prius
2735 2337 2948 2411 regina,
3001 2353 3135 2393 auro
3172 2337 3452 2407 {radiante
3512 2356 3634 2395 cum

2018 2427 2255 2501 gemmis
2283 2438 2564 2492 coronata,
2596 2430 2755 2485 sedet
2781 2431 2849 2466 “9
2889 2429 2948 2491 in
2980 2430 3204 2500 pulvere
3234 2430 3517 2487 viduitatis
3547 2449 3645 2490 ve-

2018 2516 2194 2572 stibus
2241 2516 2508 2584 involuta,
2544 2518 2599 2572 in
2652 2517 2861 2573 luctum
2897 2518 3145 2589 cythera,
3193 2520 3419 2591 plausus
3469 2521 3538 2556 ⁸⁵⁰
3581 2521 3637 2576 iu

2019 2624 2337 2676 mmrorem,
2386 2624 2654 2685 organum
2699 2611 2763 2645 ⁸³¹
2826 2610 2882 2665 in
2935 2610 3172 2682 suspiria
3216 2620 3636 2669 convertuntur.

2023 2700 2120 2756 Illo
2175 2701 2433 2756 nimirum
2464 2718 2611 2758 anno
2663 2703 2927 2759 continuo
2965 2704 3034 2739 ⁸⁵³
3081 2704 3265 2759 nullus
3309 2704 3364 2760 in
3409 2706 3637 2762 Polonia

2021 2788 2334 2844 convivium
2367 2790 2587 2861 publice
2626 2791 2946 2858 celebravit;
2990 2793 3176 2849 nullus
3200 2793 3402 2849 nobilis
3431 2794 3517 2849 vir
3555 2797 3639 2850 vel

2022 2881 2225 2938 femina
2274 2884 2621 2942 vestimentis
2668 2901 2731 2940 se
2786 2885 2856 2920 ‘53
2901 2885 3287 2957 solempnibus
3332 2888 3639 2953 adornavit,

2022 2975 2207 3029 nullus
2235 2975 2487 3047 plausus,
2518 2976 2702 3031 nullus
2744 2977 2986 3049 cytharae
3024 2994 3196 3035 sonus
3226 2978 3556 3034 audiebatur
3587 2979 3640 3034 in

2023 3065 2325 3133 thabernis,
2358 3067 2510 3123 nulla
2524 3068 2798 3123 cantilena
2825 3068 3107 3140 puellaris,
3140 3069 3290 3125 nulla
3310 3085 3412 3126 vox
3439 3070 3640 3125 lie-litim

2022 3160 2314 3218 resonabat
2348 3163 2417 3198 ⁸⁵⁸
2445 3163 2502 3217 in
2524 3162 2722 3233 plateis
2766 3164 2897 3233 (87).
2935 3164 3044 3221 Hoc
3096 3182 3195 3237 per
3221 3181 3427 3221 annum
3484 3175 3569 3220 est
3605 3184 3635 3221 a

2021 3254 2236 3310 cunctis
2262 3254 2674 3324 {universaliter
2711 3256 3087 3324 observatum,
3132 3258 3232 3312 sed
3275 3257 3409 3312 viris
3439 3257 3639 3314 nobili-

2022 3342 2126 3397 bus
2150 3349 2205 3398 et
2234 3342 2455 3399 feminis
2486 3345 2704 3415 plorare
2738 3345 3080 3402 Bolezlavum
3115 3353 3199 3402 est
3224 3363 3346 3402 cum
3381 3346 3507 3402 vitae
3530 3356 3638 3401 ter-

2022 3430 2174 3486 mino
2200 3431 2573 3487 terminatum.
2617 3431 2762 3506 Rege
2819 3432 3004 3504 itaque
3038 3434 3340 3490 Bolezlawo
3371 3434 3516 3489 inter
3546 3433 3641 3487 bo-

2023 3523 2202 3577 mines
2227 3533 2482 3586 exeunte,
2504 3540 2610 3594 pax
2638 3533 2693 3579 et
2721 3524 2914 3581 lmtitia
2946 3540 3242 3597 rerumque
3271 3525 3431 3597 copia
3447 3525 3643 3579 viden-

2022 3617 2111 3664 tur
2147 3608 2307 3664 simul
2339 3610 2409 3666 de
2468 3610 2695 3666 Polonia
2731 3627 3091 3668 commeasse.
3137 3614 3411 3670 Hactenus
3440 3613 3639 3685 {Bolez-

2026 3705 2132 3762 lavi
2185 3706 2369 3778 magni
2424 3705 2679 3762 laudibus
2746 3707 2971 3762 termini
3026 3715 3226 3763 metam
3285 3709 3635 3780 inponamus,

2020 3798 2253 3871 ejusque
2285 3797 2451 3854 funus
2473 3799 2878 3871 aliquantulum
2905 3798 3146 3853 carmine
3180 3799 3399 3875 lugubri
3447 3800 3637 3875 lugea-

2076 3906 2162 3946 118.

2076 3906 2162 3946 us.

2020 3906 2073 3946 ω
2391 3967 2462 4019 De
2486 3968 2658 4019 morte
2684 3963 2949 4018 Bolezlavi
2987 3965 3260 4019 carmina.

2092 4079 2282 4135 Omnis
2302 4086 2455 4145 satas,
2477 4080 2662 4136 omnis
2689 4095 2873 4145 sexus,
2904 4078 3087 4136 omnis
3106 4079 3265 4146 ordo,
3295 4075 3524 4135 currite!

2023 4171 2294 4226 Bolezlavi
2328 4171 2477 4246 regis
2496 4170 2661 4226 funus
2673 4170 3041 4229 condolentes
3062 4170 3299 4237 cernite,

2021 4260 2196 4332 Atque
2226 4266 2456 4316 mortem
2480 4260 2616 4316 tanti
2637 4260 2738 4315 viri
2758 4260 2921 4315 simul
2949 4276 3162 4315 mecum
3194 4256 3464 4335 plangite!

2094 4349 2237 4408 Heu!
2273 4350 2412 4406 heul
2443 4353 2512 4387 ⁸⁸⁵
2540 4352 2839 4417 Bolezlave,
2873 4352 2970 4408 ubi
3006 4362 3096 4407 tua
3116 4349 3337 4427 gloria?

2024 4443 2123 4499 Ubi
2144 4444 2339 4512 virtus,
2368 4442 2466 4499 ubi
2497 4445 2667 4500 decus
2692 4445 2781 4512 ⁸⁵⁸,
2812 4444 2905 4500 ubi
2934 4459 3114 4499 rerum
3145 4440 3350 4514 copia?

1650 4547 1871 4605 VARIIE
1911 4542 2287 4602 LECTIONES.

382 4635 452 4672 ⁸ο⁹
483 4635 830 4712 habundaret
881 4639 934 4712 2.
1036 4639 1106 4675 ⁸¹⁰
1135 4638 1404 4712 querebat
1453 4639 1506 4695 2.
1580 4640 1630 4695 3.
1710 4639 1831 4712 Mf“

305 4710 480 4773 dium,
510 4709 705 4763 ultima
733 4724 855 4765 vero
880 4711 1062 4766 littera
1090 4708 1199 4769 tota
1226 4718 1358 4767 sunt
1391 4712 1592 4769 deletas.
1702 4708 1773 4745 ⁸¹³

304 4780 416 4837 lem
460 4779 511 4833 1.
569 4779 623 4833 2.
695 4780 765 4815 ⁸¹⁶
791 4796 1171 4838 conservat-em
1213 4783 1277 4838 3..

307 4851 617 4920 comparari
660 4850 712 4905 3.
803 4851 872 4885 ⁸¹⁰
898 4853 1008 4908 vita
1057 4853 1112 4910 2.
1204 4854 1269 4888 ⁸²¹
1300 4862 1480 4909 autem
1519 4855 1574 4909 5.

308 4922 378 4995 ⁸ῗῆ
405 4921 593 4995 multis
632 4921 701 4995 A2.
753 4921 852 4995 fuit
901 4924 1010 4979 vita
1059 4925 1246 4979 multis
1295 4942 1392 4995 pro
1425 4925 1591 4981 fuerit
1641 4921 2006 4979 vita—militis
2044 4925 2097 4979 3-

310 4992 381 5026 ⁸²⁶
405 4998 461 5046 et
512 4992 567 5047 2.
627 4992 679 5047 3.
755 4993 822 5028 ⁸³⁷
879 5001 934 5049 et
990 4997 1140 5051 add-it
1185 4996 1239 5051 2.

310 5079 431 5139 rum
480 5063 569 5139 2._
625 5064 689 5139 ‘f’
731 5066 940 5139 cumg2.
1001 5067 1053 5139 3.
1135 5067 1613 5139 mpronunciavit
1644 5063 1720 5139 '3:

304 5135 507 5188 scitura
551 5134 599 5191 1.
640 5135 694 5188 2.
727 5136 780 5189 3.
857 5136 926 5172 ⁸³⁸
948 5138 1046 5194 tuti
1082 5134 1390 5211 namqucl.
1421 5139 1457 5194 2
1505 5139 1558 5193 3.

272 5226 277 5231 ·
305 5206 488 5260 mines
516 5206 569 5262 3.
660 5206 730 5240 ⁸³⁸
746 5220 931 5262 regem
965 5209 1129 5262 talem
1163 5226 1263 5262 pro
1293 5210 1558 5262 saniencit

308 5277 380 5311 ⁸⁸¹
406 5277 671 5353 dolorem
697 5277 975 5353 etpresso
999 5296 1105 5353 pro
1134 5277 1325 5337 dolore
1355 5277 1674 5353 compresso
1705 5281 1756 5334 1.
1781 5277 1837 5335 Ξῖ
1865 5278 1919 5353 3.

1866 4638 2097 4720 quis}:

1391 4712 1592 4769 deletas.
1702 4709 1773 4745 ⁸¹³
1801 4709 2105 4781 quamlibet
2136 4712 2179 4765 1.
2222 4709 2276 4767 2.
2340 4709 2442 4746 "1‘
2465 4709 2791 4769 honorarem
2836 4712 2891 4768 2.
2916 4709 3204 4767 onerarem
3271 4709 3324 4766 3.
3442 4709 3512 4745 ⁸¹⁸
3547 4716 3612 4764 ta-

1364 4782 1433 4865 ⁸¹⁷
1461 4782 2076 4865 ἀρ.1)θηί.ξυοοξξεοι·εξ8
2106 4784 2411 4865 ιηᾳηςροηίι
2438 4783 2526 4865 3..
2572 4784 2778 4865 mipse
2822 4785 2974 4865 addit
3145 4782 3215 4817 ⁸¹⁹
3236 4779 3450 4865 sperari
3487 4778 3612 4865 l2

1671 4852 1741 4929 ⁸³³
1768 4851 1941 4929 gestis
1960 4850 2335 4929 _est_collau‘r_la
2363 4870 2460 4924 pro
2510 4854 2567 4929 in
2607 4850 2778 4929 gestis
2814 4854 3144 4929 militaribus
3170 4850 3538 4929 coll'audanda

1348 4997 1418 5032 ⁸³⁸
1455 4996 1699 5065 archiep.
1767 4995 2015 5065 episcopi
2069 5012 2167 5065 pro

1455 4996 1699 5066 archiep.
1767 4996 2015 5065 episcopi
2069 5012 2167 5065 pro
2218 5011 2267 5050 e.
2336 5013 2388 5053 a.
2446 4997 2499 5055 3.
2600 4998 2669 5032 ⁸³⁸
2701 4997 2994 5068 presbiteri
3041 4996 3092 5053 3.
3209 4996 3330 5050 ⁸⁸⁰ι

1455 5068 1613 5123 ciavit
1658 5065 1720 5140 A3_.
1809 5065 1878 5140 ‘j’ﬁ’
1903 5067 2045 5140 deest
2073 5066 2126 5124 3.
2176 5068 2359 5140 relicto
2412 5072 2585 5140 spatio
2621 5084 2829 5140 vacuo.
2870 5068 2939 5103 ⁸³⁸
2968 5064 3230 5140 innutrivi
3275 5066 3330 5140 3A.

1651 5137 1719 5172 ⁸³⁷
1746 5135 2060 5193 sediciones
2087 5138 2417 5194 aecedcntes

660 5206 730 5240 ⁸³⁹
746 5220 931 5282 regem
965 5209 1129 5265 talem
1163 5206 1263 5280 pro
1293 5210 1579 5281 sapiencia
1609 5224 1704 5280 pro
1745 5209 1984 5280 regalem
2013 5208 2329 5313 prosapiam
2371 5212 2420 5266 3.

697 5284 750 5314 nt
783 5295 975 5314 nroacn
1002 5296 1098 5314 ..ι-η
1134 5282 1325 5314 Ann-um
1357 5296 1674 5314 ηηηιηηιοοη
1705 5281 1727 5314 ιΙ
1781 5280 1817 5314 ο
1867 5278 1900 5314 2
2038 5280 2084 5314 b3
2107 5282 2246 5314 dum!
2273 5281 2308 5314 ο

2220 4640 2289 4712 ⁸1³
2318 4640 2585 4712 quidq‘ua
2646 4640 2699 4697 2.
2787 4643 2879 4698 sed
2957 4643 3423 4712 penulti—ma_per

2373 4709 2791 4769 “‘honorarem
2836 4712 2891 4768 2.
2916 4709 3204 4767 onerarem
3271 4709 3324 4766 3.

3257 4923 3327 4959 ⁸³⁵
3357 4924 3402 4978 si
3465 4924 3511 4978 1.
3573 4922 3628 4976 2.

3209 4994 3279 5029 ⁸⁸⁰
3320 4994 3632 5062 completo—

3209 5065 3230 5118 ’ἰ
3275 5066 3330 5118 3.
3422 5067 3490 5115 ⁸³⁸
3525 5080 3630 5118 ηο-

3438 5081 3490 5115 τοο
3525 5081 3630 5117 ηο-

2220 4924 2291 4959 ⁸²⁸
2319 4932 2380 4980 ut
2451 4924 2709 4982 additv2.
2764 4926 3023 4982 recitatur
3083 4925 3137 4980 3.

2600 4998 2669 5032 ⁸³⁸
2701 4997 2994 5068 presbitcri
3041 4995 3092 5053 3.

2443 5136 2538 5212 pro
2564 5139 2866 5212 sediciouis
2902 5138 3351 5212 accendentes3.
3378 5136 3505 5212 “‘3‘”
3533 5136 3633 5212 b9-

2529 5211 2599 5257 ⁸⁸⁰
2620 5213 2955 5266 exultantem
2985 5210 3038 5265 2.
3072 5210 3121 5264 3.
3240 5208 3308 5244 ⁸⁸¹
3336 5205 3542 5263 efﬁciet
3571 5206 3625 5260 3.

2062 5280 2084 5313 ³
2105 5277 2247 5336 deest
2273 5281 2328 5335 2.
2433 5283 2502 5319 ⁸⁸⁸
2533 5290 2808 5354 nocteque
2837 5285 2889 5338 3.
2977 5282 3047 5354 “_‘
3076 5296 3166 5354 me
3222 5277 3519 5354 plorabant
3544 5279 3635 5332 de-

301 5355 435 5403 sunt
464 5347 497 5403 3
604 5349 674 5384 ⁸⁸⁶
702 5347 872 5458 igitur
907 5351 961 5407 3.
999 5347 1014 5351 ⁷
1047 5352 1117 5388 ⁸⁸⁷
1138 5369 1334 5407 aureas
1374 5354 1423 5408 1.
1451 5347 1530 5408 sic
1570 5353 1762 5408 habuit
1790 5357 1843 5408 et
1869 5349 1922 5406 2.
1960 5350 2052 5406 sed
2093 5367 2128 5405 a
2156 5359 2447 5409 correctore
2474 5370 2501 5408 s
2528 5347 2809 5410 delectum.
2887 5354 2957 5388 ⁸⁸⁸
2986 5347 3278 5433 plumbeas
3306 5351 3360 5406 2.
3445 5351 3515 5386 “’
3545 5365 3637 5429 se—

306 5419 448 5458 Λρηι
475 5419 510 5458 9
560 5420 594 5458 2
705 5420 727 5454 δ
815 5422 1036 5458 nclitum
1089 5425 1108 5458 ΑΙ
1171 5424 1206 5458 ο
1269 5424 1304 5458 εὶ
1375 5424 1597 5458 ηιαιιειια
1627 5424 1689 5458 ΔΑ
1730 5423 1838 5458 Ila)
1946 5422 2014 5457 ιιι
2044 5422 2304 5458 corallium
2330 5422 2362 5458 Ω
2475 5425 2547 5458 861
2583 5424 2724 5458 Annal
2752 5426 2786 5458 ’ἓ
2877 5425 2947 5458 85³
2975 5440 3034 5458 ια
3060 5422 3308 5458 unci-hnc
3346 5437 3441 5458 mn
3463 5427 3635 5458 νοαιι..

306 5419 528 5502 dens.2.
559 5420 613 5476 3.
705 5419 1036 5528 m‘pallium
1089 5425 1137 5479 1.
1171 5424 1225 5478 2.
1269 5424 1321 5480 3.
1375 5424 1600 5494 plausus
1625 5424 1689 5479 ed
1730 5423 1853 5479 ϐαι.
1946 5422 2014 5457 ⁸⁶ί
2041 5422 2305 5490 gaudium
2327 5422 2381 5480 3.
2475 5425 2547 5461 ⁸⁵²
2582 5424 2724 5481 deest
2751 5426 2804 5482 3.
2877 5425 2947 5460 ⁸⁵³
2974 5419 3035 5480 se
3060 5422 3309 5481 vestibus
3343 5437 3441 5492 pro
3463 5419 3635 5479 vesti—

306 5501 508 5528 monha
535 5506 595 5528 an
625 5492 659 5528 9
765 5493 785 5527 ι
854 5493 1233 5528 αηι-Ιξοὶνιοιη-ἰὶ
1346 5496 1417 5528 ιω
1436 5496 1578 5528 ah.“
1637 5495 1742 5528 han
1774 5494 1807 5528 Ω
1928 5492 1999 5528 ιιι
2026 5491 2198 5528 (hu-np
2225 5493 2257 5528 ἢ

304 5491 509 5546 mentis
535 5506 595 5547 se
624 5492 677 5547 3.
765 5491 834 5528 ⁸⁵⁸
853 5493 1183 5550 audiebatur
1199 5495 1254 5550 3.
1346 5491 1417 5532 ⁸⁸⁸
1435 5496 1604 5563 eheu,
1637 5495 1744 5550 heu
1773 5494 1828 5549 3.
1928 5492 1999 5528 ⁸⁵⁸
2026 5491 2198 5548 decor
2225 5493 2276 5548 3.

1859 5585 1900 5641 Ν
1905 5583 2065 5641 ΟΤΑΞ.

377 5668 786 5745 (85')_Paproclti
834 5669 1012 5745 Herby
1053 5679 1346 5745 ryeerstwa
1391 5674 1506 5745 pol.
1551 5674 1689 5731 forte
1728 5682 1793 5730 e’x
1822 5690 1921 5731 co-

308 5738 433 5817 dice
470 5738 579 5817 alio
600 5738 913 5817 orationem
956 5738 1109 5817 hanc
1135 5744 1300 5816 paulo
1332 5738 1551 5802 diverso
1589 5748 1756 5803 modo
1787 5762 1917 5817 pro-

309 5809 434 5888 fert,
468 5811 838 5888 dicitgenim:
875 5809 1299 5888 Videoregnum
1345 5820 1405 5872 in
1455 5819 1632 5873 multa
1659 5809 1918 5888 variaque

307 5882 520 5949 [rustra
554 5885 730 5940 scindi
774 5891 881 5941 etc.
911 5886 1059 5956 quod
1094 5882 1144 5944 si
1181 5887 1253 5945 de
1297 5888 1493 5945 tradita
1539 5904 1571 5944 a
1598 5882 1912 5946 Thietmaro

2020 5678 2295 5758 divisione
2332 5682 2504 5758 regni.
2527 5683 2669 5758 inter
2697 5681 2844 5739 filios
2884 5679 3393 5758 Boleslaijntelligi
3426 5685 3663 5753 posset...

2018 5750 2202 5809 magni
2243 5750 2506 5809 moménti
2539 5752 2931 5809 documentum
2961 5753 3103 5808 foret
3132 5750 3188 5805 S.

2090 5820 2203 5905 es
2234 5823 3239 5905 Ilicemoeiaviés.arudﬁsserrk
3340 5820 3528 5905 41-1.-

2091 5883 2198 5963 (8η
2241 5893 2317 5952 cr.
2359 5894 2478 5953 Vita
2521 5895 2574 5950 s.
2610 5883 2868 5963 Ladislai,
2897 5894 2989 5951 ed.
3017 5883 3333 5957 Endlicber,
3367 5883 3632 5958 usus.

3743 6012 3799 6039 Ἦ
