  <div class='ocr_page' id='page_1' title='image "/cluster/home/n/w/nwhite01/storage/ocr_20150623/160/uva.x000829802/438.png"; bbox 0 0 3960 6198; ppageno 0'>
   <div class='ocr_carea' id='block_1_1' title="bbox 263 260 372 316">
    <p class='ocr_par' dir='ltr' id='par_1_1' title="bbox 263 260 372 316">
     <span class='ocr_line' id='line_1_1' title="bbox 263 260 372 316; baseline 0 0"><span class='ocrx_word' id='word_1_1' title='bbox 263 260 372 316; x_wconf 76' lang='lat'><strong>865</strong></span> 
     </span>
    </p>
   </div>
   <div class='ocr_carea' id='block_1_2' title="bbox 1686 255 2185 314">
    <p class='ocr_par' dir='ltr' id='par_1_2' title="bbox 1686 255 2185 314">
     <span class='ocr_line' id='line_1_2' title="bbox 1686 255 2185 314; baseline -0.002 -2"><span class='ocrx_word' id='word_1_2' title='bbox 1686 257 1872 314; x_wconf 82' lang='lat' dir='ltr'><strong>LIBER</strong></span> <span class='ocrx_word' id='word_1_3' title='bbox 1913 255 2185 314; x_wconf 75' lang='lat' dir='ltr'><strong>PRIMUS.</strong></span> 
     </span>
    </p>
   </div>
   <div class='ocr_carea' id='block_1_3' title="bbox 3491 257 3598 315">
    <p class='ocr_par' dir='ltr' id='par_1_3' title="bbox 3491 257 3598 315">
     <span class='ocr_line' id='line_1_3' title="bbox 3491 257 3598 315; baseline 0.019 -2"><span class='ocrx_word' id='word_1_4' title='bbox 3491 257 3598 315; x_wconf 86' lang='lat'><strong>866</strong></span> 
     </span>
    </p>
   </div>
   <div class='ocr_carea' id='block_1_4' title="bbox 263 379 3598 458">
    <p class='ocr_par' dir='ltr' id='par_1_4' title="bbox 263 379 3598 458">
     <span class='ocr_line' id='line_1_4' title="bbox 263 379 3598 458; baseline -0.002 -15"><span class='ocrx_word' id='word_1_5' title='bbox 263 401 454 443; x_wconf 89' lang='lat' dir='ltr'><strong>eorum</strong></span> <span class='ocrx_word' id='word_1_6' title='bbox 510 387 579 421; x_wconf 80' lang='grc'><strong>⁶⁰⁶</strong></span> <span class='ocrx_word' id='word_1_7' title='bbox 623 385 978 457; x_wconf 84' lang='lat' dir='ltr'><strong>perveniens,</strong></span> <span class='ocrx_word' id='word_1_8' title='bbox 1031 395 1165 456; x_wconf 90' lang='lat' dir='ltr'><strong>aput</strong></span> <span class='ocrx_word' id='word_1_9' title='bbox 1202 391 1434 440; x_wconf 81' lang='lat' dir='ltr'><strong>matrem</strong></span> <span class='ocrx_word' id='word_1_10' title='bbox 1495 394 1551 441; x_wconf 91' lang='lat' dir='ltr'><strong>et</strong></span> <span class='ocrx_word' id='word_1_11' title='bbox 1598 385 1891 458; x_wconf 85' lang='lat' dir='ltr'><strong>imperato-</strong></span> <span class='ocrx_word' id='word_1_12' title='bbox 1911 389 1966 457; x_wconf 77' lang='grc' dir='ltr'><strong>Α</strong></span> <span class='ocrx_word' id='word_1_13' title='bbox 1993 381 2259 456; x_wconf 81' lang='lat' dir='ltr'><strong>proﬁciat.</strong></span> <span class='ocrx_word' id='word_1_14' title='bbox 2313 381 2613 437; x_wconf 85' lang='lat' dir='ltr'><strong>Kasimirus</strong></span> <span class='ocrx_word' id='word_1_15' title='bbox 2642 397 2774 456; x_wconf 90' lang='lat' dir='ltr'><strong>ergo</strong></span> <span class='ocrx_word' id='word_1_16' title='bbox 2811 383 2880 419; x_wconf 83' lang='grc'><strong>⁸¹⁶</strong></span> <span class='ocrx_word' id='word_1_17' title='bbox 2930 381 3079 454; x_wconf 88' lang='lat' dir='ltr'><strong>apud</strong></span> <span class='ocrx_word' id='word_1_18' title='bbox 3125 379 3500 437; x_wconf 85' lang='lat' dir='ltr'><strong>Theutonicos</strong></span> <span class='ocrx_word' id='word_1_19' title='bbox 3530 382 3598 416; x_wconf 72' lang='lat'><strong>5“</strong></span> 
     </span>
    </p>
   </div>
   <div class='ocr_carea' id='block_1_5' title="bbox 265 477 1878 550">
    <p class='ocr_par' dir='ltr' id='par_1_5' title="bbox 265 477 1878 550">
     <span class='ocr_line' id='line_1_5' title="bbox 265 477 1878 550; baseline -0.001 -17"><span class='ocrx_word' id='word_1_20' title='bbox 265 495 380 534; x_wconf 91' lang='lat' dir='ltr'><strong>rem</strong></span> <span class='ocrx_word' id='word_1_21' title='bbox 423 479 554 548; x_wconf 79' lang='grc'><strong>(95).</strong></span> <span class='ocrx_word' id='word_1_22' title='bbox 587 485 792 550; x_wconf 90' lang='lat' dir='ltr'><strong>quanto</strong></span> <span class='ocrx_word' id='word_1_23' title='bbox 823 485 1070 548; x_wconf 92' lang='lat' dir='ltr'><strong>tempore</strong></span> <span class='ocrx_word' id='word_1_24' title='bbox 1103 478 1289 534; x_wconf 88' lang='lat' dir='ltr'><strong>nescio</strong></span> <span class='ocrx_word' id='word_1_25' title='bbox 1319 477 1482 534; x_wconf 86' lang='lat' dir='ltr'><strong>fuerit</strong></span> <span class='ocrx_word' id='word_1_26' title='bbox 1497 485 1878 543; x_wconf 89' lang='lat' dir='ltr'><strong>conversatus,</strong></span> 
     </span>
    </p>
   </div>
   <div class='ocr_carea' id='block_1_6' title="bbox 1980 473 3596 548">
    <p class='ocr_par' dir='ltr' id='par_1_6' title="bbox 1980 473 3596 548">
     <span class='ocr_line' id='line_1_6' title="bbox 1980 473 3596 548; baseline -0.004 -14"><span class='ocrx_word' id='word_1_27' title='bbox 1980 474 2380 548; x_wconf 87' lang='lat' dir='ltr'><strong>aliquantulum</strong></span> <span class='ocrx_word' id='word_1_28' title='bbox 2429 483 2787 530; x_wconf 78' lang='lat' dir='ltr'><strong>conversatus</strong></span> <span class='ocrx_word' id='word_1_29' title='bbox 2843 475 2913 509; x_wconf 77' lang='grc'><strong>⁶¹⁶</strong></span> <span class='ocrx_word' id='word_1_30' title='bbox 2976 490 3344 547; x_wconf 77' lang='lat' dir='ltr'><strong>magnamque</strong></span> <span class='ocrx_word' id='word_1_31' title='bbox 3399 473 3596 529; x_wconf 81' lang='lat' dir='ltr'><strong>famam</strong></span> 
     </span>
    </p>
   </div>
   <div class='ocr_carea' id='block_1_7' title="bbox 264 564 3602 640">
    <p class='ocr_par' dir='ltr' id='par_1_7' title="bbox 264 564 3602 640">
     <span class='ocr_line' id='line_1_7' title="bbox 264 564 3602 640; baseline -0.002 -16"><span class='ocrx_word' id='word_1_32' title='bbox 264 568 365 624; x_wconf 91' lang='lat' dir='ltr'><strong>sed</strong></span> <span class='ocrx_word' id='word_1_33' title='bbox 409 567 465 622; x_wconf 93' lang='lat' dir='ltr'><strong>in</strong></span> <span class='ocrx_word' id='word_1_34' title='bbox 510 574 633 622; x_wconf 89' lang='lat' dir='ltr'><strong>actu</strong></span> <span class='ocrx_word' id='word_1_35' title='bbox 665 567 886 622; x_wconf 90' lang='lat' dir='ltr'><strong>militari</strong></span> <span class='ocrx_word' id='word_1_36' title='bbox 939 567 1099 621; x_wconf 86' lang='lat' dir='ltr'><strong>miles</strong></span> <span class='ocrx_word' id='word_1_37' title='bbox 1156 566 1558 621; x_wconf 91' lang='lat' dir='ltr'><strong>audacissimus</strong></span> <span class='ocrx_word' id='word_1_38' title='bbox 1589 567 1767 622; x_wconf 85' lang='lat' dir='ltr'><strong>extitit</strong></span> <span class='ocrx_word' id='word_1_39' title='bbox 1811 566 1881 600; x_wconf 76' lang='grc'><strong>⁴⁹⁶</strong></span> <span class='ocrx_word' id='word_1_40' title='bbox 1981 569 2062 625; x_wconf 90' lang='lat' dir='ltr'><strong>ibi</strong></span> <span class='ocrx_word' id='word_1_41' title='bbox 2091 566 2342 622; x_wconf 81' lang='lat' dir='ltr'><strong>militaris</strong></span> <span class='ocrx_word' id='word_1_42' title='bbox 2393 565 2584 640; x_wconf 73' lang='lat' dir='ltr'><strong>gloriae</strong></span> <span class='ocrx_word' id='word_1_43' title='bbox 2617 577 2976 631; x_wconf 86' lang='lat' dir='ltr'><strong>consecutus,</strong></span> <span class='ocrx_word' id='word_1_44' title='bbox 3009 565 3292 620; x_wconf 90' lang='lat' dir='ltr'><strong>Poloniam</strong></span> <span class='ocrx_word' id='word_1_45' title='bbox 3327 581 3386 620; x_wconf 88' lang='lat' dir='ltr'><strong>se</strong></span> <span class='ocrx_word' id='word_1_46' title='bbox 3419 564 3602 620; x_wconf 90' lang='lat' dir='ltr'><strong>redire</strong></span> 
     </span>
    </p>
   </div>
   <div class='ocr_carea' id='block_1_8' title="bbox 266 653 1882 726">
    <p class='ocr_par' dir='ltr' id='par_1_8' title="bbox 266 653 1882 726">
     <span class='ocr_line' id='line_1_8' title="bbox 266 653 1882 726; baseline -0.001 -16"><span class='ocrx_word' id='word_1_47' title='bbox 266 655 676 725; x_wconf 88' lang='lat' dir='ltr'><strong>comprobatus.</strong></span> <span class='ocrx_word' id='word_1_48' title='bbox 740 654 848 709; x_wconf 89' lang='lat' dir='ltr'><strong>Sed</strong></span> <span class='ocrx_word' id='word_1_49' title='bbox 899 653 1180 726; x_wconf 86' lang='lat' dir='ltr'><strong>paulisper</strong></span> <span class='ocrx_word' id='word_1_50' title='bbox 1225 671 1348 710; x_wconf 89' lang='lat' dir='ltr'><strong>eum</strong></span> <span class='ocrx_word' id='word_1_51' title='bbox 1399 671 1521 710; x_wconf 90' lang='lat' dir='ltr'><strong>cum</strong></span> <span class='ocrx_word' id='word_1_52' title='bbox 1565 663 1738 710; x_wconf 89' lang='lat' dir='ltr'><strong>matre</strong></span> <span class='ocrx_word' id='word_1_53' title='bbox 1794 670 1882 708; x_wconf 91' lang='lat' dir='ltr'><strong>re-</strong></span> 
     </span>
    </p>
   </div>
   <div class='ocr_carea' id='block_1_9' title="bbox 266 745 1881 818">
    <p class='ocr_par' dir='ltr' id='par_1_9' title="bbox 266 745 1881 818">
     <span class='ocr_line' id='line_1_9' title="bbox 266 745 1881 818; baseline -0.001 -17"><span class='ocrx_word' id='word_1_54' title='bbox 266 747 558 818; x_wconf 88' lang='lat' dir='ltr'><strong>quiescere</strong></span> <span class='ocrx_word' id='word_1_55' title='bbox 576 745 980 818; x_wconf 84' lang='lat' dir='ltr'><strong>permittamus,</strong></span> <span class='ocrx_word' id='word_1_56' title='bbox 1011 755 1066 803; x_wconf 90' lang='lat' dir='ltr'><strong>et</strong></span> <span class='ocrx_word' id='word_1_57' title='bbox 1094 747 1163 802; x_wconf 88' lang='lat' dir='ltr'><strong>ad</strong></span> <span class='ocrx_word' id='word_1_58' title='bbox 1195 746 1594 803; x_wconf 87' lang='lat' dir='ltr'><strong>desolationem</strong></span> <span class='ocrx_word' id='word_1_59' title='bbox 1627 756 1681 802; x_wconf 90' lang='lat' dir='ltr'><strong>et</strong></span> <span class='ocrx_word' id='word_1_60' title='bbox 1707 747 1881 801; x_wconf 91' lang='lat' dir='ltr'><strong>deva-</strong></span> 
     </span>
    </p>
   </div>
   <div class='ocr_carea' id='block_1_10' title="bbox 269 838 1275 895">
    <p class='ocr_par' dir='ltr' id='par_1_10' title="bbox 269 838 1275 895">
     <span class='ocr_line' id='line_1_10' title="bbox 269 838 1275 895; baseline -0.002 -1"><span class='ocrx_word' id='word_1_61' title='bbox 269 839 561 894; x_wconf 89' lang='lat' dir='ltr'><strong>stationem</strong></span> <span class='ocrx_word' id='word_1_62' title='bbox 594 838 834 894; x_wconf 76' lang='lat' dir='ltr'><strong>Polonise</strong></span> <span class='ocrx_word' id='word_1_63' title='bbox 868 839 1158 895; x_wconf 86' lang='lat' dir='ltr'><strong>redeamus</strong></span> <span class='ocrx_word' id='word_1_64' title='bbox 1188 839 1275 892; x_wconf 72' lang='lat'><strong>‘97.</strong></span> 
     </span>
    </p>
   </div>
   <div class='ocr_carea' id='block_1_11' title="bbox 271 971 1886 1041">
    <p class='ocr_par' dir='ltr' id='par_1_11' title="bbox 271 971 1886 1041">
     <span class='ocr_line' id='line_1_11' title="bbox 271 971 1886 1041; baseline 0 -15"><span class='ocrx_word' id='word_1_65' title='bbox 271 971 363 1027; x_wconf 91' lang='grc'><strong>19.</strong></span> <span class='ocrx_word' id='word_1_66' title='bbox 385 976 455 1026; x_wconf 90' lang='lat' dir='ltr'><strong>De</strong></span> <span class='ocrx_word' id='word_1_67' title='bbox 478 971 808 1026; x_wconf 79' lang='lat' dir='ltr'><strong>rehabitione</strong></span> <span class='ocrx_word' id='word_1_68' title='bbox 834 973 990 1040; x_wconf 83' lang='lat' dir='ltr'><strong>regni</strong></span> <span class='ocrx_word' id='word_1_69' title='bbox 1034 972 1264 1026; x_wconf 69' lang='lat' dir='ltr'><strong>Polonia</strong></span> <span class='ocrx_word' id='word_1_70' title='bbox 1293 971 1360 1006; x_wconf 70' lang='lat'><strong>‘9&#39;</strong></span> <span class='ocrx_word' id='word_1_71' title='bbox 1398 986 1494 1041; x_wconf 85' lang='lat' dir='ltr'><strong>per</strong></span> <span class='ocrx_word' id='word_1_72' title='bbox 1533 973 1886 1040; x_wconf 68' lang='lat' dir='ltr'><strong>Kazimirum,</strong></span> 
     </span>
    </p>
   </div>
   <div class='ocr_carea' id='block_1_12' title="bbox 721 1058 1437 1131">
    <p class='ocr_par' dir='ltr' id='par_1_12' title="bbox 721 1058 1437 1131">
     <span class='ocr_line' id='line_1_12' title="bbox 721 1058 1437 1131; baseline 0.003 -17"><span class='ocrx_word' id='word_1_73' title='bbox 721 1064 815 1130; x_wconf 89' lang='lat' dir='ltr'><strong>qui</strong></span> <span class='ocrx_word' id='word_1_74' title='bbox 834 1063 944 1128; x_wconf 79' lang='lat' dir='ltr'><strong>fuit</strong></span> <span class='ocrx_word' id='word_1_75' title='bbox 981 1063 1277 1116; x_wconf 78' lang='lat' dir='ltr'><strong>monachus</strong></span> <span class='ocrx_word' id='word_1_76' title='bbox 1307 1058 1437 1131; x_wconf 84' lang='grc'><strong>(96).</strong></span> 
     </span>
    </p>
   </div>
   <div class='ocr_carea' id='block_1_13' title="bbox 347 1171 1891 1244">
    <p class='ocr_par' dir='ltr' id='par_1_13' title="bbox 347 1171 1891 1244">
     <span class='ocr_line' id='line_1_13' title="bbox 347 1171 1891 1244; baseline 0 -18"><span class='ocrx_word' id='word_1_77' title='bbox 347 1171 564 1226; x_wconf 91' lang='lat' dir='ltr'><strong>Interea</strong></span> <span class='ocrx_word' id='word_1_78' title='bbox 597 1186 752 1244; x_wconf 85' lang='lat' dir='ltr'><strong>reges</strong></span> <span class='ocrx_word' id='word_1_79' title='bbox 791 1177 846 1226; x_wconf 89' lang='lat' dir='ltr'><strong>et</strong></span> <span class='ocrx_word' id='word_1_80' title='bbox 875 1171 1046 1226; x_wconf 87' lang='lat' dir='ltr'><strong>duces</strong></span> <span class='ocrx_word' id='word_1_81' title='bbox 1072 1171 1127 1226; x_wconf 89' lang='lat' dir='ltr'><strong>in</strong></span> <span class='ocrx_word' id='word_1_82' title='bbox 1167 1171 1398 1227; x_wconf 89' lang='lat' dir='ltr'><strong>circuitu</strong></span> <span class='ocrx_word' id='word_1_83' title='bbox 1426 1171 1710 1228; x_wconf 84' lang='lat' dir='ltr'><strong>Po‘oniam</strong></span> <span class='ocrx_word' id='word_1_84' title='bbox 1742 1172 1891 1243; x_wconf 86' lang='lat' dir='ltr'><strong>quis-</strong></span> 
     </span>
    </p>
   </div>
   <div class='ocr_carea' id='block_1_14' title="bbox 271 1259 1892 1334">
    <p class='ocr_par' dir='ltr' id='par_1_14' title="bbox 271 1259 1892 1334">
     <span class='ocr_line' id='line_1_14' title="bbox 271 1259 1892 1334; baseline 0 -18"><span class='ocrx_word' id='word_1_85' title='bbox 271 1278 382 1334; x_wconf 90' lang='lat' dir='ltr'><strong>que</strong></span> <span class='ocrx_word' id='word_1_86' title='bbox 405 1261 474 1316; x_wconf 91' lang='lat' dir='ltr'><strong>de</strong></span> <span class='ocrx_word' id='word_1_87' title='bbox 503 1270 654 1332; x_wconf 86' lang='lat' dir='ltr'><strong>parte</strong></span> <span class='ocrx_word' id='word_1_88' title='bbox 681 1277 778 1317; x_wconf 89' lang='lat' dir='ltr'><strong>sua</strong></span> <span class='ocrx_word' id='word_1_89' title='bbox 813 1259 1193 1327; x_wconf 90' lang='lat' dir='ltr'><strong>conculcabat,</strong></span> <span class='ocrx_word' id='word_1_90' title='bbox 1240 1275 1452 1333; x_wconf 91' lang='lat' dir='ltr'><strong>suoque</strong></span> <span class='ocrx_word' id='word_1_91' title='bbox 1477 1261 1726 1317; x_wconf 91' lang='lat' dir='ltr'><strong>dominio</strong></span> <span class='ocrx_word' id='word_1_92' title='bbox 1752 1262 1892 1317; x_wconf 88' lang='lat' dir='ltr'><strong>civi-</strong></span> 
     </span>
    </p>
   </div>
   <div class='ocr_carea' id='block_1_15' title="bbox 277 1349 1892 1424">
    <p class='ocr_par' dir='ltr' id='par_1_15' title="bbox 277 1349 1892 1424">
     <span class='ocr_line' id='line_1_15' title="bbox 277 1349 1892 1424; baseline 0.001 -19"><span class='ocrx_word' id='word_1_93' title='bbox 277 1359 418 1406; x_wconf 88' lang='lat' dir='ltr'><strong>tates</strong></span> <span class='ocrx_word' id='word_1_94' title='bbox 447 1350 684 1424; x_wconf 91' lang='lat' dir='ltr'><strong>quisque</strong></span> <span class='ocrx_word' id='word_1_95' title='bbox 710 1349 1049 1422; x_wconf 89' lang='lat' dir='ltr'><strong>castellaque</strong></span> <span class='ocrx_word' id='word_1_96' title='bbox 1071 1350 1325 1423; x_wconf 79' lang='lat' dir='ltr'><strong>contigua</strong></span> <span class='ocrx_word' id='word_1_97' title='bbox 1349 1349 1435 1404; x_wconf 89' lang='lat' dir='ltr'><strong>vel</strong></span> <span class='ocrx_word' id='word_1_98' title='bbox 1463 1349 1778 1422; x_wconf 88' lang='lat' dir='ltr'><strong>applicabat</strong></span> <span class='ocrx_word' id='word_1_99' title='bbox 1806 1353 1892 1406; x_wconf 89' lang='lat' dir='ltr'><strong>vel</strong></span> 
     </span>
    </p>
   </div>
   <div class='ocr_carea' id='block_1_16' title="bbox 279 1442 1894 1515">
    <p class='ocr_par' dir='ltr' id='par_1_16' title="bbox 279 1442 1894 1515">
     <span class='ocr_line' id='line_1_16' title="bbox 279 1442 1894 1515; baseline 0 -16"><span class='ocrx_word' id='word_1_100' title='bbox 279 1443 552 1499; x_wconf 89' lang='lat' dir='ltr'><strong>vincendo</strong></span> <span class='ocrx_word' id='word_1_101' title='bbox 585 1451 742 1498; x_wconf 68' lang='lat' dir='ltr'><strong>terrae</strong></span> <span class='ocrx_word' id='word_1_102' title='bbox 774 1443 841 1477; x_wconf 78' lang='grc'>⁴⁹⁹</span> <span class='ocrx_word' id='word_1_103' title='bbox 868 1443 1208 1515; x_wconf 69' lang='lat' dir='ltr'><strong>coaequabal.</strong></span> <span class='ocrx_word' id='word_1_104' title='bbox 1255 1442 1317 1498; x_wconf 87' lang='lat' dir='ltr'><strong>Et</strong></span> <span class='ocrx_word' id='word_1_105' title='bbox 1359 1459 1482 1498; x_wconf 91' lang='lat' dir='ltr'><strong>cum</strong></span> <span class='ocrx_word' id='word_1_106' title='bbox 1511 1450 1715 1499; x_wconf 84' lang='lat' dir='ltr'><strong>tantam</strong></span> <span class='ocrx_word' id='word_1_107' title='bbox 1749 1443 1894 1514; x_wconf 87' lang='lat' dir='ltr'><strong>inju-</strong></span> 
     </span>
    </p>
   </div>
   <div class='ocr_carea' id='block_1_17' title="bbox 280 1533 1887 1606">
    <p class='ocr_par' dir='ltr' id='par_1_17' title="bbox 280 1533 1887 1606">
     <span class='ocr_line' id='line_1_17' title="bbox 280 1533 1887 1606; baseline 0 -16"><span class='ocrx_word' id='word_1_108' title='bbox 280 1537 417 1590; x_wconf 90' lang='lat' dir='ltr'><strong>riam</strong></span> <span class='ocrx_word' id='word_1_109' title='bbox 447 1542 501 1590; x_wconf 91' lang='lat' dir='ltr'><strong>et</strong></span> <span class='ocrx_word' id='word_1_110' title='bbox 529 1534 900 1590; x_wconf 85' lang='lat' dir='ltr'><strong>calamitatem</strong></span> <span class='ocrx_word' id='word_1_111' title='bbox 933 1533 1002 1588; x_wconf 90' lang='lat' dir='ltr'><strong>ab</strong></span> <span class='ocrx_word' id='word_1_112' title='bbox 1025 1534 1303 1592; x_wconf 85' lang='lat' dir='ltr'><strong>extraneis</strong></span> <span class='ocrx_word' id='word_1_113' title='bbox 1333 1533 1560 1591; x_wconf 87' lang='lat' dir='ltr'><strong>Polonia</strong></span> <span class='ocrx_word' id='word_1_114' title='bbox 1588 1543 1887 1606; x_wconf 89' lang='lat' dir='ltr'><strong>pateretur,</strong></span> 
     </span>
    </p>
   </div>
   <div class='ocr_carea' id='block_1_18' title="bbox 1984 653 3602 728">
    <p class='ocr_par' dir='ltr' id='par_1_18' title="bbox 1984 653 3602 728">
     <span class='ocr_line' id='line_1_18' title="bbox 1984 653 3602 728; baseline -0.002 -15"><span class='ocrx_word' id='word_1_115' title='bbox 1984 657 2279 728; x_wconf 87' lang='lat' dir='ltr'><strong>disposuit,</strong></span> <span class='ocrx_word' id='word_1_116' title='bbox 2335 655 2564 727; x_wconf 89' lang='lat' dir='ltr'><strong>illutque</strong></span> <span class='ocrx_word' id='word_1_117' title='bbox 2595 654 2755 709; x_wconf 89' lang='lat' dir='ltr'><strong>matri</strong></span> <span class='ocrx_word' id='word_1_118' title='bbox 2785 654 3055 709; x_wconf 87' lang='lat' dir='ltr'><strong>secretius</strong></span> <span class='ocrx_word' id='word_1_119' title='bbox 3094 653 3375 709; x_wconf 75' lang='lat' dir='ltr'><strong>indicavit.</strong></span> <span class='ocrx_word' id='word_1_120' title='bbox 3433 654 3602 720; x_wconf 85' lang='lat' dir='ltr'><strong>Quem</strong></span> 
     </span>
    </p>
   </div>
   <div class='ocr_carea' id='block_1_19' title="bbox 1985 743 3606 817">
    <p class='ocr_par' dir='ltr' id='par_1_19' title="bbox 1985 743 3606 817">
     <span class='ocr_line' id='line_1_19' title="bbox 1985 743 3606 817; baseline -0.002 -14"><span class='ocrx_word' id='word_1_121' title='bbox 1985 763 2111 803; x_wconf 91' lang='lat' dir='ltr'><strong>cum</strong></span> <span class='ocrx_word' id='word_1_122' title='bbox 2139 751 2312 800; x_wconf 88' lang='lat' dir='ltr'><strong>mater</strong></span> <span class='ocrx_word' id='word_1_123' title='bbox 2338 745 2741 807; x_wconf 85' lang='lat' dir='ltr'><strong>dehortaretur,</strong></span> <span class='ocrx_word' id='word_1_124' title='bbox 2789 760 2857 799; x_wconf 90' lang='lat' dir='ltr'><strong>ne</strong></span> <span class='ocrx_word' id='word_1_125' title='bbox 2905 743 2972 799; x_wconf 88' lang='lat' dir='ltr'><strong>ad</strong></span> <span class='ocrx_word' id='word_1_126' title='bbox 3005 751 3224 817; x_wconf 77' lang='lat' dir='ltr'><strong>gentem</strong></span> <span class='ocrx_word' id='word_1_127' title='bbox 3257 744 3518 815; x_wconf 72' lang='lat' dir='ltr'><strong>perfidam</strong></span> <span class='ocrx_word' id='word_1_128' title='bbox 3552 753 3606 799; x_wconf 90' lang='lat' dir='ltr'><strong>et</strong></span> 
     </span>
    </p>
   </div>
   <div class='ocr_carea' id='block_1_20' title="bbox 1988 835 3604 902">
    <p class='ocr_par' dir='ltr' id='par_1_20' title="bbox 1988 835 3604 902">
     <span class='ocr_line' id='line_1_20' title="bbox 1988 835 3604 902; baseline -0.003 -8"><span class='ocrx_word' id='word_1_129' title='bbox 1988 837 2236 894; x_wconf 90' lang='lat' dir='ltr'><strong>nondum</strong></span> <span class='ocrx_word' id='word_1_130' title='bbox 2266 836 2408 891; x_wconf 87' lang='lat' dir='ltr'><strong>bene</strong></span> <span class='ocrx_word' id='word_1_131' title='bbox 2439 835 2794 891; x_wconf 86' lang='lat' dir='ltr'><strong>christianam</strong></span> <span class='ocrx_word' id='word_1_132' title='bbox 2838 835 3065 902; x_wconf 84' lang='lat' dir='ltr'><strong>rediret,</strong></span> <span class='ocrx_word' id='word_1_133' title='bbox 3103 835 3201 890; x_wconf 89' lang='lat' dir='ltr'><strong>sed</strong></span> <span class='ocrx_word' id='word_1_134' title='bbox 3243 835 3604 890; x_wconf 83' lang='lat' dir='ltr'><strong>hereditatem</strong></span> 
     </span>
    </p>
   </div>
   <div class='ocr_carea' id='block_1_21' title="bbox 1988 925 3608 999">
    <p class='ocr_par' dir='ltr' id='par_1_21' title="bbox 1988 925 3608 999">
     <span class='ocr_line' id='line_1_21' title="bbox 1988 925 3608 999; baseline -0.004 -14"><span class='ocrx_word' id='word_1_135' title='bbox 1988 936 2291 985; x_wconf 87' lang='lat' dir='ltr'><strong>maternam</strong></span> <span class='ocrx_word' id='word_1_136' title='bbox 2320 926 2547 999; x_wconf 76' lang='lat' dir='ltr'><strong>pacifice</strong></span> <span class='ocrx_word' id='word_1_137' title='bbox 2575 927 2905 998; x_wconf 86' lang='lat' dir='ltr'><strong>possideret,</strong></span> <span class='ocrx_word' id='word_1_138' title='bbox 2940 934 2994 982; x_wconf 89' lang='lat' dir='ltr'><strong>et</strong></span> <span class='ocrx_word' id='word_1_139' title='bbox 3019 942 3144 982; x_wconf 90' lang='lat' dir='ltr'><strong>cum</strong></span> <span class='ocrx_word' id='word_1_140' title='bbox 3165 926 3328 981; x_wconf 89' lang='lat' dir='ltr'><strong>etiam</strong></span> <span class='ocrx_word' id='word_1_141' title='bbox 3361 925 3608 996; x_wconf 84' lang='lat' dir='ltr'><strong>impera-</strong></span> 
     </span>
    </p>
   </div>
   <div class='ocr_carea' id='block_1_22' title="bbox 1989 1014 3606 1090">
    <p class='ocr_par' dir='ltr' id='par_1_22' title="bbox 1989 1014 3606 1090">
     <span class='ocr_line' id='line_1_22' title="bbox 1989 1014 3606 1090; baseline -0.003 -18"><span class='ocrx_word' id='word_1_142' title='bbox 1989 1024 2075 1072; x_wconf 91' lang='lat' dir='ltr'><strong>tor</strong></span> <span class='ocrx_word' id='word_1_143' title='bbox 2111 1033 2237 1072; x_wconf 89' lang='lat' dir='ltr'><strong>eum</strong></span> <span class='ocrx_word' id='word_1_144' title='bbox 2280 1032 2568 1071; x_wconf 89' lang='lat' dir='ltr'><strong>remanere</strong></span> <span class='ocrx_word' id='word_1_145' title='bbox 2627 1033 2818 1072; x_wconf 89' lang='lat' dir='ltr'><strong>secum</strong></span> <span class='ocrx_word' id='word_1_146' title='bbox 2868 1023 3108 1090; x_wconf 90' lang='lat' dir='ltr'><strong>rogaret,</strong></span> <span class='ocrx_word' id='word_1_147' title='bbox 3161 1016 3324 1087; x_wconf 89' lang='lat' dir='ltr'><strong>eique</strong></span> <span class='ocrx_word' id='word_1_148' title='bbox 3350 1014 3606 1069; x_wconf 86' lang='lat' dir='ltr'><strong>ducatum</strong></span> 
     </span>
    </p>
   </div>
   <div class='ocr_carea' id='block_1_23' title="bbox 1987 1102 3612 1177">
    <p class='ocr_par' dir='ltr' id='par_1_23' title="bbox 1987 1102 3612 1177">
     <span class='ocr_line' id='line_1_23' title="bbox 1987 1102 3612 1177; baseline -0.004 -16"><span class='ocrx_word' id='word_1_149' title='bbox 1987 1106 2122 1161; x_wconf 87' lang='lat' dir='ltr'><strong>satis</strong></span> <span class='ocrx_word' id='word_1_150' title='bbox 2143 1103 2495 1177; x_wconf 78' lang='lat' dir='ltr'><strong>magniﬁcum</strong></span> <span class='ocrx_word' id='word_1_151' title='bbox 2545 1104 2677 1159; x_wconf 90' lang='lat' dir='ltr'><strong>dare</strong></span> <span class='ocrx_word' id='word_1_152' title='bbox 2713 1104 2903 1168; x_wconf 84' lang='lat' dir='ltr'><strong>vellet,</strong></span> <span class='ocrx_word' id='word_1_153' title='bbox 2959 1102 3386 1175; x_wconf 77' lang='lat' dir='ltr'><strong>proverbialiter</strong></span> <span class='ocrx_word' id='word_1_154' title='bbox 3421 1109 3612 1174; x_wconf 84' lang='lat' dir='ltr'><strong>utpote</strong></span> 
     </span>
    </p>
   </div>
   <div class='ocr_carea' id='block_1_24' title="bbox 1991 1198 3610 1270">
    <p class='ocr_par' dir='ltr' id='par_1_24' title="bbox 1991 1198 3610 1270">
     <span class='ocr_line' id='line_1_24' title="bbox 1991 1198 3610 1270; baseline -0.001 -16"><span class='ocrx_word' id='word_1_155' title='bbox 1991 1199 2155 1255; x_wconf 92' lang='lat' dir='ltr'><strong>homo</strong></span> <span class='ocrx_word' id='word_1_156' title='bbox 2185 1199 2448 1254; x_wconf 90' lang='lat' dir='ltr'><strong>liberatus</strong></span> <span class='ocrx_word' id='word_1_157' title='bbox 2477 1198 2794 1270; x_wconf 88' lang='lat' dir='ltr'><strong>respondit:</strong></span> <span class='ocrx_word' id='word_1_158' title='bbox 2854 1200 3010 1254; x_wconf 81' lang='lat' dir='ltr'><strong>Natta</strong></span> <span class='ocrx_word' id='word_1_159' title='bbox 3055 1200 3318 1254; x_wconf 78' lang='lat' dir='ltr'><strong>hereditas</strong></span> <span class='ocrx_word' id='word_1_160' title='bbox 3355 1213 3610 1254; x_wconf 84' lang='lat' dir='ltr'><strong>avuncu-</strong></span> 
     </span>
    </p>
   </div>
   <div class='ocr_carea' id='block_1_25' title="bbox 1992 1290 3610 1361">
    <p class='ocr_par' dir='ltr' id='par_1_25' title="bbox 1992 1290 3610 1361">
     <span class='ocr_line' id='line_1_25' title="bbox 1992 1290 3610 1361; baseline -0.001 -15"><span class='ocrx_word' id='word_1_161' title='bbox 1992 1295 2168 1348; x_wconf 83' lang='lat' dir='ltr'><strong>lorum</strong></span> <span class='ocrx_word' id='word_1_162' title='bbox 2190 1291 2298 1358; x_wconf 77' lang='lat'><strong>(98)</strong></span> <span class='ocrx_word' id='word_1_163' title='bbox 2336 1293 2416 1346; x_wconf 78' lang='lat' dir='ltr'><strong>vel</strong></span> <span class='ocrx_word' id='word_1_164' title='bbox 2458 1297 2710 1346; x_wconf 84' lang='lat' dir='ltr'><strong>materna</strong></span> <span class='ocrx_word' id='word_1_165' title='bbox 2730 1294 2938 1361; x_wconf 81' lang='lat' dir='ltr'><strong>justi-us</strong></span> <span class='ocrx_word' id='word_1_166' title='bbox 2984 1293 3066 1346; x_wconf 83' lang='lat' dir='ltr'><strong>vel</strong></span> <span class='ocrx_word' id='word_1_167' title='bbox 3095 1293 3362 1346; x_wconf 79' lang='lat' dir='ltr'><strong>honestius</strong></span> <span class='ocrx_word' id='word_1_168' title='bbox 3382 1290 3610 1360; x_wconf 84' lang='lat' dir='ltr'><strong>posside-</strong></span> 
     </span>
    </p>
   </div>
   <div class='ocr_carea' id='block_1_26' title="bbox 1993 1382 3614 1454">
    <p class='ocr_par' dir='ltr' id='par_1_26' title="bbox 1993 1382 3614 1454">
     <span class='ocr_line' id='line_1_26' title="bbox 1993 1382 3614 1454; baseline -0.002 -17"><span class='ocrx_word' id='word_1_169' title='bbox 1993 1384 2142 1438; x_wconf 87' lang='lat' dir='ltr'><strong>bitur</strong></span> <span class='ocrx_word' id='word_1_170' title='bbox 2169 1399 2332 1452; x_wconf 88' lang='lat' dir='ltr'><strong>quam</strong></span> <span class='ocrx_word' id='word_1_171' title='bbox 2359 1390 2591 1452; x_wconf 86' lang='lat' dir='ltr'><strong>paterna</strong></span> <span class='ocrx_word' id='word_1_172' title='bbox 2633 1383 2719 1434; x_wconf 67' lang='lat'><strong>5”.</strong></span> <span class='ocrx_word' id='word_1_173' title='bbox 2757 1382 2819 1437; x_wconf 83' lang='lat' dir='ltr'><strong>Et</strong></span> <span class='ocrx_word' id='word_1_174' title='bbox 2870 1383 2938 1417; x_wconf 80' lang='grc'><strong>⁵¹⁸</strong></span> <span class='ocrx_word' id='word_1_175' title='bbox 2965 1383 3265 1454; x_wconf 87' lang='lat' dir='ltr'><strong>assumptis</strong></span> <span class='ocrx_word' id='word_1_176' title='bbox 3294 1398 3482 1438; x_wconf 90' lang='lat' dir='ltr'><strong>secum</strong></span> <span class='ocrx_word' id='word_1_177' title='bbox 3514 1382 3614 1435; x_wconf 85' lang='lat' dir='ltr'><strong>mi-</strong></span> 
     </span>
    </p>
   </div>
   <div class='ocr_carea' id='block_1_27' title="bbox 1995 1469 3610 1542">
    <p class='ocr_par' dir='ltr' id='par_1_27' title="bbox 1995 1469 3610 1542">
     <span class='ocr_line' id='line_1_27' title="bbox 1995 1469 3610 1542; baseline 0.001 -17"><span class='ocrx_word' id='word_1_178' title='bbox 1995 1471 2186 1527; x_wconf 90' lang='lat' dir='ltr'><strong>litibus</strong></span> <span class='ocrx_word' id='word_1_179' title='bbox 2203 1472 2308 1526; x_wconf 80' lang='grc'>500</span> <span class='ocrx_word' id='word_1_180' title='bbox 2345 1472 2437 1538; x_wconf 71' lang='lat'><strong>5&quot;,</strong></span> <span class='ocrx_word' id='word_1_181' title='bbox 2469 1471 2708 1528; x_wconf 68' lang='lat' dir='ltr'><strong>Polonia:</strong></span> <span class='ocrx_word' id='word_1_182' title='bbox 2743 1469 2883 1526; x_wconf 82' lang='lat' dir='ltr'><strong>fines</strong></span> <span class='ocrx_word' id='word_1_183' title='bbox 2914 1471 3156 1526; x_wconf 88' lang='lat' dir='ltr'><strong>introivit</strong></span> <span class='ocrx_word' id='word_1_184' title='bbox 3186 1471 3318 1542; x_wconf 83' lang='lat'><strong>(99),</strong></span> <span class='ocrx_word' id='word_1_185' title='bbox 3353 1471 3610 1526; x_wconf 82' lang='lat' dir='ltr'><strong>ulterius-</strong></span> 
     </span>
    </p>
   </div>
   <div class='ocr_carea' id='block_1_28' title="bbox 1993 1562 3613 1638">
    <p class='ocr_par' dir='ltr' id='par_1_28' title="bbox 1993 1562 3613 1638">
     <span class='ocr_line' id='line_1_28' title="bbox 1993 1562 3613 1638; baseline 0 -20"><span class='ocrx_word' id='word_1_186' title='bbox 1993 1579 2103 1634; x_wconf 91' lang='lat' dir='ltr'><strong>que</strong></span> <span class='ocrx_word' id='word_1_187' title='bbox 2134 1563 2519 1638; x_wconf 75' lang='lat' dir='ltr'><strong>progrediens,</strong></span> <span class='ocrx_word' id='word_1_188' title='bbox 2549 1573 2790 1619; x_wconf 88' lang='lat' dir='ltr'><strong>castrum</strong></span> <span class='ocrx_word' id='word_1_189' title='bbox 2824 1563 3102 1635; x_wconf 89' lang='lat' dir='ltr'><strong>quoddam</strong></span> <span class='ocrx_word' id='word_1_190' title='bbox 3133 1579 3162 1617; x_wconf 89' lang='lat' dir='ltr'><strong>a</strong></span> <span class='ocrx_word' id='word_1_191' title='bbox 3200 1562 3315 1617; x_wconf 91' lang='lat' dir='ltr'><strong>suis</strong></span> <span class='ocrx_word' id='word_1_192' title='bbox 3340 1562 3447 1618; x_wconf 91' lang='lat' dir='ltr'><strong>sibi</strong></span> <span class='ocrx_word' id='word_1_193' title='bbox 3488 1564 3613 1618; x_wconf 83' lang='lat' dir='ltr'><strong>red-</strong></span> 
     </span>
    </p>
   </div>
   <div class='ocr_carea' id='block_1_29' title="bbox 282 1625 3612 1724">
    <p class='ocr_par' dir='ltr' id='par_1_29' title="bbox 282 1625 3612 1724">
     <span class='ocr_line' id='line_1_29' title="bbox 282 1625 3612 1724; baseline 0 -18"><span class='ocrx_word' id='word_1_194' title='bbox 282 1627 784 1724; x_wconf 50' lang='grc' dir='ltr'><strong>ηδῇυηξίιξεὲδπιθξῑ</strong></span> <span class='ocrx_word' id='word_1_195' title='bbox 813 1625 882 1661; x_wconf 61' lang='grc'><strong>⁵00</strong></span> <span class='ocrx_word' id='word_1_196' title='bbox 910 1626 1094 1724; x_wconf 64' lang='grc' dir='ltr'><strong>θάὴυίξ</strong></span> <span class='ocrx_word' id='word_1_197' title='bbox 1115 1633 1169 1681; x_wconf 62' lang='grc' dir='ltr'><strong>οι</strong></span> <span class='ocrx_word' id='word_1_198' title='bbox 1197 1626 1672 1724; x_wconf 56' lang='grc' dir='ltr'><strong>εδδοἮίυθιξίῙίυῗ</strong></span> <span class='ocrx_word' id='word_1_199' title='bbox 1702 1643 1733 1681; x_wconf 72' lang='grc'>³</span> <span class='ocrx_word' id='word_1_200' title='bbox 1763 1643 1893 1724; x_wconf 67' lang='grc' dir='ltr'><strong>ΡΓο·</strong></span> <span class='ocrx_word' id='word_1_201' title='bbox 1918 1716 1962 1724; x_wconf 77' lang='lat'>__</span> <span class='ocrx_word' id='word_1_202' title='bbox 1991 1625 2165 1707; x_wconf 79' lang='lat' dir='ltr'><strong>ditum</strong></span> <span class='ocrx_word' id='word_1_203' title='bbox 2222 1625 2533 1724; x_wconf 68' lang='lat' dir='ltr'><strong>acquisivit,</strong></span> <span class='ocrx_word' id='word_1_204' title='bbox 2589 1651 2658 1707; x_wconf 90' lang='lat' dir='ltr'><strong>de</strong></span> <span class='ocrx_word' id='word_1_205' title='bbox 2733 1625 2858 1724; x_wconf 47' lang='lat' dir='ltr'><strong>quo.</strong></span> <span class='ocrx_word' id='word_1_206' title='bbox 2913 1651 3174 1723; x_wconf 87' lang='lat' dir='ltr'><strong>paulatim</strong></span> <span class='ocrx_word' id='word_1_207' title='bbox 3224 1652 3424 1707; x_wconf 89' lang='lat' dir='ltr'><strong>virtute</strong></span> <span class='ocrx_word' id='word_1_208' title='bbox 3489 1668 3612 1707; x_wconf 93' lang='lat' dir='ltr'><strong>cum</strong></span> 
     </span>
    </p>
   </div>
   <div class='ocr_carea' id='block_1_30' title="bbox 284 1716 3617 1818">
    <p class='ocr_par' dir='ltr' id='par_1_30' title="bbox 284 1716 3617 1818">
     <span class='ocr_line' id='line_1_30' title="bbox 284 1716 3617 1818; baseline 0.002 -45"><span class='ocrx_word' id='word_1_209' title='bbox 284 1718 421 1791; x_wconf 90' lang='lat' dir='ltr'><strong>priis</strong></span> <span class='ocrx_word' id='word_1_210' title='bbox 467 1717 876 1772; x_wconf 84' lang='lat' dir='ltr'><strong>habitatoribus</strong></span> <span class='ocrx_word' id='word_1_211' title='bbox 941 1717 1260 1774; x_wconf 81' lang='lat' dir='ltr'><strong>vexabatur.</strong></span> <span class='ocrx_word' id='word_1_212' title='bbox 1351 1717 1483 1774; x_wconf 87' lang='lat' dir='ltr'><strong>Nam</strong></span> <span class='ocrx_word' id='word_1_213' title='bbox 1527 1719 1583 1774; x_wconf 92' lang='lat' dir='ltr'><strong>in</strong></span> <span class='ocrx_word' id='word_1_214' title='bbox 1640 1716 2220 1818; x_wconf 64' lang='lat' dir='ltr'><strong>dominosBingeni0</strong></span> <span class='ocrx_word' id='word_1_215' title='bbox 2250 1716 2322 1778; x_wconf 71' lang='grc' dir='ltr'><strong>διό</strong></span> <span class='ocrx_word' id='word_1_216' title='bbox 2358 1716 2528 1799; x_wconf 50' lang='lat' dir='ltr'><strong>tota&quot;,</strong></span> <span class='ocrx_word' id='word_1_217' title='bbox 2570 1716 2852 1800; x_wconf 61' lang='lat' dir='ltr'><strong>pojoni&#39;am</strong></span> <span class='ocrx_word' id='word_1_218' title='bbox 2899 1716 2930 1798; x_wconf 54' lang='grc' dir='ltr'><strong>τί</strong></span> <span class='ocrx_word' id='word_1_219' title='bbox 2972 1743 3290 1799; x_wconf 61' lang='grc' dir='ltr'><strong>ροτηοηηίς</strong></span> <span class='ocrx_word' id='word_1_220' title='bbox 3319 1744 3385 1778; x_wconf 72' lang='lat' dir='ltr'><strong>Mt</strong></span> <span class='ocrx_word' id='word_1_221' title='bbox 3417 1750 3473 1798; x_wconf 63' lang='grc' dir='ltr'><strong>ει</strong></span> <span class='ocrx_word' id='word_1_222' title='bbox 3510 1745 3617 1800; x_wconf 75' lang='lat' dir='ltr'><strong>Bo-</strong></span> 
     </span>
    </p>
   </div>
   <div class='ocr_carea' id='block_1_31' title="bbox 281 1807 1894 1880">
    <p class='ocr_par' dir='ltr' id='par_1_31' title="bbox 281 1807 1894 1880">
     <span class='ocr_line' id='line_1_31' title="bbox 281 1807 1894 1880; baseline -0.001 -16"><span class='ocrx_word' id='word_1_223' title='bbox 281 1808 449 1876; x_wconf 89' lang='lat' dir='ltr'><strong>servi,</strong></span> <span class='ocrx_word' id='word_1_224' title='bbox 478 1814 669 1863; x_wconf 90' lang='lat' dir='ltr'><strong>contra</strong></span> <span class='ocrx_word' id='word_1_225' title='bbox 695 1807 913 1863; x_wconf 90' lang='lat' dir='ltr'><strong>nobiles</strong></span> <span class='ocrx_word' id='word_1_226' title='bbox 939 1807 1180 1875; x_wconf 89' lang='lat' dir='ltr'><strong>liberati,</strong></span> <span class='ocrx_word' id='word_1_227' title='bbox 1212 1824 1272 1863; x_wconf 92' lang='lat' dir='ltr'><strong>se</strong></span> <span class='ocrx_word' id='word_1_228' title='bbox 1313 1807 1466 1880; x_wconf 89' lang='lat' dir='ltr'><strong>ipsos</strong></span> <span class='ocrx_word' id='word_1_229' title='bbox 1498 1808 1552 1863; x_wconf 90' lang='lat' dir='ltr'><strong>in</strong></span> <span class='ocrx_word' id='word_1_230' title='bbox 1585 1808 1894 1864; x_wconf 90' lang='lat' dir='ltr'><strong>dominium</strong></span> 
     </span>
    </p>
   </div>
   <div class='ocr_carea' id='block_1_32' title="bbox 283 1896 1896 1964">
    <p class='ocr_par' dir='ltr' id='par_1_32' title="bbox 283 1896 1896 1964">
     <span class='ocr_line' id='line_1_32' title="bbox 283 1896 1896 1964; baseline -0.001 -10"><span class='ocrx_word' id='word_1_231' title='bbox 283 1897 616 1962; x_wconf 81' lang='lat' dir='ltr'><strong>extulerunt,</strong></span> <span class='ocrx_word' id='word_1_232' title='bbox 648 1896 771 1951; x_wconf 91' lang='lat' dir='ltr'><strong>aliis</strong></span> <span class='ocrx_word' id='word_1_233' title='bbox 802 1896 855 1951; x_wconf 92' lang='lat' dir='ltr'><strong>in</strong></span> <span class='ocrx_word' id='word_1_234' title='bbox 887 1897 1112 1953; x_wconf 88' lang='lat' dir='ltr'><strong>servitio</strong></span> <span class='ocrx_word' id='word_1_235' title='bbox 1138 1913 1295 1952; x_wconf 90' lang='lat' dir='ltr'><strong>versa</strong></span> <span class='ocrx_word' id='word_1_236' title='bbox 1325 1897 1446 1953; x_wconf 90' lang='lat' dir='ltr'><strong>vice</strong></span> <span class='ocrx_word' id='word_1_237' title='bbox 1475 1897 1742 1964; x_wconf 90' lang='lat' dir='ltr'><strong>detentis,</strong></span> <span class='ocrx_word' id='word_1_238' title='bbox 1774 1898 1896 1953; x_wconf 90' lang='lat' dir='ltr'><strong>aliis</strong></span> 
     </span>
    </p>
   </div>
   <div class='ocr_carea' id='block_1_33' title="bbox 285 1985 1898 2060">
    <p class='ocr_par' dir='ltr' id='par_1_33' title="bbox 285 1985 1898 2060">
     <span class='ocr_line' id='line_1_33' title="bbox 285 1985 1898 2060; baseline -0.001 -17"><span class='ocrx_word' id='word_1_239' title='bbox 285 1986 589 2060; x_wconf 81' lang='lat' dir='ltr'><strong>peremptis</strong></span> <span class='ocrx_word' id='word_1_240' title='bbox 609 2001 808 2041; x_wconf 79' lang='lat' dir='ltr'><strong>uxores</strong></span> <span class='ocrx_word' id='word_1_241' title='bbox 835 2001 1025 2042; x_wconf 90' lang='lat' dir='ltr'><strong>eorum</strong></span> <span class='ocrx_word' id='word_1_242' title='bbox 1057 1985 1372 2043; x_wconf 89' lang='lat' dir='ltr'><strong>incestuose</strong></span> <span class='ocrx_word' id='word_1_243' title='bbox 1399 1987 1748 2060; x_wconf 87' lang='lat' dir='ltr'><strong>honoresque</strong></span> <span class='ocrx_word' id='word_1_244' title='bbox 1777 2002 1898 2042; x_wconf 89' lang='lat' dir='ltr'><strong>sce-</strong></span> 
     </span>
    </p>
   </div>
   <div class='ocr_carea' id='block_1_34' title="bbox 284 2080 1904 2153">
    <p class='ocr_par' dir='ltr' id='par_1_34' title="bbox 284 2080 1904 2153">
     <span class='ocr_line' id='line_1_34' title="bbox 284 2080 1904 2153; baseline 0.001 -18"><span class='ocrx_word' id='word_1_245' title='bbox 284 2080 612 2135; x_wconf 89' lang='lat' dir='ltr'><strong>leratissime</strong></span> <span class='ocrx_word' id='word_1_246' title='bbox 640 2088 962 2152; x_wconf 89' lang='lat' dir='ltr'><strong>rapuerunt.</strong></span> <span class='ocrx_word' id='word_1_247' title='bbox 996 2081 1228 2153; x_wconf 84' lang='lat' dir='ltr'><strong>Insuper</strong></span> <span class='ocrx_word' id='word_1_248' title='bbox 1255 2081 1418 2138; x_wconf 90' lang='lat' dir='ltr'><strong>etiam</strong></span> <span class='ocrx_word' id='word_1_249' title='bbox 1448 2099 1478 2137; x_wconf 91' lang='lat' dir='ltr'><strong>a</strong></span> <span class='ocrx_word' id='word_1_250' title='bbox 1497 2080 1606 2137; x_wconf 87' lang='lat' dir='ltr'><strong>fide</strong></span> <span class='ocrx_word' id='word_1_251' title='bbox 1636 2081 1904 2138; x_wconf 88' lang='lat' dir='ltr'><strong>catholica</strong></span> 
     </span>
    </p>
   </div>
   <div class='ocr_carea' id='block_1_35' title="bbox 286 2170 1900 2242">
    <p class='ocr_par' dir='ltr' id='par_1_35' title="bbox 286 2170 1900 2242">
     <span class='ocr_line' id='line_1_35' title="bbox 286 2170 1900 2242; baseline -0.001 -15"><span class='ocrx_word' id='word_1_252' title='bbox 286 2170 574 2227; x_wconf 88' lang='lat' dir='ltr'><strong>deviantes</strong></span> <span class='ocrx_word' id='word_1_253' title='bbox 615 2170 765 2242; x_wconf 90' lang='lat' dir='ltr'><strong>quod</strong></span> <span class='ocrx_word' id='word_1_254' title='bbox 819 2170 941 2225; x_wconf 88' lang='lat' dir='ltr'><strong>sine</strong></span> <span class='ocrx_word' id='word_1_255' title='bbox 978 2186 1114 2227; x_wconf 91' lang='lat' dir='ltr'><strong>voce</strong></span> <span class='ocrx_word' id='word_1_256' title='bbox 1167 2171 1492 2227; x_wconf 88' lang='lat' dir='ltr'><strong>lacrimabili</strong></span> <span class='ocrx_word' id='word_1_257' title='bbox 1550 2171 1734 2228; x_wconf 88' lang='lat' dir='ltr'><strong>dicere</strong></span> <span class='ocrx_word' id='word_1_258' title='bbox 1789 2187 1900 2227; x_wconf 90' lang='lat' dir='ltr'><strong>non</strong></span> 
     </span>
    </p>
   </div>
   <div class='ocr_carea' id='block_1_36' title="bbox 291 2262 1905 2334">
    <p class='ocr_par' dir='ltr' id='par_1_36' title="bbox 291 2262 1905 2334">
     <span class='ocr_line' id='line_1_36' title="bbox 291 2262 1905 2334; baseline 0 -16"><span class='ocrx_word' id='word_1_259' title='bbox 291 2262 558 2331; x_wconf 89' lang='lat' dir='ltr'><strong>valemus,</strong></span> <span class='ocrx_word' id='word_1_260' title='bbox 585 2262 853 2318; x_wconf 90' lang='lat' dir='ltr'><strong>adversus</strong></span> <span class='ocrx_word' id='word_1_261' title='bbox 883 2262 1174 2334; x_wconf 90' lang='lat' dir='ltr'><strong>episcopos</strong></span> <span class='ocrx_word' id='word_1_262' title='bbox 1202 2271 1258 2318; x_wconf 90' lang='lat' dir='ltr'><strong>et</strong></span> <span class='ocrx_word' id='word_1_263' title='bbox 1283 2264 1601 2320; x_wconf 90' lang='lat' dir='ltr'><strong>sacerdotes</strong></span> <span class='ocrx_word' id='word_1_264' title='bbox 1627 2263 1723 2319; x_wconf 91' lang='lat' dir='ltr'><strong>Dei</strong></span> <span class='ocrx_word' id='word_1_265' title='bbox 1755 2264 1905 2319; x_wconf 87' lang='lat' dir='ltr'><strong>sedi-</strong></span> 
     </span>
    </p>
   </div>
   <div class='ocr_carea' id='block_1_37' title="bbox 289 2352 1903 2428">
    <p class='ocr_par' dir='ltr' id='par_1_37' title="bbox 289 2352 1903 2428">
     <span class='ocr_line' id='line_1_37' title="bbox 289 2352 1903 2428; baseline -0.001 -20"><span class='ocrx_word' id='word_1_266' title='bbox 289 2353 496 2408; x_wconf 89' lang='lat' dir='ltr'><strong>tionem</strong></span> <span class='ocrx_word' id='word_1_267' title='bbox 521 2352 867 2423; x_wconf 90' lang='lat' dir='ltr'><strong>inceperunt,</strong></span> <span class='ocrx_word' id='word_1_268' title='bbox 893 2367 1196 2423; x_wconf 88' lang='lat' dir='ltr'><strong>eorumque</strong></span> <span class='ocrx_word' id='word_1_269' title='bbox 1227 2353 1497 2424; x_wconf 89' lang='lat' dir='ltr'><strong>quosdam</strong></span> <span class='ocrx_word' id='word_1_270' title='bbox 1529 2353 1715 2428; x_wconf 87' lang='lat' dir='ltr'><strong>gladio</strong></span> <span class='ocrx_word' id='word_1_271' title='bbox 1745 2353 1903 2425; x_wconf 89' lang='lat' dir='ltr'><strong>quasi</strong></span> 
     </span>
    </p>
   </div>
   <div class='ocr_carea' id='block_1_38' title="bbox 290 2441 1901 2515">
    <p class='ocr_par' dir='ltr' id='par_1_38' title="bbox 290 2441 1901 2515">
     <span class='ocr_line' id='line_1_38' title="bbox 290 2441 1901 2515; baseline 0.001 -20"><span class='ocrx_word' id='word_1_272' title='bbox 290 2441 516 2515; x_wconf 77' lang='lat' dir='ltr'><strong>dignius</strong></span> <span class='ocrx_word' id='word_1_273' title='bbox 539 2441 604 2476; x_wconf 76' lang='grc'><strong>⁶⁰¹</strong></span> <span class='ocrx_word' id='word_1_274' title='bbox 621 2448 997 2512; x_wconf 89' lang='lat' dir='ltr'><strong>peremerunt,</strong></span> <span class='ocrx_word' id='word_1_275' title='bbox 1019 2441 1287 2512; x_wconf 89' lang='lat' dir='ltr'><strong>quosdam</strong></span> <span class='ocrx_word' id='word_1_276' title='bbox 1310 2457 1439 2497; x_wconf 89' lang='lat' dir='ltr'><strong>vero</strong></span> <span class='ocrx_word' id='word_1_277' title='bbox 1456 2441 1525 2476; x_wconf 75' lang='grc'><strong>⁶⁰²</strong></span> <span class='ocrx_word' id='word_1_278' title='bbox 1546 2441 1703 2514; x_wconf 90' lang='lat' dir='ltr'><strong>quasi</strong></span> <span class='ocrx_word' id='word_1_279' title='bbox 1725 2449 1901 2498; x_wconf 87' lang='lat' dir='ltr'><strong>morte</strong></span> 
     </span>
    </p>
   </div>
   <div class='ocr_carea' id='block_1_39' title="bbox 287 2529 1898 2607">
    <p class='ocr_par' dir='ltr' id='par_1_39' title="bbox 287 2529 1898 2607">
     <span class='ocr_line' id='line_1_39' title="bbox 287 2529 1898 2607; baseline 0.001 -23"><span class='ocrx_word' id='word_1_280' title='bbox 287 2531 488 2604; x_wconf 87' lang='lat' dir='ltr'><strong>dignos</strong></span> <span class='ocrx_word' id='word_1_281' title='bbox 515 2529 692 2586; x_wconf 89' lang='lat' dir='ltr'><strong>viliori</strong></span> <span class='ocrx_word' id='word_1_282' title='bbox 720 2531 790 2564; x_wconf 75' lang='grc'><strong>⁶⁰⁵</strong></span> <span class='ocrx_word' id='word_1_283' title='bbox 816 2529 1094 2607; x_wconf 86' lang='lat' dir='ltr'><strong>lapidibus</strong></span> <span class='ocrx_word' id='word_1_284' title='bbox 1123 2530 1448 2588; x_wconf 88' lang='lat' dir='ltr'><strong>obruerunt.</strong></span> <span class='ocrx_word' id='word_1_285' title='bbox 1481 2531 1560 2585; x_wconf 86' lang='lat' dir='ltr'><strong>Ad</strong></span> <span class='ocrx_word' id='word_1_286' title='bbox 1591 2539 1898 2586; x_wconf 86' lang='lat' dir='ltr'><strong>extremum</strong></span> 
     </span>
    </p>
   </div>
   <div class='ocr_carea' id='block_1_40' title="bbox 287 2619 1902 2694">
    <p class='ocr_par' dir='ltr' id='par_1_40' title="bbox 287 2619 1902 2694">
     <span class='ocr_line' id='line_1_40' title="bbox 287 2619 1902 2694; baseline 0.002 -21"><span class='ocrx_word' id='word_1_287' title='bbox 287 2626 472 2674; x_wconf 86' lang='lat' dir='ltr'><strong>autem</strong></span> <span class='ocrx_word' id='word_1_288' title='bbox 503 2619 571 2654; x_wconf 70' lang='grc'><strong>⁵⁸⁸</strong></span> <span class='ocrx_word' id='word_1_289' title='bbox 601 2629 708 2674; x_wconf 88' lang='lat' dir='ltr'><strong>tam</strong></span> <span class='ocrx_word' id='word_1_290' title='bbox 732 2619 800 2674; x_wconf 90' lang='lat' dir='ltr'><strong>ab</strong></span> <span class='ocrx_word' id='word_1_291' title='bbox 833 2620 1112 2676; x_wconf 83' lang='lat' dir='ltr'><strong>extraneis</strong></span> <span class='ocrx_word' id='word_1_292' title='bbox 1139 2636 1302 2692; x_wconf 91' lang='lat' dir='ltr'><strong>quam</strong></span> <span class='ocrx_word' id='word_1_293' title='bbox 1335 2620 1404 2675; x_wconf 92' lang='lat' dir='ltr'><strong>ab</strong></span> <span class='ocrx_word' id='word_1_294' title='bbox 1427 2620 1706 2694; x_wconf 81' lang='lat' dir='ltr'><strong>indigenis</strong></span> <span class='ocrx_word' id='word_1_295' title='bbox 1735 2621 1802 2656; x_wconf 72' lang='grc'><strong>⁵0⁵</strong></span> <span class='ocrx_word' id='word_1_296' title='bbox 1833 2621 1902 2676; x_wconf 91' lang='lat' dir='ltr'><strong>ad</strong></span> 
     </span>
    </p>
   </div>
   <div class='ocr_carea' id='block_1_41' title="bbox 293 2714 1905 2789">
    <p class='ocr_par' dir='ltr' id='par_1_41' title="bbox 293 2714 1905 2789">
     <span class='ocr_line' id='line_1_41' title="bbox 293 2714 1905 2789; baseline 0.001 -19"><span class='ocrx_word' id='word_1_297' title='bbox 293 2722 496 2770; x_wconf 87' lang='lat' dir='ltr'><strong>tantam</strong></span> <span class='ocrx_word' id='word_1_298' title='bbox 527 2714 754 2772; x_wconf 91' lang='lat' dir='ltr'><strong>Polonia</strong></span> <span class='ocrx_word' id='word_1_299' title='bbox 775 2715 845 2750; x_wconf 71' lang='grc' dir='ltr'><strong>δοθ</strong></span> <span class='ocrx_word' id='word_1_300' title='bbox 865 2715 1264 2772; x_wconf 88' lang='lat' dir='ltr'><strong>desolationem</strong></span> <span class='ocrx_word' id='word_1_301' title='bbox 1285 2723 1372 2771; x_wconf 90' lang='lat' dir='ltr'><strong>est</strong></span> <span class='ocrx_word' id='word_1_302' title='bbox 1398 2716 1639 2784; x_wconf 88' lang='lat' dir='ltr'><strong>redacta,</strong></span> <span class='ocrx_word' id='word_1_303' title='bbox 1664 2716 1812 2789; x_wconf 90' lang='lat' dir='ltr'><strong>quod</strong></span> <span class='ocrx_word' id='word_1_304' title='bbox 1842 2733 1905 2772; x_wconf 83' lang='lat' dir='ltr'><strong>ex</strong></span> 
     </span>
    </p>
   </div>
   <div class='ocr_carea' id='block_1_42' title="bbox 289 2806 1906 2880">
    <p class='ocr_par' dir='ltr' id='par_1_42' title="bbox 289 2806 1906 2880">
     <span class='ocr_line' id='line_1_42' title="bbox 289 2806 1906 2880; baseline -0.002 -17"><span class='ocrx_word' id='word_1_305' title='bbox 289 2815 404 2863; x_wconf 87' lang='lat' dir='ltr'><strong>toto</strong></span> <span class='ocrx_word' id='word_1_306' title='bbox 426 2823 583 2878; x_wconf 69' lang='lat' dir='ltr'><strong>paene</strong></span> <span class='ocrx_word' id='word_1_307' title='bbox 601 2807 810 2862; x_wconf 84' lang='lat' dir='ltr'><strong>divitiis</strong></span> <span class='ocrx_word' id='word_1_308' title='bbox 837 2814 892 2863; x_wconf 92' lang='lat' dir='ltr'><strong>et</strong></span> <span class='ocrx_word' id='word_1_309' title='bbox 918 2806 1240 2863; x_wconf 90' lang='lat' dir='ltr'><strong>hominibus</strong></span> <span class='ocrx_word' id='word_1_310' title='bbox 1265 2815 1350 2864; x_wconf 89' lang='lat' dir='ltr'><strong>est</strong></span> <span class='ocrx_word' id='word_1_311' title='bbox 1374 2813 1562 2863; x_wconf 88' lang='lat' dir='ltr'><strong>exacta</strong></span> <span class='ocrx_word' id='word_1_312' title='bbox 1585 2808 1698 2880; x_wconf 91' lang='lat' dir='ltr'><strong>(an.</strong></span> <span class='ocrx_word' id='word_1_313' title='bbox 1726 2807 1906 2878; x_wconf 87' lang='grc'><strong>1039).</strong></span> 
     </span>
    </p>
   </div>
   <div class='ocr_carea' id='block_1_43' title="bbox 291 2897 1909 2968">
    <p class='ocr_par' dir='ltr' id='par_1_43' title="bbox 291 2897 1909 2968">
     <span class='ocr_line' id='line_1_43' title="bbox 291 2897 1909 2968; baseline 0.002 -18"><span class='ocrx_word' id='word_1_314' title='bbox 291 2897 366 2952; x_wconf 82' lang='lat' dir='ltr'><strong>Eo</strong></span> <span class='ocrx_word' id='word_1_315' title='bbox 432 2903 679 2968; x_wconf 88' lang='lat' dir='ltr'><strong>tempore</strong></span> <span class='ocrx_word' id='word_1_316' title='bbox 734 2897 959 2952; x_wconf 87' lang='lat' dir='ltr'><strong>Bohcmi</strong></span> <span class='ocrx_word' id='word_1_317' title='bbox 1017 2897 1274 2952; x_wconf 83' lang='lat' dir='ltr'><strong>Gneznen</strong></span> <span class='ocrx_word' id='word_1_318' title='bbox 1325 2903 1380 2952; x_wconf 89' lang='lat' dir='ltr'><strong>et</strong></span> <span class='ocrx_word' id='word_1_319' title='bbox 1428 2898 1644 2953; x_wconf 87' lang='lat' dir='ltr'><strong>Poznan</strong></span> <span class='ocrx_word' id='word_1_320' title='bbox 1690 2898 1757 2933; x_wconf 76' lang='grc' dir='ltr'><strong>δοτ</strong></span> <span class='ocrx_word' id='word_1_321' title='bbox 1811 2898 1909 2954; x_wconf 89' lang='lat' dir='ltr'><strong>de-</strong></span> 
     </span>
    </p>
   </div>
   <div class='ocr_carea' id='block_1_44' title="bbox 291 2989 1905 3060">
    <p class='ocr_par' dir='ltr' id='par_1_44' title="bbox 291 2989 1905 3060">
     <span class='ocr_line' id='line_1_44' title="bbox 291 2989 1905 3060; baseline 0.001 -16"><span class='ocrx_word' id='word_1_322' title='bbox 291 2995 632 3056; x_wconf 85' lang='lat' dir='ltr'><strong>struxerunt,</strong></span> <span class='ocrx_word' id='word_1_323' title='bbox 686 2989 978 3060; x_wconf 90' lang='lat' dir='ltr'><strong>sanctique</strong></span> <span class='ocrx_word' id='word_1_324' title='bbox 1037 3005 1240 3060; x_wconf 91' lang='lat' dir='ltr'><strong>corpus</strong></span> <span class='ocrx_word' id='word_1_325' title='bbox 1305 2989 1584 3044; x_wconf 81' lang='lat' dir='ltr'><strong>Adalberti</strong></span> <span class='ocrx_word' id='word_1_326' title='bbox 1655 2989 1905 3046; x_wconf 81' lang='lat' dir='ltr'><strong>abstule-</strong></span> 
     </span>
    </p>
   </div>
   <div class='ocr_carea' id='block_1_45' title="bbox 293 3077 1911 3150">
    <p class='ocr_par' dir='ltr' id='par_1_45' title="bbox 293 3077 1911 3150">
     <span class='ocr_line' id='line_1_45' title="bbox 293 3077 1911 3150; baseline 0.001 -15"><span class='ocrx_word' id='word_1_327' title='bbox 293 3085 423 3135; x_wconf 91' lang='lat' dir='ltr'><strong>runt</strong></span> <span class='ocrx_word' id='word_1_328' title='bbox 450 3077 581 3150; x_wconf 83' lang='lat'>(97).</span> <span class='ocrx_word' id='word_1_329' title='bbox 614 3077 696 3133; x_wconf 92' lang='lat' dir='ltr'><strong>Illi</strong></span> <span class='ocrx_word' id='word_1_330' title='bbox 729 3093 858 3134; x_wconf 88' lang='lat' dir='ltr'><strong>vero</strong></span> <span class='ocrx_word' id='word_1_331' title='bbox 912 3077 1009 3150; x_wconf 91' lang='lat' dir='ltr'><strong>qui</strong></span> <span class='ocrx_word' id='word_1_332' title='bbox 1039 3077 1110 3134; x_wconf 90' lang='lat' dir='ltr'><strong>de</strong></span> <span class='ocrx_word' id='word_1_333' title='bbox 1140 3078 1396 3134; x_wconf 89' lang='lat' dir='ltr'><strong>manibus</strong></span> <span class='ocrx_word' id='word_1_334' title='bbox 1435 3078 1676 3135; x_wconf 88' lang='lat' dir='ltr'><strong>hostium</strong></span> <span class='ocrx_word' id='word_1_335' title='bbox 1709 3080 1911 3137; x_wconf 90' lang='lat' dir='ltr'><strong>evade-</strong></span> 
     </span>
    </p>
   </div>
   <div class='ocr_carea' id='block_1_46' title="bbox 294 3170 1911 3244">
    <p class='ocr_par' dir='ltr' id='par_1_46' title="bbox 294 3170 1911 3244">
     <span class='ocr_line' id='line_1_46' title="bbox 294 3170 1911 3244; baseline 0.001 -17"><span class='ocrx_word' id='word_1_336' title='bbox 294 3171 447 3238; x_wconf 91' lang='lat' dir='ltr'><strong>bant,</strong></span> <span class='ocrx_word' id='word_1_337' title='bbox 499 3171 585 3226; x_wconf 90' lang='lat' dir='ltr'><strong>vel</strong></span> <span class='ocrx_word' id='word_1_338' title='bbox 619 3170 713 3242; x_wconf 89' lang='lat' dir='ltr'><strong>qui</strong></span> <span class='ocrx_word' id='word_1_339' title='bbox 751 3186 976 3227; x_wconf 89' lang='lat' dir='ltr'><strong>suorum</strong></span> <span class='ocrx_word' id='word_1_340' title='bbox 1011 3171 1342 3227; x_wconf 86' lang='lat' dir='ltr'><strong>seditionem</strong></span> <span class='ocrx_word' id='word_1_341' title='bbox 1371 3171 1715 3244; x_wconf 61' lang='lat' dir='ltr'><strong>Edevitabant</strong></span> <span class='ocrx_word' id='word_1_342' title='bbox 1767 3173 1911 3230; x_wconf 91' lang='lat' dir='ltr'><strong>ultra</strong></span> 
     </span>
    </p>
   </div>
   <div class='ocr_carea' id='block_1_47' title="bbox 297 3259 1908 3336">
    <p class='ocr_par' dir='ltr' id='par_1_47' title="bbox 297 3259 1908 3336">
     <span class='ocr_line' id='line_1_47' title="bbox 297 3259 1908 3336; baseline 0.002 -21"><span class='ocrx_word' id='word_1_343' title='bbox 297 3259 528 3316; x_wconf 86' lang='lat' dir='ltr'><strong>ﬂuvium</strong></span> <span class='ocrx_word' id='word_1_344' title='bbox 558 3260 626 3295; x_wconf 77' lang='grc'><strong>⁵⁰⁸</strong></span> <span class='ocrx_word' id='word_1_345' title='bbox 655 3259 840 3332; x_wconf 84' lang='lat' dir='ltr'><strong>Wysla</strong></span> <span class='ocrx_word' id='word_1_346' title='bbox 869 3260 926 3315; x_wconf 92' lang='lat' dir='ltr'><strong>in</strong></span> <span class='ocrx_word' id='word_1_347' title='bbox 953 3260 1248 3317; x_wconf 78' lang='lat' dir='ltr'><strong>Mazoviam</strong></span> <span class='ocrx_word' id='word_1_348' title='bbox 1280 3261 1566 3336; x_wconf 77' lang='lat' dir='ltr'><strong>fugiebant</strong></span> <span class='ocrx_word' id='word_1_349' title='bbox 1597 3263 1686 3332; x_wconf 65' lang='grc' dir='ltr'><strong>⁸ου,</strong></span> <span class='ocrx_word' id='word_1_350' title='bbox 1719 3269 1774 3318; x_wconf 92' lang='lat' dir='ltr'><strong>et</strong></span> <span class='ocrx_word' id='word_1_351' title='bbox 1799 3270 1908 3318; x_wconf 88' lang='lat' dir='ltr'><strong>tam</strong></span> 
     </span>
    </p>
   </div>
   <div class='ocr_carea' id='block_1_48' title="bbox 297 3353 1914 3430">
    <p class='ocr_par' dir='ltr' id='par_1_48' title="bbox 297 3353 1914 3430">
     <span class='ocr_line' id='line_1_48' title="bbox 297 3353 1914 3430; baseline 0.002 -21"><span class='ocrx_word' id='word_1_352' title='bbox 297 3355 393 3410; x_wconf 91' lang='lat' dir='ltr'><strong>diu</strong></span> <span class='ocrx_word' id='word_1_353' title='bbox 439 3353 692 3410; x_wconf 86' lang='lat' dir='ltr'><strong>civitates</strong></span> <span class='ocrx_word' id='word_1_354' title='bbox 745 3354 1021 3425; x_wconf 66' lang='lat' dir='ltr'><strong>praedictae</strong></span> <span class='ocrx_word' id='word_1_355' title='bbox 1056 3355 1126 3389; x_wconf 80' lang='grc'><strong>⁸¹⁰</strong></span> <span class='ocrx_word' id='word_1_356' title='bbox 1151 3355 1206 3410; x_wconf 93' lang='lat' dir='ltr'><strong>in</strong></span> <span class='ocrx_word' id='word_1_357' title='bbox 1252 3355 1552 3412; x_wconf 88' lang='lat' dir='ltr'><strong>solitudine</strong></span> <span class='ocrx_word' id='word_1_358' title='bbox 1581 3373 1914 3430; x_wconf 89' lang='lat' dir='ltr'><strong>permanse-</strong></span> 
     </span>
    </p>
   </div>
   <div class='ocr_carea' id='block_1_49' title="bbox 298 3448 1917 3523">
    <p class='ocr_par' dir='ltr' id='par_1_49' title="bbox 298 3448 1917 3523">
     <span class='ocr_line' id='line_1_49' title="bbox 298 3448 1917 3523; baseline 0.002 -17"><span class='ocrx_word' id='word_1_359' title='bbox 298 3457 429 3507; x_wconf 89' lang='lat' dir='ltr'><strong>runt</strong></span> <span class='ocrx_word' id='word_1_360' title='bbox 457 3451 547 3518; x_wconf 61' lang='lat'><strong>3“,</strong></span> <span class='ocrx_word' id='word_1_361' title='bbox 577 3449 726 3523; x_wconf 90' lang='lat' dir='ltr'><strong>quod</strong></span> <span class='ocrx_word' id='word_1_362' title='bbox 765 3448 823 3504; x_wconf 93' lang='lat' dir='ltr'><strong>in</strong></span> <span class='ocrx_word' id='word_1_363' title='bbox 857 3449 1096 3506; x_wconf 90' lang='lat' dir='ltr'><strong>ecclesia</strong></span> <span class='ocrx_word' id='word_1_364' title='bbox 1123 3451 1298 3507; x_wconf 90' lang='lat' dir='ltr'><strong>sancti</strong></span> <span class='ocrx_word' id='word_1_365' title='bbox 1350 3451 1630 3508; x_wconf 84' lang='lat' dir='ltr'><strong>Adalberti</strong></span> <span class='ocrx_word' id='word_1_366' title='bbox 1677 3453 1917 3510; x_wconf 88' lang='lat' dir='ltr'><strong>martiris</strong></span> 
     </span>
    </p>
   </div>
   <div class='ocr_carea' id='block_1_50' title="bbox 295 3541 1913 3616">
    <p class='ocr_par' dir='ltr' id='par_1_50' title="bbox 295 3541 1913 3616">
     <span class='ocr_line' id='line_1_50' title="bbox 295 3541 1913 3616; baseline 0.001 -18"><span class='ocrx_word' id='word_1_367' title='bbox 295 3543 589 3615; x_wconf 90' lang='lat' dir='ltr'><strong>sanctique</strong></span> <span class='ocrx_word' id='word_1_368' title='bbox 621 3541 764 3597; x_wconf 86' lang='lat' dir='ltr'><strong>Petri</strong></span> <span class='ocrx_word' id='word_1_369' title='bbox 796 3542 1030 3615; x_wconf 91' lang='lat' dir='ltr'><strong>apostoli</strong></span> <span class='ocrx_word' id='word_1_370' title='bbox 1070 3559 1172 3598; x_wconf 90' lang='lat' dir='ltr'><strong>sua</strong></span> <span class='ocrx_word' id='word_1_371' title='bbox 1197 3543 1325 3599; x_wconf 74' lang='lat' dir='ltr'><strong>ferae</strong></span> <span class='ocrx_word' id='word_1_372' title='bbox 1355 3544 1558 3600; x_wconf 87' lang='lat' dir='ltr'><strong>cubilia</strong></span> <span class='ocrx_word' id='word_1_373' title='bbox 1589 3553 1913 3616; x_wconf 88' lang='lat' dir='ltr'><strong>posuerunt.</strong></span> 
     </span>
    </p>
   </div>
   <div class='ocr_carea' id='block_1_51' title="bbox 292 3633 1918 3707">
    <p class='ocr_par' dir='ltr' id='par_1_51' title="bbox 292 3633 1918 3707">
     <span class='ocr_line' id='line_1_51' title="bbox 292 3633 1918 3707; baseline 0.002 -19"><span class='ocrx_word' id='word_1_374' title='bbox 292 3635 430 3699; x_wconf 65' lang='lat' dir='ltr'><strong>Quae</strong></span> <span class='ocrx_word' id='word_1_375' title='bbox 453 3635 612 3707; x_wconf 87' lang='lat' dir='ltr'><strong>plaga</strong></span> <span class='ocrx_word' id='word_1_376' title='bbox 631 3633 876 3690; x_wconf 90' lang='lat' dir='ltr'><strong>creditur</strong></span> <span class='ocrx_word' id='word_1_377' title='bbox 896 3649 964 3690; x_wconf 91' lang='lat' dir='ltr'><strong>eo</strong></span> <span class='ocrx_word' id='word_1_378' title='bbox 990 3634 1060 3669; x_wconf 70' lang='grc' dir='ltr'><strong>⁵η</strong></span> <span class='ocrx_word' id='word_1_379' title='bbox 1092 3635 1188 3690; x_wconf 91' lang='lat' dir='ltr'><strong>toti</strong></span> <span class='ocrx_word' id='word_1_380' title='bbox 1219 3641 1379 3692; x_wconf 74' lang='lat' dir='ltr'><strong>terrae</strong></span> <span class='ocrx_word' id='word_1_381' title='bbox 1400 3636 1770 3692; x_wconf 87' lang='lat' dir='ltr'><strong>communiter</strong></span> <span class='ocrx_word' id='word_1_382' title='bbox 1793 3653 1918 3693; x_wconf 86' lang='lat' dir='ltr'><strong>eve-</strong></span> 
     </span>
    </p>
   </div>
   <div class='ocr_carea' id='block_1_52' title="bbox 299 3721 1920 3794">
    <p class='ocr_par' dir='ltr' id='par_1_52' title="bbox 299 3721 1920 3794">
     <span class='ocr_line' id='line_1_52' title="bbox 299 3721 1920 3794; baseline 0.001 -16"><span class='ocrx_word' id='word_1_383' title='bbox 299 3723 474 3789; x_wconf 89' lang='lat' dir='ltr'><strong>nisse,</strong></span> <span class='ocrx_word' id='word_1_384' title='bbox 529 3721 680 3794; x_wconf 88' lang='lat' dir='ltr'><strong>quod</strong></span> <span class='ocrx_word' id='word_1_385' title='bbox 751 3722 1122 3790; x_wconf 86' lang='lat' dir='ltr'><strong>Gaudencius,</strong></span> <span class='ocrx_word' id='word_1_386' title='bbox 1179 3724 1354 3780; x_wconf 88' lang='lat' dir='ltr'><strong>sancti</strong></span> <span class='ocrx_word' id='word_1_387' title='bbox 1410 3724 1691 3780; x_wconf 84' lang='lat' dir='ltr'><strong>Adalberti</strong></span> <span class='ocrx_word' id='word_1_388' title='bbox 1752 3723 1920 3780; x_wconf 81' lang='lat' dir='ltr'><strong>frater</strong></span> 
     </span>
    </p>
   </div>
   <div class='ocr_carea' id='block_1_53' title="bbox 299 3814 1923 3889">
    <p class='ocr_par' dir='ltr' id='par_1_53' title="bbox 299 3814 1923 3889">
     <span class='ocr_line' id='line_1_53' title="bbox 299 3814 1923 3889; baseline 0.001 -19"><span class='ocrx_word' id='word_1_389' title='bbox 299 3823 358 3870; x_wconf 92' lang='lat' dir='ltr'><strong>et</strong></span> <span class='ocrx_word' id='word_1_390' title='bbox 392 3814 461 3850; x_wconf 73' lang='lat'><strong>“3</strong></span> <span class='ocrx_word' id='word_1_391' title='bbox 500 3829 805 3881; x_wconf 88' lang='lat' dir='ltr'><strong>successor,</strong></span> <span class='ocrx_word' id='word_1_392' title='bbox 855 3815 1147 3872; x_wconf 89' lang='lat' dir='ltr'><strong>occasione</strong></span> <span class='ocrx_word' id='word_1_393' title='bbox 1187 3833 1298 3889; x_wconf 89' lang='lat' dir='ltr'><strong>qua</strong></span> <span class='ocrx_word' id='word_1_394' title='bbox 1327 3817 1537 3886; x_wconf 90' lang='lat' dir='ltr'><strong>nescio,</strong></span> <span class='ocrx_word' id='word_1_395' title='bbox 1565 3816 1765 3873; x_wconf 90' lang='lat' dir='ltr'><strong>dicitur</strong></span> <span class='ocrx_word' id='word_1_396' title='bbox 1800 3833 1923 3872; x_wconf 91' lang='lat' dir='ltr'><strong>eam</strong></span> 
     </span>
    </p>
   </div>
   <div class='ocr_carea' id='block_1_54' title="bbox 302 3907 1922 3980">
    <p class='ocr_par' dir='ltr' id='par_1_54' title="bbox 302 3907 1922 3980">
     <span class='ocr_line' id='line_1_54' title="bbox 302 3907 1922 3980; baseline 0 -17"><span class='ocrx_word' id='word_1_397' title='bbox 302 3907 655 3963; x_wconf 87' lang='lat' dir='ltr'><strong>anathemate</strong></span> <span class='ocrx_word' id='word_1_398' title='bbox 707 3908 1067 3980; x_wconf 90' lang='lat' dir='ltr'><strong>percussisse.</strong></span> <span class='ocrx_word' id='word_1_399' title='bbox 1114 3909 1240 3964; x_wconf 73' lang='lat' dir='ltr'><strong>Haec</strong></span> <span class='ocrx_word' id='word_1_400' title='bbox 1267 3916 1452 3965; x_wconf 90' lang='lat' dir='ltr'><strong>autem</strong></span> <span class='ocrx_word' id='word_1_401' title='bbox 1485 3907 1694 3964; x_wconf 82' lang='lat' dir='ltr'><strong>dixisse</strong></span> <span class='ocrx_word' id='word_1_402' title='bbox 1719 3908 1788 3964; x_wconf 91' lang='lat' dir='ltr'><strong>de</strong></span> <span class='ocrx_word' id='word_1_403' title='bbox 1819 3907 1922 3963; x_wconf 88' lang='lat' dir='ltr'><strong>Po-</strong></span> 
     </span>
    </p>
   </div>
   <div class='ocr_carea' id='block_1_55' title="bbox 302 4001 1915 4077">
    <p class='ocr_par' dir='ltr' id='par_1_55' title="bbox 302 4001 1915 4077">
     <span class='ocr_line' id='line_1_55' title="bbox 302 4001 1915 4077; baseline 0.001 -21"><span class='ocrx_word' id='word_1_404' title='bbox 302 4001 468 4057; x_wconf 69' lang='lat' dir='ltr'><strong>lonia:</strong></span> <span class='ocrx_word' id='word_1_405' title='bbox 495 4001 872 4058; x_wconf 87' lang='lat' dir='ltr'><strong>destructione</strong></span> <span class='ocrx_word' id='word_1_406' title='bbox 901 4001 1161 4070; x_wconf 77' lang='lat' dir='ltr'><strong>sufficiat,</strong></span> <span class='ocrx_word' id='word_1_407' title='bbox 1217 4011 1273 4059; x_wconf 91' lang='lat' dir='ltr'><strong>et</strong></span> <span class='ocrx_word' id='word_1_408' title='bbox 1301 4004 1384 4060; x_wconf 89' lang='lat' dir='ltr'><strong>eis</strong></span> <span class='ocrx_word' id='word_1_409' title='bbox 1414 4004 1509 4077; x_wconf 92' lang='lat' dir='ltr'><strong>qui</strong></span> <span class='ocrx_word' id='word_1_410' title='bbox 1543 4003 1785 4060; x_wconf 86' lang='lat' dir='ltr'><strong>dominis</strong></span> <span class='ocrx_word' id='word_1_411' title='bbox 1815 4019 1915 4058; x_wconf 79' lang='lat' dir='ltr'><strong>na-</strong></span> 
     </span>
    </p>
   </div>
   <div class='ocr_carea' id='block_1_56' title="bbox 307 4088 1923 4148">
    <p class='ocr_par' dir='ltr' id='par_1_56' title="bbox 307 4088 1923 4148">
     <span class='ocr_line' id='line_1_56' title="bbox 307 4088 1923 4148; baseline 0.001 -4"><span class='ocrx_word' id='word_1_412' title='bbox 307 4090 581 4145; x_wconf 91' lang='lat' dir='ltr'><strong>turalibus</strong></span> <span class='ocrx_word' id='word_1_413' title='bbox 636 4088 805 4146; x_wconf 84' lang='lat' dir='ltr'><strong>ﬁdem</strong></span> <span class='ocrx_word' id='word_1_414' title='bbox 861 4106 971 4148; x_wconf 89' lang='lat' dir='ltr'><strong>non</strong></span> <span class='ocrx_word' id='word_1_415' title='bbox 1017 4099 1375 4148; x_wconf 89' lang='lat' dir='ltr'><strong>servaverunt</strong></span> <span class='ocrx_word' id='word_1_416' title='bbox 1411 4092 1481 4148; x_wconf 90' lang='lat' dir='ltr'><strong>ad</strong></span> <span class='ocrx_word' id='word_1_417' title='bbox 1520 4091 1923 4148; x_wconf 89' lang='lat' dir='ltr'><strong>correctionem</strong></span> 
     </span>
    </p>
   </div>
   <div class='ocr_carea' id='block_1_57' title="bbox 1999 1833 3615 1906">
    <p class='ocr_par' dir='ltr' id='par_1_57' title="bbox 1999 1833 3615 1906">
     <span class='ocr_line' id='line_1_57' title="bbox 1999 1833 3615 1906; baseline 0 -18"><span class='ocrx_word' id='word_1_418' title='bbox 1999 1834 2230 1889; x_wconf 89' lang='lat' dir='ltr'><strong>hemicis</strong></span> <span class='ocrx_word' id='word_1_419' title='bbox 2267 1834 2336 1869; x_wconf 79' lang='grc'><strong>⁶²²</strong></span> <span class='ocrx_word' id='word_1_420' title='bbox 2364 1834 2596 1906; x_wconf 89' lang='lat' dir='ltr'><strong>aliisque</strong></span> <span class='ocrx_word' id='word_1_421' title='bbox 2623 1833 2851 1890; x_wconf 79' lang='lat' dir='ltr'><strong>finitivis</strong></span> <span class='ocrx_word' id='word_1_422' title='bbox 2895 1834 3155 1906; x_wconf 76' lang='lat' dir='ltr'><strong>gentibus</strong></span> <span class='ocrx_word' id='word_1_423' title='bbox 3195 1835 3264 1870; x_wconf 78' lang='grc'><strong>⁸³⁸</strong></span> <span class='ocrx_word' id='word_1_424' title='bbox 3294 1841 3615 1906; x_wconf 86' lang='lat' dir='ltr'><strong>occupatam</strong></span> 
     </span>
    </p>
   </div>
   <div class='ocr_carea' id='block_1_58' title="bbox 1997 1923 3621 1998">
    <p class='ocr_par' dir='ltr' id='par_1_58' title="bbox 1997 1923 3621 1998">
     <span class='ocr_line' id='line_1_58' title="bbox 1997 1923 3621 1998; baseline 0.001 -20"><span class='ocrx_word' id='word_1_425' title='bbox 1997 1923 2272 1993; x_wconf 87' lang='lat' dir='ltr'><strong>liberavit,</strong></span> <span class='ocrx_word' id='word_1_426' title='bbox 2314 1940 2546 1997; x_wconf 86' lang='lat' dir='ltr'><strong>eamque</strong></span> <span class='ocrx_word' id='word_1_427' title='bbox 2587 1940 2688 1981; x_wconf 89' lang='lat' dir='ltr'><strong>suo</strong></span> <span class='ocrx_word' id='word_1_428' title='bbox 2737 1925 2991 1981; x_wconf 90' lang='lat' dir='ltr'><strong>dominio</strong></span> <span class='ocrx_word' id='word_1_429' title='bbox 3031 1925 3384 1998; x_wconf 89' lang='lat' dir='ltr'><strong>maneipavit.</strong></span> <span class='ocrx_word' id='word_1_430' title='bbox 3424 1926 3621 1982; x_wconf 81' lang='lat' dir='ltr'><strong>Postea</strong></span> 
     </span>
    </p>
   </div>
   <div class='ocr_carea' id='block_1_59' title="bbox 2001 2017 3624 2091">
    <p class='ocr_par' dir='ltr' id='par_1_59' title="bbox 2001 2017 3624 2091">
     <span class='ocr_line' id='line_1_59' title="bbox 2001 2017 3624 2091; baseline 0.001 -19"><span class='ocrx_word' id='word_1_431' title='bbox 2001 2033 2135 2074; x_wconf 90' lang='lat' dir='ltr'><strong>vero</strong></span> <span class='ocrx_word' id='word_1_432' title='bbox 2174 2018 2244 2073; x_wconf 92' lang='lat' dir='ltr'><strong>de</strong></span> <span class='ocrx_word' id='word_1_433' title='bbox 2284 2018 2453 2073; x_wconf 79' lang='lat' dir='ltr'><strong>Rusia</strong></span> <span class='ocrx_word' id='word_1_434' title='bbox 2497 2017 2738 2073; x_wconf 89' lang='lat' dir='ltr'><strong>nobilem</strong></span> <span class='ocrx_word' id='word_1_435' title='bbox 2789 2033 2913 2074; x_wconf 92' lang='lat' dir='ltr'><strong>cum</strong></span> <span class='ocrx_word' id='word_1_436' title='bbox 2967 2017 3183 2091; x_wconf 87' lang='lat' dir='ltr'><strong>magnis</strong></span> <span class='ocrx_word' id='word_1_437' title='bbox 3237 2017 3444 2073; x_wconf 90' lang='lat' dir='ltr'><strong>divitiis</strong></span> <span class='ocrx_word' id='word_1_438' title='bbox 3485 2033 3624 2074; x_wconf 85' lang='lat' dir='ltr'><strong>uxo-</strong></span> 
     </span>
    </p>
   </div>
   <div class='ocr_carea' id='block_1_60' title="bbox 2003 2105 3621 2180">
    <p class='ocr_par' dir='ltr' id='par_1_60' title="bbox 2003 2105 3621 2180">
     <span class='ocr_line' id='line_1_60' title="bbox 2003 2105 3621 2180; baseline 0.001 -19"><span class='ocrx_word' id='word_1_439' title='bbox 2003 2121 2119 2162; x_wconf 89' lang='lat' dir='ltr'><strong>rem</strong></span> <span class='ocrx_word' id='word_1_440' title='bbox 2151 2107 2220 2142; x_wconf 76' lang='grc'><strong>¹⁵²⁴</strong></span> <span class='ocrx_word' id='word_1_441' title='bbox 2259 2105 2408 2178; x_wconf 90' lang='grc'>(100)</span> <span class='ocrx_word' id='word_1_442' title='bbox 2451 2107 2684 2178; x_wconf 88' lang='lat' dir='ltr'><strong>accepit,</strong></span> <span class='ocrx_word' id='word_1_443' title='bbox 2727 2107 2796 2162; x_wconf 93' lang='lat' dir='ltr'><strong>de</strong></span> <span class='ocrx_word' id='word_1_444' title='bbox 2825 2124 2935 2180; x_wconf 88' lang='lat' dir='ltr'><strong>qua</strong></span> <span class='ocrx_word' id='word_1_445' title='bbox 2976 2106 3120 2163; x_wconf 83' lang='lat' dir='ltr'><strong>ﬁlios</strong></span> <span class='ocrx_word' id='word_1_446' title='bbox 3145 2115 3385 2180; x_wconf 89' lang='lat' dir='ltr'><strong>quatuor</strong></span> <span class='ocrx_word' id='word_1_447' title='bbox 3420 2123 3621 2163; x_wconf 87' lang='lat' dir='ltr'><strong>unam-</strong></span> 
     </span>
    </p>
   </div>
   <div class='ocr_carea' id='block_1_61' title="bbox 2003 2198 3620 2275">
    <p class='ocr_par' dir='ltr' id='par_1_61' title="bbox 2003 2198 3620 2275">
     <span class='ocr_line' id='line_1_61' title="bbox 2003 2198 3620 2275; baseline -0.001 -19"><span class='ocrx_word' id='word_1_448' title='bbox 2003 2215 2110 2272; x_wconf 89' lang='lat' dir='ltr'><strong>que</strong></span> <span class='ocrx_word' id='word_1_449' title='bbox 2148 2198 2316 2254; x_wconf 85' lang='lat' dir='ltr'><strong>ﬁliam</strong></span> <span class='ocrx_word' id='word_1_450' title='bbox 2357 2201 2474 2275; x_wconf 87' lang='lat' dir='ltr'><strong>regi</strong></span> <span class='ocrx_word' id='word_1_451' title='bbox 2513 2199 2787 2255; x_wconf 65' lang='lat' dir='ltr'><strong>Bohemiae</strong></span> <span class='ocrx_word' id='word_1_452' title='bbox 2836 2200 3282 2270; x_wconf 89' lang='lat' dir='ltr'><strong>desponsandam</strong></span> <span class='ocrx_word' id='word_1_453' title='bbox 3310 2199 3620 2274; x_wconf 81' lang='lat' dir='ltr'><strong>generavit.</strong></span> 
     </span>
    </p>
   </div>
   <div class='ocr_carea' id='block_1_62' title="bbox 2002 2287 3623 2359">
    <p class='ocr_par' dir='ltr' id='par_1_62' title="bbox 2002 2287 3623 2359">
     <span class='ocr_line' id='line_1_62' title="bbox 2002 2287 3623 2359; baseline -0.001 -15"><span class='ocrx_word' id='word_1_454' title='bbox 2002 2289 2233 2345; x_wconf 86' lang='lat' dir='ltr'><strong>Nomina</strong></span> <span class='ocrx_word' id='word_1_455' title='bbox 2263 2295 2447 2343; x_wconf 88' lang='lat' dir='ltr'><strong>autem</strong></span> <span class='ocrx_word' id='word_1_456' title='bbox 2481 2287 2719 2343; x_wconf 80' lang='lat' dir='ltr'><strong>ﬁliorum</strong></span> <span class='ocrx_word' id='word_1_457' title='bbox 2747 2288 2871 2359; x_wconf 86' lang='lat' dir='ltr'><strong>ejus</strong></span> <span class='ocrx_word' id='word_1_458' title='bbox 2912 2288 3030 2343; x_wconf 65' lang='lat' dir='ltr'><strong>haec</strong></span> <span class='ocrx_word' id='word_1_459' title='bbox 3068 2289 3138 2323; x_wconf 77' lang='grc'><strong>⁵³⁵</strong></span> <span class='ocrx_word' id='word_1_460' title='bbox 3176 2294 3338 2343; x_wconf 88' lang='lat' dir='ltr'><strong>sunt:</strong></span> <span class='ocrx_word' id='word_1_461' title='bbox 3379 2287 3623 2343; x_wconf 82' lang='lat' dir='ltr'><strong>Bolezla-</strong></span> 
     </span>
    </p>
   </div>
   <div class='ocr_carea' id='block_1_63' title="bbox 2001 2382 3626 2451">
    <p class='ocr_par' dir='ltr' id='par_1_63' title="bbox 2001 2382 3626 2451">
     <span class='ocr_line' id='line_1_63' title="bbox 2001 2382 3626 2451; baseline -0.003 -10"><span class='ocrx_word' id='word_1_462' title='bbox 2001 2400 2124 2451; x_wconf 91' lang='lat' dir='ltr'><strong>vus,</strong></span> <span class='ocrx_word' id='word_1_463' title='bbox 2169 2383 2522 2450; x_wconf 87' lang='lat' dir='ltr'><strong>Wladislaus,</strong></span> <span class='ocrx_word' id='word_1_464' title='bbox 2566 2383 2785 2440; x_wconf 77' lang='lat' dir='ltr'><strong>Moscho</strong></span> <span class='ocrx_word' id='word_1_465' title='bbox 2823 2384 2894 2419; x_wconf 76' lang='grc'><strong>⁸³⁸</strong></span> <span class='ocrx_word' id='word_1_466' title='bbox 2933 2395 2991 2438; x_wconf 92' lang='lat' dir='ltr'><strong>et</strong></span> <span class='ocrx_word' id='word_1_467' title='bbox 3037 2383 3178 2440; x_wconf 89' lang='lat' dir='ltr'><strong>Otto.</strong></span> <span class='ocrx_word' id='word_1_468' title='bbox 3219 2383 3328 2439; x_wconf 87' lang='lat' dir='ltr'><strong>Sed</strong></span> <span class='ocrx_word' id='word_1_469' title='bbox 3359 2383 3428 2437; x_wconf 92' lang='lat' dir='ltr'><strong>de</strong></span> <span class='ocrx_word' id='word_1_470' title='bbox 3475 2382 3626 2437; x_wconf 71' lang='grc' dir='ltr'><strong>Κειιί-</strong></span> 
     </span>
    </p>
   </div>
   <div class='ocr_carea' id='block_1_64' title="bbox 2003 2474 3623 2550">
    <p class='ocr_par' dir='ltr' id='par_1_64' title="bbox 2003 2474 3623 2550">
     <span class='ocr_line' id='line_1_64' title="bbox 2003 2474 3623 2550; baseline -0.002 -17"><span class='ocrx_word' id='word_1_471' title='bbox 2003 2478 2142 2533; x_wconf 91' lang='lat' dir='ltr'><strong>miro</strong></span> <span class='ocrx_word' id='word_1_472' title='bbox 2184 2477 2318 2549; x_wconf 91' lang='lat' dir='ltr'><strong>quid</strong></span> <span class='ocrx_word' id='word_1_473' title='bbox 2354 2477 2532 2550; x_wconf 79' lang='lat' dir='ltr'><strong>egerit</strong></span> <span class='ocrx_word' id='word_1_474' title='bbox 2577 2476 2832 2548; x_wconf 90' lang='lat' dir='ltr'><strong>primitus</strong></span> <span class='ocrx_word' id='word_1_475' title='bbox 2884 2475 3272 2548; x_wconf 80' lang='lat' dir='ltr'><strong>pertractanda</strong></span> <span class='ocrx_word' id='word_1_476' title='bbox 3341 2474 3623 2542; x_wconf 81' lang='lat' dir='ltr'><strong>ﬁniamus,</strong></span> 
     </span>
    </p>
   </div>
   <div class='ocr_carea' id='block_1_65' title="bbox 2004 2563 3624 2639">
    <p class='ocr_par' dir='ltr' id='par_1_65' title="bbox 2004 2563 3624 2639">
     <span class='ocr_line' id='line_1_65' title="bbox 2004 2563 3624 2639; baseline -0.004 -15"><span class='ocrx_word' id='word_1_477' title='bbox 2004 2575 2060 2624; x_wconf 91' lang='lat' dir='ltr'><strong>et</strong></span> <span class='ocrx_word' id='word_1_478' title='bbox 2084 2576 2278 2639; x_wconf 89' lang='lat' dir='ltr'><strong>postea</strong></span> <span class='ocrx_word' id='word_1_479' title='bbox 2309 2566 2379 2622; x_wconf 90' lang='lat' dir='ltr'><strong>de</strong></span> <span class='ocrx_word' id='word_1_480' title='bbox 2411 2565 2559 2633; x_wconf 78' lang='lat' dir='ltr'><strong>filiis,</strong></span> <span class='ocrx_word' id='word_1_481' title='bbox 2585 2565 2713 2638; x_wconf 90' lang='lat' dir='ltr'><strong>quis</strong></span> <span class='ocrx_word' id='word_1_482' title='bbox 2740 2581 2931 2622; x_wconf 90' lang='lat' dir='ltr'><strong>eorum</strong></span> <span class='ocrx_word' id='word_1_483' title='bbox 2964 2565 3173 2636; x_wconf 88' lang='lat' dir='ltr'><strong>primus</strong></span> <span class='ocrx_word' id='word_1_484' title='bbox 3198 2565 3290 2631; x_wconf 74' lang='grc'><strong>⁵³⁷,</strong></span> <span class='ocrx_word' id='word_1_485' title='bbox 3323 2563 3520 2636; x_wconf 92' lang='lat' dir='ltr'><strong>quisve</strong></span> <span class='ocrx_word' id='word_1_486' title='bbox 3554 2565 3624 2598; x_wconf 74' lang='grc'><strong>⁵⁸⁸</strong></span> 
     </span>
    </p>
   </div>
   <div class='ocr_carea' id='block_1_66' title="bbox 2006 2655 3553 2734">
    <p class='ocr_par' dir='ltr' id='par_1_66' title="bbox 2006 2655 3553 2734">
     <span class='ocr_line' id='line_1_66' title="bbox 2006 2655 3553 2734; baseline -0.003 -20"><span class='ocrx_word' id='word_1_487' title='bbox 2006 2658 2285 2732; x_wconf 90' lang='lat' dir='ltr'><strong>posterius</strong></span> <span class='ocrx_word' id='word_1_488' title='bbox 2305 2658 2616 2734; x_wconf 80' lang='lat' dir='ltr'><strong>regnaverit</strong></span> <span class='ocrx_word' id='word_1_489' title='bbox 2653 2657 2722 2692; x_wconf 72' lang='lat'><strong>5”</strong></span> <span class='ocrx_word' id='word_1_490' title='bbox 2762 2656 3129 2713; x_wconf 88' lang='lat' dir='ltr'><strong>ordinabilius</strong></span> <span class='ocrx_word' id='word_1_491' title='bbox 3149 2656 3435 2712; x_wconf 88' lang='lat' dir='ltr'><strong>edicamus</strong></span> <span class='ocrx_word' id='word_1_492' title='bbox 3463 2655 3553 2710; x_wconf 64' lang='lat'><strong>53°.</strong></span> 
     </span>
    </p>
   </div>
   <div class='ocr_carea' id='block_1_67' title="bbox 2005 2784 3627 2859">
    <p class='ocr_par' dir='ltr' id='par_1_67' title="bbox 2005 2784 3627 2859">
     <span class='ocr_line' id='line_1_67' title="bbox 2005 2784 3627 2859; baseline -0.003 -15"><span class='ocrx_word' id='word_1_493' title='bbox 2005 2787 2095 2845; x_wconf 90' lang='lat'><strong>20.</strong></span> <span class='ocrx_word' id='word_1_494' title='bbox 2129 2793 2200 2844; x_wconf 90' lang='lat' dir='ltr'><strong>De</strong></span> <span class='ocrx_word' id='word_1_495' title='bbox 2229 2789 2417 2859; x_wconf 63' lang='lat' dir='ltr'><strong>praelia</strong></span> <span class='ocrx_word' id='word_1_496' title='bbox 2466 2790 2674 2845; x_wconf 85' lang='lat' dir='ltr'><strong>comitis</strong></span> <span class='ocrx_word' id='word_1_497' title='bbox 2712 2789 2995 2844; x_wconf 68' lang='lat' dir='ltr'><strong>Meczztavi</strong></span> <span class='ocrx_word' id='word_1_498' title='bbox 3045 2803 3172 2843; x_wconf 88' lang='lat' dir='ltr'><strong>cum</strong></span> <span class='ocrx_word' id='word_1_499' title='bbox 3209 2789 3480 2843; x_wconf 70' lang='lat' dir='ltr'><strong>Mazovitis</strong></span> <span class='ocrx_word' id='word_1_500' title='bbox 3536 2784 3627 2839; x_wconf 75' lang='grc'><strong>⁵³³.</strong></span> 
     </span>
    </p>
   </div>
   <div class='ocr_carea' id='block_1_68' title="bbox 2086 2893 3623 2972">
    <p class='ocr_par' dir='ltr' id='par_1_68' title="bbox 2086 2893 3623 2972">
     <span class='ocr_line' id='line_1_68' title="bbox 2086 2893 3623 2972; baseline -0.004 -18"><span class='ocrx_word' id='word_1_501' title='bbox 2086 2898 2256 2972; x_wconf 81' lang='lat' dir='ltr'><strong>Igitur</strong></span> <span class='ocrx_word' id='word_1_502' title='bbox 2283 2897 2546 2954; x_wconf 89' lang='lat' dir='ltr'><strong>eliberata</strong></span> <span class='ocrx_word' id='word_1_503' title='bbox 2577 2899 2646 2932; x_wconf 71' lang='grc'><strong>⁵³³</strong></span> <span class='ocrx_word' id='word_1_504' title='bbox 2687 2897 2860 2968; x_wconf 90' lang='lat' dir='ltr'><strong>patria</strong></span> <span class='ocrx_word' id='word_1_505' title='bbox 2891 2904 2945 2952; x_wconf 93' lang='lat' dir='ltr'><strong>et</strong></span> <span class='ocrx_word' id='word_1_506' title='bbox 2971 2902 3304 2972; x_wconf 87' lang='lat' dir='ltr'><strong>expugnata,</strong></span> <span class='ocrx_word' id='word_1_507' title='bbox 3360 2893 3623 2966; x_wconf 81' lang='lat' dir='ltr'><strong>profuga-</strong></span> 
     </span>
    </p>
   </div>
   <div class='ocr_carea' id='block_1_69' title="bbox 2006 2982 3630 3062">
    <p class='ocr_par' dir='ltr' id='par_1_69' title="bbox 2006 2982 3630 3062">
     <span class='ocr_line' id='line_1_69' title="bbox 2006 2982 3630 3062; baseline -0.002 -19"><span class='ocrx_word' id='word_1_508' title='bbox 2006 2987 2187 3060; x_wconf 89' lang='lat' dir='ltr'><strong>tisque</strong></span> <span class='ocrx_word' id='word_1_509' title='bbox 2241 2987 2500 3062; x_wconf 77' lang='lat' dir='ltr'><strong>gentibus</strong></span> <span class='ocrx_word' id='word_1_510' title='bbox 2557 2993 2892 3055; x_wconf 86' lang='lat' dir='ltr'><strong>exterorum,</strong></span> <span class='ocrx_word' id='word_1_511' title='bbox 2939 3001 3052 3041; x_wconf 90' lang='lat' dir='ltr'><strong>non</strong></span> <span class='ocrx_word' id='word_1_512' title='bbox 3116 2984 3299 3039; x_wconf 92' lang='lat' dir='ltr'><strong>minor</strong></span> <span class='ocrx_word' id='word_1_513' title='bbox 3356 2982 3630 3040; x_wconf 73' lang='lat' dir='ltr'><strong>liazimiro</strong></span> 
     </span>
    </p>
   </div>
   <div class='ocr_carea' id='block_1_70' title="bbox 1949 3079 3629 3156">
    <p class='ocr_par' dir='ltr' id='par_1_70' title="bbox 1949 3079 3629 3156">
     <span class='ocr_line' id='line_1_70' title="bbox 1949 3079 3629 3156; baseline -0.005 -17"><span class='ocrx_word' id='word_1_514' title='bbox 1949 3079 2257 3156; x_wconf 39' lang='lat' dir='ltr'><strong>f&#39;restabat</strong></span> <span class='ocrx_word' id='word_1_515' title='bbox 2308 3081 2522 3137; x_wconf 89' lang='lat' dir='ltr'><strong>hostilis</strong></span> <span class='ocrx_word' id='word_1_516' title='bbox 2547 3080 2859 3155; x_wconf 84' lang='lat' dir='ltr'><strong>profugatio</strong></span> <span class='ocrx_word' id='word_1_517' title='bbox 2916 3096 3029 3135; x_wconf 64' lang='lat' dir='ltr'><strong>sua:</strong></span> <span class='ocrx_word' id='word_1_518' title='bbox 3060 3079 3242 3155; x_wconf 88' lang='lat' dir='ltr'><strong>gentis</strong></span> <span class='ocrx_word' id='word_1_519' title='bbox 3291 3092 3629 3148; x_wconf 89' lang='lat' dir='ltr'><strong>suorumque</strong></span> 
     </span>
    </p>
   </div>
   <div class='ocr_carea' id='block_1_71' title="bbox 2004 3168 3629 3247">
    <p class='ocr_par' dir='ltr' id='par_1_71' title="bbox 2004 3168 3629 3247">
     <span class='ocr_line' id='line_1_71' title="bbox 2004 3168 3629 3247; baseline -0.004 -17"><span class='ocrx_word' id='word_1_520' title='bbox 2004 3175 2132 3247; x_wconf 83' lang='lat' dir='ltr'><strong>jure</strong></span> <span class='ocrx_word' id='word_1_521' title='bbox 2187 3174 2411 3246; x_wconf 91' lang='lat' dir='ltr'><strong>proprio</strong></span> <span class='ocrx_word' id='word_1_522' title='bbox 2473 3173 2844 3229; x_wconf 88' lang='lat' dir='ltr'><strong>subditorum.</strong></span> <span class='ocrx_word' id='word_1_523' title='bbox 2925 3173 3046 3227; x_wconf 86' lang='lat' dir='ltr'><strong>Erat</strong></span> <span class='ocrx_word' id='word_1_524' title='bbox 3110 3186 3350 3242; x_wconf 90' lang='lat' dir='ltr'><strong>namque</strong></span> <span class='ocrx_word' id='word_1_525' title='bbox 3408 3168 3629 3241; x_wconf 89' lang='lat' dir='ltr'><strong>quidem</strong></span> 
     </span>
    </p>
   </div>
   <div class='ocr_carea' id='block_1_72' title="bbox 2010 3261 3633 3336">
    <p class='ocr_par' dir='ltr' id='par_1_72' title="bbox 2010 3261 3633 3336">
     <span class='ocr_line' id='line_1_72' title="bbox 2010 3261 3633 3336; baseline -0.004 -14"><span class='ocrx_word' id='word_1_526' title='bbox 2010 3266 2311 3324; x_wconf 82' lang='lat' dir='ltr'><strong>Meczzlaus</strong></span> <span class='ocrx_word' id='word_1_527' title='bbox 2354 3265 2424 3302; x_wconf 78' lang='grc'><strong>⁵³³</strong></span> <span class='ocrx_word' id='word_1_528' title='bbox 2451 3265 2696 3334; x_wconf 91' lang='lat' dir='ltr'><strong>nomine,</strong></span> <span class='ocrx_word' id='word_1_529' title='bbox 2738 3264 3005 3336; x_wconf 89' lang='lat' dir='ltr'><strong>pincerna</strong></span> <span class='ocrx_word' id='word_1_530' title='bbox 3045 3262 3213 3334; x_wconf 90' lang='lat' dir='ltr'><strong>patris</strong></span> <span class='ocrx_word' id='word_1_531' title='bbox 3257 3263 3343 3317; x_wconf 90' lang='lat' dir='ltr'><strong>sui</strong></span> <span class='ocrx_word' id='word_1_532' title='bbox 3384 3261 3633 3316; x_wconf 78' lang='lat' dir='ltr'><strong>Mescho-</strong></span> 
     </span>
    </p>
   </div>
   <div class='ocr_carea' id='block_1_73' title="bbox 2019 3351 3634 3429">
    <p class='ocr_par' dir='ltr' id='par_1_73' title="bbox 2019 3351 3634 3429">
     <span class='ocr_line' id='line_1_73' title="bbox 2019 3351 3634 3429; baseline -0.005 -15"><span class='ocrx_word' id='word_1_533' title='bbox 2019 3359 2104 3414; x_wconf 90' lang='lat' dir='ltr'><strong>nis</strong></span> <span class='ocrx_word' id='word_1_534' title='bbox 2128 3368 2184 3415; x_wconf 92' lang='lat' dir='ltr'><strong>et</strong></span> <span class='ocrx_word' id='word_1_535' title='bbox 2212 3359 2500 3423; x_wconf 88' lang='lat' dir='ltr'><strong>minister;</strong></span> <span class='ocrx_word' id='word_1_536' title='bbox 2533 3364 2660 3429; x_wconf 89' lang='lat' dir='ltr'><strong>post</strong></span> <span class='ocrx_word' id='word_1_537' title='bbox 2685 3363 2920 3413; x_wconf 91' lang='lat' dir='ltr'><strong>mortem</strong></span> <span class='ocrx_word' id='word_1_538' title='bbox 2949 3355 3124 3427; x_wconf 91' lang='lat' dir='ltr'><strong>ipsius</strong></span> <span class='ocrx_word' id='word_1_539' title='bbox 3160 3352 3419 3409; x_wconf 75' lang='lat' dir='ltr'><strong>Mazovias</strong></span> <span class='ocrx_word' id='word_1_540' title='bbox 3449 3351 3634 3426; x_wconf 89' lang='lat' dir='ltr'><strong>gentis</strong></span> 
     </span>
    </p>
   </div>
   <div class='ocr_carea' id='block_1_74' title="bbox 2017 3439 3638 3522">
    <p class='ocr_par' dir='ltr' id='par_1_74' title="bbox 2017 3439 3638 3522">
     <span class='ocr_line' id='line_1_74' title="bbox 2017 3439 3638 3522; baseline -0.005 -16"><span class='ocrx_word' id='word_1_541' title='bbox 2017 3467 2116 3507; x_wconf 92' lang='lat' dir='ltr'><strong>sua</strong></span> <span class='ocrx_word' id='word_1_542' title='bbox 2143 3439 2525 3522; x_wconf 56' lang='lat' dir='ltr'><strong>persuasione.</strong></span> <span class='ocrx_word' id='word_1_543' title='bbox 2545 3450 2805 3521; x_wconf 90' lang='lat' dir='ltr'><strong>princeps</strong></span> <span class='ocrx_word' id='word_1_544' title='bbox 2841 3446 3110 3503; x_wconf 82' lang='lat' dir='ltr'><strong>existebat</strong></span> <span class='ocrx_word' id='word_1_545' title='bbox 3140 3453 3196 3502; x_wconf 91' lang='lat' dir='ltr'><strong>et</strong></span> <span class='ocrx_word' id='word_1_546' title='bbox 3223 3445 3473 3520; x_wconf 78' lang='lat' dir='ltr'><strong>signifer.</strong></span> <span class='ocrx_word' id='word_1_547' title='bbox 3514 3443 3638 3498; x_wconf 87' lang='lat' dir='ltr'><strong>Erat</strong></span> 
     </span>
    </p>
   </div>
   <div class='ocr_carea' id='block_1_75' title="bbox 2017 3531 3636 3612">
    <p class='ocr_par' dir='ltr' id='par_1_75' title="bbox 2017 3531 3636 3612">
     <span class='ocr_line' id='line_1_75' title="bbox 2017 3531 3636 3612; baseline -0.005 -16"><span class='ocrx_word' id='word_1_548' title='bbox 2017 3540 2166 3596; x_wconf 90' lang='lat' dir='ltr'><strong>enim</strong></span> <span class='ocrx_word' id='word_1_549' title='bbox 2195 3555 2262 3596; x_wconf 92' lang='lat' dir='ltr'><strong>eo</strong></span> <span class='ocrx_word' id='word_1_550' title='bbox 2295 3551 2544 3612; x_wconf 92' lang='lat' dir='ltr'><strong>tempore</strong></span> <span class='ocrx_word' id='word_1_551' title='bbox 2573 3538 2814 3594; x_wconf 80' lang='lat' dir='ltr'><strong>Mazovia</strong></span> <span class='ocrx_word' id='word_1_552' title='bbox 2845 3536 3224 3608; x_wconf 65' lang='lat' dir='ltr'><strong>Polonisjlluc</strong></span> <span class='ocrx_word' id='word_1_553' title='bbox 3262 3541 3422 3590; x_wconf 89' lang='lat' dir='ltr'><strong>antea</strong></span> <span class='ocrx_word' id='word_1_554' title='bbox 3453 3533 3522 3568; x_wconf 71' lang='grc'><strong>³³⁸</strong></span> <span class='ocrx_word' id='word_1_555' title='bbox 3552 3531 3636 3588; x_wconf 80' lang='lat' dir='ltr'><strong>fu-</strong></span> 
     </span>
    </p>
   </div>
   <div class='ocr_carea' id='block_1_76' title="bbox 2017 3624 3637 3707">
    <p class='ocr_par' dir='ltr' id='par_1_76' title="bbox 2017 3624 3637 3707">
     <span class='ocr_line' id='line_1_76' title="bbox 2017 3624 3637 3707; baseline -0.004 -21"><span class='ocrx_word' id='word_1_556' title='bbox 2017 3631 2322 3707; x_wconf 87' lang='lat' dir='ltr'><strong>gientibus,</strong></span> <span class='ocrx_word' id='word_1_557' title='bbox 2353 3639 2413 3688; x_wconf 93' lang='lat' dir='ltr'><strong>ut</strong></span> <span class='ocrx_word' id='word_1_558' title='bbox 2441 3631 2648 3686; x_wconf 90' lang='lat' dir='ltr'><strong>dictum</strong></span> <span class='ocrx_word' id='word_1_559' title='bbox 2674 3631 2762 3699; x_wconf 67' lang='lat'><strong>“5,</strong></span> <span class='ocrx_word' id='word_1_560' title='bbox 2805 3630 2863 3684; x_wconf 95' lang='lat' dir='ltr'><strong>in</strong></span> <span class='ocrx_word' id='word_1_561' title='bbox 2889 3636 3098 3685; x_wconf 90' lang='lat' dir='ltr'><strong>tantum</strong></span> <span class='ocrx_word' id='word_1_562' title='bbox 3141 3627 3433 3700; x_wconf 90' lang='lat' dir='ltr'><strong>populosa,</strong></span> <span class='ocrx_word' id='word_1_563' title='bbox 3487 3624 3637 3698; x_wconf 91' lang='lat' dir='ltr'><strong>quod</strong></span> 
     </span>
    </p>
   </div>
   <div class='ocr_carea' id='block_1_77' title="bbox 2022 3717 3641 3797">
    <p class='ocr_par' dir='ltr' id='par_1_77' title="bbox 2022 3717 3641 3797">
     <span class='ocr_line' id='line_1_77' title="bbox 2022 3717 3641 3797; baseline -0.005 -19"><span class='ocrx_word' id='word_1_564' title='bbox 2022 3723 2280 3797; x_wconf 82' lang='lat' dir='ltr'><strong>agricolis</strong></span> <span class='ocrx_word' id='word_1_565' title='bbox 2348 3738 2473 3778; x_wconf 89' lang='lat' dir='ltr'><strong>rura</strong></span> <span class='ocrx_word' id='word_1_566' title='bbox 2508 3762 2522 3788; x_wconf 92' lang='lat'><strong>,</strong></span> <span class='ocrx_word' id='word_1_567' title='bbox 2599 3721 2935 3776; x_wconf 88' lang='lat' dir='ltr'><strong>animalibus</strong></span> <span class='ocrx_word' id='word_1_568' title='bbox 2998 3735 3205 3792; x_wconf 88' lang='lat' dir='ltr'><strong>pascua</strong></span> <span class='ocrx_word' id='word_1_569' title='bbox 3239 3763 3251 3785; x_wconf 94' lang='lat'><strong>,</strong></span> <span class='ocrx_word' id='word_1_570' title='bbox 3311 3717 3641 3774; x_wconf 87' lang='lat' dir='ltr'><strong>habitatori-</strong></span> 
     </span>
    </p>
   </div>
   <div class='ocr_carea' id='block_1_78' title="bbox 2026 3805 3644 3881">
    <p class='ocr_par' dir='ltr' id='par_1_78' title="bbox 2026 3805 3644 3881">
     <span class='ocr_line' id='line_1_78' title="bbox 2026 3805 3644 3881; baseline -0.004 -15"><span class='ocrx_word' id='word_1_571' title='bbox 2026 3812 2150 3878; x_wconf 91' lang='lat' dir='ltr'><strong>bus,</strong></span> <span class='ocrx_word' id='word_1_572' title='bbox 2210 3811 2330 3866; x_wconf 89' lang='lat' dir='ltr'><strong>loca</strong></span> <span class='ocrx_word' id='word_1_573' title='bbox 2411 3815 2567 3865; x_wconf 89' lang='lat' dir='ltr'><strong>erant</strong></span> <span class='ocrx_word' id='word_1_574' title='bbox 2622 3809 2883 3881; x_wconf 82' lang='lat' dir='ltr'><strong>Spatiosa.</strong></span> <span class='ocrx_word' id='word_1_575' title='bbox 2953 3807 3107 3863; x_wconf 81' lang='lat' dir='ltr'><strong>Unde</strong></span> <span class='ocrx_word' id='word_1_576' title='bbox 3187 3806 3493 3862; x_wconf 79' lang='lat' dir='ltr'><strong>Meczlavus</strong></span> <span class='ocrx_word' id='word_1_577' title='bbox 3573 3805 3644 3840; x_wconf 76' lang='grc'><strong>⁸³⁸</strong></span> 
     </span>
    </p>
   </div>
   <div class='ocr_carea' id='block_1_79' title="bbox 2025 3898 3643 3973">
    <p class='ocr_par' dir='ltr' id='par_1_79' title="bbox 2025 3898 3643 3973">
     <span class='ocr_line' id='line_1_79' title="bbox 2025 3898 3643 3973; baseline -0.004 -13"><span class='ocrx_word' id='word_1_578' title='bbox 2025 3904 2081 3960; x_wconf 92' lang='lat' dir='ltr'><strong>in</strong></span> <span class='ocrx_word' id='word_1_579' title='bbox 2113 3905 2343 3960; x_wconf 88' lang='lat' dir='ltr'><strong>audacia</strong></span> <span class='ocrx_word' id='word_1_580' title='bbox 2367 3920 2480 3960; x_wconf 75' lang='lat' dir='ltr'><strong>suae</strong></span> <span class='ocrx_word' id='word_1_581' title='bbox 2531 3902 2741 3959; x_wconf 69' lang='lat' dir='ltr'><strong>militiae</strong></span> <span class='ocrx_word' id='word_1_582' title='bbox 2780 3901 3046 3969; x_wconf 86' lang='lat' dir='ltr'><strong>confisus,</strong></span> <span class='ocrx_word' id='word_1_583' title='bbox 3105 3915 3291 3973; x_wconf 83' lang='lat' dir='ltr'><strong>ymmo</strong></span> <span class='ocrx_word' id='word_1_584' title='bbox 3332 3898 3643 3956; x_wconf 89' lang='lat' dir='ltr'><strong>ambitione</strong></span> 
     </span>
    </p>
   </div>
   <div class='ocr_carea' id='block_1_80' title="bbox 2027 3989 3642 4069">
    <p class='ocr_par' dir='ltr' id='par_1_80' title="bbox 2027 3989 3642 4069">
     <span class='ocr_line' id='line_1_80' title="bbox 2027 3989 3642 4069; baseline -0.005 -17"><span class='ocrx_word' id='word_1_585' title='bbox 2027 3996 2356 4069; x_wconf 74' lang='lat' dir='ltr'><strong>perniciosae</strong></span> <span class='ocrx_word' id='word_1_586' title='bbox 2387 3995 2706 4066; x_wconf 90' lang='lat' dir='ltr'><strong>cupiditatis</strong></span> <span class='ocrx_word' id='word_1_587' title='bbox 2721 3995 2788 4030; x_wconf 75' lang='grc'><strong>⁸³⁷</strong></span> <span class='ocrx_word' id='word_1_588' title='bbox 2820 4001 3131 4062; x_wconf 89' lang='lat' dir='ltr'><strong>excecatus,</strong></span> <span class='ocrx_word' id='word_1_589' title='bbox 3149 3993 3304 4048; x_wconf 90' lang='lat' dir='ltr'><strong>nisus</strong></span> <span class='ocrx_word' id='word_1_590' title='bbox 3325 3998 3408 4047; x_wconf 88' lang='lat' dir='ltr'><strong>est</strong></span> <span class='ocrx_word' id='word_1_591' title='bbox 3444 3990 3512 4026; x_wconf 77' lang='grc'><strong>⁸³⁸</strong></span> <span class='ocrx_word' id='word_1_592' title='bbox 3542 3989 3642 4046; x_wconf 93' lang='lat' dir='ltr'><strong>ob-</strong></span> 
     </span>
    </p>
   </div>
   <div class='ocr_carea' id='block_1_81' title="bbox 2027 4080 3645 4160">
    <p class='ocr_par' dir='ltr' id='par_1_81' title="bbox 2027 4080 3645 4160">
     <span class='ocr_line' id='line_1_81' title="bbox 2027 4080 3645 4160; baseline -0.006 -16"><span class='ocrx_word' id='word_1_593' title='bbox 2027 4088 2205 4144; x_wconf 92' lang='lat' dir='ltr'><strong>tinere</strong></span> <span class='ocrx_word' id='word_1_594' title='bbox 2236 4103 2336 4160; x_wconf 90' lang='lat' dir='ltr'><strong>per</strong></span> <span class='ocrx_word' id='word_1_595' title='bbox 2363 4085 2808 4160; x_wconf 66' lang='lat' dir='ltr'><strong>praesumptionis</strong></span> <span class='ocrx_word' id='word_1_596' title='bbox 2853 4084 3164 4154; x_wconf 89' lang='lat' dir='ltr'><strong>audaciam,</strong></span> <span class='ocrx_word' id='word_1_597' title='bbox 3217 4083 3367 4156; x_wconf 89' lang='lat' dir='ltr'><strong>quod</strong></span> <span class='ocrx_word' id='word_1_598' title='bbox 3395 4080 3501 4138; x_wconf 90' lang='lat' dir='ltr'><strong>sibi</strong></span> <span class='ocrx_word' id='word_1_599' title='bbox 3533 4094 3645 4136; x_wconf 90' lang='lat' dir='ltr'><strong>non</strong></span> 
     </span>
    </p>
   </div>
   <div class='ocr_carea' id='block_1_82' title="bbox 1650 4219 2278 4278">
    <p class='ocr_par' dir='ltr' id='par_1_82' title="bbox 1650 4219 2278 4278">
     <span class='ocr_line' id='line_1_82' title="bbox 1650 4219 2278 4278; baseline -0.003 0"><span class='ocrx_word' id='word_1_600' title='bbox 1650 4221 1872 4278; x_wconf 63' lang='lat' dir='ltr'><strong>VARIAB</strong></span> <span class='ocrx_word' id='word_1_601' title='bbox 1901 4219 2278 4276; x_wconf 86' lang='lat' dir='ltr'><strong>LECTIONES.</strong></span> 
     </span>
    </p>
   </div>
   <div class='ocr_carea' id='block_1_83' title="bbox 381 4317 1106 4375">
    <p class='ocr_par' dir='ltr' id='par_1_83' title="bbox 381 4317 1106 4375">
     <span class='ocr_line' id='line_1_83' title="bbox 381 4317 1106 4375; baseline 0.01 -7"><span class='ocrx_word' id='word_1_602' title='bbox 381 4317 450 4353; x_wconf 64' lang='grc' dir='ltr'><strong>ηδ</strong></span> <span class='ocrx_word' id='word_1_603' title='bbox 479 4317 948 4374; x_wconf 89' lang='lat' dir='ltr'><strong>Theutunicorum</strong></span> <span class='ocrx_word' id='word_1_604' title='bbox 971 4319 1023 4374; x_wconf 88' lang='lat'><strong>2.</strong></span> <span class='ocrx_word' id='word_1_605' title='bbox 1054 4321 1106 4375; x_wconf 92' lang='grc'><strong>3.</strong></span> 
     </span>
    </p>
   </div>
   <div class='ocr_carea' id='block_1_84' title="bbox 308 4389 1556 4448">
    <p class='ocr_par' dir='ltr' id='par_1_84' title="bbox 308 4389 1556 4448">
     <span class='ocr_line' id='line_1_84' title="bbox 308 4389 1556 4448; baseline 0.003 -6"><span class='ocrx_word' id='word_1_606' title='bbox 308 4389 381 4425; x_wconf 72' lang='grc'><strong>⁴⁹⁸</strong></span> <span class='ocrx_word' id='word_1_607' title='bbox 407 4390 548 4445; x_wconf 81' lang='lat' dir='ltr'><strong>deest</strong></span> <span class='ocrx_word' id='word_1_608' title='bbox 598 4389 650 4444; x_wconf 92' lang='lat'><strong>3.</strong></span> <span class='ocrx_word' id='word_1_609' title='bbox 739 4391 808 4424; x_wconf 72' lang='lat'><strong>“9</strong></span> <span class='ocrx_word' id='word_1_610' title='bbox 834 4392 974 4446; x_wconf 83' lang='lat' dir='ltr'><strong>deest</strong></span> <span class='ocrx_word' id='word_1_611' title='bbox 1027 4393 1074 4446; x_wconf 92' lang='grc'><strong>1.</strong></span> <span class='ocrx_word' id='word_1_612' title='bbox 1117 4391 1172 4448; x_wconf 98' lang='lat'><strong>2.</strong></span> <span class='ocrx_word' id='word_1_613' title='bbox 1239 4392 1308 4427; x_wconf 77' lang='grc'><strong>⁵⁰⁰</strong></span> <span class='ocrx_word' id='word_1_614' title='bbox 1339 4400 1452 4448; x_wconf 94' lang='lat' dir='ltr'><strong>tum</strong></span> <span class='ocrx_word' id='word_1_615' title='bbox 1503 4393 1556 4446; x_wconf 90' lang='lat'><strong>2.</strong></span> 
     </span>
    </p>
   </div>
   <div class='ocr_carea' id='block_1_85' title="bbox 314 4531 2574 4603">
    <p class='ocr_par' dir='ltr' id='par_1_85' title="bbox 314 4531 2574 4603">
     <span class='ocr_line' id='line_1_85' title="bbox 314 4531 2574 4603; baseline -0.001 -16"><span class='ocrx_word' id='word_1_616' title='bbox 314 4532 645 4587; x_wconf 81' lang='lat' dir='ltr'><strong>Poznaniam</strong></span> <span class='ocrx_word' id='word_1_617' title='bbox 705 4549 802 4603; x_wconf 81' lang='lat' dir='ltr'><strong>pro</strong></span> <span class='ocrx_word' id='word_1_618' title='bbox 832 4531 1103 4588; x_wconf 28' lang='lat' dir='ltr'><strong>’Gnezne’n</strong></span> <span class='ocrx_word' id='word_1_619' title='bbox 1141 4542 1195 4589; x_wconf 89' lang='lat' dir='ltr'><strong>et</strong></span> <span class='ocrx_word' id='word_1_620' title='bbox 1232 4531 1450 4590; x_wconf 80' lang='lat' dir='ltr'><strong>Poznan</strong></span> <span class='ocrx_word' id='word_1_621' title='bbox 1503 4531 1566 4590; x_wconf 48' lang='lat'><strong>3.&#39;</strong></span> <span class='ocrx_word' id='word_1_622' title='bbox 1617 4535 1686 4569; x_wconf 80' lang='grc'><strong>⁵⁰⁸</strong></span> <span class='ocrx_word' id='word_1_623' title='bbox 1717 4534 1924 4588; x_wconf 90' lang='lat' dir='ltr'><strong>ﬂumen</strong></span> <span class='ocrx_word' id='word_1_624' title='bbox 1979 4533 2028 4588; x_wconf 88' lang='lat'><strong>3.</strong></span> <span class='ocrx_word' id='word_1_625' title='bbox 2100 4532 2168 4603; x_wconf 65' lang='grc'><strong>⁵99</strong></span> <span class='ocrx_word' id='word_1_626' title='bbox 2191 4531 2459 4603; x_wconf 71' lang='lat' dir='ltr'><strong>fugebant</strong></span> <span class='ocrx_word' id='word_1_627' title='bbox 2527 4531 2574 4585; x_wconf 94' lang='grc'><strong>1.</strong></span> 
     </span>
    </p>
   </div>
   <div class='ocr_carea' id='block_1_86' title="bbox 1206 4313 3644 4388">
    <p class='ocr_par' dir='ltr' id='par_1_86' title="bbox 1206 4313 3644 4388">
     <span class='ocr_line' id='line_1_86' title="bbox 1206 4313 3644 4388; baseline -0.006 -11"><span class='ocrx_word' id='word_1_628' title='bbox 1206 4322 1276 4357; x_wconf 75' lang='grc'><strong>⁴⁹⁶</strong></span> <span class='ocrx_word' id='word_1_629' title='bbox 1306 4320 1551 4377; x_wconf 84' lang='lat' dir='ltr'><strong>fuerat3.</strong></span> <span class='ocrx_word' id='word_1_630' title='bbox 1637 4320 1705 4355; x_wconf 70' lang='lat'><strong>‘97</strong></span> <span class='ocrx_word' id='word_1_631' title='bbox 1750 4322 1847 4376; x_wconf 87' lang='lat' dir='ltr'><strong>hoc</strong></span> <span class='ocrx_word' id='word_1_632' title='bbox 1872 4321 1979 4376; x_wconf 86' lang='lat' dir='ltr'><strong>loco</strong></span> <span class='ocrx_word' id='word_1_633' title='bbox 2008 4321 2196 4375; x_wconf 84' lang='lat' dir='ltr'><strong>inserit</strong></span> <span class='ocrx_word' id='word_1_634' title='bbox 2226 4319 2278 4372; x_wconf 97' lang='lat'><strong>3.</strong></span> <span class='ocrx_word' id='word_1_635' title='bbox 2311 4324 2474 4388; x_wconf 87' lang='lat' dir='ltr'><strong>caput</strong></span> <span class='ocrx_word' id='word_1_636' title='bbox 2503 4321 2562 4371; x_wconf 85' lang='lat' dir='ltr'><strong>X.</strong></span> <span class='ocrx_word' id='word_1_637' title='bbox 2593 4331 2661 4372; x_wconf 78' lang='lat' dir='ltr'><strong>ea:</strong></span> <span class='ocrx_word' id='word_1_638' title='bbox 2708 4320 2822 4372; x_wconf 89' lang='lat' dir='ltr'><strong>vita</strong></span> <span class='ocrx_word' id='word_1_639' title='bbox 2863 4315 2930 4388; x_wconf 9' lang='lat' dir='ltr'><strong>VS.</strong></span> <span class='ocrx_word' id='word_1_640' title='bbox 2992 4316 3256 4371; x_wconf 81' lang='lat' dir='ltr'><strong>Stanistai</strong></span> <span class='ocrx_word' id='word_1_641' title='bbox 3289 4313 3644 4388; x_wconf 80' lang='lat' dir='ltr'><strong>descriptum.</strong></span> 
     </span>
    </p>
   </div>
   <div class='ocr_carea' id='block_1_87' title="bbox 1653 4385 3647 4464">
    <p class='ocr_par' dir='ltr' id='par_1_87' title="bbox 1653 4385 3647 4464">
     <span class='ocr_line' id='line_1_87' title="bbox 1653 4385 3647 4464; baseline -0.004 -18"><span class='ocrx_word' id='word_1_642' title='bbox 1653 4391 1718 4426; x_wconf 79' lang='grc'><strong>⁶⁰¹</strong></span> <span class='ocrx_word' id='word_1_643' title='bbox 1751 4391 1950 4464; x_wconf 83' lang='lat' dir='ltr'><strong>dignos</strong></span> <span class='ocrx_word' id='word_1_644' title='bbox 1977 4392 2031 4446; x_wconf 91' lang='lat'><strong>3.</strong></span> <span class='ocrx_word' id='word_1_645' title='bbox 2101 4385 2439 4464; x_wconf 42' lang='grc' dir='ltr'><strong>Ψέξιιφη-β.Δ</strong></span> <span class='ocrx_word' id='word_1_646' title='bbox 2483 4388 2552 4464; x_wconf 57' lang='lat'><strong>5°}</strong></span> <span class='ocrx_word' id='word_1_647' title='bbox 2575 4389 2720 4464; x_wconf 66' lang='lat' dir='ltr'><strong>deest</strong></span> <span class='ocrx_word' id='word_1_648' title='bbox 2737 4389 2788 4441; x_wconf 88' lang='lat'><strong>3.</strong></span> <span class='ocrx_word' id='word_1_649' title='bbox 2821 4387 2932 4464; x_wconf 73' lang='lat'><strong>_&#39;°‘_</strong></span> <span class='ocrx_word' id='word_1_650' title='bbox 2957 4403 3101 4464; x_wconf 86' lang='lat' dir='ltr'><strong>vero_</strong></span> <span class='ocrx_word' id='word_1_651' title='bbox 3123 4388 3402 4464; x_wconf 62' lang='lat' dir='ltr'><strong>anteponit</strong></span> <span class='ocrx_word' id='word_1_652' title='bbox 3425 4385 3647 4464; x_wconf 48' lang='lat' dir='ltr'><strong>pleonaf</strong></span> 
     </span>
    </p>
   </div>
   <div class='ocr_carea' id='block_1_88' title="bbox 306 4461 2034 4534">
    <p class='ocr_par' dir='ltr' id='par_1_88' title="bbox 306 4461 2034 4534">
     <span class='ocr_line' id='line_1_88' title="bbox 306 4461 2034 4534; baseline -0.001 -18"><span class='ocrx_word' id='word_1_653' title='bbox 306 4463 440 4534; x_wconf 85' lang='lat' dir='ltr'><strong>stiee</strong></span> <span class='ocrx_word' id='word_1_654' title='bbox 467 4461 516 4515; x_wconf 89' lang='lat'><strong>3.</strong></span> <span class='ocrx_word' id='word_1_655' title='bbox 543 4465 628 4534; x_wconf 82' lang='lat' dir='ltr'><strong>sic</strong></span> <span class='ocrx_word' id='word_1_656' title='bbox 651 4468 703 4516; x_wconf 88' lang='lat' dir='ltr'><strong>et</strong></span> <span class='ocrx_word' id='word_1_657' title='bbox 742 4461 798 4516; x_wconf 88' lang='lat'><strong>2.</strong></span> <span class='ocrx_word' id='word_1_658' title='bbox 829 4469 1011 4532; x_wconf 82' lang='lat' dir='ltr'><strong>postea</strong></span> <span class='ocrx_word' id='word_1_659' title='bbox 1047 4479 1156 4532; x_wconf 83' lang='lat' dir='ltr'><strong>qua</strong></span> <span class='ocrx_word' id='word_1_660' title='bbox 1193 4467 1530 4532; x_wconf 82' lang='lat' dir='ltr'><strong>superﬂuum</strong></span> <span class='ocrx_word' id='word_1_661' title='bbox 1553 4467 1770 4534; x_wconf 81' lang='lat' dir='ltr'><strong>punctis</strong></span> <span class='ocrx_word' id='word_1_662' title='bbox 1809 4461 2034 4534; x_wconf 75' lang='lat' dir='ltr'><strong>notavit.</strong></span> 
     </span>
    </p>
   </div>
   <div class='ocr_carea' id='block_1_89' title="bbox 2127 4457 3649 4534">
    <p class='ocr_par' dir='ltr' id='par_1_89' title="bbox 2127 4457 3649 4534">
     <span class='ocr_line' id='line_1_89' title="bbox 2127 4457 3649 4534; baseline 0 0"><span class='ocrx_word' id='word_1_663' title='bbox 2127 4459 2474 4534; x_wconf 58' lang='lat' dir='ltr'><strong>??5_indisnis</strong></span> <span class='ocrx_word' id='word_1_664' title='bbox 2509 4459 2545 4534; x_wconf 69' lang='lat'><strong>2.</strong></span> <span class='ocrx_word' id='word_1_665' title='bbox 2653 4457 3129 4534; x_wconf 61' lang='lat' dir='ltr'><strong>‘9f9910018m_3.-</strong></span> <span class='ocrx_word' id='word_1_666' title='bbox 3287 4457 3561 4534; x_wconf 53' lang='grc' dir='ltr'><strong>οηοξηηηι</strong></span> <span class='ocrx_word' id='word_1_667' title='bbox 3592 4461 3649 4534; x_wconf 64' lang='grc' dir='ltr'><strong>ει</strong></span> 
     </span>
    </p>
   </div>
   <div class='ocr_carea' id='block_1_90' title="bbox 2666 4526 3643 4610">
    <p class='ocr_par' dir='ltr' id='par_1_90' title="bbox 2666 4526 3643 4610">
     <span class='ocr_line' id='line_1_90' title="bbox 2666 4526 3643 4610; baseline 0.006 -37"><span class='ocrx_word' id='word_1_668' title='bbox 2666 4526 2993 4610; x_wconf 34' lang='lat' dir='ltr'><strong>ﬁgulensi.&quot;</strong></span> <span class='ocrx_word' id='word_1_669' title='bbox 3047 4527 3539 4610; x_wconf 51' lang='lat' dir='ltr'><strong>{Npermanebant</strong></span> <span class='ocrx_word' id='word_1_670' title='bbox 3591 4526 3643 4580; x_wconf 93' lang='lat'><strong>3.</strong></span> 
     </span>
    </p>
   </div>
   <div class='ocr_carea' id='block_1_91' title="bbox 311 4600 3646 4688">
    <p class='ocr_par' dir='ltr' id='par_1_91' title="bbox 311 4600 3646 4688">
     <span class='ocr_line' id='line_1_91' title="bbox 311 4600 3646 4688; baseline -0.002 -31"><span class='ocrx_word' id='word_1_671' title='bbox 311 4604 384 4639; x_wconf 78' lang='grc'><strong>⁶¹²</strong></span> <span class='ocrx_word' id='word_1_672' title='bbox 433 4604 575 4688; x_wconf 72' lang='lat' dir='ltr'><strong>deest</strong></span> <span class='ocrx_word' id='word_1_673' title='bbox 619 4603 672 4657; x_wconf 91' lang='lat'><strong>3.</strong></span> <span class='ocrx_word' id='word_1_674' title='bbox 694 4600 717 4688; x_wconf 32' lang='grc' dir='ltr'><strong>ι’</strong></span> <span class='ocrx_word' id='word_1_675' title='bbox 747 4605 827 4688; x_wconf 60' lang='grc' dir='ltr'><strong>ξίδ</strong></span> <span class='ocrx_word' id='word_1_676' title='bbox 854 4606 1088 4688; x_wconf 44' lang='grc' dir='ltr'><strong>ἀςρεςελι.</strong></span> <span class='ocrx_word' id='word_1_677' title='bbox 1156 4606 1432 4688; x_wconf 58' lang='lat' dir='ltr'><strong>:l‘igitur</strong></span> <span class='ocrx_word' id='word_1_678' title='bbox 1618 4603 2078 4688; x_wconf 43' lang='lat' dir='ltr'><strong>“‘A&#39;I‘heu‘tnunicos</strong></span> <span class='ocrx_word' id='word_1_679' title='bbox 2105 4602 2163 4684; x_wconf 61' lang='lat'><strong>2.</strong></span> <span class='ocrx_word' id='word_1_680' title='bbox 2238 4600 2308 4688; x_wconf 53' lang='lat' dir='ltr'><strong>li“</strong></span> <span class='ocrx_word' id='word_1_681' title='bbox 2335 4601 2771 4688; x_wconf 39' lang='grc' dir='ltr'><strong>(διεξελεςι-νελῐιξειὲἒ</strong></span> <span class='ocrx_word' id='word_1_682' title='bbox 2855 4601 2922 4635; x_wconf 77' lang='grc'><strong>⁵¹⁷</strong></span> <span class='ocrx_word' id='word_1_683' title='bbox 2957 4600 3260 4682; x_wconf 78' lang='lat' dir='ltr'><strong>Kazimirus</strong></span> <span class='ocrx_word' id='word_1_684' title='bbox 3285 4613 3416 4673; x_wconf 83' lang='lat' dir='ltr'><strong>ergo</strong></span> <span class='ocrx_word' id='word_1_685' title='bbox 3443 4628 3508 4637; x_wconf 96' lang='lat'><strong>—</strong></span> <span class='ocrx_word' id='word_1_686' title='bbox 3549 4613 3646 4668; x_wconf 87' lang='lat' dir='ltr'><strong>pa-</strong></span> 
     </span>
    </p>
   </div>
   <div class='ocr_carea' id='block_1_92' title="bbox 313 4675 1732 4800">
    <p class='ocr_par' dir='ltr' id='par_1_92' title="bbox 313 4675 1732 4800">
     <span class='ocr_line' id='line_1_92' title="bbox 313 4675 1732 4752; baseline -0.001 -21"><span class='ocrx_word' id='word_1_687' title='bbox 313 4683 472 4731; x_wconf 88' lang='lat' dir='ltr'><strong>terna</strong></span> <span class='ocrx_word' id='word_1_688' title='bbox 510 4676 706 4730; x_wconf 82' lang='lat' dir='ltr'><strong>desunt</strong></span> <span class='ocrx_word' id='word_1_689' title='bbox 747 4675 799 4729; x_wconf 89' lang='lat'><strong>3.</strong></span> <span class='ocrx_word' id='word_1_690' title='bbox 887 4677 956 4711; x_wconf 82' lang='grc'><strong>⁶¹⁸</strong></span> <span class='ocrx_word' id='word_1_691' title='bbox 991 4677 1102 4732; x_wconf 81' lang='lat' dir='ltr'><strong>Rex</strong></span> <span class='ocrx_word' id='word_1_692' title='bbox 1153 4675 1450 4733; x_wconf 69' lang='lat' dir='ltr'><strong>Cazir&#39;nirus</strong></span> <span class='ocrx_word' id='word_1_693' title='bbox 1482 4678 1649 4752; x_wconf 85' lang='lat' dir='ltr'><strong>igitur</strong></span> <span class='ocrx_word' id='word_1_694' title='bbox 1678 4676 1732 4730; x_wconf 89' lang='lat'><strong>3.</strong></span> 
     </span>
     <span class='ocr_line' id='line_1_93' title="bbox 315 4746 1732 4800; baseline 0 0"><span class='ocrx_word' id='word_1_695' title='bbox 315 4748 354 4800; x_wconf 91' lang='lat' dir='ltr'><strong>i.</strong></span> <span class='ocrx_word' id='word_1_696' title='bbox 385 4746 441 4800; x_wconf 89' lang='lat'><strong>3.</strong></span> <span class='ocrx_word' id='word_1_697' title='bbox 529 4747 596 4780; x_wconf 69' lang='grc' dir='ltr'><strong>εει</strong></span> <span class='ocrx_word' id='word_1_698' title='bbox 624 4746 878 4800; x_wconf 86' lang='lat' dir='ltr'><strong>Pomonis</strong></span> <span class='ocrx_word' id='word_1_699' title='bbox 907 4747 961 4800; x_wconf 87' lang='lat'><strong>2.</strong></span> <span class='ocrx_word' id='word_1_700' title='bbox 1048 4748 1117 4782; x_wconf 69' lang='grc' dir='ltr'><strong>⁸η</strong></span> <span class='ocrx_word' id='word_1_701' title='bbox 1138 4747 1394 4800; x_wconf 87' lang='lat' dir='ltr'><strong>Bohemis</strong></span> <span class='ocrx_word' id='word_1_702' title='bbox 1421 4749 1472 4800; x_wconf 90' lang='lat'><strong>3.</strong></span> <span class='ocrx_word' id='word_1_703' title='bbox 1561 4747 1631 4784; x_wconf 69' lang='grc'><strong>⁵³³</strong></span> <span class='ocrx_word' id='word_1_704' title='bbox 1659 4747 1732 4800; x_wconf 81' lang='lat' dir='ltr'><strong>lin</strong></span> 
     </span>
    </p>
   </div>
   <div class='ocr_carea' id='block_1_93' title="bbox 315 4765 441 4802">
    <p class='ocr_par' dir='ltr' id='par_1_93' title="bbox 315 4765 441 4802">
     <span class='ocr_line' id='line_1_94' title="bbox 315 4765 441 4802; baseline 0 0"><span class='ocrx_word' id='word_1_705' title='bbox 315 4765 354 4802; x_wconf 87' lang='grc' dir='ltr'><strong>ι.</strong></span> <span class='ocrx_word' id='word_1_706' title='bbox 385 4765 441 4802; x_wconf 73' lang='grc' dir='ltr'><strong>ὅ.</strong></span> 
     </span>
    </p>
   </div>
   <div class='ocr_carea' id='block_1_94' title="bbox 1823 4672 3299 4746">
    <p class='ocr_par' dir='ltr' id='par_1_94' title="bbox 1823 4672 3299 4746">
     <span class='ocr_line' id='line_1_95' title="bbox 1823 4672 3299 4746; baseline -0.004 -16"><span class='ocrx_word' id='word_1_707' title='bbox 1823 4677 1892 4710; x_wconf 78' lang='grc'><strong>⁶¹⁰</strong></span> <span class='ocrx_word' id='word_1_708' title='bbox 1918 4673 2196 4746; x_wconf 81' lang='lat' dir='ltr'><strong>sexcentis</strong></span> <span class='ocrx_word' id='word_1_709' title='bbox 2242 4674 2296 4729; x_wconf 91' lang='lat'><strong>3.</strong></span> <span class='ocrx_word' id='word_1_710' title='bbox 2377 4673 2447 4707; x_wconf 77' lang='grc'><strong>⁵²⁰</strong></span> <span class='ocrx_word' id='word_1_711' title='bbox 2471 4681 2579 4746; x_wconf 75' lang='lat' dir='ltr'><strong>tam</strong></span> <span class='ocrx_word' id='word_1_712' title='bbox 2602 4672 2812 4746; x_wconf 80' lang='lat' dir='ltr'><strong>virtute</strong></span> <span class='ocrx_word' id='word_1_713' title='bbox 2853 4688 3017 4746; x_wconf 78' lang='lat' dir='ltr'><strong>quam</strong></span> <span class='ocrx_word' id='word_1_714' title='bbox 3069 4672 3299 4746; x_wconf 68' lang='lat' dir='ltr'><strong>ingenio</strong></span> 
     </span>
    </p>
   </div>
   <div class='ocr_carea' id='block_1_95' title="bbox 3341 4683 3644 4740">
    <p class='ocr_par' dir='ltr' id='par_1_95' title="bbox 3341 4683 3644 4740">
     <span class='ocr_line' id='line_1_96' title="bbox 3341 4683 3644 4740; baseline -0.013 -16"><span class='ocrx_word' id='word_1_715' title='bbox 3341 4683 3438 4740; x_wconf 85' lang='lat' dir='ltr'><strong>pro</strong></span> <span class='ocrx_word' id='word_1_716' title='bbox 3485 4685 3536 4722; x_wconf 93' lang='lat' dir='ltr'><strong>v.</strong></span> <span class='ocrx_word' id='word_1_717' title='bbox 3595 4684 3644 4723; x_wconf 94' lang='lat' dir='ltr'><strong>c.</strong></span> 
     </span>
    </p>
   </div>
   <div class='ocr_carea' id='block_1_96' title="bbox 529 4742 3652 4824">
    <p class='ocr_par' dir='ltr' id='par_1_96' title="bbox 529 4742 3652 4824">
     <span class='ocr_line' id='line_1_97' title="bbox 529 4742 3652 4824; baseline -0.002 -24"><span class='ocrx_word' id='word_1_718' title='bbox 529 4747 596 4780; x_wconf 69' lang='grc' dir='ltr'><strong>εει</strong></span> <span class='ocrx_word' id='word_1_719' title='bbox 624 4746 878 4801; x_wconf 87' lang='lat' dir='ltr'><strong>Pomonis</strong></span> <span class='ocrx_word' id='word_1_720' title='bbox 907 4747 961 4802; x_wconf 89' lang='lat'><strong>2.</strong></span> <span class='ocrx_word' id='word_1_721' title='bbox 1048 4748 1117 4782; x_wconf 79' lang='grc'><strong>⁶²¹</strong></span> <span class='ocrx_word' id='word_1_722' title='bbox 1138 4747 1472 4824; x_wconf 55' lang='grc' dir='ltr'><strong>Βοῂειηίεεβ.</strong></span> <span class='ocrx_word' id='word_1_723' title='bbox 1501 4742 1534 4752; x_wconf 79' lang='grc'><em>”</em></span> <span class='ocrx_word' id='word_1_724' title='bbox 1561 4747 1631 4784; x_wconf 71' lang='grc'><strong>⁵³³</strong></span> <span class='ocrx_word' id='word_1_725' title='bbox 1659 4746 1926 4824; x_wconf 36' lang='lat' dir='ltr'><strong>finitimis-</strong></span> <span class='ocrx_word' id='word_1_726' title='bbox 1959 4744 2421 4824; x_wconf 71' lang='lat' dir='ltr'><strong>nacipnib_us__pro</strong></span> <span class='ocrx_word' id='word_1_727' title='bbox 2476 4743 2719 4824; x_wconf 53' lang='lat' dir='ltr'><strong>ﬁnitivis</strong></span> <span class='ocrx_word' id='word_1_728' title='bbox 2754 4744 3014 4824; x_wconf 75' lang='lat' dir='ltr'><strong>gentibus</strong></span> <span class='ocrx_word' id='word_1_729' title='bbox 3033 4743 3114 4824; x_wconf 43' lang='lat'><strong>‘3.</strong></span> <span class='ocrx_word' id='word_1_730' title='bbox 3134 4742 3273 4824; x_wconf 34' lang='lat'><strong>1:&quot;</strong></span> <span class='ocrx_word' id='word_1_731' title='bbox 3313 4755 3538 4822; x_wconf 74' lang='lat' dir='ltr'><strong>uxorem</strong></span> <span class='ocrx_word' id='word_1_732' title='bbox 3591 4742 3652 4824; x_wconf 65' lang='lat' dir='ltr'><strong>in</strong></span> 
     </span>
    </p>
   </div>
   <div class='ocr_carea' id='block_1_97' title="bbox 315 4811 3650 4894">
    <p class='ocr_par' dir='ltr' id='par_1_97' title="bbox 315 4811 3650 4894">
     <span class='ocr_line' id='line_1_98' title="bbox 315 4811 3650 4894; baseline -0.002 -23"><span class='ocrx_word' id='word_1_733' title='bbox 315 4820 574 4894; x_wconf 63' lang='lat' dir='ltr'><strong>margine</strong></span> <span class='ocrx_word' id='word_1_734' title='bbox 628 4822 1185 4894; x_wconf 38' lang='lat' dir='ltr'><strong>apposuitucorrector</strong></span> <span class='ocrx_word' id='word_1_735' title='bbox 1220 4820 1274 4875; x_wconf 90' lang='lat'><strong>2.</strong></span> <span class='ocrx_word' id='word_1_736' title='bbox 1302 4892 1316 4894; x_wconf 72' lang='lat'><strong><em>_</em></strong></span> <span class='ocrx_word' id='word_1_737' title='bbox 1357 4821 1567 4894; x_wconf 74' lang='lat' dir='ltr'><strong>mque</strong></span> <span class='ocrx_word' id='word_1_738' title='bbox 1613 4835 1711 4894; x_wconf 69' lang='lat' dir='ltr'><strong>pro</strong></span> <span class='ocrx_word' id='word_1_739' title='bbox 1747 4819 1869 4894; x_wconf 78' lang='lat' dir='ltr'><strong>ejus</strong></span> <span class='ocrx_word' id='word_1_740' title='bbox 1913 4817 2125 4894; x_wconf 54' lang='lat' dir='ltr'><strong>haec}.</strong></span> <span class='ocrx_word' id='word_1_741' title='bbox 2189 4817 2260 4894; x_wconf 49' lang='lat'><strong>“&quot;5</strong></span> <span class='ocrx_word' id='word_1_742' title='bbox 2281 4811 2498 4894; x_wconf 39' lang='grc' dir='ltr'><strong>Μίδεια-(ξ</strong></span> <span class='ocrx_word' id='word_1_743' title='bbox 2523 4814 2573 4871; x_wconf 91' lang='lat'><strong>3.</strong></span> <span class='ocrx_word' id='word_1_744' title='bbox 2632 4811 2992 4894; x_wconf 61' lang='lat' dir='ltr'><strong>_&quot;&quot;p&#39;rimit_u_s</strong></span> <span class='ocrx_word' id='word_1_745' title='bbox 3031 4813 3082 4871; x_wconf 89' lang='lat'><strong>3.</strong></span> <span class='ocrx_word' id='word_1_746' title='bbox 3132 4813 3236 4894; x_wconf 60' lang='lat'><strong>&quot;5”</strong></span> <span class='ocrx_word' id='word_1_747' title='bbox 3265 4812 3363 4894; x_wconf 76' lang='lat' dir='ltr'><strong>qui</strong></span> <span class='ocrx_word' id='word_1_748' title='bbox 3392 4827 3550 4894; x_wconf 38' lang='lat' dir='ltr'><strong>“vero</strong></span> <span class='ocrx_word' id='word_1_749' title='bbox 3597 4811 3650 4864; x_wconf 93' lang='lat'><strong>3.</strong></span> 
     </span>
    </p>
   </div>
   <div class='ocr_carea' id='block_1_98' title="bbox 313 4885 2717 4958">
    <p class='ocr_par' dir='ltr' id='par_1_98' title="bbox 313 4885 2717 4958">
     <span class='ocr_line' id='line_1_99' title="bbox 313 4885 2717 4958; baseline -0 -15"><span class='ocrx_word' id='word_1_750' title='bbox 313 4889 384 4924; x_wconf 71' lang='grc'><strong>⁵³⁸</strong></span> <span class='ocrx_word' id='word_1_751' title='bbox 424 4885 673 4958; x_wconf 80' lang='lat' dir='ltr'><strong>regnavit</strong></span> <span class='ocrx_word' id='word_1_752' title='bbox 702 4885 778 4943; x_wconf 33' lang='lat'><strong>&#39;3.</strong></span> <span class='ocrx_word' id='word_1_753' title='bbox 853 4889 922 4923; x_wconf 71' lang='lat'><strong>53°</strong></span> <span class='ocrx_word' id='word_1_754' title='bbox 949 4890 1250 4945; x_wconf 89' lang='lat' dir='ltr'><strong>educamus</strong></span> <span class='ocrx_word' id='word_1_755' title='bbox 1292 4892 1344 4945; x_wconf 73' lang='lat'><strong>3.</strong></span> <span class='ocrx_word' id='word_1_756' title='bbox 1425 4885 1491 4927; x_wconf 61' lang='lat'><strong>53&quot;</strong></span> <span class='ocrx_word' id='word_1_757' title='bbox 1527 4885 1837 4946; x_wconf 23' lang='lat' dir='ltr'><strong>Mescbon’is</strong></span> <span class='ocrx_word' id='word_1_758' title='bbox 1889 4906 2015 4944; x_wconf 91' lang='lat' dir='ltr'><strong>cum</strong></span> <span class='ocrx_word' id='word_1_759' title='bbox 2047 4889 2325 4942; x_wconf 82' lang='lat' dir='ltr'><strong>Mazovitis</strong></span> <span class='ocrx_word' id='word_1_760' title='bbox 2367 4899 2425 4958; x_wconf 83' lang='lat' dir='ltr'><strong>et.</strong></span> <span class='ocrx_word' id='word_1_761' title='bbox 2455 4885 2717 4942; x_wconf 78' lang='lat' dir='ltr'><strong>Meczslao</strong></span> 
     </span>
    </p>
   </div>
   <div class='ocr_carea' id='block_1_99' title="bbox 2774 4883 3655 4956">
    <p class='ocr_par' dir='ltr' id='par_1_99' title="bbox 2774 4883 3655 4956">
     <span class='ocr_line' id='line_1_100' title="bbox 2774 4883 3655 4956; baseline -0.006 -16"><span class='ocrx_word' id='word_1_762' title='bbox 2774 4901 2869 4956; x_wconf 88' lang='lat' dir='ltr'><strong>pro</strong></span> <span class='ocrx_word' id='word_1_763' title='bbox 2923 4885 2967 4939; x_wconf 79' lang='grc' dir='ltr'><strong>Μ</strong></span> <span class='ocrx_word' id='word_1_764' title='bbox 3041 4901 3070 4939; x_wconf 92' lang='lat' dir='ltr'><strong>c</strong></span> <span class='ocrx_word' id='word_1_765' title='bbox 3132 4884 3198 4939; x_wconf 83' lang='grc' dir='ltr'><strong>Μ.</strong></span> <span class='ocrx_word' id='word_1_766' title='bbox 3264 4884 3330 4950; x_wconf 85' lang='lat'><strong>2;</strong></span> <span class='ocrx_word' id='word_1_767' title='bbox 3392 4883 3466 4937; x_wconf 90' lang='lat' dir='ltr'><strong>De</strong></span> <span class='ocrx_word' id='word_1_768' title='bbox 3508 4897 3655 4952; x_wconf 71' lang='lat' dir='ltr'><strong>prm-</strong></span> 
     </span>
    </p>
   </div>
   <div class='ocr_carea' id='block_1_100' title="bbox 319 4957 3657 5034">
    <p class='ocr_par' dir='ltr' id='par_1_100' title="bbox 319 4957 3657 5034">
     <span class='ocr_line' id='line_1_101' title="bbox 319 4957 3657 5034; baseline -0.001 -20"><span class='ocrx_word' id='word_1_769' title='bbox 319 4959 394 5014; x_wconf 92' lang='lat' dir='ltr'><strong>lio</strong></span> <span class='ocrx_word' id='word_1_770' title='bbox 417 4957 790 5014; x_wconf 32' lang='lat' dir='ltr'><strong>-—’Mazovitis</strong></span> <span class='ocrx_word' id='word_1_771' title='bbox 834 4962 1028 5034; x_wconf 80' lang='lat' dir='ltr'><strong>desunt</strong></span> <span class='ocrx_word' id='word_1_772' title='bbox 1069 4962 1120 5016; x_wconf 93' lang='lat'><strong>3.</strong></span> <span class='ocrx_word' id='word_1_773' title='bbox 1182 4963 1252 5034; x_wconf 60' lang='lat'><strong>‘3?</strong></span> <span class='ocrx_word' id='word_1_774' title='bbox 1282 4963 1585 5034; x_wconf 85' lang='lat' dir='ltr'><strong>deliberata</strong></span> <span class='ocrx_word' id='word_1_775' title='bbox 1617 4963 1669 5017; x_wconf 90' lang='grc'><strong>1.</strong></span> <span class='ocrx_word' id='word_1_776' title='bbox 1704 4962 1758 5016; x_wconf 80' lang='lat'><strong>2.</strong></span> <span class='ocrx_word' id='word_1_777' title='bbox 1791 4961 1956 5034; x_wconf 44' lang='lat'><strong>3.}33</strong></span> <span class='ocrx_word' id='word_1_778' title='bbox 1985 4959 2157 5034; x_wconf 80' lang='lat' dir='ltr'><strong>Mesth</strong></span> <span class='ocrx_word' id='word_1_779' title='bbox 2198 4957 2758 5034; x_wconf 61' lang='lat' dir='ltr'><strong>Metgzslaus_iegitur</strong></span> <span class='ocrx_word' id='word_1_780' title='bbox 2801 4957 2853 5013; x_wconf 88' lang='lat'><strong>2.</strong></span> <span class='ocrx_word' id='word_1_781' title='bbox 2872 4957 2975 5034; x_wconf 63' lang='lat' dir='ltr'><strong>sed</strong></span> <span class='ocrx_word' id='word_1_782' title='bbox 3009 4959 3166 5034; x_wconf 58' lang='lat' dir='ltr'><strong>prior</strong></span> <span class='ocrx_word' id='word_1_783' title='bbox 3193 4971 3304 5034; x_wconf 40' lang='lat' dir='ltr'><strong>uox.</strong></span> <span class='ocrx_word' id='word_1_784' title='bbox 3325 4957 3410 5009; x_wconf 85' lang='lat' dir='ltr'><strong>uti</strong></span> 
     </span>
    </p>
   </div>
   <div class='ocr_carea' id='block_1_101' title="bbox 314 5024 3654 5100">
    <p class='ocr_par' dir='ltr' id='par_1_101' title="bbox 314 5024 3654 5100">
     <span class='ocr_line' id='line_1_102' title="bbox 314 5024 3654 5100; baseline -0.002 -14"><span class='ocrx_word' id='word_1_785' title='bbox 314 5034 534 5100; x_wconf 81' lang='lat' dir='ltr'><strong>punctis</strong></span> <span class='ocrx_word' id='word_1_786' title='bbox 563 5037 769 5085; x_wconf 85' lang='lat' dir='ltr'><strong>notata.</strong></span> <span class='ocrx_word' id='word_1_787' title='bbox 854 5033 922 5066; x_wconf 72' lang='grc'><strong>³³⁸</strong></span> <span class='ocrx_word' id='word_1_788' title='bbox 945 5040 1071 5087; x_wconf 89' lang='lat' dir='ltr'><strong>ante</strong></span> <span class='ocrx_word' id='word_1_789' title='bbox 1115 5049 1180 5088; x_wconf 91' lang='lat' dir='ltr'><strong>ea</strong></span> <span class='ocrx_word' id='word_1_790' title='bbox 1211 5033 1264 5087; x_wconf 85' lang='lat'><strong>2.</strong></span> <span class='ocrx_word' id='word_1_791' title='bbox 1315 5036 1456 5091; x_wconf 81' lang='lat' dir='ltr'><strong>deest</strong></span> <span class='ocrx_word' id='word_1_792' title='bbox 1493 5033 1547 5091; x_wconf 92' lang='lat'><strong>3.</strong></span> <span class='ocrx_word' id='word_1_793' title='bbox 1631 5033 1700 5068; x_wconf 72' lang='grc'><strong>⁸³⁵</strong></span> <span class='ocrx_word' id='word_1_794' title='bbox 1727 5039 1786 5088; x_wconf 81' lang='grc' dir='ltr'><strong>ιιι</strong></span> <span class='ocrx_word' id='word_1_795' title='bbox 1819 5032 2026 5087; x_wconf 83' lang='lat' dir='ltr'><strong>dictum</strong></span> <span class='ocrx_word' id='word_1_796' title='bbox 2065 5033 2259 5087; x_wconf 85' lang='lat' dir='ltr'><strong>desunt</strong></span> <span class='ocrx_word' id='word_1_797' title='bbox 2297 5029 2349 5087; x_wconf 91' lang='lat'><strong>3.</strong></span> <span class='ocrx_word' id='word_1_798' title='bbox 2432 5029 2502 5064; x_wconf 78' lang='grc'><strong>⁵³⁸</strong></span> <span class='ocrx_word' id='word_1_799' title='bbox 2531 5024 2835 5084; x_wconf 79' lang='lat' dir='ltr'><strong>Meczzlaus</strong></span> <span class='ocrx_word' id='word_1_800' title='bbox 2869 5029 2924 5083; x_wconf 90' lang='lat'><strong>2.</strong></span> <span class='ocrx_word' id='word_1_801' title='bbox 3007 5024 3074 5063; x_wconf 71' lang='grc'><strong>⁸³⁷</strong></span> <span class='ocrx_word' id='word_1_802' title='bbox 3107 5025 3408 5083; x_wconf 90' lang='lat' dir='ltr'><strong>ambiciose</strong></span> <span class='ocrx_word' id='word_1_803' title='bbox 3435 5024 3654 5096; x_wconf 88' lang='lat' dir='ltr'><strong>cupidi-</strong></span> 
     </span>
    </p>
   </div>
   <div class='ocr_carea' id='block_1_102' title="bbox 1880 5171 2093 5230">
    <p class='ocr_par' dir='ltr' id='par_1_102' title="bbox 1880 5171 2093 5230">
     <span class='ocr_line' id='line_1_103' title="bbox 1880 5171 2093 5230; baseline 0.009 -2"><span class='ocrx_word' id='word_1_804' title='bbox 1880 5171 2093 5230; x_wconf 67' lang='lat' dir='ltr'><strong>NOTAE.</strong></span> 
     </span>
    </p>
   </div>
   <div class='ocr_carea' id='block_1_103' title="bbox 322 5103 1302 5172">
    <p class='ocr_par' dir='ltr' id='par_1_103' title="bbox 322 5103 1302 5172">
     <span class='ocr_line' id='line_1_104' title="bbox 322 5103 1302 5172; baseline 0 -14"><span class='ocrx_word' id='word_1_805' title='bbox 322 5109 430 5158; x_wconf 90' lang='lat' dir='ltr'><strong>tate</strong></span> <span class='ocrx_word' id='word_1_806' title='bbox 455 5119 554 5172; x_wconf 86' lang='lat' dir='ltr'><strong>pro</strong></span> <span class='ocrx_word' id='word_1_807' title='bbox 593 5118 639 5156; x_wconf 92' lang='lat' dir='ltr'><strong>a.</strong></span> <span class='ocrx_word' id='word_1_808' title='bbox 669 5119 723 5172; x_wconf 93' lang='lat' dir='ltr'><strong>p.</strong></span> <span class='ocrx_word' id='word_1_809' title='bbox 765 5118 815 5158; x_wconf 89' lang='lat' dir='ltr'><strong>c.</strong></span> <span class='ocrx_word' id='word_1_810' title='bbox 848 5104 900 5158; x_wconf 92' lang='lat'><strong>3.</strong></span> <span class='ocrx_word' id='word_1_811' title='bbox 983 5103 1051 5138; x_wconf 79' lang='grc'><strong>⁵³⁸</strong></span> <span class='ocrx_word' id='word_1_812' title='bbox 1079 5105 1221 5161; x_wconf 83' lang='lat' dir='ltr'><strong>deest</strong></span> <span class='ocrx_word' id='word_1_813' title='bbox 1245 5105 1302 5159; x_wconf 84' lang='lat'><strong>2.</strong></span> 
     </span>
    </p>
   </div>
   <div class='ocr_carea' id='block_1_104' title="bbox 396 5271 1186 5343">
    <p class='ocr_par' dir='ltr' id='par_1_104' title="bbox 396 5271 1186 5343">
     <span class='ocr_line' id='line_1_105' title="bbox 396 5271 1186 5343; baseline 0.005 -17"><span class='ocrx_word' id='word_1_814' title='bbox 396 5271 510 5343; x_wconf 83' lang='grc'><strong>(95)</strong></span> <span class='ocrx_word' id='word_1_815' title='bbox 542 5271 834 5327; x_wconf 82' lang='lat' dir='ltr'><strong>Henricum</strong></span> <span class='ocrx_word' id='word_1_816' title='bbox 862 5273 1104 5341; x_wconf 88' lang='lat' dir='ltr'><strong>tertium,</strong></span> <span class='ocrx_word' id='word_1_817' title='bbox 1125 5274 1186 5330; x_wconf 94' lang='grc' dir='ltr'><strong>Κ.</strong></span> 
     </span>
    </p>
   </div>
   <div class='ocr_carea' id='block_1_105' title="bbox 397 5343 1936 5416">
    <p class='ocr_par' dir='ltr' id='par_1_105' title="bbox 397 5343 1936 5416">
     <span class='ocr_line' id='line_1_106' title="bbox 397 5343 1936 5416; baseline 0.001 -20"><span class='ocrx_word' id='word_1_818' title='bbox 397 5344 510 5414; x_wconf 86' lang='grc'><strong>(96)</strong></span> <span class='ocrx_word' id='word_1_819' title='bbox 532 5347 639 5416; x_wconf 77' lang='lat' dir='ltr'><strong>Qui</strong></span> <span class='ocrx_word' id='word_1_820' title='bbox 663 5346 776 5410; x_wconf 85' lang='lat' dir='ltr'><strong>fuit</strong></span> <span class='ocrx_word' id='word_1_821' title='bbox 801 5348 1099 5401; x_wconf 80' lang='lat' dir='ltr'><strong>monachus</strong></span> <span class='ocrx_word' id='word_1_822' title='bbox 1130 5359 1392 5416; x_wconf 87' lang='lat' dir='ltr'><strong>expresse</strong></span> <span class='ocrx_word' id='word_1_823' title='bbox 1424 5345 1649 5416; x_wconf 90' lang='lat' dir='ltr'><strong>quidem</strong></span> <span class='ocrx_word' id='word_1_824' title='bbox 1692 5345 1748 5399; x_wconf 90' lang='lat' dir='ltr'><strong>in</strong></span> <span class='ocrx_word' id='word_1_825' title='bbox 1780 5343 1936 5400; x_wconf 87' lang='lat' dir='ltr'><strong>codi-</strong></span> 
     </span>
    </p>
   </div>
   <div class='ocr_carea' id='block_1_106' title="bbox 325 5414 1940 5498">
    <p class='ocr_par' dir='ltr' id='par_1_106' title="bbox 325 5414 1940 5498">
     <span class='ocr_line' id='line_1_107' title="bbox 325 5414 1940 5498; baseline 0 -29"><span class='ocrx_word' id='word_1_826' title='bbox 325 5414 485 5469; x_wconf 90' lang='lat' dir='ltr'><strong>cibus</strong></span> <span class='ocrx_word' id='word_1_827' title='bbox 525 5414 751 5498; x_wconf 71' lang='lat' dir='ltr'><strong>Iegitur,</strong></span> <span class='ocrx_word' id='word_1_828' title='bbox 793 5416 890 5498; x_wconf 81' lang='lat' dir='ltr'><strong>sed</strong></span> <span class='ocrx_word' id='word_1_829' title='bbox 924 5417 1095 5472; x_wconf 88' lang='lat' dir='ltr'><strong>verba</strong></span> <span class='ocrx_word' id='word_1_830' title='bbox 1113 5414 1622 5498; x_wconf 38' lang='lat' dir='ltr'><strong>hhaécﬂpqste—rioris</strong></span> <span class='ocrx_word' id='word_1_831' title='bbox 1670 5415 1940 5486; x_wconf 86' lang='lat' dir='ltr'><strong>temporis</strong></span> 
     </span>
    </p>
   </div>
   <div class='ocr_carea' id='block_1_107' title="bbox 2039 5271 2592 5338">
    <p class='ocr_par' dir='ltr' id='par_1_107' title="bbox 2039 5271 2592 5338">
     <span class='ocr_line' id='line_1_108' title="bbox 2039 5271 2592 5338; baseline -0.004 -10"><span class='ocrx_word' id='word_1_832' title='bbox 2039 5271 2274 5338; x_wconf 72' lang='lat' dir='ltr'><strong>Rmpell,</strong></span> <span class='ocrx_word' id='word_1_833' title='bbox 2305 5288 2340 5335; x_wconf 80' lang='grc' dir='ltr'><strong>ι,</strong></span> <span class='ocrx_word' id='word_1_834' title='bbox 2375 5272 2501 5328; x_wconf 85' lang='grc'><strong>180.</strong></span> <span class='ocrx_word' id='word_1_835' title='bbox 2533 5271 2592 5327; x_wconf 91' lang='grc' dir='ltr'><strong>Κ.</strong></span> 
     </span>
    </p>
   </div>
   <div class='ocr_carea' id='block_1_108' title="bbox 2111 5341 3660 5471">
    <p class='ocr_par' dir='ltr' id='par_1_108' title="bbox 2111 5341 3660 5471">
     <span class='ocr_line' id='line_1_109' title="bbox 2111 5341 3372 5471; baseline -0.005 -73"><span class='ocrx_word' id='word_1_836' title='bbox 2111 5341 2218 5471; x_wconf 50' lang='lat'><strong>$97)</strong></span> <span class='ocrx_word' id='word_1_837' title='bbox 2247 5343 2324 5399; x_wconf 89' lang='lat' dir='ltr'><strong>Cf.</strong></span> <span class='ocrx_word' id='word_1_838' title='bbox 2355 5345 2597 5426; x_wconf 61' lang='lat' dir='ltr'><strong>Qosmas,</strong></span> <span class='ocrx_word' id='word_1_839' title='bbox 2629 5359 2665 5396; x_wconf 87' lang='grc' dir='ltr'>ιι</span> <span class='ocrx_word' id='word_1_840' title='bbox 2691 5341 2803 5424; x_wconf 74' lang='grc' dir='ltr'><strong>2Κ.</strong></span> <span class='ocrx_word' id='word_1_841' title='bbox 2833 5413 2843 5424; x_wconf 37' lang='grc' dir='ltr'><strong><em>ο</em></strong></span> <span class='ocrx_word' id='word_1_842' title='bbox 2989 5413 2999 5424; x_wconf 37' lang='grc' dir='ltr'><strong>ο</strong></span> <span class='ocrx_word' id='word_1_843' title='bbox 3235 5412 3246 5423; x_wconf 44' lang='grc'><em>.</em></span> <span class='ocrx_word' id='word_1_844' title='bbox 3361 5409 3372 5423; x_wconf 43' lang='grc'><em>.</em></span> 
     </span>
     <span class='ocr_line' id='line_1_110' title="bbox 2133 5410 3660 5471; baseline -0.003 -3"><span class='ocrx_word' id='word_1_845' title='bbox 2133 5415 2224 5471; x_wconf 64' lang='lat'><strong>98:</strong></span> <span class='ocrx_word' id='word_1_846' title='bbox 2253 5415 2569 5471; x_wconf 80' lang='lat' dir='ltr'><strong>Hertmanm</strong></span> <span class='ocrx_word' id='word_1_847' title='bbox 2603 5415 3001 5471; x_wconf 67' lang='lat' dir='ltr'><strong>archuemscom</strong></span> <span class='ocrx_word' id='word_1_848' title='bbox 3063 5412 3408 5469; x_wconf 71' lang='lat' dir='ltr'><strong>Colomensrs</strong></span> <span class='ocrx_word' id='word_1_849' title='bbox 3464 5417 3520 5466; x_wconf 89' lang='lat' dir='ltr'><strong>et</strong></span> <span class='ocrx_word' id='word_1_850' title='bbox 3558 5410 3660 5464; x_wconf 93' lang='lat' dir='ltr'><strong>0t-</strong></span> 
     </span>
    </p>
   </div>
   <div class='ocr_carea' id='block_1_109' title="bbox 2207 5427 3494 5484">
    <p class='ocr_par' dir='ltr' id='par_1_109' title="bbox 2207 5427 3494 5484">
     <span class='ocr_line' id='line_1_111' title="bbox 2207 5427 3494 5484; baseline -0.002 -16"><span class='ocrx_word' id='word_1_851' title='bbox 2207 5427 2569 5484; x_wconf 67' lang='lat' dir='ltr'><strong>;Herimanm</strong></span> <span class='ocrx_word' id='word_1_852' title='bbox 2603 5427 3001 5484; x_wconf 80' lang='lat' dir='ltr'><strong>arcmepiscOpt</strong></span> <span class='ocrx_word' id='word_1_853' title='bbox 3063 5427 3408 5469; x_wconf 64' lang='lat' dir='ltr'><strong>commensus</strong></span> <span class='ocrx_word' id='word_1_854' title='bbox 3464 5427 3494 5466; x_wconf 89' lang='lat' dir='ltr'><strong>e</strong></span> 
     </span>
    </p>
   </div>
   <div class='ocr_carea' id='block_1_110' title="bbox 325 5484 3337 5556">
    <p class='ocr_par' dir='ltr' id='par_1_110' title="bbox 325 5484 3337 5556">
     <span class='ocr_line' id='line_1_112' title="bbox 325 5484 3337 5556; baseline -0.001 -16"><span class='ocrx_word' id='word_1_855' title='bbox 325 5501 448 5541; x_wconf 90' lang='lat' dir='ltr'><strong>esse</strong></span> <span class='ocrx_word' id='word_1_856' title='bbox 475 5484 908 5541; x_wconf 77' lang='lat' dir='ltr'><strong>additamentum</strong></span> <span class='ocrx_word' id='word_1_857' title='bbox 949 5503 1072 5542; x_wconf 91' lang='lat' dir='ltr'><strong>cum</strong></span> <span class='ocrx_word' id='word_1_858' title='bbox 1112 5484 1414 5542; x_wconf 88' lang='lat' dir='ltr'><strong>Bandichio</strong></span> <span class='ocrx_word' id='word_1_859' title='bbox 1443 5503 1758 5556; x_wconf 86' lang='lat' dir='ltr'><strong>censemus,</strong></span> <span class='ocrx_word' id='word_1_860' title='bbox 1789 5484 1940 5541; x_wconf 44' lang='lat' dir='ltr'><strong>_cum</strong></span> <span class='ocrx_word' id='word_1_861' title='bbox 2041 5485 2191 5540; x_wconf 90' lang='lat' dir='ltr'><strong>tonis</strong></span> <span class='ocrx_word' id='word_1_862' title='bbox 2221 5485 2379 5541; x_wconf 91' lang='lat' dir='ltr'><strong>ducis</strong></span> <span class='ocrx_word' id='word_1_863' title='bbox 2410 5485 2647 5551; x_wconf 76' lang='lat' dir='ltr'><strong>Sueviee,</strong></span> <span class='ocrx_word' id='word_1_864' title='bbox 2681 5484 3224 5556; x_wconf 66' lang='lat' dir='ltr'><strong>lratrumllichenzae</strong></span> <span class='ocrx_word' id='word_1_865' title='bbox 3277 5484 3337 5538; x_wconf 90' lang='grc' dir='ltr'><strong>Κ.</strong></span> 
     </span>
    </p>
   </div>
   <div class='ocr_carea' id='block_1_111' title="bbox 327 5556 1945 5628">
    <p class='ocr_par' dir='ltr' id='par_1_111' title="bbox 327 5556 1945 5628">
     <span class='ocr_line' id='line_1_113' title="bbox 327 5556 1945 5628; baseline -0.001 -16"><span class='ocrx_word' id='word_1_866' title='bbox 327 5557 650 5628; x_wconf 14' lang='grc' dir='ltr'><strong>θιίηδιυτδιίο</strong></span> <span class='ocrx_word' id='word_1_867' title='bbox 681 5557 876 5628; x_wconf 88' lang='lat' dir='ltr'><strong>sapitis</strong></span> <span class='ocrx_word' id='word_1_868' title='bbox 899 5559 1062 5625; x_wconf 89' lang='lat' dir='ltr'><strong>hujus</strong></span> <span class='ocrx_word' id='word_1_869' title='bbox 1088 5559 1193 5613; x_wconf 87' lang='lat' dir='ltr'><strong>hoc</strong></span> <span class='ocrx_word' id='word_1_870' title='bbox 1219 5557 1440 5628; x_wconf 86' lang='lat' dir='ltr'><strong>probet,</strong></span> <span class='ocrx_word' id='word_1_871' title='bbox 1472 5566 1526 5614; x_wconf 89' lang='lat' dir='ltr'><strong>et</strong></span> <span class='ocrx_word' id='word_1_872' title='bbox 1562 5567 1754 5615; x_wconf 89' lang='lat' dir='ltr'><strong>auctor</strong></span> <span class='ocrx_word' id='word_1_873' title='bbox 1793 5556 1945 5611; x_wconf 81' lang='lat' dir='ltr'><strong>Casi-</strong></span> 
     </span>
    </p>
   </div>
   <div class='ocr_carea' id='block_1_112' title="bbox 329 5627 1947 5700">
    <p class='ocr_par' dir='ltr' id='par_1_112' title="bbox 329 5627 1947 5700">
     <span class='ocr_line' id='line_1_114' title="bbox 329 5627 1947 5700; baseline -0.001 -18"><span class='ocrx_word' id='word_1_874' title='bbox 329 5627 529 5682; x_wconf 93' lang='lat' dir='ltr'><strong>mirum</strong></span> <span class='ocrx_word' id='word_1_875' title='bbox 581 5631 849 5700; x_wconf 84' lang='lat' dir='ltr'><strong>hominem</strong></span> <span class='ocrx_word' id='word_1_876' title='bbox 877 5629 1182 5685; x_wconf 78' lang='lat' dir='ltr'><strong>litteratum</strong></span> <span class='ocrx_word' id='word_1_877' title='bbox 1209 5627 1516 5700; x_wconf 81' lang='lat' dir='ltr'><strong>appellans,</strong></span> <span class='ocrx_word' id='word_1_878' title='bbox 1561 5647 1672 5687; x_wconf 90' lang='lat' dir='ltr'><strong>non</strong></span> <span class='ocrx_word' id='word_1_879' title='bbox 1701 5629 1947 5684; x_wconf 90' lang='lat' dir='ltr'><strong>siluisset</strong></span> 
     </span>
    </p>
   </div>
   <div class='ocr_carea' id='block_1_113' title="bbox 1537 5700 1943 5758">
    <p class='ocr_par' dir='ltr' id='par_1_113' title="bbox 1537 5700 1943 5758">
     <span class='ocr_line' id='line_1_115' title="bbox 1537 5700 1943 5758; baseline -0.01 -2"><span class='ocrx_word' id='word_1_880' title='bbox 1537 5702 1590 5756; x_wconf 90' lang='lat' dir='ltr'><strong>S.</strong></span> <span class='ocrx_word' id='word_1_881' title='bbox 1643 5700 1720 5758; x_wconf 82' lang='lat' dir='ltr'><strong>Cf.</strong></span> <span class='ocrx_word' id='word_1_882' title='bbox 1780 5700 1943 5754; x_wconf 79' lang='lat' dir='ltr'><strong>etiam</strong></span> 
     </span>
    </p>
   </div>
   <div class='ocr_carea' id='block_1_114' title="bbox 332 5699 1460 5770">
    <p class='ocr_par' dir='ltr' id='par_1_114' title="bbox 332 5699 1460 5770">
     <span class='ocr_line' id='line_1_116' title="bbox 332 5699 1460 5770; baseline 0.001 -16"><span class='ocrx_word' id='word_1_883' title='bbox 332 5700 387 5754; x_wconf 92' lang='lat' dir='ltr'><strong>in</strong></span> <span class='ocrx_word' id='word_1_884' title='bbox 451 5705 708 5755; x_wconf 87' lang='lat' dir='ltr'><strong>contextu</strong></span> <span class='ocrx_word' id='word_1_885' title='bbox 775 5699 844 5754; x_wconf 89' lang='lat' dir='ltr'><strong>de</strong></span> <span class='ocrx_word' id='word_1_886' title='bbox 935 5700 1056 5770; x_wconf 88' lang='lat' dir='ltr'><strong>ejus</strong></span> <span class='ocrx_word' id='word_1_887' title='bbox 1110 5699 1460 5756; x_wconf 87' lang='lat' dir='ltr'><strong>monachatu.</strong></span> 
     </span>
    </p>
   </div>
   <div class='ocr_carea' id='block_1_115' title="bbox 2118 5554 3132 5622">
    <p class='ocr_par' dir='ltr' id='par_1_115' title="bbox 2118 5554 3132 5622">
     <span class='ocr_line' id='line_1_117' title="bbox 2118 5554 3132 5622; baseline -0.002 -14"><span class='ocrx_word' id='word_1_888' title='bbox 2118 5557 2226 5621; x_wconf 85' lang='lat'><strong>(99)</strong></span> <span class='ocrx_word' id='word_1_889' title='bbox 2256 5556 2336 5612; x_wconf 84' lang='lat' dir='ltr'><strong>Cf.</strong></span> <span class='ocrx_word' id='word_1_890' title='bbox 2366 5557 2652 5612; x_wconf 85' lang='lat' dir='ltr'><strong>Annalista</strong></span> <span class='ocrx_word' id='word_1_891' title='bbox 2679 5556 2842 5622; x_wconf 86' lang='lat' dir='ltr'><strong>Saxo,</strong></span> <span class='ocrx_word' id='word_1_892' title='bbox 2876 5554 3033 5612; x_wconf 86' lang='grc'><strong>1039.</strong></span> <span class='ocrx_word' id='word_1_893' title='bbox 3068 5555 3132 5608; x_wconf 86' lang='grc' dir='ltr'><strong>Κ.</strong></span> 
     </span>
    </p>
   </div>
   <div class='ocr_carea' id='block_1_116' title="bbox 2119 5619 3658 5700">
    <p class='ocr_par' dir='ltr' id='par_1_116' title="bbox 2119 5619 3658 5700">
     <span class='ocr_line' id='line_1_118' title="bbox 2119 5619 3658 5700; baseline -0.006 -18"><span class='ocrx_word' id='word_1_894' title='bbox 2119 5619 2261 5696; x_wconf 84' lang='grc'>(100)</span> <span class='ocrx_word' id='word_1_895' title='bbox 2289 5627 2727 5700; x_wconf 84' lang='lat' dir='ltr'><strong>Dobrognevam,</strong></span> <span class='ocrx_word' id='word_1_896' title='bbox 2751 5619 2998 5682; x_wconf 89' lang='lat' dir='ltr'><strong>sororem</strong></span> <span class='ocrx_word' id='word_1_897' title='bbox 3028 5623 3258 5680; x_wconf 84' lang='lat' dir='ltr'><strong>Jaroslai</strong></span> <span class='ocrx_word' id='word_1_898' title='bbox 3281 5621 3571 5692; x_wconf 85' lang='lat' dir='ltr'><strong>principis.</strong></span> <span class='ocrx_word' id='word_1_899' title='bbox 3598 5619 3658 5672; x_wconf 82' lang='lat' dir='ltr'><strong>K.</strong></span> 
     </span>
    </p>
   </div>
  </div>
