3960 6198
425 209 527 264 867

1686 188 2031 247 (11111οΝ1οΞ
2073 184 2470 242 POLONORUM

3660 192 3775 246 868

424 337 659 394 cedebat
700 333 770 371 5”
810 349 906 403 per
939 331 1031 400 jus
1076 327 1298 399 aliquod
1351 325 1436 380 vel
1477 331 1725 378 naturam
1757 323 1825 356 διο
1909 319 2039 373 Inde
2068 324 2118 388 Α
2150 316 2230 369 vir
2269 314 2538 385 eloquens
2565 321 2619 369 et
2643 313 2876 384 peritus,
2906 313 2958 366 in
2981 313 3128 368 hunc
3152 312 3372 368 modum
3400 329 3532 370 suos
3564 317 3782 372 milites

426 428 594 484 etiam
627 426 682 481 in
722 427 787 460 5“
831 430 1041 480 tantum
1073 419 1348 491 superbia)
1380 417 1578 472 fastum
1617 413 2040 479 conscenderat,

427 520 575 593 quod
607 517 835 574 obedire
870 514 1138 570 Kazlmiro
1162 510 1468 566 rennuebat
1506 509 1596 573 δι’,
1622 508 1849 577 insuper
1876 503 2040 593 etiam

427 592 478 664 ei
499 609 570 644 ⁸⁸³
590 608 756 662 armis
788 614 841 661 et
873 603 1094 660 insidiis
1117 599 1426 656 resistebat.
1466 598 1527 651 At
1568 596 1868 650 Kazimirus
1900 592 2045 647 indi-

427 714 605 773 gnans
635 712 854 751 servum
888 693 1060 765 patris
1099 709 1162 746 ac
1193 693 1260 726 ⁵⁵⁸
1290 707 1448 744 suum
1498 687 1789 741 Mazoviam
1831 684 2045 739 violen-

429 799 512 846 ter
565 789 839 854 obtinere,
896 787 1114 857 sibique
1161 783 1231 818 5“
1297 798 1462 856 grave
1507 780 1810 850 dampnum
1855 775 2043 831 existi-

428 894 586 932 mans
625 883 680 932 et
719 875 1026 946 periculum
1071 873 1160 936 “6,
1204 871 1257 925 ni
1300 887 1358 924 se
1413 869 1478 904 δι’
1534 868 1798 932 vindicet,
1861 863 2045 919 immi-

428 982 584 1033 nere,
616 965 843 1020 collecta
873 977 1043 1033 pauca
1073 960 1296 1032 quidem
1328 972 1561 1014 numero
1614 973 1777 1010 manu
1811 955 2038 1009 bellato-

430 1070 548 1109 rum
602 1055 692 1119 ⁵⁸⁸,
745 1052 842 1106 sed
883 1057 1099 1105 assueta
1155 1049 1223 1083 “9
1258 1048 1438 1112 bellis,
1472 1046 1641 1100 armis
1685 1058 2040 1114 congressus,

429 1145 744 1201 Meczslawo
792 1143 861 1178 55°
914 1148 1219 1213 perempto,
1261 1139 1544 1194 victoriam
1595 1143 1649 1190 et
1716 1152 1904 1206 pacem
1956 1143 2042 1189 to-

428 1243 649 1306 tamque
699 1235 764 1267 δδί
810 1233 1040 1304 patriam
1098 1232 1168 1266 ⁸⁸⁸
1209 1229 1614 1300 triumphaliter
1664 1233 1746 1282 est
1809 1227 2044 1296 adeptus

429 1327 568 1397 (101)
611 1327 723 1397 (an.
770 1326 946 1394 1017).
1013 1325 1090 1380 lbi
1150 1340 1385 1395 namque
1430 1329 1578 1378 tanta
1631 1321 1811 1376 cmdes
1863 1320 2039 1374 ΜειΖο-

736 1416 804 1450 ⁵⁵³
858 1414 998 1469 facta
1064 1413 1228 1468 fuisse
1299 1421 1660 1477 memoratur,
1728 1410 1871 1464 sicut
1948 1409 2040 1462 ad-

428 1417 661 1472 vitorum

426 1511 534 1566 huc
585 1510 740 1566 locus
766 1509 1083 1565 certaminis
1113 1516 1163 1562 et
1207 1507 1573 1579 praecipitium
1616 1505 1746 1576 ripae
1795 1503 2040 1558 fluminis

2143 408 2560 465 cohortabatur:

2286 507 2416 556 Ecce
2439 502 2546 556 dies
2573 506 2860 570 expectata
2887 502 3164 569 primitus.

2287 599 2417 649 Ecce
2439 595 2566 659 ﬁnis
2594 595 2658 647 de
2683 594 2862 647 labore
2886 595 3100 662 penitus
3132 591 3151 644 1

2288 690 2565 759 Superatis
2599 694 2673 742 tot
2709 689 2864 755 falsis
2889 687 3223 749 christicolis,

2287 783 2413 833 Jam
2440 780 2619 832 securi
2636 783 2876 846 pugnate
2900 776 2970 809 ⁵⁶²
2998 791 3122 830 cum
3149 775 3376 830 discetis.

2289 872 2568 926 Multitudo
2596 886 2707 925 non
2735 871 2872 936 facit
2900 871 3201 934 victoriam,

2284 969 2382 1024 Sed
2405 971 2496 1022 cui
2523 972 2657 1022 Deus
2686 967 2908 1022 donavit
2931 981 3091 1020 suam
3119 967 3380 1034 gratiam.

2288 1061 2597 1112 Mementote
2623 1057 2840 1110 virtutis
2863 1057 3152 1124 praeterita:

2285 1149 2349 1199 Et
2375 1145 2554 1199 labore
2577 1149 2751 1198 vestro
2777 1144 2944 1208 ﬁnem
2968 1144 3173 1212 ponite.

2217 1239 2308 1293 llis
2347 1238 2527 1304 dictis,
2558 1254 2679 1293 cum
2737 1237 3012 1306 adjutorio
3069 1235 3164 1290 Dei
3207 1233 3458 1306 praelium
3520 1237 3773 1292 introivit

2142 1348 2507 1406 magnamque
2570 1330 2853 1386 victoriam
2901 1328 3216 1400 acquisivit,
3271 1329 3480 1384 Dicitur
3539 1346 3770 1402 quoque

2140 1431 2382 1478 sanctam
2417 1420 2707 1476 ecclesiam
2737 1419 2932 1474 affectu
2968 1434 3168 1492 magno
3193 1417 3412 1488 pictatis
3433 1419 3769 1484 honorasse,

2141 1515 2241 1570 sed
2271 1512 2564 1585 praecipue
2603 1511 2903 1566 monachos
2955 1519 3381 1581 sanctarumque
3427 1511 3762 1566 monialium

424 1606 772 1668 protestetur.
819 1599 941 1668 Ipse
975 1599 1137 1652 etiam
1169 1596 1244 1651 ibi
1280 1595 1582 1650 Kazimirus
1608 1609 1741 1649 ense
1772 1593 2038 1647 caedendo
2066 1622 2114 1689 Β
2141 1601 2601 1677 congregationcs
2624 1609 3033 1672 augmeniasse,
3062 1597 3157 1668 qui
3177 1597 3246 1630 563
3269 1599 3609 1652 monasterio
3630 1615 3767 1668 par-

422 1686 585 1741 nimis
627 1687 695 1721 ⁵⁸⁸
719 1687 896 1741 extitit
937 1685 1212 1760 fatigatus,
1255 1684 1482 1738 brachia
1525 1691 1810 1752 totumque
1851 1687 2040 1751 pectus

419 1785 474 1833 ct
507 1777 702 1832 faciem
734 1776 907 1832 eﬂ'uso
937 1777 1209 1850 sanguine
1257 1783 1593 1839 cruentatus,
1637 1780 1690 1828 et
1730 1774 1784 1827 in
1816 1775 2038 1843 jlantum

422 1871 698 1946 fugientes
729 1871 922 1925 hostes
977 1870 1126 1925 solus
1185 1877 1266 1924 est
1296 1875 1639 1940 persecutus,
1696 1866 1844 1938 quod
1902 1866 2040 1921 mori

419 1963 612 2018 debuit
641 1980 671 2017 a
709 1963 825 2016 suis
854 1963 1115 2018 omnibus
1155 1977 1263 2017 non
1307 1960 1552 2028 adjutus,
1583 1960 1679 2014 sed
1708 1958 1932 2030 quidam
1965 1959 2033 1992 ⁵⁵⁸

420 2067 530 2107 ηοη
563 2052 631 2106 de
659 2049 930 2106 nobilium
957 2066 1183 2122 genere,
1212 2051 1309 2104 sed
1351 2050 1420 2104 de
1460 2049 1726 2122 gregariis
1762 2045 2033 2101 militibus

418 2139 680 2195 nobiliter
706 2154 867 2209 opem
914 2139 1035 2193 tulit
1077 2139 1365 2202 morituro,
1415 2136 1564 2209 quod
1623 2136 1764 2190 bene
1799 2134 2032 2189 Kazimi-

417 2246 511 2287 rus
541 2230 650 2285 sibi
681 2229 924 2284 restituit
956 2230 1011 2283 in
1044 2229 1247 2296 futuro,
1275 2246 1397 2284 nam
1433 2238 1487 2283 et
1518 2229 1792 2283 civitatem
1825 2227 1875 2281 ei
1907 2242 2034 2282 con-

415 2327 559 2391 tulit,
582 2333 636 2381 et
666 2342 790 2381 eum
832 2325 902 2359 ⁵⁵⁵
931 2325 1199 2396 dignitate
1233 2326 1376 2380 inter
1409 2324 1707 2380 nobiliores
1729 2323 1938 2378 extulit.
1973 2322 2032 2377 ln

414 2419 508 2474 illo
539 2417 686 2473 enim
721 2417 1022 2472 certamine
1054 2417 1122 2473 30
1152 2418 1300 2472 acies
1346 2417 1628 2472 ordinatas
1659 2415 2032 2470 Masovienses

417 2512 752 2577 habuerunt,
789 2510 1090 2565 Kazimirus
1148 2526 1280 2566 vero
1334 2511 1422 2565 vix
1464 2519 1572 2565 tres
1598 2511 1747 2565 acies
1792 2509 2030 2564 bellato-

417 2621 532 2658 rum
588 2604 782 2675 plenas
821 2602 1062 2658 habebat
1105 2602 1194 2667 ⁸⁵⁷,
1243 2603 1525 2674 quoniam,
1574 2612 1633 2658 ut
1681 2603 1884 2657 dictum
1927 2610 2030 2667 est,

414 2702 524 2750 tota
558 2694 779 2750 l’olonia
811 2693 879 2727 ⁵⁵⁸
909 2708 1064 2764 paene
1097 2694 1314 2747 deserta
1339 2693 1578 2760 jacebat.

552 2784 615 2836 2t
652 2784 742 2838 ‘5'.
783 2787 853 2837 De
876 2783 1062 2852 prndio
1103 2784 1362 2836 Kazimiri
1397 2797 1522 2836 cum
1555 2783 1884 2835 Pomoranis.

490 2875 600 2930 lloc
640 2874 826 2945 itaque
872 2873 1058 2944 praelio
1111 2873 1543 2928 memorabilitcr
1606 2881 1864 2943 superato
1912 2870 2029 2942 (an.

418 2966 596 3035 1016)⁹
640 2966 1068 3020 Pomoranorum
1119 2965 1382 3020 exercitui
1444 2966 1497 3020 in
1553 2963 1815 3019 auxilium
1856 2963 2034 3018 Μαρια

411 3063 530 3118 zlao
563 3060 632 3096 ⁵⁶⁰
662 3061 932 3125 venienti,
975 3059 1275 3114 Kazimirus
1321 3077 1443 3115 cum
1479 3059 1670 3130 paucis
1713 3059 2031 3114 indubitan-

413 3163 496 3207 ter
524 3151 740 3207 obviam
775 3151 1088 3222 properavit
1117 3151 1205 3204 ⁵⁸⁸.
1241 3151 1558 3207 Nuntiatum
1608 3166 1845 3221 namque
1879 3149 2030 3220 prius

412 3240 547 3296 illud
579 3240 630 3294 ei
658 3239 852 3306 fuerat,
898 3241 1160 3312 ipsosque
1202 3240 1256 3294 in
1289 3241 1547 3295 auxilium
1586 3240 1823 3295 inimicis
1853 3240 2030 3312 adve-

413 3331 532 3386 nire
566 3331 912 3403 praesciebat.
959 3331 1113 3386 Unde
1143 3332 1446 3402 prudenter
1476 3332 1747 3403 (liSposuit
1786 3311 2029 3404 sirigula-

415 3424 547 3480 riter
579 3424 734 3495 prius
762 3439 884 3478 cum
931 3423 1369 3479 Mazoviensibus
1403 3423 1668 3488 difﬁnire,
1700 3433 1891 3495 postea
1949 3423 2028 3478 fa-

413 3513 576 3568 cilius
607 3529 729 3568 cum
767 3512 1084 3568 Pomoranis
1131 3530 1384 3586 campum
1428 3514 1744 3569 certaminis
1776 3514 2032 3569 introire.

413 3601 508 3655 llla
551 3601 698 3656 enim
739 3601 856 3657 vice
890 3602 1176 3658 Pomorani
1227 3613 1463 3675 quatuor
1507 3603 1756 3678 legiones
1793 3603 2025 3658 militum

412 3693 466 3748 in
499 3709 648 3749 arma
679 3694 973 3758 ducebant,
1008 3694 1263 3749 Kazimiri
1300 3711 1429 3751 vero
1487 3695 1691 3750 milites
1722 3713 1823 3751 nec
1862 3711 2025 3750 unam

411 3782 697 3838 dimidiam
722 3781 1118 3853 adimplebant.
1151 3782 1257 3837 Sed
1293 3783 1423 3855 quid
1462 3782 1690 3838 tamen?
1729 3783 1859 3839 Cum
1901 3799 2028 3855 pcr-

411 3880 634 3930 ventum
667 3881 815 3930 esset
870 3875 938 3928 ad
972 3875 1150 3930 locum
1206 3875 1546 3941 certaminis,
1591 3874 1909 3943 Kazimirus,
1969 3884 2028 3932 ut

2143 1693 2302 1746 vulus
2327 1706 2356 1744 a
2405 1688 2726 1761 parentibus
2752 1695 2834 1742 est
2863 1687 3100 1746 oblatus.
3135 1684 3211 1740 ibi
3243 1686 3416 1740 sacris
3457 1685 3664 1741 litteris
3695 1687 3731 1741 li
3752 1719 3764 1726 -

2143 1777 2406 1832 beraliter
2434 1776 2683 1832 eruditus
2715 1775 2876 1847 (102).

2211 1887 2300 1942 22.
2335 1891 2406 1942 De
2446 1891 2775 1944 successione
2817 1887 3040 1942 secundi
3068 1886 3303 1954 Bolestay
3337 1885 3468 1940 dicti
3505 1889 3691 1954 Largi,

2710 1964 2778 2013 Ka
2787 1959 3056 2012 zimirides
3095 1958 3184 2010 ⁵⁸⁸.

2207 2047 2320 2103 Hiis
2349 2048 2518 2122 igitur
2555 2045 2810 2102 Kazimiri
2863 2046 3032 2119 gestis
3085 2045 3540 2102 memorabilibus
3572 2048 3761 2116 praeli-

2135 2143 2294 2209 batis,
2327 2143 2564 2215 aliisque
2602 2142 2981 2214 compluribus
3037 2141 3138 2196 sub
3183 2141 3405 2196 silentio
3452 2156 3566 2212 prae.
3597 2140 3759 2196 festi—

2134 2232 2322 2287 nantia
2371 2231 2684 2298 reservatis,
2746 2231 2870 2286 vitae
2929 2229 3226 2285 terminum
3284 2229 3520 2292 ﬁnienti,
3583 2229 3753 2285 ﬁnem

2134 2325 2494 2380 terminemus
2521 2332 2574 2378 et
2594 2322 2860 2378 scribenti
2892 2323 2981 2377 ⁵³⁵.
3035 2321 3326 2393 Postquam
3361 2321 3550 2393 itaque
3579 2331 3760 2376 extre-

2134 2433 2284 2471 mum
2314 2415 2434 2471 vale
2470 2415 2775 2470 Kazimirus
2797 2413 3006 2470 mundo
3039 2414 3169 2470 fecit
3200 2425 3311 2484 (an.
3349 2415 3528 2485 1058),
3565 2414 3758 2470 Bolez-

2134 2508 2287 2563 lavus
2335 2508 2405 2542 5“
2448 2508 2570 2577 ejus
2619 2507 3044 2582 primogenitus,
3099 2506 3183 2560 vir
3219 2505 3403 2579 largus
3433 2505 3753 2564 bellicosus,

2135 2603 2468 2661 Polonorum
2501 2620 2729 2678 regnum
2765 2603 2920 2658 rexit.
2965 2603 3063 2668 Qui
3095 2619 3193 2656 sua
3236 2603 3368 2656 satis
3397 2612 3554 2676 gesta
3583 2604 3757 2675 gestis

2135 2696 2606 2767 praedecessorum
2661 2694 2968 2766 coaequavit
3025 2694 3115 2759 ⁵³⁷,
3150 2694 3256 2748 nisi
3311 2694 3459 2766 quod
3499 2694 3751 2765 quaedam

2133 2801 2258 2840 eum
2305 2784 2626 2840 ambitionis
2656 2784 2739 2838 vel
2773 2784 3029 2839 vanitatis
3089 2782 3446 2854 snperﬂuitas
3502 2784 3752 2858 agitavit.

2133 2877 2264 2932 Nam
2291 2894 2414 2932 cum
2445 2877 2502 2931 in
2526 2877 2798 2948 principio
2819 2877 2902 2930 sui
2931 2875 3217 2951 regiminis
3247 2882 3300 2930 et
3323 2875 3549 2931 Polonis
3581 2885 3636 2931 et
3661 2877 3756 2931 Po-

2137 2967 2378 3021 moranis
2410 2966 2728 3037 imperaret,
2763 2981 3066 3037 eorumque
3105 2965 3518 3020 multitudinem
3564 2966 3632 3020 ad
3666 2981 3753 3020 ca-

2134 3069 2305 3116 strum
2336 3061 2541 3117 Gradcc
2571 3061 2638 3095 5“
2668 3061 2814 3131 (103)
2865 3061 3234 3116 obsidendum
3285 3061 3754 3116 innumerabilem

2129 3161 2494 3228 congregaret
2545 3152 2613 3186 ⁵⁸9
2659 3153 2770 3221 (an.
2815 3149 2989 3220 106l),
3021 3166 3134 3206 suae
3173 3152 3536 3207 contumaciae
3579 3153 3755 3225 negli-

2129 3245 2316 3319 gentia
2345 3261 2454 3300 non
2488 3244 2664 3299 solum
2694 3252 2929 3300 castrum
2955 3261 3066 3301 non
3110 3245 3322 3311 habuit,
3348 3261 3542 3299 verum
3587 3245 3750 3299 etiam

2131 3333 2498 3388 Bohemorum
2530 3333 2760 3387 insidias
2790 3333 2877 3387 vix
2933 3333 3126 3399 evasit,
3187 3347 3250 3387 ac
3309 3333 3746 3387 Pomoranorum

2130 3421 2436 3476 dominium
2468 3421 2548 3476 sic
2589 3422 2789 3476 amisit.
2822 3421 2931 3476 Sed
2960 3437 3071 3476 non
3110 3428 3193 3476 est
3243 3419 3441 3474 mirum
3497 3420 3750 3492 aliquan-

2130 3511 2302 3564 tulum
2332 3527 2431 3582 per
2487 3511 2853 3586 ignorantiam
2911 3511 3170 3566 oberarre
3202 3511 3292 3577 57°,
3345 3511 3390 3564 si
3446 3511 3747 3584 contigerit

2131 3609 2324 3674 postea
2366 3619 2468 3675 per
2492 3603 2817 3676 sapientiam
2849 3619 2972 3677 quae
3001 3603 3252 3679 neglecte
3295 3603 3502 3658 fuerint
3555 3620 3749 3658 eman-

2129 3693 2259 3751 dare
2290 3695 2380 3749 ⁵η,
2721 3700 2726 3705 ’

2127 3783 2214 3838 23.
2257 3788 2329 3839 De
2355 3787 2702 3840 conventione
2729 3785 2993 3839 Botezlavi
3029 3801 3154 3840 cum
3191 3785 3326 3840 duce
3355 3787 3748 3841 Ruthenorum.

2199 3876 2316 3931 Non
2347 3885 2432 3933 est
2452 3877 2620 3950 igitur
2642 3877 2710 3911 ⁵⁷³
2741 3877 2968 3950 dignum
3002 3877 3331 3949 probitatem
3365 3877 3748 3934 multimodam

1760 4014 1978 4070 VAerE
2011 4015 2278 4072 LECTlON
2289 4016 2382 4071 ES.

481 4141 550 4177 ³³⁹
577 4143 931 4214 competebat
984 4144 1036 4198 3.
1116 4143 1467 4212 “justitiam
1499 4145 1551 4200 3.
1613 4146 1678 4179 5“
1711 4155 1764 4199 et
1819 4145 1870 4199 3.
1939 4145 2010 4180 5"
2037 4153 2091 4199 et
2137 4147 2346 4200 addunt
2399 4146 2448 4199 1.
2501 4143 2550 4199 3.
2630 4144 2700 4179 ⁸⁴³
2725 4144 2866 4198 deest
2912 4144 2965 4197 3.
3041 4144 3183 4198 5“et
3245 4143 3297 4199 3.

2083 4219 2361 4287 posterior,
2390 4222 2599 4271 vetusta
2633 4223 2816 4270 tamen
2852 4231 3069 4287 manus,
3110 4219 3256 4287 facta
3282 4218 3455 4283 signo,
3485 4221 3738 4284 apposuit

409 4214 480 4248 “‘
509 4224 563 4268 ct
591 4217 892 4284 periculum
925 4217 1116 4271 desunt
1145 4217 1196 4268 3.

415 4365 634 4428 tamque
688 4358 722 4411 ‘2
843 4360 912 4393 ⁵⁵³
944 4358 1283 4428 provinciam
1338 4358 1370 4413 3
1470 4359 1539 4393 ⁵⁵³
1570 4359 1681 4413 Mar.

411 4429 535 4482 dam
561 4427 612 4482 3.
694 4429 763 4463 ⁵⁵⁸
801 4445 924 4482 cum
969 4429 1018 4482 3.
1101 4429 1166 4462 δεῖ
1200 4428 1476 4483 habebant
1535 4435 1579 4485 l.
1630 4431 1684 4484 2.

1268 4215 1332 4249 5”
1358 4216 1442 4268 via
1470 4233 1528 4270 se
1555 4232 1652 4286 pro
1683 4217 1735 4270 ni
1765 4233 1823 4269 se
1863 4217 1918 4270 2.
1961 4218 2052 4272 sed

411 4289 472 4340 in
500 4289 748 4356 margine
785 4288 914 4348 nisi,
947 4291 1025 4341 ita
1077 4293 1137 4340 ut
1161 4288 1375 4355 tegatur
1427 4288 1532 4341 nisi
1593 4289 1642 4340 vi
1686 4305 1766 4342 se.
1844 4288 1913 4322 5"
1941 4296 2274 4343 armatorum
2315 4289 2367 4342 3.
2447 4288 2515 4322 “9
2541 4293 2786 4340 asseveta
2815 4287 2848 4340 3

843 4360 912 4393 ⁵⁵⁸
944 4357 1283 4428 provinciam
1338 4358 1370 4413 3
1470 4359 1539 4393 ⁵⁵³
1570 4359 1951 4414 Mazovitarum
1992 4360 2044 4413 3.

1768 4430 1836 4465 ⁵⁸³
1864 4431 2005 4485 deest
2033 4431 2084 4484 3.

3418 4145 3488 4178 ⁵⁸³
3519 4143 3629 4197 sibi
3690 4143 3743 4200 3.

2958 4287 3028 4322 ⁵⁵⁰
3051 4286 3340 4340 Meczlawo
3366 4287 3418 4341 2.
3506 4289 3576 4321 ⁵⁵³
3624 4298 3746 4340 tan-

2132 4361 2201 4394 ⁵⁸⁸
2232 4359 2397 4413 minis
2449 4359 2500 4411 3.
2584 4357 2653 4392 ⁵⁵³
2683 4358 2906 4428 quidem
2940 4357 2992 4411 1.
3023 4358 3058 4410 2
3113 4358 3157 4410 si
3190 4357 3322 4426 quid
3344 4373 3442 4426 pro
3473 4358 3573 4411 sed
3616 4361 3745 4428 qui-

2168 4431 2237 4465 ⁸⁸⁸
2268 4437 2440 4485 totum
2465 4432 2560 4483 hoc
2588 4430 2890 4497 capitulum
2921 4436 2971 4482 et
2998 4432 3219 4482 initium
3244 4432 3513 4498 sequentis
3543 4433 3746 4484 omittit

410 4498 462 4580 3.
495 4502 590 4568 qui
612 4506 725 4580 post
766 4501 1022 4580 ultimum
1047 4500 1270 4554 verbum
1296 4502 1917 4580 prteredentiscapituli
1954 4501 2175 4580 jacebat
2205 4503 2439 4580 g_ddit_in
2467 4503 2770 4580 Acontigiuo.
2831 4501 2939 4553 Iste
2982 4499 3257 4580 interfecit
3301 4504 3353 4552 ὃ.
3407 4499 3740 4553 Stanislaum

411 4567 824 4625 Cra’coviensem
860 4571 1205 4642 episcopum,
1229 4567 1384 4624 valde
1426 4567 1795 4626 venerabilem
1827 4567 2024 4627 virum.

409 4643 618 4709 celtato,
667 4650 931 4698 corrector
968 4645 1027 4696 in
1080 4646 1329 4711 margine
1362 4647 1540 4712 posuit
1571 4654 1845 4714 properat.

410 4784 587 4838 mirus
629 4784 953 4840 ΜΧΧΧῊΙΙ.
985 4789 1137 4854 ponit
1169 4789 1227 4839 in
1250 4802 1504 4853 margine
1532 4788 1553 4838 1

407 4854 730 4910 Bolezlavus
756 4857 778 4910 1

405 4997 694 5068 coequavit
745 5015 841 5068 pro

949 5001 1014 5072 iis
1077 5001 1247 5072 igitur

404 5067 469 5102 ⁵⁷¹
502 5067 830 5125 έπιθηόδὲεε
859 5080 964 5126 etc.
989 5071 1042 5129 3.

1131 5070 1200 5106 δῖ’
1227 5071 1367 5127 deest
1393 5072 1446 5124 3.

2105 4573 2175 4606 ⁵⁶⁰
2205 4573 2439 4627 Mcczlao
2465 4573 2516 4624 2.

1933 4644 2003 4678 ⁵⁵³
2033 4659 2275 4714 pugnare
2312 4647 2330 4697 1
2390 4643 2443 4697 2.
2475 4644 2507 4695 3

401 4714 569 4781 pituli
593 4731 624 4766 a
657 4721 947 4770 correctore
975 4717 1034 4768 in
1070 4717 1319 4781 margine
1342 4722 1417 4768 est
1457 4712 1869 4784 adscriptum‘i:
1906 4715 1979 4768 De
2034 4712 2388 4769 successione
2417 4745 2477 4753 —
2514 4712 2868 4766 Kazimirides
2910 4715 3103 4766 desunt
3143 4714 3195 4765 3.

1655 4787 1726 4821 ⁵⁸⁵
1751 4786 1852 4838 lste
1884 4785 2084 4839 occidit
2122 4785 2454 4840 Stanislaum
2477 4786 2626 4838 addit
2655 4786 2751 4839 hoc
2777 4786 2886 4838 loco
2915 4785 3414 4854 suprarcolumnam
3435 4801 3599 4854 super
3623 4800 3742 4838 voce

889 4857 955 4892 ⁵⁵⁷
987 4853 1230 4912 Mortuus
1275 4865 1358 4910 est
1391 4856 1685 4910 Casimirus
1731 4872 1876 4910 anno
1935 4856 2146 4911 Domini
2184 4857 2411 4920 MLVlll,
2469 4855 2554 4909 cui
2605 4855 2874 4908 successit
2925 4853 3204 4909 Boleslaus
3235 4853 3380 4908 filius
3413 4853 3535 4925 ejus
3567 4856 3620 4908 in
3651 4872 3736 4909 rc-

404 4943 599 4998 gnum,
655 4924 797 4998 filius
848 4928 1070 4998 inquam
1106 4928 1528 4998 primogenitus,
1571 4929 1653 4982 vir
1679 4929 1862 4997 largus
1915 4933 1970 4982 et
2008 4927 2326 4992 bellicosus,

949 4946 1070 4982 uam
1106 4946 1282 4998 primo
1325 4946 1528 4992 enuus,
1571 4946 1653 4982 \‘ll‘
1679 4946 1862 4997 largus
1915 4946 1970 4982 Cl
2008 4946 2114 4982 neu

903 4946 1014 5054 iiiis
1077 5001 1247 5070 igitur
1287 4946 1544 5053 ﬁazimiri
1610 5031 1640 5039 ς
1707 4999 2009 5070 coaequavit
2062 4998 2114 5055 3.

2609 4572 2673 4605 ⁵⁶¹
2703 4571 3037 4640 prepetravit
3071 4579 3189 4624 erat
3217 4570 3269 4624 2.
3299 4588 3406 4640 qua
3432 4587 3558 4625 voce
3599 4587 3735 4625 can-

2610 4642 2680 4675 ⁶⁶³
2709 4643 2970 4710 quoniam
3001 4642 3052 4694 2.
3137 4641 3206 4676 ⁵⁶⁴
3235 4649 3622 4707 argumentum
3652 4659 3741 4697 ca-

3295 4714 3365 4747 ⁶⁶⁶
3390 4713 3538 4767 Obiit
3576 4713 3736 4767 Κειῑί-

2366 4927 2459 4997 qui
2516 4942 2615 4980 sua
2673 4927 2806 4979 satis
2843 4934 2996 4998 gesta

2229 4999 2298 5033 ⁸⁵⁸
2327 4998 2556 5052 Gradek.
2617 4998 2668 5050 3.

3283 4927 3736 4994 predecessorum

3085 4925 3218 4980 estis

2761 4943 2806 4979 ιε
2843 4942 2996 4998 gesta
3041 4942 3218 5053 gestis
3283 4942 3734 4994 preaccessorum

2754 4998 2823 5031 “9
2851 4999 2992 5052 deest
3085 5041 3095 5051 .
3223 4997 3292 5030 ⁵⁷⁰
3329 4997 3624 5052 oberrasse
3681 4998 3734 5051 3.

1955 5171 2162 5226 NOT/E.

471 5293 625 5365 (101)
662 5293 814 5357 Quod
866 5297 1070 5352 auxilio
1121 5297 1348 5351 Jaroslai
1401 5295 1602 5350 factum
1657 5311 1784 5350 esse
1833 5307 2023 5351 narrat

408 5362 616 5439 Nestor
643 5365 901 5439 ad_1047.
940 5369 1044 5421 Sed
1080 5370 1244 5437 paulo
1285 5367 1438 5439 prius
1479 5368 1595 5421 haec
1633 5367 1774 5422 alter
1801 5367 1870 5420 de
1912 5367 2018 5422 Po-

2193 5295 2344 5364 (102;
2375 5294 2570 5360 \‘erba,
2613 5297 2707 5364 qui
2733 5297 3059 5350 monasterio
3087 5325 3148 5334 —-
3182 5294 3428 5349 eruditus
3467 5295 3608 5349 male
3639 5296 3730 5350 in-

2121 5367 2358 5431 tellecta,
2406 5383 2593 5420 ansam
2627 5367 2768 5421 forte
2809 5367 3085 5420 dederunt
3116 5364 3338 5431 fabulae,
3384 5380 3509 5420 cum
3563 5366 3730 5422 fuisse

399 5437 643 5508 moranis
681 5435 910 5508 victoria
949 5435 1225 5508 reportata
1266 5435 1370 5503 est,
1413 5454 1536 5493 cum
1577 5455 1628 5492 a.
1674 5439 1815 5494 1046
1843 5455 2019 5493 anna-
2118 5440 2488 5502 monachum;
2519 5437 2843 5501 Bandtchie,
2877 5453 2931 5508 p.
2961 5438 3048 5491 98.
3084 5436 3141 5490 S.

397 5505 543 5578 libus
575 5506 968 5563 Altahcnsibus
1006 5505 1241 5562 testibus
1282 5525 1382 5578 pax
1424 5510 1570 5564 inter
1609 5508 1932 5564 Casimirum
1964 5521 2018 5564 et

400 5577 838 5638 Pomoranorum
872 5577 1066 5631 ducem
1101 5577 1394 5635 constituta
1424 5581 1492 5634 sit
1533 5581 1592 5638 li.

2189 5509 2341 5578 (103)
2372 5509 2750 5584 Cwniggraetz
2779 5509 2834 5561 in
2865 5506 3039 5581 regno
3069 5506 3366 5562 Bohemite.
3396 5506 3453 5560 S.
