3960 6198
390 234 484 287 871

1649 210 1998 273 CHRONICE
2039 207 2457 264 POLONORUM.

3623 212 3738 266 8’72

391 357 611 412 cuniam
661 372 722 412 se
755 354 988 421 vidisse,
1021 368 1183 425 quam
1223 365 1287 406 ea
1327 349 1396 404 de
1440 361 1605 405 causa
1629 361 1774 418 regis
1799 344 2007 398 curiam
2039 343 2085 409 Α
2117 338 2474 408 corporaliter
2502 337 2804 394 vindicare.
2847 338 2987 394 lllud
3045 336 3194 392 enim
3234 337 3466 393 multum
3500 337 3611 392 sibi
3642 354 3743 392 no-

396 444 674 500 introisse.

533 534 644 588 Sed
667 549 766 589 cur
795 532 970 588 miser
987 529 1263 587 clericelle
1304 527 1485 582 latitas
1501 525 1530 578 ?

537 625 642 682 Cur
661 627 930 694 indicare,
962 623 1262 698 gemivisse
1283 622 1354 656 ⁶⁰⁶
1380 627 1456 688 te,
1488 617 1710 674 dubitas
1739 614 1847 668 “7?

535 717 784 773 Gemitus
816 719 918 772 iste
941 724 1107 772 totam
1140 713 1412 770 tristitiam
1445 709 1808 774 conculcabit,

541 808 853 879 Suspirium
889 805 1037 862 istud
1070 805 1138 839 ⁶⁰⁸
1164 818 1417 876 magnam
1459 800 1556 856 tibi
1588 799 1818 855 letitiam
1846 810 2020 871 gene-

1762 887 1946 961 [rabit.

467 991 612 1058 Noli,
646 991 797 1066 large
838 1006 952 1056 rex,
975 989 1086 1044 noli
1119 988 1187 1022 ⁶⁰⁹
1228 986 1490 1041 miserum
1541 983 1877 1039 clericellum
1907 995 2020 1052 pra!

399 1081 598 1137 timore
632 1081 841 1136 diutius
893 1079 1206 1143 anchelare,
1254 1075 1351 1131 sed
1402 1075 1601 1130 festina
1632 1083 1725 1128 tuo
1755 1074 2015 1127 thezauro

401 1170 524 1238 ejus
564 1170 826 1224 humeros
887 1169 1155 1222 honerare
1206 1165 1293 1219 διο.
1361 1165 1528 1240 Igitur
1583 1164 1949 1235 interrogatus
1985 1176 2014 1213 a

405 1276 536 1335 rege
557 1259 813 1327 clericus,
840 1259 970 1331 quid
1001 1259 1298 1332 cogitasset
1327 1273 1450 1311 cum
1485 1255 1565 1310 sic
1603 1253 2016 1309 lacrimabiliter

406 1349 756 1420 suspirasset,
813 1366 936 1404 cum
988 1355 1228 1402 tremore
1261 1345 1574 1416 respondit:
1641 1345 1857 1399 Domine
1900 1359 2018 1408 recc,

403 1453 579 1492 meam
618 1441 770 1492 misei
785 1441 895 1492 iam
925 1453 1199 1506 meamque
1223 1440 1621 1507 paupertatem,
1655 1439 1886 1488 vestram
1912 1433 2020 1498 glo-

397 1529 540 1582 riam
568 1532 912 1598 vestramque
940 1527 1274 1595 majestatem
1305 1524 1671 1591 considerans,
1710 1522 2020 1588 felicitatem

400 1619 709 1684 infortunio
740 1617 1085 1686 dispariliter
1113 1615 1202 1680 ⁶¹¹,
1238 1614 1619 1684 comparando,
1667 1627 1782 1682 pra:
1822 1611 2020 1666 doloris

398 1707 768 1776 magnitudine
823 1707 1122 1776 suspiravi.
1191 1703 1343 1758 Tunc
1395 1719 1486 1756 rex
1551 1701 1736 1776 largus
1789 1701 1898 1756 ait:
1959 1701 2022 1756 Si

392 1805 616 1869 propter
643 1801 886 1870 inopiam
937 1799 1252 1863 suspirasti,
1293 1795 1633 1851 Bolezlavum
1675 1809 1852 1862 regem
1876 1809 2017 1864 pau-

396 1892 629 1960 pertatis
650 1891 906 1944 solatium
925 1892 986 1943 in
995 1890 1186 1943 venisti
1237 1887 1433 1942 Accede
1444 1889 1628 1956 itaque
1647 1885 1721 1940 ad
1729 1887 2016 1956 pecuniam

395 1995 558 2048 quam
604 1981 853 2044 miraris,
903 1983 951 2032 et
1018 1979 1091 2032 sit
1133 1987 1284 2030 tuum
1343 1980 1709 2046 quantumque
1745 1990 1851 2029 uno
1912 1975 2012 2028 ho-

393 2085 517 2125 nere
554 2071 623 2104 ⁶¹²
654 2070 835 2124 tollere
874 2069 942 2104 ⁶¹³
972 2072 1203 2124 conaris.
1235 2068 1296 2123 Et
1335 2067 1612 2123 accedens
1653 2067 1746 2122 ille
1779 2082 2018 2139 pauper-

392 2162 572 2226 culus,
603 2176 736 2217 auro
762 2168 817 2216 et
845 2169 1072 2236 argento
1096 2177 1324 2232 cappam
1366 2177 1522 2214 suam
1571 2169 1780 2215 tantum
1815 2159 2015 2231 imple-

391 2254 492 2318 vit,
534 2253 683 2326 quod
723 2269 788 2308 ex
835 2253 1008 2308 nimio
1049 2253 1298 2325 pondere
1337 2260 1495 2324 rupta
1541 2251 1660 2318 fuit,
1724 2258 1777 2306 et
1817 2251 2010 2306 eadem

392 2343 628 2418 pecunia
664 2343 842 2400 visum
894 2344 1044 2416 cepit
1082 2345 1169 2398 ‘l‘.
1212 2343 1364 2399 Tunc
1395 2359 1487 2398 rex
1527 2344 1711 2419 largus
1759 2343 1828 2398 de
1869 2343 2014 2399 collo

391 2453 492 2494 suo
532 2437 756 2510 pallium
797 2437 1048 2502 extraxit,
1103 2436 1349 2509 illudque
1391 2435 1594 2492 clerico
1635 2435 1864 2508 pauperi
1913 2450 2012 2507 pro

390 2545 552 2586 sacco
584 2530 836 2601 pecuniae
869 2529 1128 2600 porrexit,
1162 2545 1403 2600 eumque
1449 2529 1649 2598 juvans
1699 2527 2020 2583 melioribus

396 2621 707 2678 honoravit.
744 2622 802 2677 In
825 2630 1035 2677 tantum
1066 2622 1213 2677 enim
1244 2620 1508 2678 clericum
1549 2622 1616 2656 ⁶¹⁵
1667 2635 1804 2677 auro
1838 2629 1892 2676 et
1923 2637 2010 2675 ar-

389 2721 559 2790 gento
581 2731 672 2769 rex
700 2713 886 2788 largus
913 2714 1220 2779 honeravit,
1240 2713 1388 2786 quod
1419 2713 1522 2768 sibi
1552 2712 1753 2769 collum
1784 2711 2010 2769 dissolvi

391 2801 649 2869 clericus,
670 2802 716 2856 si
749 2802 872 2873 plus
903 2808 1158 2872 poneret,
1195 2801 1542 2867 exclamavit.

533 2893 646 2947 Rex
695 2891 838 2946 fama
867 2891 1020 2959 vivit,
1057 2891 1277 2946 didatus
1308 2907 1519 2962 pauper
1547 2892 1617 2926 διδ
1647 2891 1819 2947 obivit
1846 2890 2011 2962 (106).

458 2985 528 3041 27
560 2986 647 3041 ⁸¹“¹.
671 2988 742 3040 De
762 2988 926 3041 emilio
952 2987 1224 3042 Bolezlavi
1262 2988 1432 3054 Largi
1458 2988 1518 3041 in
1548 2987 1865 3054 Ungariam.

463 3077 596 3149 (An.
636 3077 815 3145 1064.)
860 3076 987 3147 Ipse
1041 3091 1263 3148 quoque
1303 3076 1655 3132 Salomonem
1707 3092 1893 3151 regem
1941 3077 2009 3132 de

392 3167 630 3244 Ungaria
669 3168 788 3224 suis
826 3166 1040 3222 viribus
1098 3166 1375 3240 eﬁ'ugavit,
1423 3176 1477 3222 et
1511 3166 1566 3221 in
1610 3167 1746 3222 sede
1776 3166 2007 3223 Wladis-

2036 3035 2087 3106 C

2115 430 2252 492 cuit,
2277 445 2401 484 cum
2434 437 2660 502 peccato
2691 437 2976 502 peccatum
3023 429 3093 464 ⁸³³
3130 429 3406 493 adhibuit,
3453 443 3580 484 cum
3637 443 3742 500 pro

2116 519 2414 576 traditione
2436 520 2506 555 ⁸³³
2535 519 2849 592 pontiﬁcem
2881 519 3022 587 (108)
3071 519 3407 574 truncationi
3447 518 3742 574 membro-

2117 628 2236 666 rum
2295 611 2549 666 adhibuit
2601 614 2708 682 (an.
2762 612 2916 675 1079)
2975 611 3164 682 Neque
3220 611 3368 666 enim
3412 610 3740 664 traditorem

2120 703 2443 776 episcOpum
2466 703 2536 738 ⁸³⁸
2557 719 2903 770 excusemus,
2931 719 3114 775 neque
3145 718 3329 778 regem
3361 703 3741 757 vindicantem

2122 796 2202 851 sic
2231 812 2291 852 se
2319 797 2553 868 turpiter
2578 796 3054 864 commendamus,
3094 797 3191 850 sed
3223 796 3405 850 hocin
3431 796 3622 851 medio
3645 796 3748 851 de-

2123 884 2386 954 feramus,
2445 894 2500 940 et
2548 895 2608 941 ut
2658 886 2715 940 in
2766 885 3002 960 Ungaria
3041 891 3298 956 receptus
3354 883 3522 941 fuerit
3570 886 3748 940 disse-

2122 994 2308 1034 ramus
2323 1019 2333 1028 .

2191 1082 2279 1138 28.
2316 1086 2388 1138 De
2427 1085 2759 1153 susceptione
2803 1083 3074 1138 Βοιὼ-ςιαυί
3111 1099 3214 1153 per
3262 1082 3668 1138 Wladislaeum

2673 1171 2850 1222 regem
2899 1157 3172 1222 Ungaria.

2194 1249 2324 1304 (lum
2363 1250 2431 1284 ⁶²⁶
2457 1249 2702 1305 audisset
2737 1249 3064 1304 Wladislaus
3091 1249 3160 1284 ⁸³⁸
3183 1247 3534 1304 Bolezlavum
3567 1249 3739 1303 adve-

3509 1339 3680 1410 (nire,

2122 1429 2318 1486 Partim
2351 1430 2417 1466 ⁸³⁷
2445 1431 2647 1506 gaudet
2674 1430 2820 1502 (109)
2850 1446 2916 1485 ex
2934 1429 3133 1498 amico,
3168 1433 3364 1503 partim
3392 1439 3563 1487 restat
3590 1432 3752 1487 locus

3339 1525 3452 1598 [iraa
3493 1527 3536 1596 (1
3554 1527 3678 1595 ιο;ι;

2122 1618 2322 1674 Partim
2383 1632 2450 1672 ex
2488 1622 2711 1687 recepto
2761 1614 2988 1687 quidem
3046 1613 3212 1671 fratre
3255 1616 3460 1688 gaudet
3510 1615 3663 1686 (111)
3697 1623 3752 1670 et

3446 1711 3675 1782 iamiam

2119 1805 2226 1860 Sed
2263 1803 2477 1859 deferre
2525 1801 2862 1859 Wladislavo
2920 1800 3066 1858 facto
3129 1801 3197 1837 ⁸³⁸
3251 1801 3401 1858 dolet
3443 1799 3582 1868 (H2;
3637 1801 3747 1856 ini-

3377 1889 3549 1961 [mico
3571 1891 3665 1944 ⁸³⁸.

2117 1982 2234 2039 Non
2265 1998 2390 2038 eum
2433 1981 2650 2052 recipit,
2689 1979 2840 2035 velut
2873 1986 3193 2035 extraneum
3221 1977 3307 2034 vel
3333 1978 3615 2050 hospitem
3659 1980 3744 2035 vel

2117 2094 2218 2150 par
2257 2093 2443 2150 parem
2485 2077 2736 2147 recipere
2771 2074 3010 2147 quisque
3047 2074 3212 2140 solet,
3248 2073 3344 2129 sed
3385 2074 3544 2146 quasi
3585 2074 3747 2129 miles

2118 2166 2424 2238 principem
2451 2165 2537 2220 vel
2564 2165 2671 2219 dux
2716 2179 2902 2239 regem
2927 2164 3013 2219 vel
3047 2179 3140 2218 rex
3169 2162 3566 2234 imperatorem
3599 2164 3744 2219 reci-

2118 2277 2248 2334 pere
2273 2262 2398 2332 jure
2420 2259 2585 2316 debet
2622 2259 2712 2314 ⁶³⁰.

2116 2351 2437 2408 Bolezlavus
2467 2353 2532 2385 ⁸³⁸
2585 2350 2977 2406 Wladislavum
3021 2366 3181 2406 suum
3243 2366 3440 2426 regem
3484 2351 3742 2423 appella-

3425 2437 3542 2514 [bat
3577 2441 3669 2509 ⁸³³,

2121 2531 2450 2588 Wladislaus
2476 2548 2536 2587 se
2569 2547 2665 2603 per
2708 2547 2834 2587 eum
2865 2547 2988 2586 esse
3018 2530 3088 2566 ⁸³³
3118 2547 3304 2604 regem
3334 2533 3733 2606 cognoscebat.

2120 2625 2180 2679 In
2210 2625 2500 2680 Bolezlavo
2542 2631 2723 2678 tamen
2765 2639 2934 2677 unum
2991 2623 3060 2658 ⁸³⁸
3103 2623 3496 2679 ascribendum
3529 2633 3616 2679 est
3652 2642 3736 2679 va-

2113 2711 2292 2777 nitati,
2339 2711 2488 2784 quod
2545 2711 2665 2779 ejus
2729 2709 2978 2782 pristinae
3026 2711 3258 2766 multum
3315 2710 3495 2767 obfuit
3548 2712 3738 2782 prohi-

2117 2805 2216 2860 tati
2238 2822 2254 2871 ;

2115 2894 2247 2949 Nam
2275 2910 2398 2950 cum
2443 2909 2672 2967 regnum
2703 2893 2946 2950 alienum
2974 2893 3239 2969 fugitivus
3269 2894 3520 2962 introire,

2115 2988 2364 3062 Cumque
2379 2990 2563 3045 nullus
2588 2989 2916 3045 rusticorum
2947 2988 3175 3062 fugitivo
3198 2991 3268 3025 ⁸³⁵
3294 2989 3579 3057 obediret,

2110 3083 2327 3139 obviam
2382 3082 2439 3138 in
2486 3081 2775 3139 Bolezlavo
2811 3083 2881 3118 ⁸³⁸
2911 3082 3296 3149 Wladislavus,
3341 3092 3402 3139 ut
3428 3084 3516 3139 vir
3555 3085 3738 3140 humi-

2111 3174 2199 3241 lis,
2216 3173 2567 3246 properabat,
2599 3189 2839 3247 eumque
2857 3175 3323 3246 prepinquantem
3342 3175 3569 3232 eminus
3585 3193 3736 3249 equo

396 3263 567 3330 leum,
619 3262 764 3318 sicut
809 3261 879 3297 ⁶¹⁶
928 3261 1267 3316 eminentem
1321 3277 1555 3332 corpore
1585 3261 1664 3317 sic
1689 3261 2006 3318 affluentem
2111 3265 2460 3322 descendens
2508 3267 2581 3322 ob
2619 3267 2986 3322 reverentiam
3026 3267 3371 3338 expectabat.
3431 3269 3498 3324 At
3537 3278 3733 3325 contra

391 3355 617 3427 pietate,
651 3353 943 3410 collocavit
987 3351 1150 3422 (107).
1193 3353 1293 3418 Qui
1326 3353 1660 3409 Wladislaus
1697 3353 1766 3408 ab
1825 3353 2009 3410 infan-
2109 3357 2431 3414 Bolezlavus
2454 3357 2820 3413 humilitatem
2852 3357 2999 3431 regis
3020 3358 3292 3414 mansueti
3324 3373 3433 3415 non
3463 3361 3729 3430 respexit,

391 3446 470 3502 tia
499 3445 740 3501 nutritus
768 3445 823 3500 in
861 3444 1092 3502 Polonia
1124 3443 1321 3501 fuerat.
1367 3451 1420 3500 et
1457 3445 1524 3480 ⁶¹⁹
1577 3445 1735 3518 quasi
1762 3445 2010 3502 moribus
2108 3450 2207 3506 sed
2251 3449 2308 3504 in
2357 3449 2634 3521 pestiferae
2689 3449 2886 3506 fastum
2945 3450 3012 3486 ⁸³⁷
3059 3451 3334 3522 superbiae
3385 3466 3482 3507 cor
3529 3454 3728 3508 erexit.

391 3545 447 3594 et
479 3537 592 3594 vita
616 3537 856 3593 Polonus
879 3537 1054 3592 factus
1073 3536 1270 3594 fuerat.
1315 3536 1512 3593 Dicunt
1531 3538 1696 3593 talem
1724 3554 2006 3610 nunquam
2108 3541 2285 3607 Hunc,
2320 3540 2518 3612 inquit,
2545 3540 2863 3611 alumpnum
2896 3542 2958 3595 in
3001 3541 3223 3595 Polonia
3278 3540 3524 3608 educavi,
3584 3541 3733 3596 hunc

391 3648 576 3707 regem
619 3631 911 3706 Ungariam
967 3631 1038 3667 ⁶²⁰
1077 3632 1357 3698 habuisse,
1417 3649 1600 3706 neque
1657 3640 1857 3690 terram
1894 3634 2006 3704 jam
2109 3645 2281 3700 regem
2335 3631 2395 3684 in
2427 3630 2672 3696 Ungaria
2713 3629 2987 3684 collocavi.
3048 3630 3166 3685 Non
3193 3629 3336 3684 decet
3364 3645 3483 3684 eum
3520 3628 3592 3664 ⁸³⁸
3648 3646 3736 3685 me

391 3732 516 3796 post
543 3740 668 3780 eum
707 3723 1037 3779 fructuosam
1082 3723 1165 3779 sic
1204 3723 1389 3780 fuisse.
1425 3724 1670 3790 Qualiter
1699 3732 1881 3780 autem
1913 3740 2004 3780 rex
2105 3727 2165 3778 ut
2184 3723 2444 3794 aqualem
2469 3723 2737 3786 venerari,
2766 3721 2862 3777 sed
2889 3735 3024 3791 equo
3050 3723 3311 3776 sedentem
3337 3725 3399 3776 ut
3439 3723 3737 3792 quemlibet

389 3812 714 3869 Bolezlavus
775 3810 846 3866 de
887 3811 1116 3868 Polonia
1156 3811 1226 3868 sit
1269 3813 1498 3880 ejectus,
1540 3813 1766 3888 longum
1824 3813 2010 3870 existit
2108 3813 2174 3868 de
2199 3811 2544 3883 principibus
2574 3811 2813 3866 osculari
2840 3810 2929 3864 ⁸³⁸.
2964 3809 3120 3874 Quod
3151 3810 3541 3867 “intendens
3568 3811 3728 3866 Wla-

389 3923 671 3976 enarrare,
714 3905 812 3962 sed
875 3907 981 3963 hoc
1033 3906 1222 3963 dicere
1265 3907 1414 3973 licet,
1467 3909 1614 3980 quod
1665 3923 1774 3964 non
1818 3908 2010 3964 debuit
2109 3901 2352 3958 dislavus
2376 3900 2778 3984 aliquantulum
2823 3917 2969 3973 aegre
2999 3901 3144 3965 tulit,
3189 3911 3245 3958 et
3292 3902 3361 3958 ab
3389 3903 3593 3958 itinere
3633 3903 3732 3958 de-

388 4000 726 4056 christianus
783 3999 842 4054 in
893 3998 1228 4056 christianos
1265 3999 1328 4034 ⁶²¹
1382 4005 1665 4072 peccatum
1717 3997 2010 4070 quodlibet
2109 3993 2357 4059 clinavit,
2383 3994 2434 4050 ei
2483 4002 2673 4051 tamen
2709 3993 2990 4050 servitium
3032 4010 3134 4065 per
3165 4003 3334 4051 totam
3358 4002 3560 4052 terram
3593 3993 3723 4052 ﬁeri

1733 4095 1952 4150 VARM'I
1995 4091 2374 4149 LECTIONES.

462 4191 838 4268 “gemuisse
881 4189 934 4247 3.
1021 4189 1088 4268 °_°"
1119 4191 1264 4268 deest
1314 4192 1379 4268 3_._
1454 4191 1523 4228 ⁶⁰⁸
1554 4191 1685 4268 illud
1721 4190 1934 4268 _3m‘°°
1961 4191 2105 4268 deest
2124 4191 2177 4245 3.
2259 4188 2577 4268 “onerare
2624 4185 2658 4242 3
2688 4185 3287 4268 _A"_“_di_sparaliter“3.
3363 4186 3433 4222 ⁶¹²
3462 4189 3718 4268 σαεξ-εδ.

395 4262 465 4301 ⁶¹³
504 4256 629 4336 plus
646 4280 832 4320 minus
859 4270 999 4319 recte
1035 4265 1081 4336 t.
1119 4263 1175 4318 2.
1203 4265 1254 4319 3.
1283 4263 1482 4318 tollere
1503 4263 1587 4317 ed.
1625 4263 1754 4318 Ged.
1779 4263 1848 4336 ‘l‘
1865 4271 1920 4317 et
1949 4262 2144 4336 eadem
2163 4277 2240 4336 _p.
2264 4276 2317 4315 ν.
2336 4259 2485 4336 cepit
2508 4256 2752 4336 desunt3
2793 4257 2862 4336 Ὗ
2882 4257 3084 4336 clerico
3103 4258 3166 4336 _2.
3201 4258 3271 4292 ⁶¹⁶
3289 4257 3725 4336 pauperd'ttatus

393 4327 708 4407 transponit
735 4337 786 4390 3.
823 4336 890 4370 ⁶¹⁷
913 4337 1048 4390 Loco
1065 4335 1228 4407 hujus
1248 4340 1298 4389 et
1313 4337 1582 4404 sequentis
1612 4335 1862 4404 capituli,
1893 4349 2010 4405 qua:
2025 4327 2489 4407 desiderantur'in
2517 4333 2806 4407 contea:tu,_
2823 4327 2873 4383 3.
2907 4329 3063 4407 habet
3085 4327 3459 4407 fragmentum
3487 4330 3593 4407 alii
3612 4331 3726 4384 tero

394 4400 656 4463 insertum
668 4414 830 4477 atque
839 4423 895 4476 p.
923 4407 986 4461 44
1005 4406 1088 4460 ed.
1110 4400 1222 4462 Ged
1229 4447 1240 4459 .
1256 4400 1572 4475 impressum
1582 4447 1596 4465 .
1617 4400 1873 4474 praeterea
1892 4400 2067 4460 autem
2078 4406 2192 4477 alia
2202 4405 2518 4477 fragmenta
2528 4417 2600 4477 ea;
2615 4401 2655 4477 li
2661 4401 2752 4477 b_r_o
2842 4403 3094 4477 passione
3102 4402 3161 4477 _S.
3176 4401 3442 4477 Statiislai
3459 4407 3510 4477 et
3520 4401 3726 4477 devita

397 4480 537 4558 beati
564 4471 829 4558 Stephani
839 4471 996 4558 ’πφδ
1033 4479 1304 4558 (inparue,
1329 4471 1454 4558 qua;
1476 4471 1798 4558 omnicana:
1834 4479 1893 4558 in
1915 4480 2032 4558 uita
2069 4478 2126 4532 S.
2158 4475 2445 4558 Stanislai,
2477 4475 2652 4558 capite
2674 4471 2762 4526 10.
2794 4471 2880 4558 tt.
3176 4472 3262 4525 16.
3470 4471 3636 4558 “:sic
3674 4480 3720 4528 t.

395 4549 449 4622 2.
481 4551 534 4604 3.
623 4543 691 4584 δῖ’
724 4550 896 4604 eciam
916 4543 960 4601 '2
1065 4547 1135 4582 ⁶²⁰
1163 4543 1447 4622 Ungariat
1505 4548 1558 4602 2.
1589 4547 1641 4603 3.
1734 4549 1798 4582 ⁶²¹
1821 4547 2180 4622 christianum
2213 4547 2268 4600 2.
2297 4546 2366 4582 ⁸³³
2457 4552 2741 4622 peccatum
2770 4546 3339 4622 peccato__trgnsponi't
3463 4618 3472 4622 Δ
3508 4543 3579 4576 ⁸³³
3608 4553 3724 4622 ινδ-

396 4621 578 4677 dicioe
609 4622 753 4676 linea
782 4637 940 4688 super
978 4636 1008 4674 e
1057 4613 1490 4690 posita‘kupplet
1519 4622 1773 4673 omissum
1804 4635 1837 4672 n
1868 4619 1920 4673 2.
1965 4634 2134 4689 quare
2175 4624 2312 4690 recte
2359 4613 2666 4690 tradicione
2688 4615 2909 4690 legitur.
2970 4613 3058 4690 f“
3083 4613 3212 4683 Epm
3267 4615 3546 4690 legebatur
3583 4621 3633 4669 et
3662 4615 3720 4670 2.

395 4693 488 4748 sed
515 4695 613 4763 pia
645 4684 1088 4747 manus—seriori's
1111 4691 1262 4763 haud
1289 4684 1462 4763 dubie
1487 4694 1604 4763 afui,
1622 4691 1732 4763 zelo
1759 4691 1941 4763 ducta.
1971 4684 2144 4743 Erasis
2174 4689 2383 4743 duabus
2407 4689 2693 4757 postremis
2725 4686 2933 4738 lineolis
2965 4684 3156 4739 lotterce
3182 4686 3728 4763 m,_r_elinquenspri-

400 4757 549 4819 mam
577 4767 848 4819 intactam
876 4763 1177 4832 efformatrit
1204 4761 1299 4832 Epi
1327 4792 1395 4802 —
1441 4761 1707 4832 cpiscOpi.
1744 4762 2016 4818 Cnrrrctor
2040 4763 2294 4886 scriEtori
2338 4764 2808 4828 contomporanms
2834 4770 3106 4824 nunquam
3139 4757 3374 4810 smltello
3420 4757 3516 4810 sed
3550 4773 3730 4826 penna

400 4851 524 4886 usus
563 4841 662 4886 est.
741 4836 810 4870 σεδ
830 4834 978 4886 enim
1017 4834 1172 4886 addit
1225 4834 1275 4886 3.
1307 4849 1362 4886 υ.
1403 4833 1474 4886 94
1523 4836 1582 4886 in
1637 4835 1966 4886 fraamento.
2010 4847 2098 4885 rex
2199 4830 2388 4886 nearie
2426 4829 2582 4882 addit
2635 4830 2686 4881 3.
2745 4828 2864 4881 ibid
2931 4825 2996 4860 ⁶²⁷
3017 4829 3164 4881 deest
3209 4827 3262 4882 3.
3358 4828 3426 4861 ⁸³⁸
3454 4827 3542 4882 fco
3570 4845 3601 4881 υ
3642 4829 3716 4884 fto

396 4851 524 4891 usus
563 4841 662 4892 est.
741 4825 978 4890 menim
1017 4834 1172 4888 addit
1225 4825 1275 4886 3.
1303 4849 1362 4903 p.
1397 4825 1490 4904 794'
1523 4836 1582 4887 in
1635 4825 1966 4900 fragmento.
2010 4847 2127 4904 rex,
2150 4825 2388 4904 Ungarie
2426 4825 2598 4904 addit
2745 4828 2864 4904 ibi_d
2893 4897 2904 4904 _
2931 4825 2996 4904 ⁶¹ξ¹
3017 4829 3164 4881 deest
3358 4828 3426 4861 ⁸³⁸
3454 4825 3601 4904 ἷίξᾳίυ
3629 4829 3716 4904 fto

394 4907 452 4978 1.
485 4907 538 4961 2.
640 4907 709 4942 ⁸³⁸
739 4906 936 4978 partim
969 4922 1036 4978 ex
1067 4896 1366 4978 recepto;—
1393 4903 1618 4978 inimico
1635 4896 1842 4978 desunt
1868 4903 1934 4978 3.
1993 4896 2404 4978 °"_Hunce_nim
2427 4899 2781 4978 Wladislaum
2814 4896 3294 4978 Boleslausupulso
3314 4898 3566 4978 prOpriis
3589 4901 3727 4978 viri-

397 4976 509 5051 bus
534 4993 662 5051 rege
681 4967 994 5051 Salomone
1006 4977 1077 5051 de
1113 4967 1371 5051 Ungaria,
1398 4975 1453 5030 in
1468 4975 1604 5051 sede
1636 4975 1811 5051 regali
1834 4974 2122 5051 collocavit
2146 4989 2250 5051 pro
2278 4973 2393 5027 Non
2427 4987 2550 5025 cum
2585 4969 2783 5051 recipit
2811 4999 2878 5009 -—
2916 4967 3165 5051 debet
3216 4975 3271 5051 in
3298 4967 3502 5051 fragm.
3548 4986 3605 5040 p.
3630 4971 3720 5026 91,

395 5047 459 5083 ⁶³¹
498 5040 664 5118 igitur
689 5051 847 5104 addit
868 5048 918 5105 3.
977 5048 1046 5082 ⁸³³
1076 5040 1318 5118 ερρόιιειῑ
1344 5048 1397 5100 2.
1494 5046 1563 5081 ⁸³³
1590 5040 1764 5101 vocem
1791 5048 2012 5100 inserui.
2051 5045 2103 5118 Ρ.
2146 5040 2247 5118 ’θῗδ
2275 5060 2399 5099 cum
2428 5058 2554 5118 nrm
2574 5057 2691 5118 pro
2710 5048 3075 5118 tamenunurn
3098 5040 3550 5118 2._eni_m__nost_ro
3583 5059 3720 5096 sua-

395 5118 483 5174 det
512 5110 687 5193 Egefe
721 5121 850 5193 edit.
900 5110 1124 5193 Varsav'
1153 5110 1289 5193 quae
1317 5119 1468 5173 lectio
1483 5121 2034 5193 maturuerit-ruptum
2064 5116 2214 5193 haud
2239 5116 2476 5193 corrigit.
2665 5111 2930 5193 fugitivus
2962 5111 2983 5164 1
3043 5110 3097 5165 2.
3165 5112 3236 5145 ⁸³⁸
3267 5111 3606 5168 Wtadislavo
3631 5130 3718 5166 er-

1703 5188 1772 5223 ωι
1791 5183 1940 5244 deest
1965 5189 2019 5244 εὶ.
2103 5187 2171 5222 ωο
2201 5185 2396 5242 osclari
2421 5185 2472 5238 2.
2560 5184 2630 5218 “0
2659 5183 2758 5246 Qui
2784 5183 2838 5236 2.

1949 5288 1991 5342 Ν
1996 5287 2158 5344 ΟΤᾹΞ.

466 5391 613 5463 (106)
662 5394 816 5447 Diues
851 5394 1034 5459 factus
1059 5393 1293 5447 recessit.
1333 5389 1534 5447 Chron.
1580 5390 1750 5462 princ.
1813 5389 1999 5446 Polon.
2184 5389 2197 5457 (

393 5457 637 5520 Stenzel.
673 5479 711 5528 l,
739 5463 798 5516 61
820 5508 828 5516 .
849 5457 901 5519 8.
1581 5457 1593 5462 ’
2181 5459 2328 5524 (HO)
2357 5457 2664 5528 Bolezlavo.
2693 5457 2746 5511 Ρ.

461 5535 610 5604 (107)
641 5527 921 5589 Ladislaus
968 5534 986 5589 l
1037 5549 1182 5589 anno
1213 5534 1432 5588 demum
1466 5533 1604 5588 1077
1654 5549 1746 5588 rex
1786 5539 2006 5588 creatus
2178 5530 2322 5671 éllt)
2353 5527 2703 5584 Wladislaus.
2747 5527 2801 5580 P.

461 5615 495 5661 ι.
525 5605 584 5661 Κ.
2202 5601 2324 5671 112)
2354 5599 2679 5655 Bolezlavus
2730 5599 2785 5652 P.

390 5599 495 5661 est.
525 5599 603 5661 Κ(
2178 5599 2324 5672 (112)
2354 5599 2679 5655 Bolezlavus
2730 5599 2785 5652 P.

453 5675 611 5748 (108)
631 5673 958 5731 Stanislaum
983 5674 1307 5745 episcopum
1342 5673 1778 5730 Cracoviensem.
1801 5673 1882 5728 11.⁴

394 5205 554 5246 ronee
605 5191 661 5246 2.
731 5192 796 5228 “7
827 5192 1025 5246 fastum
1058 5189 1244 5245 inanis
1269 5205 1370 5261 pro
1409 5189 1514 5260 p.f.
1557 5189 1608 5243 3.

2184 5388 2326 5443 (109
2353 5385 2697 5443 Wladislaus.
2730 5385 2786 5442 P.
