  <div class='ocr_page' id='page_1' title='image "/cluster/home/n/w/nwhite01/storage/ocr_20150623/160/uva.x000829802/443.png"; bbox 0 0 3960 6198; ppageno 0'>
   <div class='ocr_carea' id='block_1_1' title="bbox 423 295 529 350">
    <p class='ocr_par' dir='ltr' id='par_1_1' title="bbox 423 295 529 350">
     <span class='ocr_line' id='line_1_1' title="bbox 423 295 529 350; baseline 0 -1"><span class='ocrx_word' id='word_1_1' title='bbox 423 295 529 350; x_wconf 79' lang='lat'><strong><em>875</em></strong></span> 
     </span>
    </p>
   </div>
   <div class='ocr_carea' id='block_1_2' title="bbox 1679 293 2492 350">
    <p class='ocr_par' dir='ltr' id='par_1_2' title="bbox 1679 293 2492 350">
     <span class='ocr_line' id='line_1_2' title="bbox 1679 293 2492 350; baseline -0.001 -1"><span class='ocrx_word' id='word_1_2' title='bbox 1679 293 2027 350; x_wconf 65' lang='lat' dir='ltr'><strong><em>CIIBONlClE</em></strong></span> <span class='ocrx_word' id='word_1_3' title='bbox 2066 293 2492 350; x_wconf 84' lang='lat' dir='ltr'><strong><em>POLONORUM.</em></strong></span> 
     </span>
    </p>
   </div>
   <div class='ocr_carea' id='block_1_3' title="bbox 3656 303 3770 358">
    <p class='ocr_par' dir='ltr' id='par_1_3' title="bbox 3656 303 3770 358">
     <span class='ocr_line' id='line_1_3' title="bbox 3656 303 3770 358; baseline -0.018 0"><span class='ocrx_word' id='word_1_4' title='bbox 3656 303 3770 358; x_wconf 81' lang='lat'><strong><em>876</em></strong></span> 
     </span>
    </p>
   </div>
   <div class='ocr_carea' id='block_1_4' title="bbox 421 417 3778 492">
    <p class='ocr_par' dir='ltr' id='par_1_4' title="bbox 421 417 3778 492">
     <span class='ocr_line' id='line_1_4' title="bbox 421 417 3778 492; baseline 0.003 -18"><span class='ocrx_word' id='word_1_5' title='bbox 421 417 556 476; x_wconf 86' lang='lat' dir='ltr'><strong><em>lium</em></strong></span> <span class='ocrx_word' id='word_1_6' title='bbox 581 419 820 476; x_wconf 87' lang='lat' dir='ltr'><strong><em>salutare</em></strong></span> <span class='ocrx_word' id='word_1_7' title='bbox 849 418 1084 486; x_wconf 89' lang='lat' dir='ltr'><strong><em>donans,</em></strong></span> <span class='ocrx_word' id='word_1_8' title='bbox 1117 420 1198 474; x_wconf 90' lang='lat' dir='ltr'><strong><em>eis</em></strong></span> <span class='ocrx_word' id='word_1_9' title='bbox 1225 419 1309 474; x_wconf 85' lang='lat' dir='ltr'><strong><em>sic</em></strong></span> <span class='ocrx_word' id='word_1_10' title='bbox 1356 419 1646 492; x_wconf 74' lang='lat' dir='ltr'><strong><em>inquiens:</em></strong></span> <span class='ocrx_word' id='word_1_11' title='bbox 1689 421 1752 476; x_wconf 87' lang='lat' dir='ltr'><strong><em>Si</em></strong></span> <span class='ocrx_word' id='word_1_12' title='bbox 1799 436 1918 491; x_wconf 70' lang='lat' dir='ltr'><strong><em>quae</em></strong></span> <span class='ocrx_word' id='word_1_13' title='bbox 1945 421 2030 477; x_wconf 84' lang='lat' dir='ltr'><strong><em>di-</em></strong></span> <span class='ocrx_word' id='word_1_14' title='bbox 2059 425 2108 492; x_wconf 84' lang='grc' dir='ltr'><strong>Α</strong></span> <span class='ocrx_word' id='word_1_15' title='bbox 2138 421 2348 474; x_wconf 83' lang='lat' dir='ltr'><strong><em>vinitus</em></strong></span> <span class='ocrx_word' id='word_1_16' title='bbox 2394 424 2676 490; x_wconf 81' lang='lat' dir='ltr'><strong><em>potestate,</em></strong></span> <span class='ocrx_word' id='word_1_17' title='bbox 2711 436 2814 491; x_wconf 90' lang='lat' dir='ltr'><strong><em>pro</em></strong></span> <span class='ocrx_word' id='word_1_18' title='bbox 2851 437 2945 492; x_wconf 86' lang='lat' dir='ltr'><strong><em>spe</em></strong></span> <span class='ocrx_word' id='word_1_19' title='bbox 2986 424 3184 480; x_wconf 75' lang='lat' dir='ltr'><strong><em>sobolis</em></strong></span> <span class='ocrx_word' id='word_1_20' title='bbox 3223 441 3454 480; x_wconf 86' lang='lat' dir='ltr'><strong><em>munera</em></strong></span> <span class='ocrx_word' id='word_1_21' title='bbox 3501 427 3618 482; x_wconf 93' lang='lat' dir='ltr'><strong><em>sibi</em></strong></span> <span class='ocrx_word' id='word_1_22' title='bbox 3671 445 3778 484; x_wconf 84' lang='lat' dir='ltr'><strong><em>no-</em></strong></span> 
     </span>
    </p>
   </div>
   <div class='ocr_carea' id='block_1_5' title="bbox 419 511 2039 582">
    <p class='ocr_par' dir='ltr' id='par_1_5' title="bbox 419 511 2039 582">
     <span class='ocr_line' id='line_1_5' title="bbox 419 511 2039 582; baseline -0.001 -12"><span class='ocrx_word' id='word_1_23' title='bbox 419 528 551 570; x_wconf 66' lang='lat' dir='ltr'><strong><em>scere</em></strong></span> <span class='ocrx_word' id='word_1_24' title='bbox 603 512 752 568; x_wconf 79' lang='lat' dir='ltr'><strong><em>vobis</em></strong></span> <span class='ocrx_word' id='word_1_25' title='bbox 782 511 1122 568; x_wconf 81' lang='lat' dir='ltr'><strong><em>devotissime</em></strong></span> <span class='ocrx_word' id='word_1_26' title='bbox 1171 513 1474 582; x_wconf 84' lang='lat' dir='ltr'><strong><em>compleatis</em></strong></span> <span class='ocrx_word' id='word_1_27' title='bbox 1514 511 1605 578; x_wconf 79' lang='grc'><strong><em>⁸⁸³,</em></strong></span> <span class='ocrx_word' id='word_1_28' title='bbox 1659 517 1890 568; x_wconf 76' lang='lat' dir='ltr'><strong><em>vestrum</em></strong></span> <span class='ocrx_word' id='word_1_29' title='bbox 1947 513 2039 568; x_wconf 88' lang='lat' dir='ltr'><strong><em>de—</em></strong></span> 
     </span>
    </p>
   </div>
   <div class='ocr_carea' id='block_1_6' title="bbox 421 601 2040 672">
    <p class='ocr_par' dir='ltr' id='par_1_6' title="bbox 421 601 2040 672">
     <span class='ocr_line' id='line_1_6' title="bbox 421 601 2040 672; baseline -0.002 -13"><span class='ocrx_word' id='word_1_30' title='bbox 421 603 682 659; x_wconf 83' lang='lat' dir='ltr'><strong><em>siderium</em></strong></span> <span class='ocrx_word' id='word_1_31' title='bbox 707 601 1090 672; x_wconf 84' lang='lat' dir='ltr'><strong><em>proculdubio</em></strong></span> <span class='ocrx_word' id='word_1_32' title='bbox 1125 604 1215 671; x_wconf 80' lang='lat' dir='ltr'><strong><em>ﬁet</em></strong></span> <span class='ocrx_word' id='word_1_33' title='bbox 1267 603 1436 656; x_wconf 79' lang='lat' dir='ltr'><strong><em>robis.</em></strong></span> <span class='ocrx_word' id='word_1_34' title='bbox 1485 601 1564 655; x_wconf 88' lang='lat' dir='ltr'>Illi</span> <span class='ocrx_word' id='word_1_35' title='bbox 1605 616 1735 657; x_wconf 76' lang='lat' dir='ltr'><strong><em>vero</em></strong></span> <span class='ocrx_word' id='word_1_36' title='bbox 1789 601 2040 657; x_wconf 88' lang='lat' dir='ltr'><strong><em>libentis—</em></strong></span> 
     </span>
    </p>
   </div>
   <div class='ocr_carea' id='block_1_7' title="bbox 422 691 2037 765">
    <p class='ocr_par' dir='ltr' id='par_1_7' title="bbox 422 691 2037 765">
     <span class='ocr_line' id='line_1_7' title="bbox 422 691 2037 765; baseline -0.001 -15"><span class='ocrx_word' id='word_1_37' title='bbox 422 693 562 750; x_wconf 85' lang='lat' dir='ltr'><strong><em>sime</em></strong></span> <span class='ocrx_word' id='word_1_38' title='bbox 614 693 685 748; x_wconf 92' lang='lat' dir='ltr'><strong><em>de</em></strong></span> <span class='ocrx_word' id='word_1_39' title='bbox 740 692 833 748; x_wconf 89' lang='lat' dir='ltr'><strong><em>tali</em></strong></span> <span class='ocrx_word' id='word_1_40' title='bbox 882 709 1046 748; x_wconf 89' lang='lat' dir='ltr'><strong><em>causa</em></strong></span> <span class='ocrx_word' id='word_1_41' title='bbox 1111 691 1426 764; x_wconf 88' lang='lat' dir='ltr'><strong><em>pontiﬁcem</em></strong></span> <span class='ocrx_word' id='word_1_42' title='bbox 1485 693 1814 754; x_wconf 84' lang='lat' dir='ltr'><strong><em>audientes.</em></strong></span> <span class='ocrx_word' id='word_1_43' title='bbox 1875 700 2037 765; x_wconf 87' lang='lat' dir='ltr'><strong><em>alque</em></strong></span> 
     </span>
    </p>
   </div>
   <div class='ocr_carea' id='block_1_8' title="bbox 421 783 2033 862">
    <p class='ocr_par' dir='ltr' id='par_1_8' title="bbox 421 783 2033 862">
     <span class='ocr_line' id='line_1_8' title="bbox 421 783 2033 862; baseline -0.002 -20"><span class='ocrx_word' id='word_1_44' title='bbox 421 802 624 862; x_wconf 75' lang='lat' dir='ltr'><strong><em>magna</em></strong></span> <span class='ocrx_word' id='word_1_45' title='bbox 679 801 741 840; x_wconf 90' lang='lat' dir='ltr'><strong><em>se</em></strong></span> <span class='ocrx_word' id='word_1_46' title='bbox 780 784 1020 840; x_wconf 84' lang='lat' dir='ltr'><strong><em>facturos</em></strong></span> <span class='ocrx_word' id='word_1_47' title='bbox 1073 800 1172 854; x_wconf 88' lang='lat' dir='ltr'><strong><em>spe</em></strong></span> <span class='ocrx_word' id='word_1_48' title='bbox 1211 783 1418 840; x_wconf 87' lang='lat' dir='ltr'><strong><em>sobolis</em></strong></span> <span class='ocrx_word' id='word_1_49' title='bbox 1459 784 1866 856; x_wconf 76' lang='lat' dir='ltr'><strong><em>promittentes,</em></strong></span> <span class='ocrx_word' id='word_1_50' title='bbox 1922 801 2033 839; x_wconf 90' lang='lat' dir='ltr'><strong><em>rem</em></strong></span> 
     </span>
    </p>
   </div>
   <div class='ocr_carea' id='block_1_9' title="bbox 423 874 2033 948">
    <p class='ocr_par' dir='ltr' id='par_1_9' title="bbox 423 874 2033 948">
     <span class='ocr_line' id='line_1_9' title="bbox 423 874 2033 948; baseline -0.002 -16"><span class='ocrx_word' id='word_1_51' title='bbox 423 877 611 933; x_wconf 87' lang='lat' dir='ltr'><strong><em>dicere</em></strong></span> <span class='ocrx_word' id='word_1_52' title='bbox 648 875 1020 948; x_wconf 87' lang='lat' dir='ltr'><strong><em>quantocitius</em></strong></span> <span class='ocrx_word' id='word_1_53' title='bbox 1049 874 1118 907; x_wconf 71' lang='grc'><strong><em>6⁸³</em></strong></span> <span class='ocrx_word' id='word_1_54' title='bbox 1147 874 1469 933; x_wconf 88' lang='lat' dir='ltr'><strong><em>exorabant.</em></strong></span> <span class='ocrx_word' id='word_1_55' title='bbox 1524 875 1602 928; x_wconf 86' lang='lat' dir='ltr'><strong><em>Ad</em></strong></span> <span class='ocrx_word' id='word_1_56' title='bbox 1643 875 1760 928; x_wconf 42' lang='lat' dir='ltr'><strong><em>haec</em></strong></span> <span class='ocrx_word' id='word_1_57' title='bbox 1800 875 2033 945; x_wconf 70' lang='lat' dir='ltr'><strong><em>praesul:</em></strong></span> 
     </span>
    </p>
   </div>
   <div class='ocr_carea' id='block_1_10' title="bbox 422 966 2032 1038">
    <p class='ocr_par' dir='ltr' id='par_1_10' title="bbox 422 966 2032 1038">
     <span class='ocr_line' id='line_1_10' title="bbox 422 966 2032 1038; baseline -0.002 -13"><span class='ocrx_word' id='word_1_58' title='bbox 422 971 543 1035; x_wconf 87' lang='lat' dir='ltr'><strong><em>Est,</em></strong></span> <span class='ocrx_word' id='word_1_59' title='bbox 589 966 787 1038; x_wconf 90' lang='lat' dir='ltr'><strong><em>inquit,</em></strong></span> <span class='ocrx_word' id='word_1_60' title='bbox 833 967 1057 1036; x_wconf 85' lang='lat' dir='ltr'><strong><em>quidam</em></strong></span> <span class='ocrx_word' id='word_1_61' title='bbox 1086 971 1302 1021; x_wconf 86' lang='lat' dir='ltr'><strong><em>sanctus</em></strong></span> <span class='ocrx_word' id='word_1_62' title='bbox 1332 968 1392 1020; x_wconf 87' lang='lat' dir='ltr'><strong><em>in</em></strong></span> <span class='ocrx_word' id='word_1_63' title='bbox 1437 966 1622 1022; x_wconf 68' lang='lat' dir='ltr'><strong><em>Gallice</em></strong></span> <span class='ocrx_word' id='word_1_64' title='bbox 1649 968 1848 1036; x_wconf 79' lang='lat' dir='ltr'><strong><em>ﬁnibus</em></strong></span> <span class='ocrx_word' id='word_1_65' title='bbox 1902 983 2032 1022; x_wconf 88' lang='lat' dir='ltr'><strong><em>con-</em></strong></span> 
     </span>
    </p>
   </div>
   <div class='ocr_carea' id='block_1_11' title="bbox 423 1055 2042 1125">
    <p class='ocr_par' dir='ltr' id='par_1_11' title="bbox 423 1055 2042 1125">
     <span class='ocr_line' id='line_1_11' title="bbox 423 1055 2042 1125; baseline -0.002 -12"><span class='ocrx_word' id='word_1_66' title='bbox 423 1063 512 1113; x_wconf 89' lang='lat' dir='ltr'><strong><em>tra</em></strong></span> <span class='ocrx_word' id='word_1_67' title='bbox 561 1061 805 1112; x_wconf 78' lang='lat' dir='ltr'><strong><em>austrum</em></strong></span> <span class='ocrx_word' id='word_1_68' title='bbox 840 1056 1010 1125; x_wconf 62' lang='lat' dir='ltr'><strong><em>juxta</em></strong></span> <span class='ocrx_word' id='word_1_69' title='bbox 1039 1055 1369 1120; x_wconf 73' lang='lat' dir='ltr'><strong><em>Massiliam,</em></strong></span> <span class='ocrx_word' id='word_1_70' title='bbox 1419 1055 1516 1108; x_wconf 88' lang='lat' dir='ltr'><strong><em>ubi</em></strong></span> <span class='ocrx_word' id='word_1_71' title='bbox 1562 1056 1816 1110; x_wconf 84' lang='lat' dir='ltr'><strong><em>Rodanus</em></strong></span> <span class='ocrx_word' id='word_1_72' title='bbox 1867 1058 2042 1110; x_wconf 86' lang='lat' dir='ltr'><strong><em>intrat</em></strong></span> 
     </span>
    </p>
   </div>
   <div class='ocr_carea' id='block_1_12' title="bbox 422 1145 2038 1212">
    <p class='ocr_par' dir='ltr' id='par_1_12' title="bbox 422 1145 2038 1212">
     <span class='ocr_line' id='line_1_12' title="bbox 422 1145 2038 1212; baseline -0.002 -9"><span class='ocrx_word' id='word_1_73' title='bbox 422 1162 576 1203; x_wconf 87' lang='lat' dir='ltr'><strong><em>mare</em></strong></span> <span class='ocrx_word' id='word_1_74' title='bbox 614 1177 664 1187; x_wconf 88' lang='lat'><strong><em>—</em></strong></span> <span class='ocrx_word' id='word_1_75' title='bbox 699 1151 849 1201; x_wconf 86' lang='lat' dir='ltr'><strong><em>terra</em></strong></span> <span class='ocrx_word' id='word_1_76' title='bbox 873 1145 940 1179; x_wconf 75' lang='grc'>⁶⁸⁴</span> <span class='ocrx_word' id='word_1_77' title='bbox 988 1145 1294 1204; x_wconf 79' lang='lat' dir='ltr'><strong><em>Prouincia.</em></strong></span> <span class='ocrx_word' id='word_1_78' title='bbox 1337 1147 1384 1197; x_wconf 89' lang='lat' dir='ltr'><strong><em>et</em></strong></span> <span class='ocrx_word' id='word_1_79' title='bbox 1435 1149 1652 1199; x_wconf 87' lang='lat' dir='ltr'><strong><em>sanctus</em></strong></span> <span class='ocrx_word' id='word_1_80' title='bbox 1683 1145 1910 1212; x_wconf 88' lang='lat' dir='ltr'><strong><em>Egidius</em></strong></span> <span class='ocrx_word' id='word_1_81' title='bbox 1941 1160 2038 1200; x_wconf 86' lang='lat' dir='ltr'><strong><em>no-</em></strong></span> 
     </span>
    </p>
   </div>
   <div class='ocr_carea' id='block_1_13' title="bbox 423 1233 2038 1303">
    <p class='ocr_par' dir='ltr' id='par_1_13' title="bbox 423 1233 2038 1303">
     <span class='ocr_line' id='line_1_13' title="bbox 423 1233 2038 1303; baseline -0.003 -11"><span class='ocrx_word' id='word_1_82' title='bbox 423 1239 671 1292; x_wconf 78' lang='lat' dir='ltr'><strong><em>minatur</em></strong></span> <span class='ocrx_word' id='word_1_83' title='bbox 699 1234 843 1302; x_wconf 83' lang='lat'><strong><em>(115)</em></strong></span> <span class='ocrx_word' id='word_1_84' title='bbox 874 1236 1074 1303; x_wconf 87' lang='lat' dir='ltr'><strong><em>—,qui</em></strong></span> <span class='ocrx_word' id='word_1_85' title='bbox 1094 1236 1236 1286; x_wconf 86' lang='lat' dir='ltr'><strong><em>tanti</em></strong></span> <span class='ocrx_word' id='word_1_86' title='bbox 1264 1235 1444 1287; x_wconf 86' lang='lat' dir='ltr'><strong><em>meriti</em></strong></span> <span class='ocrx_word' id='word_1_87' title='bbox 1469 1233 1619 1302; x_wconf 88' lang='lat' dir='ltr'><strong><em>apud</em></strong></span> <span class='ocrx_word' id='word_1_88' title='bbox 1641 1237 1808 1288; x_wconf 87' lang='lat' dir='ltr'><strong><em>De-um</em></strong></span> <span class='ocrx_word' id='word_1_89' title='bbox 1830 1235 2038 1300; x_wconf 66' lang='lat' dir='ltr'><strong><em>existit,</em></strong></span> 
     </span>
    </p>
   </div>
   <div class='ocr_carea' id='block_1_14' title="bbox 425 1309 2042 1400">
    <p class='ocr_par' dir='ltr' id='par_1_14' title="bbox 425 1309 2042 1400">
     <span class='ocr_line' id='line_1_14' title="bbox 425 1309 2042 1400; baseline -0.002 -16"><span class='ocrx_word' id='word_1_90' title='bbox 425 1309 569 1400; x_wconf 73' lang='lat' dir='ltr'><strong><em>quod</em></strong></span> <span class='ocrx_word' id='word_1_91' title='bbox 595 1329 768 1382; x_wconf 91' lang='lat' dir='ltr'><strong><em>omnis</em></strong></span> <span class='ocrx_word' id='word_1_92' title='bbox 820 1328 918 1396; x_wconf 90' lang='lat' dir='ltr'><strong><em>qui</em></strong></span> <span class='ocrx_word' id='word_1_93' title='bbox 945 1329 1003 1380; x_wconf 88' lang='lat' dir='ltr'><strong><em>in</em></strong></span> <span class='ocrx_word' id='word_1_94' title='bbox 1043 1341 1098 1380; x_wconf 90' lang='lat' dir='ltr'><strong><em>eo</em></strong></span> <span class='ocrx_word' id='word_1_95' title='bbox 1139 1326 1470 1379; x_wconf 85' lang='lat' dir='ltr'><strong><em>devotionem</em></strong></span> <span class='ocrx_word' id='word_1_96' title='bbox 1507 1341 1660 1379; x_wconf 88' lang='lat' dir='ltr'><strong><em>suam</em></strong></span> <span class='ocrx_word' id='word_1_97' title='bbox 1687 1328 1842 1395; x_wconf 86' lang='lat' dir='ltr'><strong><em>ponit</em></strong></span> <span class='ocrx_word' id='word_1_98' title='bbox 1894 1325 1962 1359; x_wconf 68' lang='grc'><strong><em>⁸⁸⁵</em></strong></span> <span class='ocrx_word' id='word_1_99' title='bbox 1991 1330 2042 1380; x_wconf 89' lang='lat' dir='ltr'><strong><em>et</em></strong></span> 
     </span>
    </p>
   </div>
   <div class='ocr_carea' id='block_1_15' title="bbox 424 1417 2034 1487">
    <p class='ocr_par' dir='ltr' id='par_1_15' title="bbox 424 1417 2034 1487">
     <span class='ocr_line' id='line_1_15' title="bbox 424 1417 2034 1487; baseline -0.001 -13"><span class='ocrx_word' id='word_1_100' title='bbox 424 1421 730 1474; x_wconf 84' lang='lat' dir='ltr'><strong><em>memoriam</em></strong></span> <span class='ocrx_word' id='word_1_101' title='bbox 767 1418 888 1487; x_wconf 85' lang='lat' dir='ltr'><strong><em>ejus</em></strong></span> <span class='ocrx_word' id='word_1_102' title='bbox 917 1419 1054 1484; x_wconf 88' lang='lat' dir='ltr'><strong><em>agit,</em></strong></span> <span class='ocrx_word' id='word_1_103' title='bbox 1097 1419 1146 1471; x_wconf 88' lang='lat' dir='ltr'><strong><em>si</em></strong></span> <span class='ocrx_word' id='word_1_104' title='bbox 1173 1417 1305 1486; x_wconf 80' lang='lat' dir='ltr'><strong><em>quid</em></strong></span> <span class='ocrx_word' id='word_1_105' title='bbox 1334 1417 1403 1449; x_wconf 72' lang='grc'>⁸⁸⁸</span> <span class='ocrx_word' id='word_1_106' title='bbox 1433 1417 1501 1471; x_wconf 90' lang='lat' dir='ltr'><strong><em>ab</em></strong></span> <span class='ocrx_word' id='word_1_107' title='bbox 1530 1432 1586 1470; x_wconf 88' lang='lat' dir='ltr'><strong><em>eo</em></strong></span> <span class='ocrx_word' id='word_1_108' title='bbox 1611 1419 1848 1486; x_wconf 77' lang='lat' dir='ltr'><strong><em>petierit,</em></strong></span> <span class='ocrx_word' id='word_1_109' title='bbox 1873 1418 2034 1472; x_wconf 83' lang='lat' dir='ltr'><strong><em>indu-</em></strong></span> 
     </span>
    </p>
   </div>
   <div class='ocr_carea' id='block_1_16' title="bbox 425 1509 2040 1578">
    <p class='ocr_par' dir='ltr' id='par_1_16' title="bbox 425 1509 2040 1578">
     <span class='ocr_line' id='line_1_16' title="bbox 425 1509 2040 1578; baseline -0.002 -12"><span class='ocrx_word' id='word_1_110' title='bbox 425 1511 660 1568; x_wconf 88' lang='lat' dir='ltr'><strong><em>bitanter</em></strong></span> <span class='ocrx_word' id='word_1_111' title='bbox 710 1511 987 1565; x_wconf 81' lang='lat' dir='ltr'><strong><em>obtinebit.</em></strong></span> <span class='ocrx_word' id='word_1_112' title='bbox 1031 1509 1124 1563; x_wconf 87' lang='lat' dir='ltr'><strong><em>Ad</em></strong></span> <span class='ocrx_word' id='word_1_113' title='bbox 1173 1509 1390 1564; x_wconf 89' lang='lat' dir='ltr'><strong><em>modum</em></strong></span> <span class='ocrx_word' id='word_1_114' title='bbox 1450 1524 1574 1576; x_wconf 89' lang='lat' dir='ltr'><strong><em>ergo</em></strong></span> <span class='ocrx_word' id='word_1_115' title='bbox 1610 1511 1769 1578; x_wconf 90' lang='lat' dir='ltr'><strong><em>pueri</em></strong></span> <span class='ocrx_word' id='word_1_116' title='bbox 1832 1511 2040 1578; x_wconf 84' lang='lat' dir='ltr'><strong><em>ymagi-</em></strong></span> 
     </span>
    </p>
   </div>
   <div class='ocr_carea' id='block_1_17' title="bbox 423 1601 2035 1671">
    <p class='ocr_par' dir='ltr' id='par_1_17' title="bbox 423 1601 2035 1671">
     <span class='ocr_line' id='line_1_17' title="bbox 423 1601 2035 1671; baseline -0.003 -12"><span class='ocrx_word' id='word_1_117' title='bbox 423 1619 543 1658; x_wconf 88' lang='lat' dir='ltr'><strong><em>nem</em></strong></span> <span class='ocrx_word' id='word_1_118' title='bbox 591 1618 812 1658; x_wconf 86' lang='lat' dir='ltr'><strong><em>auream</em></strong></span> <span class='ocrx_word' id='word_1_119' title='bbox 862 1603 1151 1670; x_wconf 85' lang='lat' dir='ltr'><strong><em>fabricate,</em></strong></span> <span class='ocrx_word' id='word_1_120' title='bbox 1191 1601 1401 1668; x_wconf 83' lang='lat' dir='ltr'><strong><em>regalia</em></strong></span> <span class='ocrx_word' id='word_1_121' title='bbox 1447 1616 1674 1655; x_wconf 80' lang='lat' dir='ltr'><strong><em>munera</em></strong></span> <span class='ocrx_word' id='word_1_122' title='bbox 1708 1605 2035 1671; x_wconf 63' lang='lat' dir='ltr'><strong><em>praeparate,</em></strong></span> 
     </span>
    </p>
   </div>
   <div class='ocr_carea' id='block_1_18' title="bbox 422 1695 2032 1769">
    <p class='ocr_par' dir='ltr' id='par_1_18' title="bbox 422 1695 2032 1769">
     <span class='ocr_line' id='line_1_18' title="bbox 422 1695 2032 1769; baseline -0.002 -16"><span class='ocrx_word' id='word_1_123' title='bbox 422 1713 591 1769; x_wconf 89' lang='lat' dir='ltr'><strong><em>eaque</em></strong></span> <span class='ocrx_word' id='word_1_124' title='bbox 653 1701 838 1753; x_wconf 87' lang='lat' dir='ltr'><strong><em>sancto</em></strong></span> <span class='ocrx_word' id='word_1_125' title='bbox 875 1697 1073 1765; x_wconf 69' lang='lat' dir='ltr'><strong><em>Egidio</em></strong></span> <span class='ocrx_word' id='word_1_126' title='bbox 1109 1699 1316 1750; x_wconf 77' lang='lat' dir='ltr'><strong><em>mittere</em></strong></span> <span class='ocrx_word' id='word_1_127' title='bbox 1365 1698 1638 1762; x_wconf 87' lang='lat' dir='ltr'><strong><em>festinate.</em></strong></span> <span class='ocrx_word' id='word_1_128' title='bbox 1701 1695 1810 1750; x_wconf 84' lang='lat' dir='ltr'><strong><em>Nec</em></strong></span> <span class='ocrx_word' id='word_1_129' title='bbox 1863 1711 2032 1761; x_wconf 90' lang='lat' dir='ltr'><strong><em>mora,</em></strong></span> 
     </span>
    </p>
   </div>
   <div class='ocr_carea' id='block_1_19' title="bbox 423 1787 2036 1862">
    <p class='ocr_par' dir='ltr' id='par_1_19' title="bbox 423 1787 2036 1862">
     <span class='ocr_line' id='line_1_19' title="bbox 423 1787 2036 1862; baseline -0.002 -16"><span class='ocrx_word' id='word_1_130' title='bbox 423 1789 652 1861; x_wconf 86' lang='lat' dir='ltr'><strong><em>puerilis</em></strong></span> <span class='ocrx_word' id='word_1_131' title='bbox 689 1804 887 1862; x_wconf 83' lang='lat' dir='ltr'><strong><em>ymago</em></strong></span> <span class='ocrx_word' id='word_1_132' title='bbox 943 1804 1067 1843; x_wconf 93' lang='lat' dir='ltr'><strong><em>cum</em></strong></span> <span class='ocrx_word' id='word_1_133' title='bbox 1107 1787 1276 1843; x_wconf 85' lang='lat' dir='ltr'><strong><em>calice</em></strong></span> <span class='ocrx_word' id='word_1_134' title='bbox 1315 1788 1384 1842; x_wconf 92' lang='lat' dir='ltr'><strong><em>de</em></strong></span> <span class='ocrx_word' id='word_1_135' title='bbox 1439 1803 1572 1842; x_wconf 89' lang='lat' dir='ltr'><strong><em>auro</em></strong></span> <span class='ocrx_word' id='word_1_136' title='bbox 1631 1787 1921 1858; x_wconf 83' lang='lat' dir='ltr'><strong><em>purissimo</em></strong></span> <span class='ocrx_word' id='word_1_137' title='bbox 1961 1787 2036 1842; x_wconf 85' lang='lat' dir='ltr'><strong><em>fa-</em></strong></span> 
     </span>
    </p>
   </div>
   <div class='ocr_carea' id='block_1_20' title="bbox 423 1879 2034 1954">
    <p class='ocr_par' dir='ltr' id='par_1_20' title="bbox 423 1879 2034 1954">
     <span class='ocr_line' id='line_1_20' title="bbox 423 1879 2034 1954; baseline -0.002 -17"><span class='ocrx_word' id='word_1_138' title='bbox 423 1881 688 1948; x_wconf 84' lang='lat' dir='ltr'><strong><em>bricatur,</em></strong></span> <span class='ocrx_word' id='word_1_139' title='bbox 737 1897 951 1947; x_wconf 90' lang='lat' dir='ltr'><strong><em>aurum,</em></strong></span> <span class='ocrx_word' id='word_1_140' title='bbox 1006 1887 1314 1954; x_wconf 80' lang='lat' dir='ltr'><strong><em>argentum,</em></strong></span> <span class='ocrx_word' id='word_1_141' title='bbox 1383 1879 1570 1950; x_wconf 87' lang='lat' dir='ltr'><strong><em>pallia,</em></strong></span> <span class='ocrx_word' id='word_1_142' title='bbox 1625 1896 1791 1934; x_wconf 68' lang='lat' dir='ltr'><strong><em>sacrae</em></strong></span> <span class='ocrx_word' id='word_1_143' title='bbox 1849 1887 2034 1934; x_wconf 71' lang='lat' dir='ltr'><strong><em>vestes</em></strong></span> 
     </span>
    </p>
   </div>
   <div class='ocr_carea' id='block_1_21' title="bbox 424 1968 2035 2041">
    <p class='ocr_par' dir='ltr' id='par_1_21' title="bbox 424 1968 2035 2041">
     <span class='ocr_line' id='line_1_21' title="bbox 424 1968 2035 2041; baseline 0 -17"><span class='ocrx_word' id='word_1_144' title='bbox 424 1976 825 2041; x_wconf 58' lang='lat' dir='ltr'><strong><em>praeparantur,</em></strong></span> <span class='ocrx_word' id='word_1_145' title='bbox 855 1986 975 2040; x_wconf 69' lang='lat' dir='ltr'><strong><em>qua}</em></strong></span> <span class='ocrx_word' id='word_1_146' title='bbox 1005 1985 1102 2039; x_wconf 82' lang='lat' dir='ltr'><strong><em>per</em></strong></span> <span class='ocrx_word' id='word_1_147' title='bbox 1153 1969 1365 2040; x_wconf 81' lang='lat' dir='ltr'><strong><em>legatos</em></strong></span> <span class='ocrx_word' id='word_1_148' title='bbox 1423 1968 1616 2024; x_wconf 81' lang='lat' dir='ltr'><strong><em>fideles</em></strong></span> <span class='ocrx_word' id='word_1_149' title='bbox 1645 1970 1786 2040; x_wconf 86' lang='lat'><strong><em>(116)</em></strong></span> <span class='ocrx_word' id='word_1_150' title='bbox 1813 1969 1868 2024; x_wconf 92' lang='lat' dir='ltr'><strong><em>in</em></strong></span> <span class='ocrx_word' id='word_1_151' title='bbox 1913 1969 2035 2024; x_wconf 85' lang='lat' dir='ltr'><strong><em>Pro-</em></strong></span> 
     </span>
    </p>
   </div>
   <div class='ocr_carea' id='block_1_22' title="bbox 425 2060 1892 2130">
    <p class='ocr_par' dir='ltr' id='par_1_22' title="bbox 425 2060 1892 2130">
     <span class='ocr_line' id='line_1_22' title="bbox 425 2060 1892 2130; baseline 0.001 -15"><span class='ocrx_word' id='word_1_152' title='bbox 425 2061 662 2116; x_wconf 63' lang='lat' dir='ltr'><strong><em>vinciam</em></strong></span> <span class='ocrx_word' id='word_1_153' title='bbox 685 2061 750 2095; x_wconf 66' lang='grc' dir='ltr'><strong><em>δεῖ</em></strong></span> <span class='ocrx_word' id='word_1_154' title='bbox 779 2077 902 2116; x_wconf 93' lang='lat' dir='ltr'><strong><em>cum</em></strong></span> <span class='ocrx_word' id='word_1_155' title='bbox 929 2061 1242 2130; x_wconf 85' lang='lat' dir='ltr'><strong><em>hujusmodi</em></strong></span> <span class='ocrx_word' id='word_1_156' title='bbox 1277 2061 1477 2115; x_wconf 81' lang='lat' dir='ltr'><strong><em>litteris</em></strong></span> <span class='ocrx_word' id='word_1_157' title='bbox 1517 2060 1892 2116; x_wconf 83' lang='lat' dir='ltr'><strong><em>deferrentur:</em></strong></span> 
     </span>
    </p>
   </div>
   <div class='ocr_carea' id='block_1_23' title="bbox 423 2151 2038 2221">
    <p class='ocr_par' dir='ltr' id='par_1_23' title="bbox 423 2151 2038 2221">
     <span class='ocr_line' id='line_1_23' title="bbox 423 2151 2038 2221; baseline 0.001 -16"><span class='ocrx_word' id='word_1_158' title='bbox 423 2151 673 2221; x_wconf 88' lang='lat' dir='ltr'><strong><em>Epistola</em></strong></span> <span class='ocrx_word' id='word_1_159' title='bbox 709 2151 1003 2207; x_wconf 87' lang='lat' dir='ltr'><strong><em>Wladislai</em></strong></span> <span class='ocrx_word' id='word_1_160' title='bbox 1027 2153 1100 2205; x_wconf 89' lang='lat' dir='ltr'><strong><em>ad</em></strong></span> <span class='ocrx_word' id='word_1_161' title='bbox 1124 2156 1369 2205; x_wconf 86' lang='lat' dir='ltr'><strong><em>sanctum</em></strong></span> <span class='ocrx_word' id='word_1_162' title='bbox 1401 2151 1658 2217; x_wconf 84' lang='lat' dir='ltr'><strong><em>Egidium</em></strong></span> <span class='ocrx_word' id='word_1_163' title='bbox 1678 2157 1728 2206; x_wconf 85' lang='lat' dir='ltr'><strong><em>et</em></strong></span> <span class='ocrx_word' id='word_1_164' title='bbox 1745 2151 1811 2185; x_wconf 73' lang='grc'><strong><em>⁵⁸⁸</em></strong></span> <span class='ocrx_word' id='word_1_165' title='bbox 1831 2153 1906 2204; x_wconf 86' lang='lat' dir='ltr'><strong><em>ad</em></strong></span> <span class='ocrx_word' id='word_1_166' title='bbox 1925 2168 2038 2206; x_wconf 89' lang='lat' dir='ltr'><strong><em>mo-</em></strong></span> 
     </span>
    </p>
   </div>
   <div class='ocr_carea' id='block_1_24' title="bbox 1640 2243 1962 2313">
    <p class='ocr_par' dir='ltr' id='par_1_24' title="bbox 1640 2243 1962 2313">
     <span class='ocr_line' id='line_1_24' title="bbox 1640 2243 1962 2313; baseline 0 -17"><span class='ocrx_word' id='word_1_167' title='bbox 1640 2243 1854 2313; x_wconf 77' lang='lat' dir='ltr'><strong><em>[narhos</em></strong></span> <span class='ocrx_word' id='word_1_168' title='bbox 1878 2244 1962 2296; x_wconf 66' lang='grc'><strong>(⁵⁸³.</strong></span> 
     </span>
    </p>
   </div>
   <div class='ocr_carea' id='block_1_25' title="bbox 507 2331 2040 2400">
    <p class='ocr_par' dir='ltr' id='par_1_25' title="bbox 507 2331 2040 2400">
     <span class='ocr_line' id='line_1_25' title="bbox 507 2331 2040 2400; baseline -0.001 -13"><span class='ocrx_word' id='word_1_169' title='bbox 507 2331 856 2400; x_wconf 83' lang='lat' dir='ltr'><strong><em>Wladislaus,</em></strong></span> <span class='ocrx_word' id='word_1_170' title='bbox 888 2333 984 2385; x_wconf 87' lang='lat' dir='ltr'><strong><em>Dei</em></strong></span> <span class='ocrx_word' id='word_1_171' title='bbox 1011 2334 1196 2398; x_wconf 88' lang='lat' dir='ltr'><strong><em>gratia</em></strong></span> <span class='ocrx_word' id='word_1_172' title='bbox 1223 2332 1340 2385; x_wconf 72' lang='lat' dir='ltr'><strong><em>dua:</em></strong></span> <span class='ocrx_word' id='word_1_173' title='bbox 1385 2333 1712 2386; x_wconf 82' lang='lat' dir='ltr'><strong><em>Poloniensis</em></strong></span> <span class='ocrx_word' id='word_1_174' title='bbox 1741 2333 1829 2397; x_wconf 65' lang='grc' dir='ltr'><strong><em>δυο.</em></strong></span> <span class='ocrx_word' id='word_1_175' title='bbox 1863 2336 1909 2385; x_wconf 89' lang='lat' dir='ltr'><strong><em>et</em></strong></span> <span class='ocrx_word' id='word_1_176' title='bbox 1941 2332 2040 2386; x_wconf 86' lang='lat' dir='ltr'><strong><em>Ju-</em></strong></span> 
     </span>
    </p>
   </div>
   <div class='ocr_carea' id='block_1_26' title="bbox 423 2419 2040 2490">
    <p class='ocr_par' dir='ltr' id='par_1_26' title="bbox 423 2419 2040 2490">
     <span class='ocr_line' id='line_1_26' title="bbox 423 2419 2040 2490; baseline -0.001 -14"><span class='ocrx_word' id='word_1_177' title='bbox 423 2419 604 2488; x_wconf 85' lang='lat' dir='ltr'><strong><em>ditha,</em></strong></span> <span class='ocrx_word' id='word_1_178' title='bbox 639 2422 880 2490; x_wconf 85' lang='lat' dir='ltr'><strong><em>legitima</em></strong></span> <span class='ocrx_word' id='word_1_179' title='bbox 917 2422 1118 2490; x_wconf 76' lang='lat' dir='ltr'><strong><em>conjua:</em></strong></span> <span class='ocrx_word' id='word_1_180' title='bbox 1157 2422 1294 2490; x_wconf 85' lang='lat' dir='ltr'><strong><em>ejus,</em></strong></span> <span class='ocrx_word' id='word_1_181' title='bbox 1336 2423 1396 2477; x_wconf 92' lang='grc' dir='ltr'><strong>Ο.</strong></span> <span class='ocrx_word' id='word_1_182' title='bbox 1441 2421 1503 2454; x_wconf 70' lang='grc'><strong><em>⁶⁹¹</em></strong></span> <span class='ocrx_word' id='word_1_183' title='bbox 1549 2420 1696 2490; x_wconf 85' lang='grc'><strong>(117)</strong></span> <span class='ocrx_word' id='word_1_184' title='bbox 1744 2421 2040 2474; x_wconf 79' lang='lat' dir='ltr'><strong><em>renerabili</em></strong></span> 
     </span>
    </p>
   </div>
   <div class='ocr_carea' id='block_1_27' title="bbox 423 2509 2041 2579">
    <p class='ocr_par' dir='ltr' id='par_1_27' title="bbox 423 2509 2041 2579">
     <span class='ocr_line' id='line_1_27' title="bbox 423 2509 2041 2579; baseline -0.001 -15"><span class='ocrx_word' id='word_1_185' title='bbox 423 2509 612 2565; x_wconf 89' lang='lat' dir='ltr'><strong><em>abbati</em></strong></span> <span class='ocrx_word' id='word_1_186' title='bbox 637 2510 826 2565; x_wconf 86' lang='lat' dir='ltr'><strong><em>Sancti</em></strong></span> <span class='ocrx_word' id='word_1_187' title='bbox 872 2512 1061 2578; x_wconf 78' lang='lat' dir='ltr'><strong><em>Egidii</em></strong></span> <span class='ocrx_word' id='word_1_188' title='bbox 1092 2512 1158 2543; x_wconf 61' lang='grc' dir='ltr'><strong><em>δοῖ</em></strong></span> <span class='ocrx_word' id='word_1_189' title='bbox 1197 2514 1504 2579; x_wconf 72' lang='grc' dir='ltr'><strong><em>οηηοείιςμιε</em></strong></span> <span class='ocrx_word' id='word_1_190' title='bbox 1539 2511 1808 2576; x_wconf 80' lang='lat' dir='ltr'><strong><em>fratribus</em></strong></span> <span class='ocrx_word' id='word_1_191' title='bbox 1847 2511 2041 2564; x_wconf 86' lang='lat' dir='ltr'><strong><em>humil-</em></strong></span> 
     </span>
    </p>
   </div>
   <div class='ocr_carea' id='block_1_28' title="bbox 422 2602 2034 2672">
    <p class='ocr_par' dir='ltr' id='par_1_28' title="bbox 422 2602 2034 2672">
     <span class='ocr_line' id='line_1_28' title="bbox 422 2602 2034 2672; baseline -0.001 -15"><span class='ocrx_word' id='word_1_192' title='bbox 422 2602 564 2658; x_wconf 63' lang='lat' dir='ltr'><strong><em>limae</em></strong></span> <span class='ocrx_word' id='word_1_193' title='bbox 589 2603 886 2657; x_wconf 85' lang='lat' dir='ltr'><strong><em>devotionis</em></strong></span> <span class='ocrx_word' id='word_1_194' title='bbox 916 2605 1242 2671; x_wconf 83' lang='lat' dir='ltr'><strong><em>obsequium.</em></strong></span> <span class='ocrx_word' id='word_1_195' title='bbox 1283 2604 1486 2656; x_wconf 82' lang='lat' dir='ltr'><strong><em>Audita</em></strong></span> <span class='ocrx_word' id='word_1_196' title='bbox 1521 2605 1696 2670; x_wconf 86' lang='lat' dir='ltr'><strong><em>fama,</em></strong></span> <span class='ocrx_word' id='word_1_197' title='bbox 1738 2603 1881 2672; x_wconf 87' lang='lat' dir='ltr'><strong><em>quod</em></strong></span> <span class='ocrx_word' id='word_1_198' title='bbox 1907 2617 2034 2656; x_wconf 85' lang='lat' dir='ltr'><strong><em>san-</em></strong></span> 
     </span>
    </p>
   </div>
   <div class='ocr_carea' id='block_1_29' title="bbox 419 2692 2038 2762">
    <p class='ocr_par' dir='ltr' id='par_1_29' title="bbox 419 2692 2038 2762">
     <span class='ocr_line' id='line_1_29' title="bbox 419 2692 2038 2762; baseline -0.001 -16"><span class='ocrx_word' id='word_1_199' title='bbox 419 2696 536 2748; x_wconf 87' lang='lat' dir='ltr'><strong><em>ctus</em></strong></span> <span class='ocrx_word' id='word_1_200' title='bbox 586 2693 817 2760; x_wconf 85' lang='lat' dir='ltr'><strong><em>Egidius</em></strong></span> <span class='ocrx_word' id='word_1_201' title='bbox 869 2695 1247 2762; x_wconf 73' lang='lat' dir='ltr'><strong><em>prcerogativce</em></strong></span> <span class='ocrx_word' id='word_1_202' title='bbox 1307 2695 1523 2761; x_wconf 81' lang='lat' dir='ltr'><strong><em>pietatis</em></strong></span> <span class='ocrx_word' id='word_1_203' title='bbox 1580 2695 1896 2762; x_wconf 65' lang='lat' dir='ltr'><strong><em>preemineat</em></strong></span> <span class='ocrx_word' id='word_1_204' title='bbox 1952 2692 2038 2745; x_wconf 81' lang='lat' dir='ltr'><strong><em>di-</em></strong></span> 
     </span>
    </p>
   </div>
   <div class='ocr_carea' id='block_1_30' title="bbox 419 2785 2038 2874">
    <p class='ocr_par' dir='ltr' id='par_1_30' title="bbox 419 2785 2038 2874">
     <span class='ocr_line' id='line_1_30' title="bbox 419 2785 2038 2874; baseline -0.002 -34"><span class='ocrx_word' id='word_1_205' title='bbox 419 2787 649 2852; x_wconf 82' lang='lat' dir='ltr'><strong><em>gnitate,</em></strong></span> <span class='ocrx_word' id='word_1_206' title='bbox 693 2789 743 2840; x_wconf 88' lang='lat' dir='ltr'><strong><em>et</em></strong></span> <span class='ocrx_word' id='word_1_207' title='bbox 780 2786 925 2854; x_wconf 91' lang='lat' dir='ltr'><strong><em>quod</em></strong></span> <span class='ocrx_word' id='word_1_208' title='bbox 946 2790 1233 2854; x_wconf 41' lang='lat' dir='ltr'><strong><em>promptus</em></strong></span> <span class='ocrx_word' id='word_1_209' title='bbox 1263 2785 1617 2874; x_wconf 41' lang='lat' dir='ltr'><strong><em>sit‘adjutor,</em></strong></span> <span class='ocrx_word' id='word_1_210' title='bbox 1649 2785 1753 2838; x_wconf 85' lang='lat' dir='ltr'><strong><em>sibi</em></strong></span> <span class='ocrx_word' id='word_1_211' title='bbox 1779 2785 1912 2838; x_wconf 85' lang='lat' dir='ltr'><strong><em>data</em></strong></span> <span class='ocrx_word' id='word_1_212' title='bbox 1950 2785 2038 2838; x_wconf 87' lang='lat' dir='ltr'><strong><em>di-</em></strong></span> 
     </span>
    </p>
   </div>
   <div class='ocr_carea' id='block_1_31' title="bbox 2139 511 3779 584">
    <p class='ocr_par' dir='ltr' id='par_1_31' title="bbox 2139 511 3779 584">
     <span class='ocr_line' id='line_1_31' title="bbox 2139 511 3779 584; baseline 0.005 -19"><span class='ocrx_word' id='word_1_213' title='bbox 2139 514 2268 566; x_wconf 77' lang='lat' dir='ltr'><strong><em>strce</em></strong></span> <span class='ocrx_word' id='word_1_214' title='bbox 2286 511 2583 566; x_wconf 83' lang='lat' dir='ltr'><strong><em>devotionis</em></strong></span> <span class='ocrx_word' id='word_1_215' title='bbox 2605 511 2900 580; x_wconf 71' lang='lat' dir='ltr'><strong><em>offerimus,</em></strong></span> <span class='ocrx_word' id='word_1_216' title='bbox 2923 518 3241 584; x_wconf 77' lang='lat' dir='ltr'><strong><em>vestrasque</em></strong></span> <span class='ocrx_word' id='word_1_217' title='bbox 3262 521 3482 571; x_wconf 87' lang='lat' dir='ltr'><strong><em>sanctas</em></strong></span> <span class='ocrx_word' id='word_1_218' title='bbox 3499 519 3779 573; x_wconf 85' lang='lat' dir='ltr'><strong><em>orationes</em></strong></span> 
     </span>
    </p>
   </div>
   <div class='ocr_carea' id='block_1_32' title="bbox 2139 604 3772 679">
    <p class='ocr_par' dir='ltr' id='par_1_32' title="bbox 2139 604 3772 679">
     <span class='ocr_line' id='line_1_32' title="bbox 2139 604 3772 679; baseline 0.006 -23"><span class='ocrx_word' id='word_1_219' title='bbox 2139 605 2199 657; x_wconf 91' lang='lat' dir='ltr'><strong><em>in</em></strong></span> <span class='ocrx_word' id='word_1_220' title='bbox 2228 604 2500 658; x_wconf 66' lang='lat' dir='ltr'><strong><em>auxilium</em></strong></span> <span class='ocrx_word' id='word_1_221' title='bbox 2537 608 2734 658; x_wconf 75' lang='lat' dir='ltr'><strong><em>nostrae</em></strong></span> <span class='ocrx_word' id='word_1_222' title='bbox 2755 607 3036 674; x_wconf 83' lang='lat' dir='ltr'><strong><em>petitionis</em></strong></span> <span class='ocrx_word' id='word_1_223' title='bbox 3067 608 3350 664; x_wconf 79' lang='lat' dir='ltr'><strong><em>humiliter</em></strong></span> <span class='ocrx_word' id='word_1_224' title='bbox 3380 610 3772 679; x_wconf 86' lang='lat' dir='ltr'><strong><em>imploramus.</em></strong></span> 
     </span>
    </p>
   </div>
   <div class='ocr_carea' id='block_1_33' title="bbox 2209 751 3700 826">
    <p class='ocr_par' dir='ltr' id='par_1_33' title="bbox 2209 751 3700 826">
     <span class='ocr_line' id='line_1_33' title="bbox 2209 751 3700 826; baseline 0.009 -24"><span class='ocrx_word' id='word_1_225' title='bbox 2209 751 2296 808; x_wconf 75' lang='grc'><strong><em>31.</em></strong></span> <span class='ocrx_word' id='word_1_226' title='bbox 2323 752 2392 786; x_wconf 67' lang='grc'><strong><em>⁸9³</em></strong></span> <span class='ocrx_word' id='word_1_227' title='bbox 2416 754 2488 807; x_wconf 92' lang='lat' dir='ltr'><strong><em>De</em></strong></span> <span class='ocrx_word' id='word_1_228' title='bbox 2498 753 2734 822; x_wconf 85' lang='lat' dir='ltr'><strong><em>jejuniis</em></strong></span> <span class='ocrx_word' id='word_1_229' title='bbox 2755 759 2806 808; x_wconf 92' lang='lat' dir='ltr'><strong><em>et</em></strong></span> <span class='ocrx_word' id='word_1_230' title='bbox 2824 755 3160 810; x_wconf 80' lang='lat' dir='ltr'><strong><em>orationibus</em></strong></span> <span class='ocrx_word' id='word_1_231' title='bbox 3185 770 3288 826; x_wconf 90' lang='lat' dir='ltr'><strong><em>pro</em></strong></span> <span class='ocrx_word' id='word_1_232' title='bbox 3307 759 3604 815; x_wconf 80' lang='lat' dir='ltr'><strong><em>nativitatc</em></strong></span> <span class='ocrx_word' id='word_1_233' title='bbox 3629 758 3700 793; x_wconf 72' lang='grc'><strong><em>⁸⁸⁸</em></strong></span> 
     </span>
    </p>
   </div>
   <div class='ocr_carea' id='block_1_34' title="bbox 2633 850 3247 906">
    <p class='ocr_par' dir='ltr' id='par_1_34' title="bbox 2633 850 3247 906">
     <span class='ocr_line' id='line_1_34' title="bbox 2633 850 3247 906; baseline 0.005 -3"><span class='ocrx_word' id='word_1_234' title='bbox 2633 850 2784 903; x_wconf 85' lang='lat' dir='ltr'><strong><em>tertii</em></strong></span> <span class='ocrx_word' id='word_1_235' title='bbox 2837 850 3108 905; x_wconf 80' lang='lat' dir='ltr'><strong><em>Bolezlavi</em></strong></span> <span class='ocrx_word' id='word_1_236' title='bbox 3159 851 3247 906; x_wconf 65' lang='grc' dir='ltr'><strong><em>ωε.</em></strong></span> 
     </span>
    </p>
   </div>
   <div class='ocr_carea' id='block_1_35' title="bbox 2208 967 3768 1046">
    <p class='ocr_par' dir='ltr' id='par_1_35' title="bbox 2208 967 3768 1046">
     <span class='ocr_line' id='line_1_35' title="bbox 2208 967 3768 1046; baseline 0.004 -25"><span class='ocrx_word' id='word_1_237' title='bbox 2208 967 2470 1022; x_wconf 90' lang='lat' dir='ltr'><strong><em>Perlectis</em></strong></span> <span class='ocrx_word' id='word_1_238' title='bbox 2536 967 2722 1039; x_wconf 83' lang='lat' dir='ltr'><strong><em>itaque</em></strong></span> <span class='ocrx_word' id='word_1_239' title='bbox 2769 968 2965 1024; x_wconf 86' lang='lat' dir='ltr'><strong><em>litteris</em></strong></span> <span class='ocrx_word' id='word_1_240' title='bbox 3022 977 3077 1024; x_wconf 92' lang='lat' dir='ltr'><strong><em>et</em></strong></span> <span class='ocrx_word' id='word_1_241' title='bbox 3125 971 3452 1027; x_wconf 88' lang='lat' dir='ltr'><strong><em>muneribus</em></strong></span> <span class='ocrx_word' id='word_1_242' title='bbox 3495 976 3768 1046; x_wconf 84' lang='lat' dir='ltr'><strong><em>receptis,</em></strong></span> 
     </span>
    </p>
   </div>
   <div class='ocr_carea' id='block_1_36' title="bbox 2143 1057 3772 1131">
    <p class='ocr_par' dir='ltr' id='par_1_36' title="bbox 2143 1057 3772 1131">
     <span class='ocr_line' id='line_1_36' title="bbox 2143 1057 3772 1131; baseline 0.005 -19"><span class='ocrx_word' id='word_1_243' title='bbox 2143 1057 2314 1112; x_wconf 84' lang='lat' dir='ltr'><strong><em>abbas</em></strong></span> <span class='ocrx_word' id='word_1_244' title='bbox 2339 1065 2394 1112; x_wconf 89' lang='lat' dir='ltr'><strong><em>ct</em></strong></span> <span class='ocrx_word' id='word_1_245' title='bbox 2423 1057 2616 1114; x_wconf 82' lang='lat' dir='ltr'><strong><em>fratres</em></strong></span> <span class='ocrx_word' id='word_1_246' title='bbox 2667 1060 2906 1114; x_wconf 91' lang='lat' dir='ltr'><strong><em>mittenti</em></strong></span> <span class='ocrx_word' id='word_1_247' title='bbox 2935 1077 3168 1117; x_wconf 88' lang='lat' dir='ltr'><strong><em>munera</em></strong></span> <span class='ocrx_word' id='word_1_248' title='bbox 3220 1063 3290 1098; x_wconf 81' lang='grc'><strong><em>⁶⁹⁶</em></strong></span> <span class='ocrx_word' id='word_1_249' title='bbox 3328 1063 3665 1131; x_wconf 86' lang='lat' dir='ltr'><strong><em>retulerunt,</em></strong></span> <span class='ocrx_word' id='word_1_250' title='bbox 3715 1074 3772 1120; x_wconf 87' lang='lat' dir='ltr'><strong><em>et</em></strong></span> 
     </span>
    </p>
   </div>
   <div class='ocr_carea' id='block_1_37' title="bbox 2142 1147 3770 1225">
    <p class='ocr_par' dir='ltr' id='par_1_37' title="bbox 2142 1147 3770 1225">
     <span class='ocr_line' id='line_1_37' title="bbox 2142 1147 3770 1225; baseline 0.003 -22"><span class='ocrx_word' id='word_1_251' title='bbox 2142 1147 2458 1203; x_wconf 87' lang='lat' dir='ltr'><strong><em>triduanum</em></strong></span> <span class='ocrx_word' id='word_1_252' title='bbox 2481 1147 2755 1219; x_wconf 89' lang='lat' dir='ltr'><strong><em>jejunium</em></strong></span> <span class='ocrx_word' id='word_1_253' title='bbox 2785 1165 2910 1204; x_wconf 91' lang='lat' dir='ltr'><strong><em>cum</em></strong></span> <span class='ocrx_word' id='word_1_254' title='bbox 2939 1149 3162 1206; x_wconf 89' lang='lat' dir='ltr'><strong><em>letaniis</em></strong></span> <span class='ocrx_word' id='word_1_255' title='bbox 3191 1159 3246 1206; x_wconf 91' lang='lat' dir='ltr'><strong><em>et</em></strong></span> <span class='ocrx_word' id='word_1_256' title='bbox 3266 1153 3619 1208; x_wconf 87' lang='lat' dir='ltr'><strong><em>orationibus</em></strong></span> <span class='ocrx_word' id='word_1_257' title='bbox 3641 1168 3770 1225; x_wconf 81' lang='lat' dir='ltr'><strong><em>per—</em></strong></span> 
     </span>
    </p>
   </div>
   <div class='ocr_carea' id='block_1_38' title="bbox 2141 1239 3770 1314">
    <p class='ocr_par' dir='ltr' id='par_1_38' title="bbox 2141 1239 3770 1314">
     <span class='ocr_line' id='line_1_38' title="bbox 2141 1239 3770 1314; baseline 0.005 -20"><span class='ocrx_word' id='word_1_258' title='bbox 2141 1249 2395 1313; x_wconf 83' lang='lat' dir='ltr'><strong><em>egerunt,</em></strong></span> <span class='ocrx_word' id='word_1_259' title='bbox 2455 1239 2656 1295; x_wconf 71' lang='lat' dir='ltr'><strong><em>divinae</em></strong></span> <span class='ocrx_word' id='word_1_260' title='bbox 2707 1242 3011 1310; x_wconf 90' lang='lat' dir='ltr'><strong><em>majestatis</em></strong></span> <span class='ocrx_word' id='word_1_261' title='bbox 3057 1244 3528 1314; x_wconf 85' lang='lat' dir='ltr'><strong><em>omnipotentiam</em></strong></span> <span class='ocrx_word' id='word_1_262' title='bbox 3591 1245 3770 1302; x_wconf 86' lang='lat' dir='ltr'><strong><em>obse-</em></strong></span> 
     </span>
    </p>
   </div>
   <div class='ocr_carea' id='block_1_39' title="bbox 2140 1333 3771 1408">
    <p class='ocr_par' dir='ltr' id='par_1_39' title="bbox 2140 1333 3771 1408">
     <span class='ocr_line' id='line_1_39' title="bbox 2140 1333 3771 1408; baseline 0.003 -22"><span class='ocrx_word' id='word_1_263' title='bbox 2140 1338 2380 1398; x_wconf 88' lang='lat' dir='ltr'><strong><em>crantes,</em></strong></span> <span class='ocrx_word' id='word_1_264' title='bbox 2413 1338 2686 1404; x_wconf 82' lang='lat' dir='ltr'><strong><em>quatenus</em></strong></span> <span class='ocrx_word' id='word_1_265' title='bbox 2715 1333 3064 1389; x_wconf 85' lang='lat' dir='ltr'><strong><em>devotionem</em></strong></span> <span class='ocrx_word' id='word_1_266' title='bbox 3096 1333 3346 1390; x_wconf 83' lang='lat' dir='ltr'><strong><em>ﬁdelium</em></strong></span> <span class='ocrx_word' id='word_1_267' title='bbox 3387 1335 3771 1408; x_wconf 70' lang='lat' dir='ltr'><strong><em>praesentiali-</em></strong></span> 
     </span>
    </p>
   </div>
   <div class='ocr_carea' id='block_1_40' title="bbox 2143 1423 3776 1500">
    <p class='ocr_par' dir='ltr' id='par_1_40' title="bbox 2143 1423 3776 1500">
     <span class='ocr_line' id='line_1_40' title="bbox 2143 1423 3776 1500; baseline 0.004 -22"><span class='ocrx_word' id='word_1_268' title='bbox 2143 1432 2224 1478; x_wconf 91' lang='lat' dir='ltr'><strong><em>ter</em></strong></span> <span class='ocrx_word' id='word_1_269' title='bbox 2251 1423 2357 1478; x_wconf 89' lang='lat' dir='ltr'><strong><em>sibi</em></strong></span> <span class='ocrx_word' id='word_1_270' title='bbox 2392 1431 2539 1478; x_wconf 87' lang='lat' dir='ltr'><strong><em>tanta</em></strong></span> <span class='ocrx_word' id='word_1_271' title='bbox 2566 1425 2904 1480; x_wconf 87' lang='lat' dir='ltr'><strong><em>mittentium</em></strong></span> <span class='ocrx_word' id='word_1_272' title='bbox 2946 1426 3013 1460; x_wconf 78' lang='grc'><strong><em>⁶⁰⁷</em></strong></span> <span class='ocrx_word' id='word_1_273' title='bbox 3057 1427 3344 1499; x_wconf 89' lang='lat' dir='ltr'><strong><em>multoque</em></strong></span> <span class='ocrx_word' id='word_1_274' title='bbox 3369 1427 3527 1500; x_wconf 91' lang='lat' dir='ltr'><strong><em>plura</em></strong></span> <span class='ocrx_word' id='word_1_275' title='bbox 3558 1443 3776 1484; x_wconf 71' lang='lat' dir='ltr'><strong><em>voven-</em></strong></span> 
     </span>
    </p>
   </div>
   <div class='ocr_carea' id='block_1_41' title="bbox 2139 1515 3772 1592">
    <p class='ocr_par' dir='ltr' id='par_1_41' title="bbox 2139 1515 3772 1592">
     <span class='ocr_line' id='line_1_41' title="bbox 2139 1515 3772 1592; baseline 0.004 -24"><span class='ocrx_word' id='word_1_276' title='bbox 2139 1516 2274 1569; x_wconf 90' lang='lat' dir='ltr'><strong><em>tium</em></strong></span> <span class='ocrx_word' id='word_1_277' title='bbox 2302 1515 2634 1587; x_wconf 89' lang='lat' dir='ltr'><strong><em>adimpleret</em></strong></span> <span class='ocrx_word' id='word_1_278' title='bbox 2664 1516 2754 1584; x_wconf 71' lang='lat'><strong><em>598,</em></strong></span> <span class='ocrx_word' id='word_1_279' title='bbox 2785 1516 2932 1571; x_wconf 91' lang='lat' dir='ltr'><strong><em>unde</em></strong></span> <span class='ocrx_word' id='word_1_280' title='bbox 2951 1517 3183 1592; x_wconf 81' lang='lat' dir='ltr'><strong><em>gloriam</em></strong></span> <span class='ocrx_word' id='word_1_281' title='bbox 3215 1519 3300 1574; x_wconf 90' lang='lat' dir='ltr'><strong><em>sui</em></strong></span> <span class='ocrx_word' id='word_1_282' title='bbox 3337 1519 3589 1575; x_wconf 89' lang='lat' dir='ltr'><strong><em>nominis</em></strong></span> <span class='ocrx_word' id='word_1_283' title='bbox 3619 1523 3772 1592; x_wconf 87' lang='lat' dir='ltr'><strong><em>apud</em></strong></span> 
     </span>
    </p>
   </div>
   <div class='ocr_carea' id='block_1_42' title="bbox 2140 1603 3768 1682">
    <p class='ocr_par' dir='ltr' id='par_1_42' title="bbox 2140 1603 3768 1682">
     <span class='ocr_line' id='line_1_42' title="bbox 2140 1603 3768 1682; baseline 0.002 -25"><span class='ocrx_word' id='word_1_284' title='bbox 2140 1610 2334 1678; x_wconf 83' lang='lat' dir='ltr'><strong><em>gentes</em></strong></span> <span class='ocrx_word' id='word_1_285' title='bbox 2361 1603 2668 1678; x_wconf 85' lang='lat' dir='ltr'><strong><em>inc0gnitas</em></strong></span> <span class='ocrx_word' id='word_1_286' title='bbox 2694 1606 2981 1670; x_wconf 88' lang='lat' dir='ltr'><strong><em>exaltaret,</em></strong></span> <span class='ocrx_word' id='word_1_287' title='bbox 3027 1613 3193 1679; x_wconf 86' lang='lat' dir='ltr'><strong><em>atque</em></strong></span> <span class='ocrx_word' id='word_1_288' title='bbox 3225 1609 3293 1642; x_wconf 69' lang='grc'><strong><em>⁵⁸⁸</em></strong></span> <span class='ocrx_word' id='word_1_289' title='bbox 3325 1607 3527 1662; x_wconf 89' lang='lat' dir='ltr'><strong><em>famam</em></strong></span> <span class='ocrx_word' id='word_1_290' title='bbox 3583 1608 3768 1682; x_wconf 75' lang='lat' dir='ltr'><strong><em>Egidii</em></strong></span> 
     </span>
    </p>
   </div>
   <div class='ocr_carea' id='block_1_43' title="bbox 2140 1693 3464 1768">
    <p class='ocr_par' dir='ltr' id='par_1_43' title="bbox 2140 1693 3464 1768">
     <span class='ocr_line' id='line_1_43' title="bbox 2140 1693 3464 1768; baseline 0.002 -19"><span class='ocrx_word' id='word_1_291' title='bbox 2140 1693 2224 1749; x_wconf 87' lang='lat' dir='ltr'><strong><em>sui</em></strong></span> <span class='ocrx_word' id='word_1_292' title='bbox 2259 1693 2443 1748; x_wconf 78' lang='lat' dir='ltr'><strong><em>famuli</em></strong></span> <span class='ocrx_word' id='word_1_293' title='bbox 2465 1693 2630 1767; x_wconf 82' lang='lat' dir='ltr'><strong><em>longe</em></strong></span> <span class='ocrx_word' id='word_1_294' title='bbox 2662 1694 2884 1766; x_wconf 89' lang='lat' dir='ltr'><strong><em>lateque</em></strong></span> <span class='ocrx_word' id='word_1_295' title='bbox 2909 1695 3168 1750; x_wconf 85' lang='lat' dir='ltr'><strong><em>dilataret</em></strong></span> <span class='ocrx_word' id='word_1_296' title='bbox 3199 1695 3270 1730; x_wconf 82' lang='grc'><strong><em>⁷⁰⁰</em></strong></span> <span class='ocrx_word' id='word_1_297' title='bbox 3297 1697 3464 1768; x_wconf 83' lang='grc'><strong>(118).</strong></span> 
     </span>
    </p>
   </div>
   <div class='ocr_carea' id='block_1_44' title="bbox 2284 1782 3556 1856">
    <p class='ocr_par' dir='ltr' id='par_1_44' title="bbox 2284 1782 3556 1856">
     <span class='ocr_line' id='line_1_44' title="bbox 2284 1782 3556 1856; baseline -0.001 -18"><span class='ocrx_word' id='word_1_298' title='bbox 2284 1783 2450 1856; x_wconf 86' lang='lat' dir='ltr'><strong><em>Euge,</em></strong></span> <span class='ocrx_word' id='word_1_299' title='bbox 2479 1798 2636 1838; x_wconf 81' lang='lat' dir='ltr'><strong><em>serve</em></strong></span> <span class='ocrx_word' id='word_1_300' title='bbox 2669 1782 2784 1850; x_wconf 87' lang='lat' dir='ltr'><strong><em>Dei,</em></strong></span> <span class='ocrx_word' id='word_1_301' title='bbox 2808 1791 2976 1854; x_wconf 89' lang='lat' dir='ltr'><strong><em>caput</em></strong></span> <span class='ocrx_word' id='word_1_302' title='bbox 3007 1783 3172 1852; x_wconf 88' lang='lat' dir='ltr'><strong><em>hujus</em></strong></span> <span class='ocrx_word' id='word_1_303' title='bbox 3205 1784 3458 1839; x_wconf 89' lang='lat' dir='ltr'><strong><em>materiei</em></strong></span> <span class='ocrx_word' id='word_1_304' title='bbox 3485 1785 3556 1820; x_wconf 75' lang='grc' dir='ltr'><strong><em>τοι</em></strong></span> 
     </span>
    </p>
   </div>
   <div class='ocr_carea' id='block_1_45' title="bbox 2281 1871 3632 1942">
    <p class='ocr_par' dir='ltr' id='par_1_45' title="bbox 2281 1871 3632 1942">
     <span class='ocr_line' id='line_1_45' title="bbox 2281 1871 3632 1942; baseline 0.001 -17"><span class='ocrx_word' id='word_1_305' title='bbox 2281 1871 2488 1926; x_wconf 90' lang='lat' dir='ltr'><strong><em>Perﬁce</em></strong></span> <span class='ocrx_word' id='word_1_306' title='bbox 2507 1887 2786 1927; x_wconf 89' lang='lat' dir='ltr'><strong><em>servorum</em></strong></span> <span class='ocrx_word' id='word_1_307' title='bbox 2806 1887 2928 1942; x_wconf 85' lang='lat' dir='ltr'><strong><em>quae</em></strong></span> <span class='ocrx_word' id='word_1_308' title='bbox 2960 1879 3196 1942; x_wconf 89' lang='lat' dir='ltr'><strong><em>poscunt</em></strong></span> <span class='ocrx_word' id='word_1_309' title='bbox 3219 1881 3342 1928; x_wconf 84' lang='lat' dir='ltr'><strong><em>vota</em></strong></span> <span class='ocrx_word' id='word_1_310' title='bbox 3366 1879 3590 1929; x_wconf 87' lang='lat' dir='ltr'><strong><em>tuorum</em></strong></span> <span class='ocrx_word' id='word_1_311' title='bbox 3615 1872 3632 1926; x_wconf 90' lang='lat' dir='ltr'><strong><em>l</em></strong></span> 
     </span>
    </p>
   </div>
   <div class='ocr_carea' id='block_1_46' title="bbox 2285 1966 3656 2038">
    <p class='ocr_par' dir='ltr' id='par_1_46' title="bbox 2285 1966 3656 2038">
     <span class='ocr_line' id='line_1_46' title="bbox 2285 1966 3656 2038; baseline 0.001 -17"><span class='ocrx_word' id='word_1_312' title='bbox 2285 1967 2382 2022; x_wconf 86' lang='lat' dir='ltr'><strong><em>Pro</em></strong></span> <span class='ocrx_word' id='word_1_313' title='bbox 2415 1981 2587 2037; x_wconf 91' lang='lat' dir='ltr'><strong><em>puero</em></strong></span> <span class='ocrx_word' id='word_1_314' title='bbox 2609 1982 2868 2037; x_wconf 88' lang='lat' dir='ltr'><strong><em>puerum,</em></strong></span> <span class='ocrx_word' id='word_1_315' title='bbox 2892 1981 2992 2037; x_wconf 87' lang='lat' dir='ltr'><strong><em>pro</em></strong></span> <span class='ocrx_word' id='word_1_316' title='bbox 3023 1966 3159 2022; x_wconf 80' lang='lat' dir='ltr'><strong><em>falso</em></strong></span> <span class='ocrx_word' id='word_1_317' title='bbox 3192 1967 3396 2038; x_wconf 84' lang='lat' dir='ltr'><strong><em>perﬁce</em></strong></span> <span class='ocrx_word' id='word_1_318' title='bbox 3418 1983 3615 2022; x_wconf 87' lang='lat' dir='ltr'><strong><em>verum</em></strong></span> <span class='ocrx_word' id='word_1_319' title='bbox 3639 1985 3656 2036; x_wconf 90' lang='lat'><strong>;</strong></span> 
     </span>
    </p>
   </div>
   <div class='ocr_carea' id='block_1_47' title="bbox 2282 2057 3637 2126">
    <p class='ocr_par' dir='ltr' id='par_1_47' title="bbox 2282 2057 3637 2126">
     <span class='ocr_line' id='line_1_47' title="bbox 2282 2057 3637 2126; baseline 0.002 -14"><span class='ocrx_word' id='word_1_320' title='bbox 2282 2057 2500 2114; x_wconf 84' lang='lat' dir='ltr'><strong><em>Conlice</em></strong></span> <span class='ocrx_word' id='word_1_321' title='bbox 2531 2058 2826 2126; x_wconf 89' lang='lat' dir='ltr'><strong><em>carnalem,</em></strong></span> <span class='ocrx_word' id='word_1_322' title='bbox 2858 2058 3106 2114; x_wconf 87' lang='lat' dir='ltr'><strong><em>retinens</em></strong></span> <span class='ocrx_word' id='word_1_323' title='bbox 3137 2059 3235 2113; x_wconf 90' lang='lat' dir='ltr'><strong><em>tibi</em></strong></span> <span class='ocrx_word' id='word_1_324' title='bbox 3269 2058 3637 2115; x_wconf 87' lang='lat' dir='ltr'><strong><em>materialem.</em></strong></span> 
     </span>
    </p>
   </div>
   <div class='ocr_carea' id='block_1_48' title="bbox 2141 2145 3762 2217">
    <p class='ocr_par' dir='ltr' id='par_1_48' title="bbox 2141 2145 3762 2217">
     <span class='ocr_line' id='line_1_48' title="bbox 2141 2145 3762 2217; baseline 0.003 -18"><span class='ocrx_word' id='word_1_325' title='bbox 2141 2146 2276 2210; x_wconf 79' lang='lat' dir='ltr'><strong><em>Quid</em></strong></span> <span class='ocrx_word' id='word_1_326' title='bbox 2308 2145 2502 2217; x_wconf 77' lang='lat' dir='ltr'><strong><em>plura?</em></strong></span> <span class='ocrx_word' id='word_1_327' title='bbox 2543 2147 2787 2200; x_wconf 86' lang='lat' dir='ltr'><strong><em>Necdum</em></strong></span> <span class='ocrx_word' id='word_1_328' title='bbox 2823 2147 3097 2216; x_wconf 86' lang='lat' dir='ltr'><strong><em>jejunium</em></strong></span> <span class='ocrx_word' id='word_1_329' title='bbox 3139 2165 3170 2203; x_wconf 90' lang='lat' dir='ltr'><strong><em>a</em></strong></span> <span class='ocrx_word' id='word_1_330' title='bbox 3213 2148 3504 2204; x_wconf 87' lang='lat' dir='ltr'><strong><em>monachis</em></strong></span> <span class='ocrx_word' id='word_1_331' title='bbox 3537 2148 3596 2204; x_wconf 89' lang='lat' dir='ltr'><strong><em>in</em></strong></span> <span class='ocrx_word' id='word_1_332' title='bbox 3627 2149 3762 2204; x_wconf 79' lang='lat' dir='ltr'><strong><em>Pro-</em></strong></span> 
     </span>
    </p>
   </div>
   <div class='ocr_carea' id='block_1_49' title="bbox 2139 2238 3768 2309">
    <p class='ocr_par' dir='ltr' id='par_1_49' title="bbox 2139 2238 3768 2309">
     <span class='ocr_line' id='line_1_49' title="bbox 2139 2238 3768 2309; baseline 0.003 -18"><span class='ocrx_word' id='word_1_333' title='bbox 2139 2238 2317 2292; x_wconf 88' lang='lat' dir='ltr'><strong><em>vincia</em></strong></span> <span class='ocrx_word' id='word_1_334' title='bbox 2341 2238 2744 2309; x_wconf 87' lang='lat' dir='ltr'><strong><em>complebatur,</em></strong></span> <span class='ocrx_word' id='word_1_335' title='bbox 2777 2239 2958 2308; x_wconf 88' lang='lat' dir='ltr'><strong><em>etjam</em></strong></span> <span class='ocrx_word' id='word_1_336' title='bbox 2990 2247 3166 2295; x_wconf 87' lang='lat' dir='ltr'><strong><em>mater</em></strong></span> <span class='ocrx_word' id='word_1_337' title='bbox 3194 2241 3250 2294; x_wconf 88' lang='lat' dir='ltr'><strong><em>in</em></strong></span> <span class='ocrx_word' id='word_1_338' title='bbox 3274 2239 3503 2296; x_wconf 90' lang='lat' dir='ltr'><strong><em>Polonia</em></strong></span> <span class='ocrx_word' id='word_1_339' title='bbox 3533 2241 3606 2297; x_wconf 90' lang='lat' dir='ltr'><strong><em>de</em></strong></span> <span class='ocrx_word' id='word_1_340' title='bbox 3629 2257 3768 2298; x_wconf 82' lang='lat' dir='ltr'><strong><em>con-</em></strong></span> 
     </span>
    </p>
   </div>
   <div class='ocr_carea' id='block_1_50' title="bbox 2139 2327 3765 2406">
    <p class='ocr_par' dir='ltr' id='par_1_50' title="bbox 2139 2327 3765 2406">
     <span class='ocr_line' id='line_1_50' title="bbox 2139 2327 3765 2406; baseline 0.002 -23"><span class='ocrx_word' id='word_1_341' title='bbox 2139 2337 2302 2398; x_wconf 88' lang='lat' dir='ltr'><strong><em>cepto</em></strong></span> <span class='ocrx_word' id='word_1_342' title='bbox 2331 2328 2443 2384; x_wconf 91' lang='lat' dir='ltr'><strong><em>ﬁlio</em></strong></span> <span class='ocrx_word' id='word_1_343' title='bbox 2483 2327 2786 2383; x_wconf 68' lang='lat' dir='ltr'><strong><em>lmtabatur.</em></strong></span> <span class='ocrx_word' id='word_1_344' title='bbox 2823 2329 3077 2384; x_wconf 87' lang='lat' dir='ltr'><strong><em>Nondum</em></strong></span> <span class='ocrx_word' id='word_1_345' title='bbox 3107 2329 3240 2384; x_wconf 90' lang='lat' dir='ltr'><strong><em>inde</em></strong></span> <span class='ocrx_word' id='word_1_346' title='bbox 3293 2330 3458 2406; x_wconf 85' lang='lat' dir='ltr'><strong><em>legati</em></strong></span> <span class='ocrx_word' id='word_1_347' title='bbox 3499 2329 3765 2387; x_wconf 79' lang='lat' dir='ltr'><strong><em>discede-</em></strong></span> 
     </span>
    </p>
   </div>
   <div class='ocr_carea' id='block_1_51' title="bbox 2141 2421 3765 2494">
    <p class='ocr_par' dir='ltr' id='par_1_51' title="bbox 2141 2421 3765 2494">
     <span class='ocr_line' id='line_1_51' title="bbox 2141 2421 3765 2494; baseline 0.002 -20"><span class='ocrx_word' id='word_1_348' title='bbox 2141 2421 2293 2487; x_wconf 91' lang='lat' dir='ltr'><strong><em>bant,</em></strong></span> <span class='ocrx_word' id='word_1_349' title='bbox 2327 2431 2382 2476; x_wconf 89' lang='lat' dir='ltr'><strong><em>et</em></strong></span> <span class='ocrx_word' id='word_1_350' title='bbox 2423 2421 2538 2489; x_wconf 85' lang='lat' dir='ltr'><strong><em>jam</em></strong></span> <span class='ocrx_word' id='word_1_351' title='bbox 2568 2421 2824 2476; x_wconf 89' lang='lat' dir='ltr'><strong><em>monachi</em></strong></span> <span class='ocrx_word' id='word_1_352' title='bbox 2877 2421 3157 2476; x_wconf 89' lang='lat' dir='ltr'><strong><em>dominam</em></strong></span> <span class='ocrx_word' id='word_1_353' title='bbox 3191 2437 3380 2478; x_wconf 90' lang='lat' dir='ltr'><strong><em>eorum</em></strong></span> <span class='ocrx_word' id='word_1_354' title='bbox 3430 2423 3765 2494; x_wconf 82' lang='lat' dir='ltr'><strong><em>concepisse</em></strong></span> 
     </span>
    </p>
   </div>
   <div class='ocr_carea' id='block_1_52' title="bbox 2143 2512 3769 2583">
    <p class='ocr_par' dir='ltr' id='par_1_52' title="bbox 2143 2512 3769 2583">
     <span class='ocr_line' id='line_1_52' title="bbox 2143 2512 3769 2583; baseline 0.002 -17"><span class='ocrx_word' id='word_1_355' title='bbox 2143 2512 2536 2583; x_wconf 60' lang='lat' dir='ltr'><strong><em>praedicebant.</em></strong></span> <span class='ocrx_word' id='word_1_356' title='bbox 2587 2512 2742 2567; x_wconf 90' lang='lat' dir='ltr'><strong><em>Unde</em></strong></span> <span class='ocrx_word' id='word_1_357' title='bbox 2772 2512 2925 2567; x_wconf 89' lang='lat' dir='ltr'><strong><em>missi</em></strong></span> <span class='ocrx_word' id='word_1_358' title='bbox 2966 2513 3192 2567; x_wconf 91' lang='lat' dir='ltr'><strong><em>domum</em></strong></span> <span class='ocrx_word' id='word_1_359' title='bbox 3253 2514 3414 2570; x_wconf 86' lang='lat' dir='ltr'><strong><em>citius</em></strong></span> <span class='ocrx_word' id='word_1_360' title='bbox 3445 2523 3502 2570; x_wconf 90' lang='lat' dir='ltr'><strong><em>et</em></strong></span> <span class='ocrx_word' id='word_1_361' title='bbox 3529 2515 3769 2571; x_wconf 81' lang='lat' dir='ltr'><strong><em>alacrius</em></strong></span> 
     </span>
    </p>
   </div>
   <div class='ocr_carea' id='block_1_53' title="bbox 2142 2605 3766 2679">
    <p class='ocr_par' dir='ltr' id='par_1_53' title="bbox 2142 2605 3766 2679">
     <span class='ocr_line' id='line_1_53' title="bbox 2142 2605 3766 2679; baseline 0.004 -23"><span class='ocrx_word' id='word_1_362' title='bbox 2142 2611 2476 2667; x_wconf 83' lang='lat' dir='ltr'><strong><em>remeantes,</em></strong></span> <span class='ocrx_word' id='word_1_363' title='bbox 2519 2611 2574 2658; x_wconf 90' lang='lat' dir='ltr'><strong><em>et</em></strong></span> <span class='ocrx_word' id='word_1_364' title='bbox 2604 2605 2934 2679; x_wconf 67' lang='lat' dir='ltr'><strong><em>praesagium</em></strong></span> <span class='ocrx_word' id='word_1_365' title='bbox 2967 2605 3364 2662; x_wconf 85' lang='lat' dir='ltr'><strong><em>monachorum</em></strong></span> <span class='ocrx_word' id='word_1_366' title='bbox 3396 2615 3613 2662; x_wconf 90' lang='lat' dir='ltr'><strong><em>certum</em></strong></span> <span class='ocrx_word' id='word_1_367' title='bbox 3644 2622 3766 2663; x_wconf 84' lang='lat' dir='ltr'><strong><em>esse</em></strong></span> 
     </span>
    </p>
   </div>
   <div class='ocr_carea' id='block_1_54' title="bbox 2141 2696 3760 2769">
    <p class='ocr_par' dir='ltr' id='par_1_54' title="bbox 2141 2696 3760 2769">
     <span class='ocr_line' id='line_1_54' title="bbox 2141 2696 3760 2769; baseline 0.004 -19"><span class='ocrx_word' id='word_1_368' title='bbox 2141 2697 2458 2766; x_wconf 85' lang='lat' dir='ltr'><strong><em>probantes,</em></strong></span> <span class='ocrx_word' id='word_1_369' title='bbox 2484 2697 2554 2751; x_wconf 89' lang='lat' dir='ltr'><strong><em>de</em></strong></span> <span class='ocrx_word' id='word_1_370' title='bbox 2581 2703 2852 2768; x_wconf 89' lang='lat' dir='ltr'><strong><em>concepto</em></strong></span> <span class='ocrx_word' id='word_1_371' title='bbox 2880 2696 2994 2753; x_wconf 89' lang='lat' dir='ltr'><strong><em>ﬁlio</em></strong></span> <span class='ocrx_word' id='word_1_372' title='bbox 3017 2697 3156 2754; x_wconf 87' lang='lat' dir='ltr'><strong><em>ﬁunt</em></strong></span> <span class='ocrx_word' id='word_1_373' title='bbox 3181 2699 3315 2769; x_wconf 65' lang='lat' dir='ltr'><strong><em>laeti,</em></strong></span> <span class='ocrx_word' id='word_1_374' title='bbox 3341 2699 3442 2755; x_wconf 86' lang='lat' dir='ltr'><strong><em>sed</em></strong></span> <span class='ocrx_word' id='word_1_375' title='bbox 3469 2700 3542 2756; x_wconf 81' lang='lat' dir='ltr'><strong><em>de</em></strong></span> <span class='ocrx_word' id='word_1_376' title='bbox 3569 2700 3642 2736; x_wconf 81' lang='grc'><strong><em>⁷⁰²</em></strong></span> <span class='ocrx_word' id='word_1_377' title='bbox 3666 2716 3760 2756; x_wconf 77' lang='lat' dir='ltr'><strong><em>vo-</em></strong></span> 
     </span>
    </p>
   </div>
   <div class='ocr_carea' id='block_1_55' title="bbox 2138 2785 2928 2841">
    <p class='ocr_par' dir='ltr' id='par_1_55' title="bbox 2138 2785 2928 2841">
     <span class='ocr_line' id='line_1_55' title="bbox 2138 2785 2928 2841; baseline 0.004 -3"><span class='ocrx_word' id='word_1_378' title='bbox 2138 2791 2193 2839; x_wconf 91' lang='lat' dir='ltr'><strong><em>to</em></strong></span> <span class='ocrx_word' id='word_1_379' title='bbox 2223 2785 2459 2840; x_wconf 65' lang='lat' dir='ltr'><strong><em>laetiores</em></strong></span> <span class='ocrx_word' id='word_1_380' title='bbox 2487 2793 2650 2840; x_wconf 88' lang='lat' dir='ltr'><strong><em>erunt</em></strong></span> <span class='ocrx_word' id='word_1_381' title='bbox 2679 2785 2806 2841; x_wconf 83' lang='lat' dir='ltr'><strong><em>facti</em></strong></span> <span class='ocrx_word' id='word_1_382' title='bbox 2838 2785 2928 2841; x_wconf 75' lang='lat'><strong><em>703.</em></strong></span> 
     </span>
    </p>
   </div>
   <div class='ocr_carea' id='block_1_56' title="bbox 1739 2907 2426 2946">
    <p class='ocr_par' dir='ltr' id='par_1_56' title="bbox 1739 2907 2426 2946">
     <span class='ocr_line' id='line_1_56' title="bbox 1739 2907 2426 2946; baseline 0.001 -2"><span class='ocrx_word' id='word_1_383' title='bbox 1739 2907 1978 2944; x_wconf 81' lang='lat' dir='ltr'><strong><em>EXPLICIT</em></strong></span> <span class='ocrx_word' id='word_1_384' title='bbox 2017 2907 2213 2946; x_wconf 75' lang='lat' dir='ltr'><strong><em>PRIMUS</em></strong></span> <span class='ocrx_word' id='word_1_385' title='bbox 2254 2908 2426 2946; x_wconf 78' lang='lat' dir='ltr'><strong><em>LIBER.</em></strong></span> 
     </span>
    </p>
   </div>
   <div class='ocr_carea' id='block_1_57' title="bbox 1414 3042 2718 3134">
    <p class='ocr_par' dir='ltr' id='par_1_57' title="bbox 1414 3042 2718 3134">
     <span class='ocr_line' id='line_1_57' title="bbox 1414 3042 2718 3134; baseline 0 -2"><span class='ocrx_word' id='word_1_386' title='bbox 1414 3046 1806 3134; x_wconf 81' lang='lat' dir='ltr'><strong>LIBER</strong></span> <span class='ocrx_word' id='word_1_387' title='bbox 1885 3045 2384 3134; x_wconf 85' lang='lat' dir='ltr'><strong><em>SECUND</em></strong></span> <span class='ocrx_word' id='word_1_388' title='bbox 2409 3045 2556 3134; x_wconf 90' lang='lat' dir='ltr'><strong><em>US</em></strong></span> <span class='ocrx_word' id='word_1_389' title='bbox 2621 3042 2718 3132; x_wconf 80' lang='grc'><strong>⁷⁰⁴.</strong></span> 
     </span>
    </p>
   </div>
   <div class='ocr_carea' id='block_1_58' title="bbox 978 3219 1466 3261">
    <p class='ocr_par' dir='ltr' id='par_1_58' title="bbox 978 3219 1466 3261">
     <span class='ocr_line' id='line_1_58' title="bbox 978 3219 1466 3261; baseline 0 -2"><span class='ocrx_word' id='word_1_390' title='bbox 978 3223 1169 3260; x_wconf 75' lang='lat' dir='ltr'><strong><em>INCIPIT</em></strong></span> <span class='ocrx_word' id='word_1_391' title='bbox 1194 3219 1466 3261; x_wconf 77' lang='lat' dir='ltr'><strong><em>EPISTOLA.</em></strong></span> 
     </span>
    </p>
   </div>
   <div class='ocr_carea' id='block_1_59' title="bbox 485 3293 2030 3362">
    <p class='ocr_par' dir='ltr' id='par_1_59' title="bbox 485 3293 2030 3362">
     <span class='ocr_line' id='line_1_59' title="bbox 485 3293 2030 3362; baseline -0.003 -10"><span class='ocrx_word' id='word_1_392' title='bbox 485 3297 710 3352; x_wconf 86' lang='lat' dir='ltr'><strong><em>Domino</em></strong></span> <span class='ocrx_word' id='word_1_393' title='bbox 765 3294 952 3360; x_wconf 88' lang='lat' dir='ltr'><strong><em>Paulo,</em></strong></span> <span class='ocrx_word' id='word_1_394' title='bbox 1002 3297 1095 3348; x_wconf 90' lang='lat' dir='ltr'><strong><em>Dei</em></strong></span> <span class='ocrx_word' id='word_1_395' title='bbox 1138 3297 1323 3362; x_wconf 87' lang='lat' dir='ltr'><strong><em>gratia</em></strong></span> <span class='ocrx_word' id='word_1_396' title='bbox 1359 3295 1665 3350; x_wconf 86' lang='lat' dir='ltr'><strong><em>Poloniensi</em></strong></span> <span class='ocrx_word' id='word_1_397' title='bbox 1726 3293 2030 3348; x_wconf 73' lang='lat' dir='ltr'><strong><em>reverendae</em></strong></span> 
     </span>
    </p>
   </div>
   <div class='ocr_carea' id='block_1_60' title="bbox 413 3383 2028 3454">
    <p class='ocr_par' dir='ltr' id='par_1_60' title="bbox 413 3383 2028 3454">
     <span class='ocr_line' id='line_1_60' title="bbox 413 3383 2028 3454; baseline -0.002 -12"><span class='ocrx_word' id='word_1_398' title='bbox 413 3386 750 3442; x_wconf 81' lang='lat' dir='ltr'><strong><em>discretionis</em></strong></span> <span class='ocrx_word' id='word_1_399' title='bbox 778 3386 1042 3454; x_wconf 86' lang='lat' dir='ltr'><strong><em>episcopo,</em></strong></span> <span class='ocrx_word' id='word_1_400' title='bbox 1088 3399 1286 3453; x_wconf 86' lang='lat' dir='ltr'><strong><em>suoque</em></strong></span> <span class='ocrx_word' id='word_1_401' title='bbox 1341 3383 1410 3417; x_wconf 74' lang='grc' dir='ltr'><strong><em>τοῖ’</em></strong></span> <span class='ocrx_word' id='word_1_402' title='bbox 1448 3387 1783 3454; x_wconf 87' lang='lat' dir='ltr'><strong><em>cooperatori</em></strong></span> <span class='ocrx_word' id='word_1_403' title='bbox 1826 3386 2028 3438; x_wconf 89' lang='lat' dir='ltr'><strong><em>immit-</em></strong></span> 
     </span>
    </p>
   </div>
   <div class='ocr_carea' id='block_1_61' title="bbox 411 3475 2031 3559">
    <p class='ocr_par' dir='ltr' id='par_1_61' title="bbox 411 3475 2031 3559">
     <span class='ocr_line' id='line_1_61' title="bbox 411 3475 2031 3559; baseline -0.002 -27"><span class='ocrx_word' id='word_1_404' title='bbox 411 3476 586 3532; x_wconf 70' lang='lat' dir='ltr'><strong><em>tendae</em></strong></span> <span class='ocrx_word' id='word_1_405' title='bbox 612 3475 682 3508; x_wconf 66' lang='lat'><strong><em>7°“</em></strong></span> <span class='ocrx_word' id='word_1_406' title='bbox 712 3475 984 3542; x_wconf 82' lang='lat' dir='ltr'><strong><em>religionis</em></strong></span> <span class='ocrx_word' id='word_1_407' title='bbox 1012 3475 1266 3530; x_wconf 80' lang='lat' dir='ltr'><strong><em>Michaeli</em></strong></span> <span class='ocrx_word' id='word_1_408' title='bbox 1293 3476 1638 3543; x_wconf 87' lang='lat' dir='ltr'><strong><em>cancellario,</em></strong></span> <span class='ocrx_word' id='word_1_409' title='bbox 1680 3475 1878 3559; x_wconf 68' lang='lat' dir='ltr'><strong><em>mpdici</em></strong></span> <span class='ocrx_word' id='word_1_410' title='bbox 1913 3475 2031 3529; x_wconf 90' lang='lat' dir='ltr'><strong><em>dis-</em></strong></span> 
     </span>
    </p>
   </div>
   <div class='ocr_carea' id='block_1_62' title="bbox 405 3568 2030 3640">
    <p class='ocr_par' dir='ltr' id='par_1_62' title="bbox 405 3568 2030 3640">
     <span class='ocr_line' id='line_1_62' title="bbox 405 3568 2030 3640; baseline -0.001 -16"><span class='ocrx_word' id='word_1_411' title='bbox 405 3573 665 3640; x_wconf 87' lang='lat' dir='ltr'><strong><em>pensator</em></strong></span> <span class='ocrx_word' id='word_1_412' title='bbox 692 3568 899 3624; x_wconf 87' lang='lat' dir='ltr'><strong><em>obsonii</em></strong></span> <span class='ocrx_word' id='word_1_413' title='bbox 922 3573 1160 3638; x_wconf 72' lang='lat' dir='ltr'><strong><em>paterna:</em></strong></span> <span class='ocrx_word' id='word_1_414' title='bbox 1188 3571 1554 3624; x_wconf 79' lang='lat' dir='ltr'><strong><em>uenerationis</em></strong></span> <span class='ocrx_word' id='word_1_415' title='bbox 1604 3585 1668 3624; x_wconf 91' lang='lat' dir='ltr'><strong><em>ac</em></strong></span> <span class='ocrx_word' id='word_1_416' title='bbox 1695 3569 1888 3624; x_wconf 75' lang='lat' dir='ltr'><strong><em>debita:</em></strong></span> <span class='ocrx_word' id='word_1_417' title='bbox 1915 3584 2030 3623; x_wconf 90' lang='lat' dir='ltr'><strong><em>ser-</em></strong></span> 
     </span>
    </p>
   </div>
   <div class='ocr_carea' id='block_1_63' title="bbox 407 3659 954 3728">
    <p class='ocr_par' dir='ltr' id='par_1_63' title="bbox 407 3659 954 3728">
     <span class='ocr_line' id='line_1_63' title="bbox 407 3659 954 3728; baseline 0 -16"><span class='ocrx_word' id='word_1_418' title='bbox 407 3662 598 3713; x_wconf 78' lang='lat' dir='ltr'><strong><em>uitutis</em></strong></span> <span class='ocrx_word' id='word_1_419' title='bbox 627 3659 954 3728; x_wconf 85' lang='lat' dir='ltr'><strong><em>obsequium.</em></strong></span> 
     </span>
    </p>
   </div>
   <div class='ocr_carea' id='block_1_64' title="bbox 476 3747 2028 3819">
    <p class='ocr_par' dir='ltr' id='par_1_64' title="bbox 476 3747 2028 3819">
     <span class='ocr_line' id='line_1_64' title="bbox 476 3747 2028 3819; baseline -0.001 -13"><span class='ocrx_word' id='word_1_420' title='bbox 476 3749 766 3806; x_wconf 83' lang='lat' dir='ltr'><strong><em>Meditanti</em></strong></span> <span class='ocrx_word' id='word_1_421' title='bbox 808 3751 946 3804; x_wconf 85' lang='lat' dir='ltr'><strong><em>mihi</em></strong></span> <span class='ocrx_word' id='word_1_422' title='bbox 990 3749 1056 3803; x_wconf 86' lang='lat' dir='ltr'><strong><em>de</em></strong></span> <span class='ocrx_word' id='word_1_423' title='bbox 1069 3749 1348 3819; x_wconf 87' lang='lat' dir='ltr'><strong><em>plurimis,</em></strong></span> <span class='ocrx_word' id='word_1_424' title='bbox 1389 3747 1581 3817; x_wconf 87' lang='lat' dir='ltr'><strong><em>injecit</em></strong></span> <span class='ocrx_word' id='word_1_425' title='bbox 1637 3747 1705 3781; x_wconf 63' lang='grc' dir='ltr'><strong><em>ποτ</em></strong></span> <span class='ocrx_word' id='word_1_426' title='bbox 1748 3763 1803 3802; x_wconf 89' lang='lat' dir='ltr'><strong><em>se</em></strong></span> <span class='ocrx_word' id='word_1_427' title='bbox 1837 3754 2028 3804; x_wconf 66' lang='lat' dir='ltr'><strong><em>uestrae</em></strong></span> 
     </span>
    </p>
   </div>
   <div class='ocr_carea' id='block_1_65' title="bbox 405 3840 2029 3910">
    <p class='ocr_par' dir='ltr' id='par_1_65' title="bbox 405 3840 2029 3910">
     <span class='ocr_line' id='line_1_65' title="bbox 405 3840 2029 3910; baseline -0.001 -13"><span class='ocrx_word' id='word_1_428' title='bbox 405 3843 712 3898; x_wconf 84' lang='lat' dir='ltr'><strong><em>recordatio</em></strong></span> <span class='ocrx_word' id='word_1_429' title='bbox 749 3843 1070 3910; x_wconf 70' lang='lat' dir='ltr'><strong><em>largissime</em></strong></span> <span class='ocrx_word' id='word_1_430' title='bbox 1099 3843 1352 3896; x_wconf 78' lang='lat' dir='ltr'><strong><em>karitatis</em></strong></span> <span class='ocrx_word' id='word_1_431' title='bbox 1405 3840 1474 3874; x_wconf 70' lang='lat'><strong><em>703</em></strong></span> <span class='ocrx_word' id='word_1_432' title='bbox 1529 3847 1822 3910; x_wconf 72' lang='lat' dir='ltr'><strong><em>vestraeque</em></strong></span> <span class='ocrx_word' id='word_1_433' title='bbox 1875 3843 2029 3908; x_wconf 90' lang='lat' dir='ltr'><strong><em>fama</em></strong></span> 
     </span>
    </p>
   </div>
   <div class='ocr_carea' id='block_1_66' title="bbox 409 3933 2028 4006">
    <p class='ocr_par' dir='ltr' id='par_1_66' title="bbox 409 3933 2028 4006">
     <span class='ocr_line' id='line_1_66' title="bbox 409 3933 2028 4006; baseline -0.001 -16"><span class='ocrx_word' id='word_1_434' title='bbox 409 3937 564 4005; x_wconf 84' lang='lat' dir='ltr'><strong><em>longe</em></strong></span> <span class='ocrx_word' id='word_1_435' title='bbox 609 3938 818 4006; x_wconf 86' lang='lat' dir='ltr'><strong><em>lateque</em></strong></span> <span class='ocrx_word' id='word_1_436' title='bbox 845 3935 1054 4004; x_wconf 71' lang='lat' dir='ltr'><strong><em>diffusa</em></strong></span> <span class='ocrx_word' id='word_1_437' title='bbox 1083 3936 1229 3989; x_wconf 80' lang='lat' dir='ltr'><strong><em>vobis</em></strong></span> <span class='ocrx_word' id='word_1_438' title='bbox 1263 3935 1469 3988; x_wconf 73' lang='lat' dir='ltr'><strong><em>collato:</em></strong></span> <span class='ocrx_word' id='word_1_439' title='bbox 1497 3933 1766 3988; x_wconf 83' lang='lat' dir='ltr'><strong><em>divinitus</em></strong></span> <span class='ocrx_word' id='word_1_440' title='bbox 1809 3937 2028 4004; x_wconf 88' lang='lat' dir='ltr'><strong><em>sapien-</em></strong></span> 
     </span>
    </p>
   </div>
   <div class='ocr_carea' id='block_1_67' title="bbox 405 4022 2023 4094">
    <p class='ocr_par' dir='ltr' id='par_1_67' title="bbox 405 4022 2023 4094">
     <span class='ocr_line' id='line_1_67' title="bbox 405 4022 2023 4094; baseline -0.002 -14"><span class='ocrx_word' id='word_1_441' title='bbox 405 4027 587 4080; x_wconf 68' lang='lat' dir='ltr'><strong><em>tiwac</em></strong></span> <span class='ocrx_word' id='word_1_442' title='bbox 637 4026 952 4081; x_wconf 84' lang='lat' dir='ltr'><strong><em>humanitus</em></strong></span> <span class='ocrx_word' id='word_1_443' title='bbox 1005 4024 1074 4058; x_wconf 71' lang='grc'><strong><em>⁷0⁵</em></strong></span> <span class='ocrx_word' id='word_1_444' title='bbox 1128 4024 1423 4094; x_wconf 86' lang='lat' dir='ltr'><strong><em>probitatis</em></strong></span> <span class='ocrx_word' id='word_1_445' title='bbox 1453 4022 1544 4075; x_wconf 75' lang='lat'><strong><em>&quot;0.</em></strong></span> <span class='ocrx_word' id='word_1_446' title='bbox 1591 4023 1695 4078; x_wconf 84' lang='lat' dir='ltr'><strong><em>Sed</em></strong></span> <span class='ocrx_word' id='word_1_447' title='bbox 1745 4039 1876 4092; x_wconf 79' lang='lat' dir='ltr'><strong><em>qwa</em></strong></span> <span class='ocrx_word' id='word_1_448' title='bbox 1911 4025 2023 4092; x_wconf 80' lang='lat' dir='ltr'><strong><em>ple-</em></strong></span> 
     </span>
    </p>
   </div>
   <div class='ocr_carea' id='block_1_68' title="bbox 2052 3207 3769 3279">
    <p class='ocr_par' dir='ltr' id='par_1_68' title="bbox 2052 3207 3769 3279">
     <span class='ocr_line' id='line_1_68' title="bbox 2052 3207 3769 3279; baseline 0.004 -20"><span class='ocrx_word' id='word_1_449' title='bbox 2052 3212 2102 3279; x_wconf 78' lang='lat' dir='ltr'><strong>C</strong></span> <span class='ocrx_word' id='word_1_450' title='bbox 2131 3207 2384 3276; x_wconf 86' lang='lat' dir='ltr'><strong><em>loquendi</em></strong></span> <span class='ocrx_word' id='word_1_451' title='bbox 2406 3207 2644 3274; x_wconf 82' lang='lat' dir='ltr'><strong><em>facultas</em></strong></span> <span class='ocrx_word' id='word_1_452' title='bbox 2671 3207 2742 3240; x_wconf 80' lang='grc'><strong><em>⁷¹²</em></strong></span> <span class='ocrx_word' id='word_1_453' title='bbox 2791 3223 2902 3264; x_wconf 84' lang='lat' dir='ltr'><strong><em>non</em></strong></span> <span class='ocrx_word' id='word_1_454' title='bbox 2941 3211 3226 3278; x_wconf 60' lang='lat' dir='ltr'><strong><em>exprimit,</em></strong></span> <span class='ocrx_word' id='word_1_455' title='bbox 3273 3211 3422 3266; x_wconf 79' lang='lat' dir='ltr'><strong><em>bonae</em></strong></span> <span class='ocrx_word' id='word_1_456' title='bbox 3459 3211 3769 3266; x_wconf 81' lang='lat' dir='ltr'><strong><em>voluntatis</em></strong></span> 
     </span>
    </p>
   </div>
   <div class='ocr_carea' id='block_1_69' title="bbox 2129 3298 3764 3371">
    <p class='ocr_par' dir='ltr' id='par_1_69' title="bbox 2129 3298 3764 3371">
     <span class='ocr_line' id='line_1_69' title="bbox 2129 3298 3764 3371; baseline 0.004 -21"><span class='ocrx_word' id='word_1_457' title='bbox 2129 3299 2357 3350; x_wconf 79' lang='lat' dir='ltr'><strong><em>intentio</em></strong></span> <span class='ocrx_word' id='word_1_458' title='bbox 2403 3298 2643 3365; x_wconf 75' lang='lat' dir='ltr'><strong><em>sufﬁciat</em></strong></span> <span class='ocrx_word' id='word_1_459' title='bbox 2673 3312 2774 3366; x_wconf 91' lang='lat' dir='ltr'><strong><em>pro</em></strong></span> <span class='ocrx_word' id='word_1_460' title='bbox 2804 3298 3034 3366; x_wconf 82' lang='lat' dir='ltr'><strong><em>loquela.</em></strong></span> <span class='ocrx_word' id='word_1_461' title='bbox 3084 3301 3226 3356; x_wconf 82' lang='lat' dir='ltr'><strong><em>Nam</em></strong></span> <span class='ocrx_word' id='word_1_462' title='bbox 3269 3315 3390 3354; x_wconf 87' lang='lat' dir='ltr'><strong><em>cum</em></strong></span> <span class='ocrx_word' id='word_1_463' title='bbox 3438 3301 3587 3366; x_wconf 85' lang='lat' dir='ltr'><strong><em>facit</em></strong></span> <span class='ocrx_word' id='word_1_464' title='bbox 3638 3303 3764 3371; x_wconf 83' lang='lat' dir='ltr'><strong><em>quis</em></strong></span> 
     </span>
    </p>
   </div>
   <div class='ocr_carea' id='block_1_70' title="bbox 2130 3385 3753 3458">
    <p class='ocr_par' dir='ltr' id='par_1_70' title="bbox 2130 3385 3753 3458">
     <span class='ocr_line' id='line_1_70' title="bbox 2130 3385 3753 3458; baseline 0.004 -20"><span class='ocrx_word' id='word_1_465' title='bbox 2130 3385 2275 3454; x_wconf 88' lang='lat' dir='ltr'><strong><em>quod</em></strong></span> <span class='ocrx_word' id='word_1_466' title='bbox 2319 3389 2497 3455; x_wconf 88' lang='lat' dir='ltr'><strong><em>potest</em></strong></span> <span class='ocrx_word' id='word_1_467' title='bbox 2522 3385 2611 3449; x_wconf 68' lang='grc' dir='ltr'><strong><em>ηδ,</em></strong></span> <span class='ocrx_word' id='word_1_468' title='bbox 2661 3391 2786 3440; x_wconf 88' lang='lat' dir='ltr'><strong><em>tunc</em></strong></span> <span class='ocrx_word' id='word_1_469' title='bbox 2825 3386 2895 3420; x_wconf 75' lang='lat'><strong><em>7“</em></strong></span> <span class='ocrx_word' id='word_1_470' title='bbox 2933 3387 3133 3456; x_wconf 85' lang='lat' dir='ltr'><strong><em>injuste</em></strong></span> <span class='ocrx_word' id='word_1_471' title='bbox 3160 3387 3229 3422; x_wconf 72' lang='grc'>⁷⁸⁸</span> <span class='ocrx_word' id='word_1_472' title='bbox 3274 3390 3339 3458; x_wconf 76' lang='lat' dir='ltr'><strong><em>ﬁt</em></strong></span> <span class='ocrx_word' id='word_1_473' title='bbox 3365 3389 3609 3458; x_wconf 84' lang='lat' dir='ltr'><strong><em>querela.</em></strong></span> <span class='ocrx_word' id='word_1_474' title='bbox 3659 3391 3753 3445; x_wconf 84' lang='lat' dir='ltr'><strong><em>Ve-</em></strong></span> 
     </span>
    </p>
   </div>
   <div class='ocr_carea' id='block_1_71' title="bbox 2129 3479 3760 3550">
    <p class='ocr_par' dir='ltr' id='par_1_71' title="bbox 2129 3479 3760 3550">
     <span class='ocr_line' id='line_1_71' title="bbox 2129 3479 3760 3550; baseline 0.004 -22"><span class='ocrx_word' id='word_1_475' title='bbox 2129 3479 2468 3544; x_wconf 88' lang='lat' dir='ltr'><strong><em>rumptamen</em></strong></span> <span class='ocrx_word' id='word_1_476' title='bbox 2505 3492 2570 3530; x_wconf 87' lang='lat' dir='ltr'><strong><em>ne</em></strong></span> <span class='ocrx_word' id='word_1_477' title='bbox 2610 3481 2882 3532; x_wconf 88' lang='lat' dir='ltr'><strong><em>tanto-rum</em></strong></span> <span class='ocrx_word' id='word_1_478' title='bbox 2925 3480 3170 3532; x_wconf 85' lang='lat' dir='ltr'><strong><em>uirorum</em></strong></span> <span class='ocrx_word' id='word_1_479' title='bbox 3225 3479 3482 3546; x_wconf 85' lang='lat' dir='ltr'><strong><em>gloriam,</em></strong></span> <span class='ocrx_word' id='word_1_480' title='bbox 3535 3483 3760 3550; x_wconf 74' lang='lat' dir='ltr'><strong><em>tamque</em></strong></span> 
     </span>
    </p>
   </div>
   <div class='ocr_carea' id='block_1_72' title="bbox 2127 3567 3770 3640">
    <p class='ocr_par' dir='ltr' id='par_1_72' title="bbox 2127 3567 3770 3640">
     <span class='ocr_line' id='line_1_72' title="bbox 2127 3567 3770 3640; baseline 0.004 -21"><span class='ocrx_word' id='word_1_481' title='bbox 2127 3567 2500 3634; x_wconf 82' lang='lat' dir='ltr'><strong><em>religiosorum</em></strong></span> <span class='ocrx_word' id='word_1_482' title='bbox 2541 3571 2851 3622; x_wconf 86' lang='lat' dir='ltr'><strong><em>memoriam</em></strong></span> <span class='ocrx_word' id='word_1_483' title='bbox 2903 3569 3255 3638; x_wconf 82' lang='lat' dir='ltr'><strong><em>prcelatorum</em></strong></span> <span class='ocrx_word' id='word_1_484' title='bbox 3293 3570 3509 3625; x_wconf 87' lang='lat' dir='ltr'><strong><em>silentio</em></strong></span> <span class='ocrx_word' id='word_1_485' title='bbox 3537 3579 3770 3640; x_wconf 70' lang='lat' dir='ltr'><strong><em>prater-</em></strong></span> 
     </span>
    </p>
   </div>
   <div class='ocr_carea' id='block_1_73' title="bbox 2127 3666 3762 3738">
    <p class='ocr_par' dir='ltr' id='par_1_73' title="bbox 2127 3666 3762 3738">
     <span class='ocr_line' id='line_1_73' title="bbox 2127 3666 3762 3738; baseline 0.004 -20"><span class='ocrx_word' id='word_1_486' title='bbox 2127 3666 2210 3719; x_wconf 90' lang='lat' dir='ltr'><strong><em>ire</em></strong></span> <span class='ocrx_word' id='word_1_487' title='bbox 2245 3667 2551 3732; x_wconf 86' lang='lat' dir='ltr'><strong><em>videamur,</em></strong></span> <span class='ocrx_word' id='word_1_488' title='bbox 2582 3681 2764 3721; x_wconf 87' lang='lat' dir='ltr'><strong><em>eorum</em></strong></span> <span class='ocrx_word' id='word_1_489' title='bbox 2805 3667 3061 3721; x_wconf 86' lang='lat' dir='ltr'><strong><em>laudibus</em></strong></span> <span class='ocrx_word' id='word_1_490' title='bbox 3088 3667 3388 3722; x_wconf 86' lang='lat' dir='ltr'><strong><em>insistendo</em></strong></span> <span class='ocrx_word' id='word_1_491' title='bbox 3423 3672 3597 3738; x_wconf 83' lang='lat' dir='ltr'><strong><em>quasi</em></strong></span> <span class='ocrx_word' id='word_1_492' title='bbox 3625 3674 3762 3736; x_wconf 84' lang='lat' dir='ltr'><strong><em>gut-</em></strong></span> 
     </span>
    </p>
   </div>
   <div class='ocr_carea' id='block_1_74' title="bbox 2130 3757 3768 3829">
    <p class='ocr_par' dir='ltr' id='par_1_74' title="bbox 2130 3757 3768 3829">
     <span class='ocr_line' id='line_1_74' title="bbox 2130 3757 3768 3829; baseline 0.002 -19"><span class='ocrx_word' id='word_1_493' title='bbox 2130 3761 2240 3811; x_wconf 86' lang='lat' dir='ltr'><strong><em>tam</em></strong></span> <span class='ocrx_word' id='word_1_494' title='bbox 2265 3757 2330 3810; x_wconf 91' lang='lat' dir='ltr'><strong><em>de</em></strong></span> <span class='ocrx_word' id='word_1_495' title='bbox 2356 3759 2624 3824; x_wconf 87' lang='lat' dir='ltr'><strong><em>fonticulo</em></strong></span> <span class='ocrx_word' id='word_1_496' title='bbox 2654 3764 2986 3828; x_wconf 86' lang='lat' dir='ltr'><strong><em>comportare</em></strong></span> <span class='ocrx_word' id='word_1_497' title='bbox 3015 3760 3297 3829; x_wconf 80' lang='lat' dir='ltr'><strong><em>Tyberinis</em></strong></span> <span class='ocrx_word' id='word_1_498' title='bbox 3333 3760 3651 3828; x_wconf 85' lang='lat' dir='ltr'><strong><em>gurgitibus</em></strong></span> <span class='ocrx_word' id='word_1_499' title='bbox 3681 3763 3768 3814; x_wconf 82' lang='lat' dir='ltr'><strong><em>in-</em></strong></span> 
     </span>
    </p>
   </div>
   <div class='ocr_carea' id='block_1_75' title="bbox 2131 3847 3770 3920">
    <p class='ocr_par' dir='ltr' id='par_1_75' title="bbox 2131 3847 3770 3920">
     <span class='ocr_line' id='line_1_75' title="bbox 2131 3847 3770 3920; baseline 0.001 -20"><span class='ocrx_word' id='word_1_500' title='bbox 2131 3848 2392 3900; x_wconf 89' lang='lat' dir='ltr'><strong><em>nitamur.</em></strong></span> <span class='ocrx_word' id='word_1_501' title='bbox 2419 3847 2569 3902; x_wconf 88' lang='lat' dir='ltr'><strong><em>Licet</em></strong></span> <span class='ocrx_word' id='word_1_502' title='bbox 2593 3849 2734 3902; x_wconf 87' lang='lat' dir='ltr'><strong><em>enim</em></strong></span> <span class='ocrx_word' id='word_1_503' title='bbox 2753 3847 2824 3883; x_wconf 70' lang='grc' dir='ltr'><strong><em>τ¹⁶</em></strong></span> <span class='ocrx_word' id='word_1_504' title='bbox 2852 3848 2997 3918; x_wconf 88' lang='lat' dir='ltr'><strong><em>quod</em></strong></span> <span class='ocrx_word' id='word_1_505' title='bbox 3029 3850 3332 3918; x_wconf 84' lang='lat' dir='ltr'><strong><em>perfectum</em></strong></span> <span class='ocrx_word' id='word_1_506' title='bbox 3352 3853 3432 3904; x_wconf 89' lang='lat' dir='ltr'><strong><em>est</em></strong></span> <span class='ocrx_word' id='word_1_507' title='bbox 3453 3865 3570 3904; x_wconf 88' lang='lat' dir='ltr'><strong><em>non</em></strong></span> <span class='ocrx_word' id='word_1_508' title='bbox 3588 3851 3770 3920; x_wconf 78' lang='lat' dir='ltr'><strong><em>possit</em></strong></span> 
     </span>
    </p>
   </div>
   <div class='ocr_carea' id='block_1_76' title="bbox 2126 3935 3760 4008">
    <p class='ocr_par' dir='ltr' id='par_1_76' title="bbox 2126 3935 3760 4008">
     <span class='ocr_line' id='line_1_76' title="bbox 2126 3935 3760 4008; baseline 0.004 -22"><span class='ocrx_word' id='word_1_509' title='bbox 2126 3935 2457 3988; x_wconf 85' lang='lat' dir='ltr'><strong><em>naturaliter</em></strong></span> <span class='ocrx_word' id='word_1_510' title='bbox 2497 3939 2855 4002; x_wconf 87' lang='lat' dir='ltr'><strong><em>augmentari,</em></strong></span> <span class='ocrx_word' id='word_1_511' title='bbox 2895 3939 3040 3992; x_wconf 86' lang='lat' dir='ltr'><strong><em>ratio</em></strong></span> <span class='ocrx_word' id='word_1_512' title='bbox 3055 3943 3234 3992; x_wconf 87' lang='lat' dir='ltr'><strong><em>tamen</em></strong></span> <span class='ocrx_word' id='word_1_513' title='bbox 3269 3951 3379 3991; x_wconf 87' lang='lat' dir='ltr'><strong><em>non</em></strong></span> <span class='ocrx_word' id='word_1_514' title='bbox 3402 3937 3664 4008; x_wconf 81' lang='lat' dir='ltr'><strong><em>prohibet</em></strong></span> <span class='ocrx_word' id='word_1_515' title='bbox 3690 3937 3760 3992; x_wconf 78' lang='lat' dir='ltr'><strong><em>il-</em></strong></span> 
     </span>
    </p>
   </div>
   <div class='ocr_carea' id='block_1_77' title="bbox 2125 4025 3765 4096">
    <p class='ocr_par' dir='ltr' id='par_1_77' title="bbox 2125 4025 3765 4096">
     <span class='ocr_line' id='line_1_77' title="bbox 2125 4025 3765 4096; baseline 0.001 -18"><span class='ocrx_word' id='word_1_516' title='bbox 2125 4025 2222 4078; x_wconf 88' lang='lat' dir='ltr'><strong><em>lud</em></strong></span> <span class='ocrx_word' id='word_1_517' title='bbox 2241 4026 2462 4094; x_wconf 88' lang='lat' dir='ltr'><strong><em>scriptis</em></strong></span> <span class='ocrx_word' id='word_1_518' title='bbox 2493 4025 2822 4096; x_wconf 84' lang='lat' dir='ltr'><strong><em>laudumque</em></strong></span> <span class='ocrx_word' id='word_1_519' title='bbox 2845 4028 3139 4096; x_wconf 79' lang='lat' dir='ltr'><strong><em>prteconiis</em></strong></span> <span class='ocrx_word' id='word_1_520' title='bbox 3164 4029 3438 4081; x_wconf 82' lang='lat' dir='ltr'><strong><em>venerari.</em></strong></span> <span class='ocrx_word' id='word_1_521' title='bbox 3463 4027 3577 4082; x_wconf 83' lang='lat' dir='ltr'><strong><em>Nec</em></strong></span> <span class='ocrx_word' id='word_1_522' title='bbox 3606 4027 3765 4080; x_wconf 79' lang='lat' dir='ltr'><strong><em>inde-</em></strong></span> 
     </span>
    </p>
   </div>
   <div class='ocr_carea' id='block_1_78' title="bbox 404 4113 3769 4188">
    <p class='ocr_par' dir='ltr' id='par_1_78' title="bbox 404 4113 3769 4188">
     <span class='ocr_line' id='line_1_78' title="bbox 404 4113 3769 4188; baseline 0 -16"><span class='ocrx_word' id='word_1_523' title='bbox 404 4131 630 4187; x_wconf 82' lang='lat' dir='ltr'><strong><em>rumque</em></strong></span> <span class='ocrx_word' id='word_1_524' title='bbox 665 4132 838 4186; x_wconf 65' lang='lat' dir='ltr'><strong><em>capas</em></strong></span> <span class='ocrx_word' id='word_1_525' title='bbox 863 4118 1058 4171; x_wconf 85' lang='lat' dir='ltr'><strong><em>mentis</em></strong></span> <span class='ocrx_word' id='word_1_526' title='bbox 1086 4117 1310 4170; x_wconf 79' lang='lat' dir='ltr'><strong><em>intentio</em></strong></span> <span class='ocrx_word' id='word_1_527' title='bbox 1339 4116 1586 4183; x_wconf 85' lang='lat' dir='ltr'><strong><em>concipit,</em></strong></span> <span class='ocrx_word' id='word_1_528' title='bbox 1617 4129 1736 4183; x_wconf 66' lang='lat' dir='ltr'><strong><em>quae</em></strong></span> <span class='ocrx_word' id='word_1_529' title='bbox 1761 4115 1924 4168; x_wconf 85' lang='lat' dir='ltr'><strong><em>tarda</em></strong></span> <span class='ocrx_word' id='word_1_530' title='bbox 1953 4113 2018 4149; x_wconf 77' lang='lat'><strong><em>7“</em></strong></span> <span class='ocrx_word' id='word_1_531' title='bbox 2121 4131 2241 4170; x_wconf 90' lang='lat' dir='ltr'><strong><em>cens</em></strong></span> <span class='ocrx_word' id='word_1_532' title='bbox 2276 4117 2334 4168; x_wconf 85' lang='lat' dir='ltr'><strong><em>in</em></strong></span> <span class='ocrx_word' id='word_1_533' title='bbox 2366 4118 2605 4185; x_wconf 86' lang='lat' dir='ltr'><strong><em>picturis</em></strong></span> <span class='ocrx_word' id='word_1_534' title='bbox 2639 4117 2840 4186; x_wconf 84' lang='lat' dir='ltr'><strong><em>aliquis</em></strong></span> <span class='ocrx_word' id='word_1_535' title='bbox 2861 4116 3174 4187; x_wconf 81' lang='lat' dir='ltr'><strong><em>judicatur,</em></strong></span> <span class='ocrx_word' id='word_1_536' title='bbox 3205 4119 3256 4174; x_wconf 84' lang='lat' dir='ltr'><strong><em>si</em></strong></span> <span class='ocrx_word' id='word_1_537' title='bbox 3289 4119 3545 4188; x_wconf 86' lang='lat' dir='ltr'><strong><em>speciosis</em></strong></span> <span class='ocrx_word' id='word_1_538' title='bbox 3573 4117 3644 4152; x_wconf 73' lang='lat'><strong><em>&#39;“7</em></strong></span> <span class='ocrx_word' id='word_1_539' title='bbox 3677 4131 3769 4174; x_wconf 85' lang='lat' dir='ltr'><strong><em>co-</em></strong></span> 
     </span>
    </p>
   </div>
   <div class='ocr_carea' id='block_1_79' title="bbox 1737 4221 2403 4280">
    <p class='ocr_par' dir='ltr' id='par_1_79' title="bbox 1737 4221 2403 4280">
     <span class='ocr_line' id='line_1_79' title="bbox 1737 4221 2403 4280; baseline 0.006 -4"><span class='ocrx_word' id='word_1_540' title='bbox 1737 4221 1972 4277; x_wconf 66' lang='lat' dir='ltr'><strong><em>VARIIE</em></strong></span> <span class='ocrx_word' id='word_1_541' title='bbox 2019 4223 2403 4280; x_wconf 80' lang='lat' dir='ltr'><strong><em>LECTIONES.</em></strong></span> 
     </span>
    </p>
   </div>
   <div class='ocr_carea' id='block_1_80' title="bbox 478 4323 3764 4400">
    <p class='ocr_par' dir='ltr' id='par_1_80' title="bbox 478 4323 3764 4400">
     <span class='ocr_line' id='line_1_80' title="bbox 478 4323 3764 4400; baseline 0.001 -20"><span class='ocrx_word' id='word_1_542' title='bbox 478 4323 1090 4400; x_wconf 69' lang='lat' dir='ltr'><strong><em>‘”_com_p_1everitis_3.</em></strong></span> <span class='ocrx_word' id='word_1_543' title='bbox 1114 4323 1230 4400; x_wconf 72' lang='lat'><strong><em>_°”</em></strong></span> <span class='ocrx_word' id='word_1_544' title='bbox 1255 4323 1592 4400; x_wconf 74' lang='lat' dir='ltr'><strong><em>quantocius</em></strong></span> <span class='ocrx_word' id='word_1_545' title='bbox 1614 4324 1664 4378; x_wconf 91' lang='lat'><strong><em>3.</em></strong></span> <span class='ocrx_word' id='word_1_546' title='bbox 1690 4399 1696 4400; x_wconf 12' lang='grc' dir='ltr'>ί</span> <span class='ocrx_word' id='word_1_547' title='bbox 1731 4324 1821 4400; x_wconf 43' lang='grc' dir='ltr'><strong><em>,δυ’</em></strong></span> <span class='ocrx_word' id='word_1_548' title='bbox 1853 4333 2003 4400; x_wconf 68' lang='lat' dir='ltr'><strong><em>certa</em></strong></span> <span class='ocrx_word' id='word_1_549' title='bbox 2031 4324 2084 4382; x_wconf 89' lang='lat'><strong><em>3.</em></strong></span> <span class='ocrx_word' id='word_1_550' title='bbox 2159 4325 2227 4400; x_wconf 56' lang='lat'><strong>“[3</strong></span> <span class='ocrx_word' id='word_1_551' title='bbox 2259 4325 2430 4400; x_wconf 77' lang='lat' dir='ltr'><strong><em>habet</em></strong></span> <span class='ocrx_word' id='word_1_552' title='bbox 2457 4327 2826 4400; x_wconf 88' lang='lat' dir='ltr'><strong><em>devocioncm</em></strong></span> <span class='ocrx_word' id='word_1_553' title='bbox 2847 4343 2950 4398; x_wconf 90' lang='lat' dir='ltr'><strong><em>pro</em></strong></span> <span class='ocrx_word' id='word_1_554' title='bbox 2977 4328 3031 4384; x_wconf 92' lang='lat' dir='ltr'><strong><em>d.</em></strong></span> <span class='ocrx_word' id='word_1_555' title='bbox 3065 4343 3111 4383; x_wconf 92' lang='lat' dir='ltr'><strong><em>s.</em></strong></span> <span class='ocrx_word' id='word_1_556' title='bbox 3154 4345 3209 4400; x_wconf 91' lang='lat' dir='ltr'><strong><em>p.</em></strong></span> <span class='ocrx_word' id='word_1_557' title='bbox 3242 4328 3296 4383; x_wconf 89' lang='lat'><strong><em>3.</em></strong></span> <span class='ocrx_word' id='word_1_558' title='bbox 3385 4327 3458 4362; x_wconf 77' lang='grc'><strong><em>⁸⁸³</em></strong></span> <span class='ocrx_word' id='word_1_559' title='bbox 3481 4327 3764 4400; x_wconf 86' lang='lat' dir='ltr'><strong><em>quicquid</em></strong></span> 
     </span>
    </p>
   </div>
   <div class='ocr_carea' id='block_1_81' title="bbox 399 4393 3450 4468">
    <p class='ocr_par' dir='ltr' id='par_1_81' title="bbox 399 4393 3450 4468">
     <span class='ocr_line' id='line_1_81' title="bbox 399 4393 3450 4468; baseline 0.001 -19"><span class='ocrx_word' id='word_1_560' title='bbox 399 4411 505 4468; x_wconf 73' lang='lat' dir='ltr'><strong><em>pro</em></strong></span> <span class='ocrx_word' id='word_1_561' title='bbox 533 4395 580 4450; x_wconf 91' lang='lat' dir='ltr'><strong><em>si</em></strong></span> <span class='ocrx_word' id='word_1_562' title='bbox 617 4393 750 4468; x_wconf 74' lang='lat' dir='ltr'><strong><em>quid</em></strong></span> <span class='ocrx_word' id='word_1_563' title='bbox 778 4395 836 4468; x_wconf 45' lang='grc' dir='ltr'><strong><em>3ζ</em></strong></span> <span class='ocrx_word' id='word_1_564' title='bbox 917 4395 984 4430; x_wconf 72' lang='grc'><strong><em>⁸⁸⁷</em></strong></span> <span class='ocrx_word' id='word_1_565' title='bbox 1007 4395 1062 4449; x_wconf 89' lang='lat' dir='ltr'><strong><em>in</em></strong></span> <span class='ocrx_word' id='word_1_566' title='bbox 1114 4393 1452 4468; x_wconf 75' lang='lat' dir='ltr'><strong><em>Provinciam</em></strong></span> <span class='ocrx_word' id='word_1_567' title='bbox 1501 4395 1698 4450; x_wconf 86' lang='lat' dir='ltr'><strong><em>desunt</em></strong></span> <span class='ocrx_word' id='word_1_568' title='bbox 1725 4395 1777 4450; x_wconf 92' lang='lat'><strong><em>3.</em></strong></span> <span class='ocrx_word' id='word_1_569' title='bbox 1849 4393 1918 4428; x_wconf 76' lang='grc'><strong><em>⁸⁸⁸</em></strong></span> <span class='ocrx_word' id='word_1_570' title='bbox 1952 4397 2108 4452; x_wconf 89' lang='lat' dir='ltr'><strong><em>binas</em></strong></span> <span class='ocrx_word' id='word_1_571' title='bbox 2145 4397 2368 4452; x_wconf 87' lang='lat' dir='ltr'><strong><em>ultimas</em></strong></span> <span class='ocrx_word' id='word_1_572' title='bbox 2403 4399 2577 4452; x_wconf 85' lang='lat' dir='ltr'><strong><em>lineas</em></strong></span> <span class='ocrx_word' id='word_1_573' title='bbox 2607 4399 2804 4454; x_wconf 68' lang='lat' dir='ltr'><strong><em>litteras</em></strong></span> <span class='ocrx_word' id='word_1_574' title='bbox 2847 4393 2918 4453; x_wconf 58' lang='lat' dir='ltr'><strong><em>&#39;iu</em></strong></span> <span class='ocrx_word' id='word_1_575' title='bbox 2967 4393 3170 4455; x_wconf 51' lang='lat' dir='ltr'><strong><em>verbis&#39;</em></strong></span> <span class='ocrx_word' id='word_1_576' title='bbox 3199 4408 3450 4455; x_wconf 86' lang='lat' dir='ltr'><strong><em>sanctum</em></strong></span> 
     </span>
    </p>
   </div>
   <div class='ocr_carea' id='block_1_82' title="bbox 3541 4401 3762 4474">
    <p class='ocr_par' dir='ltr' id='par_1_82' title="bbox 3541 4401 3762 4474">
     <span class='ocr_line' id='line_1_82' title="bbox 3541 4401 3762 4474; baseline 0.005 -20"><span class='ocrx_word' id='word_1_577' title='bbox 3541 4401 3762 4474; x_wconf 80' lang='lat' dir='ltr'><strong><em>gidium</em></strong></span> 
     </span>
    </p>
   </div>
   <div class='ocr_carea' id='block_1_83' title="bbox 399 4465 3766 4542">
    <p class='ocr_par' dir='ltr' id='par_1_83' title="bbox 399 4465 3766 4542">
     <span class='ocr_line' id='line_1_83' title="bbox 399 4465 3766 4542; baseline 0.001 -18"><span class='ocrx_word' id='word_1_578' title='bbox 399 4465 532 4542; x_wconf 67' lang='lat' dir='ltr'><strong><em>pius</em></strong></span> <span class='ocrx_word' id='word_1_579' title='bbox 561 4465 790 4542; x_wconf 81' lang='lat' dir='ltr'><strong><em>quidam</em></strong></span> <span class='ocrx_word' id='word_1_580' title='bbox 817 4467 979 4522; x_wconf 87' lang='lat' dir='ltr'><strong><em>lector</em></strong></span> <span class='ocrx_word' id='word_1_581' title='bbox 1019 4469 1185 4522; x_wconf 72' lang='lat' dir='ltr'><strong><em>erasit</em></strong></span> <span class='ocrx_word' id='word_1_582' title='bbox 1231 4465 1286 4520; x_wconf 83' lang='lat'><strong><em>2.</em></strong></span> <span class='ocrx_word' id='word_1_583' title='bbox 1311 4466 1736 4542; x_wconf 32' lang='lat' dir='ltr'><strong><em>‘eﬂ&#39;ormavitque</em></strong></span> <span class='ocrx_word' id='word_1_584' title='bbox 1773 4469 1910 4522; x_wconf 86' lang='lat' dir='ltr'><strong><em>satis</em></strong></span> <span class='ocrx_word' id='word_1_585' title='bbox 1958 4471 2132 4538; x_wconf 75' lang='lat' dir='ltr'><strong><em>inepte</em></strong></span> <span class='ocrx_word' id='word_1_586' title='bbox 2183 4471 2480 4542; x_wconf 80' lang='lat' dir='ltr'><strong><em>genitivum</em></strong></span> <span class='ocrx_word' id='word_1_587' title='bbox 2527 4485 2594 4542; x_wconf 71' lang='lat' dir='ltr'><strong><em>ea:</em></strong></span> <span class='ocrx_word' id='word_1_588' title='bbox 2624 4473 2952 4542; x_wconf 79' lang='lat' dir='ltr'><strong><em>accusativo,</em></strong></span> <span class='ocrx_word' id='word_1_589' title='bbox 2991 4471 3187 4542; x_wconf 77' lang='lat' dir='ltr'><strong><em>deleuit</em></strong></span> <span class='ocrx_word' id='word_1_590' title='bbox 3247 4465 3766 4542; x_wconf 63' lang='lat' dir='ltr'><strong><em>etoblitus&#39;delere</em></strong></span> 
     </span>
    </p>
   </div>
   <div class='ocr_carea' id='block_1_84' title="bbox 403 4537 2943 4611">
    <p class='ocr_par' dir='ltr' id='par_1_84' title="bbox 403 4537 2943 4611">
     <span class='ocr_line' id='line_1_84' title="bbox 403 4537 2943 4611; baseline 0 -17"><span class='ocrx_word' id='word_1_591' title='bbox 403 4537 458 4594; x_wconf 71' lang='lat' dir='ltr'><strong><em>et</em></strong></span> <span class='ocrx_word' id='word_1_592' title='bbox 478 4540 922 4611; x_wconf 66' lang='lat' dir='ltr'><strong><em>prapositionem</em></strong></span> <span class='ocrx_word' id='word_1_593' title='bbox 951 4537 1472 4611; x_wconf 70' lang='lat' dir='ltr'><strong><em>repetitam__ad__tali</em></strong></span> <span class='ocrx_word' id='word_1_594' title='bbox 1509 4539 1662 4611; x_wconf 87' lang='lat' dir='ltr'><strong><em>modo</em></strong></span> <span class='ocrx_word' id='word_1_595' title='bbox 1681 4542 1805 4611; x_wconf 83' lang='lat' dir='ltr'><strong><em>jam</em></strong></span> <span class='ocrx_word' id='word_1_596' title='bbox 1831 4537 2176 4611; x_wconf 83' lang='lat' dir='ltr'><strong><em>superfluam.</em></strong></span> <span class='ocrx_word' id='word_1_597' title='bbox 2261 4540 2329 4573; x_wconf 70' lang='lat'><strong><em>6”</em></strong></span> <span class='ocrx_word' id='word_1_598' title='bbox 2359 4541 2657 4611; x_wconf 86' lang='lat' dir='ltr'><strong><em>capitulum</em></strong></span> <span class='ocrx_word' id='word_1_599' title='bbox 2701 4542 2860 4596; x_wconf 83' lang='lat' dir='ltr'><strong><em>addit</em></strong></span> <span class='ocrx_word' id='word_1_600' title='bbox 2892 4541 2943 4595; x_wconf 91' lang='lat'><strong><em>3.</em></strong></span> 
     </span>
    </p>
   </div>
   <div class='ocr_carea' id='block_1_85' title="bbox 406 4608 1108 4683">
    <p class='ocr_par' dir='ltr' id='par_1_85' title="bbox 406 4608 1108 4683">
     <span class='ocr_line' id='line_1_85' title="bbox 406 4608 1108 4683; baseline 0 -19"><span class='ocrx_word' id='word_1_601' title='bbox 406 4608 598 4683; x_wconf 61' lang='lat' dir='ltr'><strong><em>esis;</em></strong></span> <span class='ocrx_word' id='word_1_602' title='bbox 640 4609 708 4644; x_wconf 70' lang='grc' dir='ltr'><strong><em>δη</em></strong></span> <span class='ocrx_word' id='word_1_603' title='bbox 733 4609 796 4683; x_wconf 73' lang='grc' dir='ltr'><strong>δ.</strong></span> <span class='ocrx_word' id='word_1_604' title='bbox 832 4608 1025 4683; x_wconf 74' lang='lat' dir='ltr'><strong><em>Egidio</em></strong></span> <span class='ocrx_word' id='word_1_605' title='bbox 1056 4609 1108 4664; x_wconf 88' lang='lat'><strong><em>3.</em></strong></span> 
     </span>
    </p>
   </div>
   <div class='ocr_carea' id='block_1_86' title="bbox 407 4750 1300 4809">
    <p class='ocr_par' dir='ltr' id='par_1_86' title="bbox 407 4750 1300 4809">
     <span class='ocr_line' id='line_1_86' title="bbox 407 4750 1300 4809; baseline -0.002 -1"><span class='ocrx_word' id='word_1_606' title='bbox 407 4753 518 4809; x_wconf 88' lang='lat' dir='ltr'><strong><em>loco</em></strong></span> <span class='ocrx_word' id='word_1_607' title='bbox 543 4753 704 4808; x_wconf 87' lang='lat' dir='ltr'><strong><em>addit</em></strong></span> <span class='ocrx_word' id='word_1_608' title='bbox 731 4750 784 4807; x_wconf 91' lang='lat'><strong><em>3.</em></strong></span> <span class='ocrx_word' id='word_1_609' title='bbox 869 4751 939 4786; x_wconf 78' lang='grc'>⁶⁹⁶</span> <span class='ocrx_word' id='word_1_610' title='bbox 959 4752 1156 4806; x_wconf 81' lang='lat' dir='ltr'><strong><em>Semler</em></strong></span> <span class='ocrx_word' id='word_1_611' title='bbox 1185 4753 1220 4806; x_wconf 89' lang='lat' dir='ltr'><strong><em>l.</em></strong></span> <span class='ocrx_word' id='word_1_612' title='bbox 1254 4767 1300 4806; x_wconf 92' lang='lat' dir='ltr'><strong><em>c.</em></strong></span> 
     </span>
    </p>
   </div>
   <div class='ocr_carea' id='block_1_87' title="bbox 407 4893 1861 4966">
    <p class='ocr_par' dir='ltr' id='par_1_87' title="bbox 407 4893 1861 4966">
     <span class='ocr_line' id='line_1_87' title="bbox 407 4893 1861 4966; baseline 0.001 -16"><span class='ocrx_word' id='word_1_613' title='bbox 407 4893 542 4959; x_wconf 68' lang='lat' dir='ltr'><strong><em>tum,</em></strong></span> <span class='ocrx_word' id='word_1_614' title='bbox 575 4893 972 4951; x_wconf 86' lang='lat' dir='ltr'><strong><em>exdilataret2.</em></strong></span> <span class='ocrx_word' id='word_1_615' title='bbox 1055 4893 1153 4929; x_wconf 57' lang='lat'><strong><em>&quot;‘01</em></strong></span> <span class='ocrx_word' id='word_1_616' title='bbox 1188 4893 1417 4966; x_wconf 89' lang='lat' dir='ltr'><strong><em>materie</em></strong></span> <span class='ocrx_word' id='word_1_617' title='bbox 1447 4893 1498 4949; x_wconf 90' lang='lat'><strong><em>3.</em></strong></span> <span class='ocrx_word' id='word_1_618' title='bbox 1607 4895 1676 4928; x_wconf 83' lang='grc'><strong><em>⁷⁰²</em></strong></span> <span class='ocrx_word' id='word_1_619' title='bbox 1701 4893 1806 4966; x_wconf 83' lang='lat' dir='ltr'><strong><em>pro</em></strong></span> <span class='ocrx_word' id='word_1_620' title='bbox 1828 4895 1861 4951; x_wconf 92' lang='lat'><strong><em>3</em></strong></span> 
     </span>
    </p>
   </div>
   <div class='ocr_carea' id='block_1_88' title="bbox 407 4965 1840 5038">
    <p class='ocr_par' dir='ltr' id='par_1_88' title="bbox 407 4965 1840 5038">
     <span class='ocr_line' id='line_1_88' title="bbox 407 4965 1840 5038; baseline 0 -18"><span class='ocrx_word' id='word_1_621' title='bbox 407 4966 510 5032; x_wconf 74' lang='lat' dir='ltr'><strong><em>hie,</em></strong></span> <span class='ocrx_word' id='word_1_622' title='bbox 563 4968 760 5038; x_wconf 83' lang='lat' dir='ltr'><strong><em>desunt</em></strong></span> <span class='ocrx_word' id='word_1_623' title='bbox 781 4969 868 5038; x_wconf 22' lang='lat' dir='ltr'><strong><em>Win</em></strong></span> <span class='ocrx_word' id='word_1_624' title='bbox 906 4967 1200 5038; x_wconf 83' lang='lat' dir='ltr'><strong><em>codicibus.</em></strong></span> <span class='ocrx_word' id='word_1_625' title='bbox 1243 4965 1472 5038; x_wconf 10' lang='lat' dir='ltr'><strong><em>77°5_suo</em></strong></span> <span class='ocrx_word' id='word_1_626' title='bbox 1526 4965 1840 5038; x_wconf 85' lang='lat' dir='ltr'><strong><em>quoque3.</em></strong></span> 
     </span>
    </p>
   </div>
   <div class='ocr_carea' id='block_1_89' title="bbox 407 5036 1964 5093">
    <p class='ocr_par' dir='ltr' id='par_1_89' title="bbox 407 5036 1964 5093">
     <span class='ocr_line' id='line_1_89' title="bbox 407 5036 1964 5093; baseline -0.003 0"><span class='ocrx_word' id='word_1_627' title='bbox 407 5051 566 5092; x_wconf 88' lang='lat' dir='ltr'><strong><em>cuum</em></strong></span> <span class='ocrx_word' id='word_1_628' title='bbox 617 5037 672 5092; x_wconf 90' lang='lat'><strong><em>3.</em></strong></span> <span class='ocrx_word' id='word_1_629' title='bbox 749 5037 819 5072; x_wconf 62' lang='lat'><strong><em>7°“</em></strong></span> <span class='ocrx_word' id='word_1_630' title='bbox 849 5037 1092 5093; x_wconf 87' lang='lat' dir='ltr'><strong><em>caritatis</em></strong></span> <span class='ocrx_word' id='word_1_631' title='bbox 1131 5037 1186 5092; x_wconf 96' lang='lat'><strong><em>2.</em></strong></span> <span class='ocrx_word' id='word_1_632' title='bbox 1228 5037 1278 5092; x_wconf 91' lang='grc'><strong><em>3.</em></strong></span> <span class='ocrx_word' id='word_1_633' title='bbox 1349 5036 1418 5072; x_wconf 74' lang='grc' dir='ltr'><strong><em>τ⁰⁰</em></strong></span> <span class='ocrx_word' id='word_1_634' title='bbox 1442 5036 1698 5092; x_wconf 85' lang='lat' dir='ltr'><strong><em>humatus</em></strong></span> <span class='ocrx_word' id='word_1_635' title='bbox 1751 5037 1806 5092; x_wconf 83' lang='lat'><strong><em>2.</em></strong></span> <span class='ocrx_word' id='word_1_636' title='bbox 1894 5037 1964 5072; x_wconf 70' lang='grc' dir='ltr'><strong><em>πο</em></strong></span> 
     </span>
    </p>
   </div>
   <div class='ocr_carea' id='block_1_90' title="bbox 1938 4965 3420 5108">
    <p class='ocr_par' dir='ltr' id='par_1_90' title="bbox 1938 4965 3420 5108">
     <span class='ocr_line' id='line_1_90' title="bbox 1938 4965 3420 5038; baseline 0.003 -18"><span class='ocrx_word' id='word_1_637' title='bbox 1938 4965 2303 5022; x_wconf 61' lang='lat' dir='ltr'><strong><em>7“imitende</em></strong></span> <span class='ocrx_word' id='word_1_638' title='bbox 2361 4967 2414 5022; x_wconf 82' lang='lat'><strong><em>2.</em></strong></span> <span class='ocrx_word' id='word_1_639' title='bbox 2452 4965 2740 5023; x_wconf 19' lang='lat' dir='ltr'><strong><em>fimitande</em></strong></span> <span class='ocrx_word' id='word_1_640' title='bbox 2792 4967 2826 5024; x_wconf 88' lang='grc'><strong>3</strong></span> <span class='ocrx_word' id='word_1_641' title='bbox 2933 4967 3002 5001; x_wconf 70' lang='grc' dir='ltr'><strong><em>τοτ</em></strong></span> <span class='ocrx_word' id='word_1_642' title='bbox 3033 4968 3199 5036; x_wconf 85' lang='lat' dir='ltr'><strong><em>deest,</em></strong></span> <span class='ocrx_word' id='word_1_643' title='bbox 3239 4973 3291 5024; x_wconf 91' lang='lat' dir='ltr'><strong><em>et</em></strong></span> <span class='ocrx_word' id='word_1_644' title='bbox 3355 4983 3420 5038; x_wconf 87' lang='lat' dir='ltr'><strong><em>sp</em></strong></span> 
     </span>
     <span class='ocr_line' id='line_1_91' title="bbox 1941 5037 3420 5108; baseline 0 -15"><span class='ocrx_word' id='word_1_645' title='bbox 1941 5037 1964 5072; x_wconf 90' lang='lat'><strong>°</strong></span> <span class='ocrx_word' id='word_1_646' title='bbox 1995 5038 2220 5108; x_wconf 89' lang='lat' dir='ltr'><strong><em>pietatis</em></strong></span> <span class='ocrx_word' id='word_1_647' title='bbox 2258 5039 2310 5094; x_wconf 92' lang='lat'><strong><em>3.</em></strong></span> <span class='ocrx_word' id='word_1_648' title='bbox 2399 5039 2465 5073; x_wconf 74' lang='lat'><strong><em>7“</em></strong></span> <span class='ocrx_word' id='word_1_649' title='bbox 2509 5039 2664 5094; x_wconf 86' lang='lat' dir='ltr'><strong><em>tarde</em></strong></span> <span class='ocrx_word' id='word_1_650' title='bbox 2701 5037 2754 5094; x_wconf 81' lang='lat'><strong><em>2.</em></strong></span> <span class='ocrx_word' id='word_1_651' title='bbox 2839 5038 2910 5074; x_wconf 73' lang='lat'><strong><em>7”</em></strong></span> <span class='ocrx_word' id='word_1_652' title='bbox 2958 5037 3220 5095; x_wconf 86' lang='lat' dir='ltr'><strong><em>facultate</em></strong></span> <span class='ocrx_word' id='word_1_653' title='bbox 3275 5041 3328 5094; x_wconf 89' lang='lat'><strong><em>1.</em></strong></span> <span class='ocrx_word' id='word_1_654' title='bbox 3383 5039 3420 5093; x_wconf 88' lang='lat'><strong><em>2</em></strong></span> 
     </span>
    </p>
   </div>
   <div class='ocr_carea' id='block_1_91' title="bbox 405 5107 2926 5181">
    <p class='ocr_par' dir='ltr' id='par_1_91' title="bbox 405 5107 2926 5181">
     <span class='ocr_line' id='line_1_92' title="bbox 405 5107 2926 5181; baseline 0.002 -19"><span class='ocrx_word' id='word_1_655' title='bbox 405 5113 528 5162; x_wconf 88' lang='lat' dir='ltr'><strong><em>tunt</em></strong></span> <span class='ocrx_word' id='word_1_656' title='bbox 551 5107 604 5162; x_wconf 90' lang='lat'><strong><em>3.</em></strong></span> <span class='ocrx_word' id='word_1_657' title='bbox 692 5107 762 5144; x_wconf 72' lang='lat'><strong><em>7“</em></strong></span> <span class='ocrx_word' id='word_1_658' title='bbox 795 5109 939 5164; x_wconf 85' lang='lat' dir='ltr'><strong><em>deest</em></strong></span> <span class='ocrx_word' id='word_1_659' title='bbox 966 5109 1018 5166; x_wconf 90' lang='lat'><strong><em>3.</em></strong></span> <span class='ocrx_word' id='word_1_660' title='bbox 1089 5109 1158 5144; x_wconf 80' lang='grc'>⁷¹³</span> <span class='ocrx_word' id='word_1_661' title='bbox 1173 5109 1398 5180; x_wconf 90' lang='lat' dir='ltr'><strong><em>juste1.</em></strong></span> <span class='ocrx_word' id='word_1_662' title='bbox 1432 5109 1483 5164; x_wconf 82' lang='lat'><strong><em>‘2.</em></strong></span> <span class='ocrx_word' id='word_1_663' title='bbox 1526 5109 1560 5164; x_wconf 90' lang='lat'><strong><em>3</em></strong></span> <span class='ocrx_word' id='word_1_664' title='bbox 1613 5113 1866 5180; x_wconf 86' lang='lat' dir='ltr'><strong><em>corrupte</em></strong></span> <span class='ocrx_word' id='word_1_665' title='bbox 1898 5107 2172 5165; x_wconf 65' lang='lat' dir='ltr'><strong><em>exhibent.</em></strong></span> <span class='ocrx_word' id='word_1_666' title='bbox 2252 5109 2323 5145; x_wconf 76' lang='grc' dir='ltr'><strong><em>τ¹⁶</em></strong></span> <span class='ocrx_word' id='word_1_667' title='bbox 2343 5109 2402 5165; x_wconf 90' lang='lat' dir='ltr'><strong><em>L.</em></strong></span> <span class='ocrx_word' id='word_1_668' title='bbox 2430 5126 2483 5166; x_wconf 91' lang='lat' dir='ltr'><strong><em>e.</em></strong></span> <span class='ocrx_word' id='word_1_669' title='bbox 2526 5111 2606 5168; x_wconf 89' lang='lat' dir='ltr'><strong><em>bis</em></strong></span> <span class='ocrx_word' id='word_1_670' title='bbox 2647 5113 2842 5181; x_wconf 87' lang='lat' dir='ltr'><strong><em>repetit</em></strong></span> <span class='ocrx_word' id='word_1_671' title='bbox 2869 5110 2926 5167; x_wconf 91' lang='lat'><strong><em>2.</em></strong></span> 
     </span>
    </p>
   </div>
   <div class='ocr_carea' id='block_1_92' title="bbox 3035 4540 3762 4598">
    <p class='ocr_par' dir='ltr' id='par_1_92' title="bbox 3035 4540 3762 4598">
     <span class='ocr_line' id='line_1_93' title="bbox 3035 4540 3762 4598; baseline 0.004 -3"><span class='ocrx_word' id='word_1_672' title='bbox 3035 4541 3104 4576; x_wconf 69' lang='lat'><strong><em>59°</em></strong></span> <span class='ocrx_word' id='word_1_673' title='bbox 3139 4540 3362 4597; x_wconf 86' lang='lat' dir='ltr'><strong><em>Polonie</em></strong></span> <span class='ocrx_word' id='word_1_674' title='bbox 3417 4543 3470 4596; x_wconf 83' lang='lat'><strong><em>3.</em></strong></span> <span class='ocrx_word' id='word_1_675' title='bbox 3559 4542 3626 4577; x_wconf 73' lang='grc'><strong><em>⁸⁸³</em></strong></span> <span class='ocrx_word' id='word_1_676' title='bbox 3659 4543 3762 4598; x_wconf 83' lang='lat' dir='ltr'><strong><em>de-</em></strong></span> 
     </span>
    </p>
   </div>
   <div class='ocr_carea' id='block_1_93' title="bbox 1207 4608 3754 4681">
    <p class='ocr_par' dir='ltr' id='par_1_93' title="bbox 1207 4608 3754 4681">
     <span class='ocr_line' id='line_1_94' title="bbox 1207 4608 3754 4681; baseline 0.002 -19"><span class='ocrx_word' id='word_1_677' title='bbox 1207 4609 1276 4681; x_wconf 48' lang='lat'><strong><em>?”</em></strong></span> <span class='ocrx_word' id='word_1_678' title='bbox 1306 4608 1482 4662; x_wconf 79' lang='lat' dir='ltr'><strong><em>XXXI.</em></strong></span> <span class='ocrx_word' id='word_1_679' title='bbox 1514 4610 1659 4664; x_wconf 87' lang='lat' dir='ltr'><strong><em>deest</em></strong></span> <span class='ocrx_word' id='word_1_680' title='bbox 1687 4610 1740 4663; x_wconf 94' lang='lat'><strong><em>1.</em></strong></span> <span class='ocrx_word' id='word_1_681' title='bbox 1771 4609 1826 4663; x_wconf 90' lang='lat'><strong><em>2.</em></strong></span> <span class='ocrx_word' id='word_1_682' title='bbox 1858 4609 1911 4663; x_wconf 92' lang='grc'><strong>3.</strong></span> <span class='ocrx_word' id='word_1_683' title='bbox 1946 4611 2244 4681; x_wconf 88' lang='lat' dir='ltr'><strong><em>capitulum</em></strong></span> <span class='ocrx_word' id='word_1_684' title='bbox 2275 4627 2398 4665; x_wconf 81' lang='lat' dir='ltr'><strong><em>vero</em></strong></span> <span class='ocrx_word' id='word_1_685' title='bbox 2424 4608 2575 4667; x_wconf 81' lang='lat' dir='ltr'><strong><em>adest</em></strong></span> <span class='ocrx_word' id='word_1_686' title='bbox 2601 4613 2653 4666; x_wconf 87' lang='lat'><strong><em>1.</em></strong></span> <span class='ocrx_word' id='word_1_687' title='bbox 2683 4613 2736 4666; x_wconf 88' lang='lat'><strong><em>2.</em></strong></span> <span class='ocrx_word' id='word_1_688' title='bbox 2765 4615 2907 4666; x_wconf 84' lang='lat' dir='ltr'><strong><em>deest</em></strong></span> <span class='ocrx_word' id='word_1_689' title='bbox 2935 4612 2986 4668; x_wconf 91' lang='lat'><strong><em>3.</em></strong></span> <span class='ocrx_word' id='word_1_690' title='bbox 3075 4613 3144 4647; x_wconf 70' lang='lat'><strong><em>“9‘</em></strong></span> <span class='ocrx_word' id='word_1_691' title='bbox 3168 4613 3246 4668; x_wconf 88' lang='lat' dir='ltr'><strong><em>uti</em></strong></span> <span class='ocrx_word' id='word_1_692' title='bbox 3277 4615 3319 4666; x_wconf 89' lang='lat' dir='ltr'><strong><em>i.</em></strong></span> <span class='ocrx_word' id='word_1_693' title='bbox 3351 4630 3397 4668; x_wconf 86' lang='lat' dir='ltr'><strong><em>e.</em></strong></span> <span class='ocrx_word' id='word_1_694' title='bbox 3423 4611 3669 4668; x_wconf 75' lang='lat' dir='ltr'><strong><em>navitate</em></strong></span> <span class='ocrx_word' id='word_1_695' title='bbox 3698 4611 3754 4668; x_wconf 78' lang='lat'><strong><em>2.</em></strong></span> 
     </span>
    </p>
   </div>
   <div class='ocr_carea' id='block_1_94' title="bbox 405 4680 3118 4752">
    <p class='ocr_par' dir='ltr' id='par_1_94' title="bbox 405 4680 3118 4752">
     <span class='ocr_line' id='line_1_95' title="bbox 405 4680 3118 4752; baseline 0.001 -16"><span class='ocrx_word' id='word_1_696' title='bbox 405 4681 543 4750; x_wconf 69' lang='lat' dir='ltr'><strong><em>siglo</em></strong></span> <span class='ocrx_word' id='word_1_697' title='bbox 571 4696 680 4736; x_wconf 92' lang='lat' dir='ltr'><strong><em>non</em></strong></span> <span class='ocrx_word' id='word_1_698' title='bbox 718 4680 980 4752; x_wconf 78' lang='lat' dir='ltr'><strong><em>intellecto</em></strong></span> <span class='ocrx_word' id='word_1_699' title='bbox 1031 4685 1080 4735; x_wconf 89' lang='lat' dir='ltr'><strong><em>et</em></strong></span> <span class='ocrx_word' id='word_1_700' title='bbox 1129 4680 1258 4734; x_wconf 88' lang='lat' dir='ltr'><strong><em>inde</em></strong></span> <span class='ocrx_word' id='word_1_701' title='bbox 1314 4681 1504 4748; x_wconf 88' lang='lat' dir='ltr'><strong><em>deleto,</em></strong></span> <span class='ocrx_word' id='word_1_702' title='bbox 1561 4696 1754 4735; x_wconf 87' lang='lat' dir='ltr'><strong><em>manus</em></strong></span> <span class='ocrx_word' id='word_1_703' title='bbox 1789 4680 2054 4752; x_wconf 88' lang='lat' dir='ltr'><strong><em>posterior</em></strong></span> <span class='ocrx_word' id='word_1_704' title='bbox 2082 4688 2202 4752; x_wconf 88' lang='lat' dir='ltr'><strong><em>post</em></strong></span> <span class='ocrx_word' id='word_1_705' title='bbox 2256 4683 2530 4738; x_wconf 78' lang='lat' dir='ltr'><strong><em>Bolezlavi</em></strong></span> <span class='ocrx_word' id='word_1_706' title='bbox 2579 4687 2761 4752; x_wconf 85' lang='lat' dir='ltr'><strong><em>posuit</em></strong></span> <span class='ocrx_word' id='word_1_707' title='bbox 2801 4683 3118 4738; x_wconf 87' lang='lat' dir='ltr'><strong><em>donacioni.</em></strong></span> 
     </span>
    </p>
   </div>
   <div class='ocr_carea' id='block_1_95' title="bbox 1336 4752 2272 4822">
    <p class='ocr_par' dir='ltr' id='par_1_95' title="bbox 1336 4752 2272 4822">
     <span class='ocr_line' id='line_1_96' title="bbox 1336 4752 2272 4822; baseline 0.005 -19"><span class='ocrx_word' id='word_1_708' title='bbox 1336 4767 1396 4822; x_wconf 90' lang='lat' dir='ltr'><strong><em>p.</em></strong></span> <span class='ocrx_word' id='word_1_709' title='bbox 1433 4752 1504 4806; x_wconf 80' lang='lat'><strong><em>35</em></strong></span> <span class='ocrx_word' id='word_1_710' title='bbox 1532 4753 1765 4806; x_wconf 87' lang='lat' dir='ltr'><strong><em>consulit</em></strong></span> <span class='ocrx_word' id='word_1_711' title='bbox 1792 4753 1990 4808; x_wconf 81' lang='lat' dir='ltr'><strong><em>addere</em></strong></span> <span class='ocrx_word' id='word_1_712' title='bbox 2027 4770 2126 4808; x_wconf 89' lang='lat' dir='ltr'><strong><em>sua</em></strong></span> <span class='ocrx_word' id='word_1_713' title='bbox 2177 4758 2272 4808; x_wconf 85' lang='lat' dir='ltr'><strong><em>aut</em></strong></span> 
     </span>
    </p>
   </div>
   <div class='ocr_carea' id='block_1_96' title="bbox 407 4821 2965 4952">
    <p class='ocr_par' dir='ltr' id='par_1_96' title="bbox 407 4821 2965 4952">
     <span class='ocr_line' id='line_1_97' title="bbox 407 4821 2965 4894; baseline 0 -15"><span class='ocrx_word' id='word_1_714' title='bbox 407 4824 482 4879; x_wconf 89' lang='lat' dir='ltr'><strong><em>ad</em></strong></span> <span class='ocrx_word' id='word_1_715' title='bbox 521 4827 794 4894; x_wconf 86' lang='lat' dir='ltr'><strong><em>parentes.</em></strong></span> <span class='ocrx_word' id='word_1_716' title='bbox 880 4821 1330 4894; x_wconf 68' lang='lat' dir='ltr'><strong><em>mmiptencium</em></strong></span> <span class='ocrx_word' id='word_1_717' title='bbox 1365 4823 1417 4876; x_wconf 93' lang='lat'><strong><em>3.</em></strong></span> <span class='ocrx_word' id='word_1_718' title='bbox 1499 4823 1567 4858; x_wconf 73' lang='grc'><strong><em>⁸³⁸</em></strong></span> <span class='ocrx_word' id='word_1_719' title='bbox 1600 4824 1906 4894; x_wconf 88' lang='lat' dir='ltr'><strong><em>adimplent</em></strong></span> <span class='ocrx_word' id='word_1_720' title='bbox 1962 4823 2014 4881; x_wconf 90' lang='lat'><strong><em>3.</em></strong></span> <span class='ocrx_word' id='word_1_721' title='bbox 2102 4826 2170 4860; x_wconf 79' lang='grc'><strong><em>⁶⁹⁹</em></strong></span> <span class='ocrx_word' id='word_1_722' title='bbox 2203 4833 2258 4878; x_wconf 90' lang='lat' dir='ltr'><strong><em>et</em></strong></span> <span class='ocrx_word' id='word_1_723' title='bbox 2309 4821 2364 4882; x_wconf 82' lang='lat'><strong><em>3.</em></strong></span> <span class='ocrx_word' id='word_1_724' title='bbox 2451 4825 2522 4858; x_wconf 71' lang='grc' dir='ltr'><strong><em>τοο</em></strong></span> <span class='ocrx_word' id='word_1_725' title='bbox 2552 4821 2878 4880; x_wconf 85' lang='lat' dir='ltr'><strong><em>cxdilataret</em></strong></span> <span class='ocrx_word' id='word_1_726' title='bbox 2929 4842 2965 4879; x_wconf 63' lang='lat' dir='ltr'><strong><em>ei</em></strong></span> 
     </span>
     <span class='ocr_line' id='line_1_98' title="bbox 407 4893 2965 4952; baseline 0.001 -2"><span class='ocrx_word' id='word_1_727' title='bbox 407 4899 542 4952; x_wconf 86' lang='lat' dir='ltr'><strong><em>tum.</em></strong></span> <span class='ocrx_word' id='word_1_728' title='bbox 575 4893 972 4951; x_wconf 86' lang='lat' dir='ltr'><strong><em>exdilataret2.</em></strong></span> <span class='ocrx_word' id='word_1_729' title='bbox 1087 4894 1153 4929; x_wconf 72' lang='grc' dir='ltr'><strong><em>τοι</em></strong></span> <span class='ocrx_word' id='word_1_730' title='bbox 1188 4893 1417 4949; x_wconf 89' lang='lat' dir='ltr'><strong><em>materie</em></strong></span> <span class='ocrx_word' id='word_1_731' title='bbox 1447 4893 1498 4949; x_wconf 90' lang='lat'><strong><em>3.</em></strong></span> <span class='ocrx_word' id='word_1_732' title='bbox 1607 4895 1676 4928; x_wconf 84' lang='grc'><strong><em>⁷⁰²</em></strong></span> <span class='ocrx_word' id='word_1_733' title='bbox 1701 4909 1797 4952; x_wconf 89' lang='lat' dir='ltr'><strong><em>nro</em></strong></span> <span class='ocrx_word' id='word_1_734' title='bbox 1828 4895 1861 4951; x_wconf 92' lang='lat'><strong><em>3</em></strong></span> <span class='ocrx_word' id='word_1_735' title='bbox 1993 4895 2062 4930; x_wconf 73' lang='grc'><strong>⁷0³</strong></span> <span class='ocrx_word' id='word_1_736' title='bbox 2091 4903 2220 4950; x_wconf 86' lang='lat' dir='ltr'><strong><em>sunt</em></strong></span> <span class='ocrx_word' id='word_1_737' title='bbox 2247 4894 2427 4952; x_wconf 81' lang='lat' dir='ltr'><strong><em>eﬁ‘ecti</em></strong></span> <span class='ocrx_word' id='word_1_738' title='bbox 2454 4911 2553 4952; x_wconf 76' lang='lat' dir='ltr'><strong><em>pro</em></strong></span> <span class='ocrx_word' id='word_1_739' title='bbox 2588 4903 2750 4952; x_wconf 81' lang='lat' dir='ltr'><strong><em>erunt</em></strong></span> <span class='ocrx_word' id='word_1_740' title='bbox 2777 4895 2903 4952; x_wconf 84' lang='lat' dir='ltr'><strong><em>facti</em></strong></span> <span class='ocrx_word' id='word_1_741' title='bbox 2935 4896 2965 4952; x_wconf 90' lang='lat'><strong><em>3</em></strong></span> 
     </span>
    </p>
   </div>
   <div class='ocr_carea' id='block_1_97' title="bbox 2091 4911 2988 4966">
    <p class='ocr_par' dir='ltr' id='par_1_97' title="bbox 2091 4911 2988 4966">
     <span class='ocr_line' id='line_1_99' title="bbox 2091 4911 2988 4966; baseline 0.003 -17"><span class='ocrx_word' id='word_1_742' title='bbox 2091 4911 2220 4950; x_wconf 81' lang='lat' dir='ltr'><strong><em>sunt</em></strong></span> <span class='ocrx_word' id='word_1_743' title='bbox 2247 4911 2427 4952; x_wconf 75' lang='grc' dir='ltr'><strong><em>οηεοῑι</em></strong></span> <span class='ocrx_word' id='word_1_744' title='bbox 2451 4911 2553 4966; x_wconf 90' lang='lat' dir='ltr'><strong><em>pro</em></strong></span> <span class='ocrx_word' id='word_1_745' title='bbox 2588 4911 2750 4952; x_wconf 82' lang='lat' dir='ltr'><strong><em>erunt</em></strong></span> <span class='ocrx_word' id='word_1_746' title='bbox 2777 4911 2903 4952; x_wconf 75' lang='lat' dir='ltr'><strong><em>lacu</em></strong></span> <span class='ocrx_word' id='word_1_747' title='bbox 2935 4911 2988 4952; x_wconf 73' lang='grc' dir='ltr'><strong>ὗ.</strong></span> 
     </span>
    </p>
   </div>
   <div class='ocr_carea' id='block_1_98' title="bbox 3215 4682 3756 4754">
    <p class='ocr_par' dir='ltr' id='par_1_98' title="bbox 3215 4682 3756 4754">
     <span class='ocr_line' id='line_1_100' title="bbox 3215 4682 3756 4754; baseline 0.002 -15"><span class='ocrx_word' id='word_1_748' title='bbox 3215 4685 3285 4718; x_wconf 80' lang='grc'><strong><em>⁶⁹⁶</em></strong></span> <span class='ocrx_word' id='word_1_749' title='bbox 3303 4682 3615 4754; x_wconf 85' lang='lat' dir='ltr'><strong><em>capitulum</em></strong></span> <span class='ocrx_word' id='word_1_750' title='bbox 3654 4686 3756 4740; x_wconf 82' lang='lat' dir='ltr'><strong><em>hoc</em></strong></span> 
     </span>
    </p>
   </div>
   <div class='ocr_carea' id='block_1_99' title="bbox 2349 4754 3758 4822">
    <p class='ocr_par' dir='ltr' id='par_1_99' title="bbox 2349 4754 3758 4822">
     <span class='ocr_line' id='line_1_101' title="bbox 2349 4754 3758 4822; baseline 0.003 -15"><span class='ocrx_word' id='word_1_751' title='bbox 2349 4754 2530 4821; x_wconf 82' lang='lat' dir='ltr'><strong><em>ratias,</em></strong></span> <span class='ocrx_word' id='word_1_752' title='bbox 2563 4757 2803 4822; x_wconf 86' lang='lat' dir='ltr'><strong><em>referens</em></strong></span> <span class='ocrx_word' id='word_1_753' title='bbox 2851 4770 3080 4810; x_wconf 84' lang='lat' dir='ltr'><strong><em>munera</em></strong></span> <span class='ocrx_word' id='word_1_754' title='bbox 3108 4772 3223 4810; x_wconf 90' lang='lat' dir='ltr'><strong><em>nan</em></strong></span> <span class='ocrx_word' id='word_1_755' title='bbox 3245 4756 3321 4810; x_wconf 88' lang='lat' dir='ltr'><strong><em>ad</em></strong></span> <span class='ocrx_word' id='word_1_756' title='bbox 3349 4756 3639 4811; x_wconf 81' lang='lat' dir='ltr'><strong><em>monachos</em></strong></span> <span class='ocrx_word' id='word_1_757' title='bbox 3657 4755 3758 4811; x_wconf 79' lang='lat' dir='ltr'><strong><em>sed</em></strong></span> 
     </span>
    </p>
   </div>
   <div class='ocr_carea' id='block_1_100' title="bbox 2353 4825 3761 4954">
    <p class='ocr_par' dir='ltr' id='par_1_100' title="bbox 2353 4825 3761 4954">
     <span class='ocr_line' id='line_1_102' title="bbox 2353 4825 3758 4896; baseline 0.001 -16"><span class='ocrx_word' id='word_1_758' title='bbox 2353 4867 2364 4880; x_wconf 95' lang='lat'><strong><em>.</em></strong></span> <span class='ocrx_word' id='word_1_759' title='bbox 2451 4825 2522 4858; x_wconf 72' lang='grc' dir='ltr'><strong><em>τοο</em></strong></span> <span class='ocrx_word' id='word_1_760' title='bbox 2552 4826 2878 4880; x_wconf 88' lang='lat' dir='ltr'><strong><em>cxdilataret</em></strong></span> <span class='ocrx_word' id='word_1_761' title='bbox 2929 4833 3049 4882; x_wconf 87' lang='lat' dir='ltr'><strong><em>erat</em></strong></span> <span class='ocrx_word' id='word_1_762' title='bbox 3076 4827 3128 4881; x_wconf 91' lang='lat'><strong><em>1.</em></strong></span> <span class='ocrx_word' id='word_1_763' title='bbox 3157 4827 3255 4882; x_wconf 87' lang='lat' dir='ltr'><strong><em>sed</em></strong></span> <span class='ocrx_word' id='word_1_764' title='bbox 3291 4843 3356 4881; x_wconf 77' lang='lat' dir='ltr'><strong><em>ex</em></strong></span> <span class='ocrx_word' id='word_1_765' title='bbox 3377 4832 3574 4896; x_wconf 83' lang='lat' dir='ltr'><strong><em>postea</em></strong></span> <span class='ocrx_word' id='word_1_766' title='bbox 3609 4827 3758 4882; x_wconf 79' lang='lat' dir='ltr'><strong><em>dele-</em></strong></span> 
     </span>
     <span class='ocr_line' id='line_1_103' title="bbox 2357 4895 3761 4954; baseline 0.001 -3"><span class='ocrx_word' id='word_1_767' title='bbox 2357 4897 2427 4951; x_wconf 89' lang='lat' dir='ltr'><strong><em>cti</em></strong></span> <span class='ocrx_word' id='word_1_768' title='bbox 2454 4911 2553 4954; x_wconf 74' lang='lat' dir='ltr'><strong><em>pro</em></strong></span> <span class='ocrx_word' id='word_1_769' title='bbox 2588 4903 2750 4952; x_wconf 82' lang='lat' dir='ltr'><strong><em>erunt</em></strong></span> <span class='ocrx_word' id='word_1_770' title='bbox 2777 4895 2903 4952; x_wconf 84' lang='lat' dir='ltr'><strong><em>facti</em></strong></span> <span class='ocrx_word' id='word_1_771' title='bbox 2935 4896 2988 4952; x_wconf 91' lang='lat'><strong><em>3.</em></strong></span> <span class='ocrx_word' id='word_1_772' title='bbox 3101 4897 3170 4932; x_wconf 72' lang='grc'><strong><em>’⁷³⁸</em></strong></span> <span class='ocrx_word' id='word_1_773' title='bbox 3201 4897 3260 4954; x_wconf 78' lang='grc'><strong><em>1..</em></strong></span> <span class='ocrx_word' id='word_1_774' title='bbox 3284 4914 3331 4952; x_wconf 88' lang='lat' dir='ltr'><strong><em>s.</em></strong></span> <span class='ocrx_word' id='word_1_775' title='bbox 3365 4897 3529 4952; x_wconf 86' lang='lat' dir='ltr'><strong><em>addit</em></strong></span> <span class='ocrx_word' id='word_1_776' title='bbox 3552 4899 3761 4954; x_wconf 73' lang='lat' dir='ltr'><strong><em>Bandi-</em></strong></span> 
     </span>
    </p>
   </div>
   <div class='ocr_carea' id='block_1_101' title="bbox 2933 4939 3761 5038">
    <p class='ocr_par' dir='ltr' id='par_1_101' title="bbox 2933 4939 3761 5038">
     <span class='ocr_line' id='line_1_104' title="bbox 2933 4939 3761 5038; baseline 0.002 -15"><span class='ocrx_word' id='word_1_777' title='bbox 2933 4939 3002 5001; x_wconf 43' lang='grc' dir='ltr'><strong><em>ῖοῆ</em></strong></span> <span class='ocrx_word' id='word_1_778' title='bbox 3033 4939 3331 5036; x_wconf 51' lang='lat' dir='ltr'><strong><em>mare“</em></strong></span> 
     </span>
    </p>
   </div>
   <div class='ocr_carea' id='block_1_102' title="bbox 3555 5041 3763 5112">
    <p class='ocr_par' dir='ltr' id='par_1_102' title="bbox 3555 5041 3763 5112">
     <span class='ocr_line' id='line_1_105' title="bbox 3555 5041 3763 5112; baseline 0 -38"><span class='ocrx_word' id='word_1_779' title='bbox 3555 5041 3626 5075; x_wconf 73' lang='grc'><strong><em>713</em></strong></span> <span class='ocrx_word' id='word_1_780' title='bbox 3664 5057 3763 5112; x_wconf 70' lang='lat' dir='ltr'><strong><em>pe.</em></strong></span> 
     </span>
    </p>
   </div>
   <div class='ocr_carea' id='block_1_103' title="bbox 3019 5109 3464 5184">
    <p class='ocr_par' dir='ltr' id='par_1_103' title="bbox 3019 5109 3464 5184">
     <span class='ocr_line' id='line_1_106' title="bbox 3019 5109 3464 5184; baseline -0.002 -19"><span class='ocrx_word' id='word_1_781' title='bbox 3019 5111 3087 5146; x_wconf 76' lang='lat'>&quot;7</span> <span class='ocrx_word' id='word_1_782' title='bbox 3115 5110 3388 5184; x_wconf 83' lang='lat' dir='ltr'><strong><em>preciosis</em></strong></span> <span class='ocrx_word' id='word_1_783' title='bbox 3411 5109 3464 5167; x_wconf 90' lang='lat'><strong><em>3.</em></strong></span> 
     </span>
    </p>
   </div>
   <div class='ocr_carea' id='block_1_104' title="bbox 1967 5209 2174 5264">
    <p class='ocr_par' dir='ltr' id='par_1_104' title="bbox 1967 5209 2174 5264">
     <span class='ocr_line' id='line_1_107' title="bbox 1967 5209 2174 5264; baseline -0.005 0"><span class='ocrx_word' id='word_1_784' title='bbox 1967 5209 2006 5264; x_wconf 83' lang='grc' dir='ltr'><strong>Ν</strong></span> <span class='ocrx_word' id='word_1_785' title='bbox 2013 5209 2174 5264; x_wconf 68' lang='grc' dir='ltr'><strong><em>ΟΤᾹΞ.</em></strong></span> 
     </span>
    </p>
   </div>
   <div class='ocr_carea' id='block_1_105' title="bbox 477 5305 3755 5388">
    <p class='ocr_par' dir='ltr' id='par_1_105' title="bbox 477 5305 3755 5388">
     <span class='ocr_line' id='line_1_108' title="bbox 477 5305 3755 5388; baseline 0.002 -27"><span class='ocrx_word' id='word_1_786' title='bbox 477 5305 1156 5388; x_wconf 51' lang='lat' dir='ltr'><strong><em>(115LMOnasteriumuS.</em></strong></span> <span class='ocrx_word' id='word_1_787' title='bbox 1216 5307 1417 5388; x_wconf 65' lang='lat' dir='ltr'><strong><em>Aigidii</em></strong></span> <span class='ocrx_word' id='word_1_788' title='bbox 1455 5309 1532 5388; x_wconf 80' lang='lat' dir='ltr'><strong><em>in</em></strong></span> <span class='ocrx_word' id='word_1_789' title='bbox 1575 5307 2252 5388; x_wconf 29' lang='lat' dir='ltr'><strong><em>yalﬁleﬂflavianapeurn</em></strong></span> <span class='ocrx_word' id='word_1_790' title='bbox 2280 5309 2628 5388; x_wconf 82' lang='lat' dir='ltr'><strong><em>_canonicum</em></strong></span> <span class='ocrx_word' id='word_1_791' title='bbox 2689 5307 3109 5366; x_wconf 89' lang='lat' dir='ltr'><strong><em>Cracoviensem</em></strong></span> <span class='ocrx_word' id='word_1_792' title='bbox 3170 5309 3342 5367; x_wconf 81' lang='lat' dir='ltr'><strong><em>fuisse</em></strong></span> <span class='ocrx_word' id='word_1_793' title='bbox 3397 5309 3660 5368; x_wconf 83' lang='lat' dir='ltr'><strong><em>afﬁrmat.</em></strong></span> <span class='ocrx_word' id='word_1_794' title='bbox 3713 5329 3755 5377; x_wconf 82' lang='grc' dir='ltr'><strong>ι.</strong></span> 
     </span>
    </p>
   </div>
   <div class='ocr_carea' id='block_1_106' title="bbox 404 5379 2330 5452">
    <p class='ocr_par' dir='ltr' id='par_1_106' title="bbox 404 5379 2330 5452">
     <span class='ocr_line' id='line_1_109' title="bbox 404 5379 2330 5452; baseline 0.001 -18"><span class='ocrx_word' id='word_1_795' title='bbox 404 5379 579 5452; x_wconf 77' lang='lat' dir='ltr'><strong><em>prepe</em></strong></span> <span class='ocrx_word' id='word_1_796' title='bbox 605 5379 1613 5452; x_wconf 26' lang='lat' dir='ltr'><strong><em>Nam‘ausumindiazcesiTtrelatensi,</em></strong></span> <span class='ocrx_word' id='word_1_797' title='bbox 1639 5380 1804 5434; x_wconf 87' lang='lat' dir='ltr'><strong><em>Gallis</em></strong></span> <span class='ocrx_word' id='word_1_798' title='bbox 1820 5383 1876 5437; x_wconf 92' lang='lat' dir='ltr'><strong><em>S.</em></strong></span> <span class='ocrx_word' id='word_1_799' title='bbox 1899 5380 2023 5452; x_wconf 83' lang='lat' dir='ltr'><strong><em>Gil-</em></strong></span> <span class='ocrx_word' id='word_1_800' title='bbox 2047 5379 2094 5388; x_wconf 73' lang='lat'><em>&quot;</em></span> <span class='ocrx_word' id='word_1_801' title='bbox 2125 5380 2248 5437; x_wconf 87' lang='grc'><strong><em>305.</em></strong></span> <span class='ocrx_word' id='word_1_802' title='bbox 2277 5382 2330 5435; x_wconf 92' lang='lat' dir='ltr'><strong><em>S.</em></strong></span> 
     </span>
    </p>
   </div>
   <div class='ocr_carea' id='block_1_107' title="bbox 403 5448 2018 5522">
    <p class='ocr_par' dir='ltr' id='par_1_107' title="bbox 403 5448 2018 5522">
     <span class='ocr_line' id='line_1_110' title="bbox 403 5448 2018 5522; baseline -0.002 -12"><span class='ocrx_word' id='word_1_803' title='bbox 403 5448 861 5522; x_wconf 44' lang='lat' dir='ltr'><strong><em>les-Chronicon</em></strong></span> <span class='ocrx_word' id='word_1_804' title='bbox 935 5449 1266 5506; x_wconf 89' lang='lat' dir='ltr'><strong><em>Polonorum</em></strong></span> <span class='ocrx_word' id='word_1_805' title='bbox 1349 5468 1438 5522; x_wconf 89' lang='lat' dir='ltr'><strong><em>ap.</em></strong></span> <span class='ocrx_word' id='word_1_806' title='bbox 1511 5453 1730 5507; x_wconf 86' lang='lat' dir='ltr'><strong><em>Steuzel</em></strong></span> <span class='ocrx_word' id='word_1_807' title='bbox 1796 5451 2018 5521; x_wconf 87' lang='lat' dir='ltr'><strong><em>Script,</em></strong></span> 
     </span>
    </p>
   </div>
   <div class='ocr_carea' id='block_1_108' title="bbox 405 5521 2018 5596">
    <p class='ocr_par' dir='ltr' id='par_1_108' title="bbox 405 5521 2018 5596">
     <span class='ocr_line' id='line_1_111' title="bbox 405 5521 2018 5596; baseline 0.001 -20"><span class='ocrx_word' id='word_1_808' title='bbox 405 5540 513 5596; x_wconf 79' lang='lat' dir='ltr'><strong><em>rer.</em></strong></span> <span class='ocrx_word' id='word_1_809' title='bbox 547 5523 736 5587; x_wconf 86' lang='lat' dir='ltr'><strong><em>Siles.,</em></strong></span> <span class='ocrx_word' id='word_1_810' title='bbox 770 5537 809 5588; x_wconf 85' lang='grc' dir='ltr'><strong><em>ι,</em></strong></span> <span class='ocrx_word' id='word_1_811' title='bbox 841 5521 910 5576; x_wconf 74' lang='lat' dir='ltr'><strong><em>l2</em></strong></span> <span class='ocrx_word' id='word_1_812' title='bbox 931 5521 1342 5596; x_wconf 45' lang='lat' dir='ltr'><strong><em>,monasterium</em></strong></span> <span class='ocrx_word' id='word_1_813' title='bbox 1377 5521 1480 5578; x_wconf 91' lang='lat' dir='ltr'><strong><em>hoc</em></strong></span> <span class='ocrx_word' id='word_1_814' title='bbox 1510 5525 1702 5580; x_wconf 87' lang='lat' dir='ltr'><strong><em>Sancti</em></strong></span> <span class='ocrx_word' id='word_1_815' title='bbox 1743 5523 1892 5581; x_wconf 87' lang='lat' dir='ltr'><strong><em>Galli</em></strong></span> <span class='ocrx_word' id='word_1_816' title='bbox 1920 5539 2018 5594; x_wconf 85' lang='lat' dir='ltr'><strong><em>ap-</em></strong></span> 
     </span>
    </p>
   </div>
   <div class='ocr_carea' id='block_1_109' title="bbox 403 5595 2020 5741">
    <p class='ocr_par' dir='ltr' id='par_1_109' title="bbox 403 5595 2020 5741">
     <span class='ocr_line' id='line_1_112' title="bbox 403 5595 2020 5741; baseline -0.002 -19"><span class='ocrx_word' id='word_1_817' title='bbox 403 5595 824 5741; x_wconf 50' lang='lat' dir='ltr'><strong><em>peaattéjstinus</em></strong></span> <span class='ocrx_word' id='word_1_818' title='bbox 852 5678 1046 5741; x_wconf 67' lang='lat' dir='ltr'><strong><em>eorum</em></strong></span> <span class='ocrx_word' id='word_1_819' title='bbox 1099 5673 1217 5741; x_wconf 58' lang='lat' dir='ltr'><strong><em>erat</em></strong></span> <span class='ocrx_word' id='word_1_820' title='bbox 1247 5663 1459 5729; x_wconf 89' lang='lat' dir='ltr'><strong><em>Petrus,</em></strong></span> <span class='ocrx_word' id='word_1_821' title='bbox 1513 5665 1832 5741; x_wconf 70' lang='lat' dir='ltr'><strong><em>capellapus</em></strong></span> <span class='ocrx_word' id='word_1_822' title='bbox 1878 5663 2020 5739; x_wconf 79' lang='lat' dir='ltr'><strong><em>regi-</em></strong></span> 
     </span>
    </p>
   </div>
   <div class='ocr_carea' id='block_1_110' title="bbox 2194 5451 3754 5525">
    <p class='ocr_par' dir='ltr' id='par_1_110' title="bbox 2194 5451 3754 5525">
     <span class='ocr_line' id='line_1_113' title="bbox 2194 5451 3754 5525; baseline 0.001 -17"><span class='ocrx_word' id='word_1_823' title='bbox 2194 5453 2340 5525; x_wconf 86' lang='lat'><strong><em>(117)</em></strong></span> <span class='ocrx_word' id='word_1_824' title='bbox 2370 5451 2599 5525; x_wconf 75' lang='lat' dir='ltr'><strong><em>Odiloni</em></strong></span> <span class='ocrx_word' id='word_1_825' title='bbox 2620 5451 2714 5525; x_wconf 75' lang='lat' dir='ltr'><strong><em>qui</em></strong></span> <span class='ocrx_word' id='word_1_826' title='bbox 2747 5459 2876 5508; x_wconf 89' lang='lat' dir='ltr'><strong><em>tunc</em></strong></span> <span class='ocrx_word' id='word_1_827' title='bbox 2931 5451 3196 5525; x_wconf 80' lang='lat' dir='ltr'><strong><em>temporis</em></strong></span> <span class='ocrx_word' id='word_1_828' title='bbox 3229 5451 3332 5508; x_wconf 80' lang='lat' dir='ltr'><strong><em>fuit</em></strong></span> <span class='ocrx_word' id='word_1_829' title='bbox 3385 5452 3561 5509; x_wconf 84' lang='lat' dir='ltr'><strong><em>abbas</em></strong></span> <span class='ocrx_word' id='word_1_830' title='bbox 3593 5455 3754 5524; x_wconf 85' lang='lat' dir='ltr'><strong><em>hujus</em></strong></span> 
     </span>
    </p>
   </div>
   <div class='ocr_carea' id='block_1_111' title="bbox 2121 5522 3646 5591">
    <p class='ocr_par' dir='ltr' id='par_1_111' title="bbox 2121 5522 3646 5591">
     <span class='ocr_line' id='line_1_114' title="bbox 2121 5522 3646 5591; baseline 0.004 -15"><span class='ocrx_word' id='word_1_831' title='bbox 2121 5522 2442 5579; x_wconf 81' lang='lat' dir='ltr'><strong><em>monasterii</em></strong></span> <span class='ocrx_word' id='word_1_832' title='bbox 2501 5522 2755 5577; x_wconf 90' lang='lat' dir='ltr'><strong><em>Mabillon</em></strong></span> <span class='ocrx_word' id='word_1_833' title='bbox 2793 5523 3033 5579; x_wconf 85' lang='lat' dir='ltr'><strong><em>Annales</em></strong></span> <span class='ocrx_word' id='word_1_834' title='bbox 3051 5522 3298 5590; x_wconf 40' lang='lat' dir='ltr'><strong><em>&#39;Bened.,</em></strong></span> <span class='ocrx_word' id='word_1_835' title='bbox 3339 5541 3394 5591; x_wconf 77' lang='grc' dir='ltr'><strong><em>ν,</em></strong></span> <span class='ocrx_word' id='word_1_836' title='bbox 3427 5525 3553 5580; x_wconf 90' lang='lat'><strong><em>128.</em></strong></span> <span class='ocrx_word' id='word_1_837' title='bbox 3589 5527 3646 5583; x_wconf 93' lang='lat' dir='ltr'><strong><em>S.</em></strong></span> 
     </span>
    </p>
   </div>
   <div class='ocr_carea' id='block_1_112' title="bbox 2189 5593 3738 5666">
    <p class='ocr_par' dir='ltr' id='par_1_112' title="bbox 2189 5593 3738 5666">
     <span class='ocr_line' id='line_1_115' title="bbox 2189 5593 3738 5666; baseline 0.001 -16"><span class='ocrx_word' id='word_1_838' title='bbox 2189 5596 2371 5666; x_wconf 10' lang='lat'><strong><em>(118),</em></strong></span> <span class='ocrx_word' id='word_1_839' title='bbox 2409 5593 2738 5666; x_wconf 75' lang='lat' dir='ltr'><strong><em>Wladislaus</em></strong></span> <span class='ocrx_word' id='word_1_840' title='bbox 2775 5635 2819 5666; x_wconf 16' lang='grc' dir='ltr'><strong><em>,νη</em></strong></span> <span class='ocrx_word' id='word_1_841' title='bbox 2880 5595 2968 5666; x_wconf 81' lang='lat' dir='ltr'><strong><em>cui</em></strong></span> <span class='ocrx_word' id='word_1_842' title='bbox 3028 5595 3286 5666; x_wconf 85' lang='lat' dir='ltr'><strong><em>precibus</em></strong></span> <span class='ocrx_word' id='word_1_843' title='bbox 3337 5597 3738 5666; x_wconf 83' lang='lat' dir='ltr'><strong><em>monachorum</em></strong></span> 
     </span>
    </p>
   </div>
   <div class='ocr_carea' id='block_1_113' title="bbox 2118 5664 3749 5740">
    <p class='ocr_par' dir='ltr' id='par_1_113' title="bbox 2118 5664 3749 5740">
     <span class='ocr_line' id='line_1_116' title="bbox 2118 5664 3749 5740; baseline 0.002 -20"><span class='ocrx_word' id='word_1_844' title='bbox 2118 5665 2172 5722; x_wconf 87' lang='lat' dir='ltr'><strong><em>S.</em></strong></span> <span class='ocrx_word' id='word_1_845' title='bbox 2199 5664 2424 5740; x_wconf 46' lang='lat' dir='ltr'><strong><em>&#39;Aigidii</em></strong></span> <span class='ocrx_word' id='word_1_846' title='bbox 2482 5665 2538 5720; x_wconf 91' lang='lat' dir='ltr'><strong><em>in</em></strong></span> <span class='ocrx_word' id='word_1_847' title='bbox 2581 5664 3041 5740; x_wconf 73' lang='lat' dir='ltr'><strong><em>ValleFlaviana</em></strong></span> <span class='ocrx_word' id='word_1_848' title='bbox 3071 5665 3358 5740; x_wconf 83' lang='lat' dir='ltr'><strong><em>Boleslaus</em></strong></span> <span class='ocrx_word' id='word_1_849' title='bbox 3402 5665 3553 5740; x_wconf 86' lang='lat' dir='ltr'><strong><em>ﬁlius</em></strong></span> <span class='ocrx_word' id='word_1_850' title='bbox 3589 5679 3749 5740; x_wconf 84' lang='lat' dir='ltr'><strong><em>natus</em></strong></span> 
     </span>
    </p>
   </div>
   <div class='ocr_carea' id='block_1_114' title="bbox 402 5731 3744 5810">
    <p class='ocr_par' dir='ltr' id='par_1_114' title="bbox 402 5731 3744 5810">
     <span class='ocr_line' id='line_1_117' title="bbox 402 5731 3744 5810; baseline 0.001 -16"><span class='ocrx_word' id='word_1_851' title='bbox 402 5731 494 5796; x_wconf 56' lang='grc' dir='ltr'><strong><em>πώ</em></strong></span> <span class='ocrx_word' id='word_1_852' title='bbox 541 5731 805 5803; x_wconf 70' lang='lat' dir='ltr'><strong><em>Ju&#39;dithie,</em></strong></span> <span class='ocrx_word' id='word_1_853' title='bbox 855 5740 915 5790; x_wconf 91' lang='lat' dir='ltr'><strong><em>ut</em></strong></span> <span class='ocrx_word' id='word_1_854' title='bbox 956 5731 1124 5790; x_wconf 84' lang='lat' dir='ltr'><strong><em>refert</em></strong></span> <span class='ocrx_word' id='word_1_855' title='bbox 1174 5733 1424 5801; x_wconf 81' lang='lat' dir='ltr'><strong><em>Cosmus,</em></strong></span> <span class='ocrx_word' id='word_1_856' title='bbox 1468 5751 1526 5801; x_wconf 83' lang='grc' dir='ltr'><strong><em>ιι,</em></strong></span> <span class='ocrx_word' id='word_1_857' title='bbox 1580 5731 1671 5792; x_wconf 80' lang='lat'><strong><em>36.</em></strong></span> <span class='ocrx_word' id='word_1_858' title='bbox 1716 5731 2018 5810; x_wconf 74' lang='lat' dir='ltr'><strong><em>Dlugossus</em></strong></span> <span class='ocrx_word' id='word_1_859' title='bbox 2117 5744 2222 5805; x_wconf 88' lang='lat' dir='ltr'><strong><em>est,</em></strong></span> <span class='ocrx_word' id='word_1_860' title='bbox 2285 5731 2505 5794; x_wconf 60' lang='lat' dir='ltr'><strong><em>&quot;multas</em></strong></span> <span class='ocrx_word' id='word_1_861' title='bbox 2555 5735 2822 5794; x_wconf 90' lang='lat' dir='ltr'><strong><em>ecclesias</em></strong></span> <span class='ocrx_word' id='word_1_862' title='bbox 2895 5746 2951 5800; x_wconf 85' lang='lat' dir='ltr'><strong><em>et</em></strong></span> <span class='ocrx_word' id='word_1_863' title='bbox 3009 5737 3348 5794; x_wconf 85' lang='lat' dir='ltr'><strong><em>monasteria</em></strong></span> <span class='ocrx_word' id='word_1_864' title='bbox 3422 5739 3532 5795; x_wconf 88' lang='lat' dir='ltr'><strong><em>sub</em></strong></span> <span class='ocrx_word' id='word_1_865' title='bbox 3586 5739 3744 5796; x_wconf 87' lang='lat' dir='ltr'><strong><em>titulo</em></strong></span> 
     </span>
    </p>
   </div>
  </div>
