3960 6198
209 311 317 366 877

1589 306 1775 362 LIBER
1818 302 2184 360 SEGUNDUS.

3430 295 3537 353 873

210 446 416 503 toribus
448 461 549 517 pro
585 447 850 501 varietate
897 445 966 479 "3
996 445 1175 514 operis
1232 443 1301 477 '“9
1338 444 1495 510 niger
1547 444 1693 497 color
1726 444 1828 497 mi—
1855 451 1901 516 Α
1924 443 2086 496 cretio
2120 438 2449 501 sanctitatis,
2487 451 2579 491 nec
2613 436 2915 506 perpendat
2962 436 3099 506 quid
3134 437 3216 491 vel
3244 439 3536 506 quantum-

208 539 423 590 sceatur
458 533 545 587 πο.
576 536 639 588 In
681 548 867 587 mensa
916 547 1123 602 quoque
1150 547 1339 597 regum
1387 546 1523 600 saepe
1557 531 1830 600 quoddam

209 623 319 678 vile
364 625 726 692 presentatur
750 619 1009 683 edulium,
1033 633 1135 688 quo
1150 618 1469 671 deliciarum
1494 615 1832 685 propellatur

211 715 640 771 cottidianarum
668 712 975 780 fastidium.
1016 713 1237 779 Insuper
1257 711 1417 762 etiam
1432 710 1682 775 formica,
1715 722 1831 761 cum

208 811 285 864 sit
322 809 518 863 camelo
546 808 853 877 quantitate
882 805 1119 873 corporis
1149 802 1356 855 animal
1382 800 1667 869 inaequale,
1698 813 1830 867 opus

210 908 397 959 tamen
449 916 605 956 suum
646 902 854 953 exercet
909 896 1166 957 studiose,
1230 895 1342 946 suis
1389 892 1453 925 7"
1506 893 1707 945 viribus
1746 906 1832 944 co-

211 992 437 1063 mquale.
461 989 706 1056 Quarum
735 986 980 1055 exemplo
996 999 1176 1037 rerum
1196 980 1830 1046 inductus,balbutientis

210 1094 358 1134 more
383 1078 622 1149 puerilia
660 1075 820 1128 verba
848 1075 1091 1140 formare
1133 1086 1310 1137 conor,
1343 1072 1404 1123 in
1443 1068 1655 1122 laudem
1682 1069 1831 1121 viro-

210 1182 334 1222 rum
372 1182 477 1236 per
504 1180 558 1218 se
598 1163 965 1218 laudabilium
996 1160 1248 1213 adhibita
1292 1160 1404 1214 sine
1448 1156 1626 1219 laude,
1655 1156 1737 1208 vel
1773 1156 1831 1209 in

207 1258 539 1327 praconium
560 1254 978 1309 Israhelitarum
1014 1254 1271 1304 veraciter
1299 1252 1413 1303 sine
1439 1248 1665 1315 fraude;
1696 1261 1833 1315 quo-

211 1365 335 1404 rum
378 1351 496 1403 vita
544 1347 861 1411 laudabilis,
911 1345 1162 1398 doctrina
1204 1340 1605 1411 perspicabilis,
1664 1354 1832 1392 mores

210 1441 516 1505 imitabiles,
553 1439 878 1508 pradicatio
922 1436 1207 1501 salutaris,
1247 1448 1474 1503 quorum
1516 1432 1583 1464 ⁵³⁵
1615 1433 1831 1500 sapien-

210 1533 312 1599 tia,
364 1530 579 1598 bicipite
626 1526 986 1597 philosophice
1022 1528 1196 1578 monte
1254 1523 1521 1588 derivata,
1565 1521 1833 1575 condensa

213 1626 479 1681 silvarum
533 1625 766 1679 Polonio:
796 1624 873 1676 sic
913 1623 1182 1689 sagaciter
1236 1620 1536 1681 illustrant,
1582 1632 1647 1669 ne
1671 1618 1831 1685 prius

214 1721 489 1774 triticeam
516 1718 646 1788 ﬁdei
674 1733 848 1771 semen
876 1718 936 1769 in
966 1721 1166 1769 terram
1192 1714 1417 1767 humani
1454 1712 1628 1766 cordis
1655 1710 1829 1763 incul-

1929 530 2057 584 libet
2085 531 2173 583 sui
2202 528 2403 582 laboris
2423 526 2603 595 offert,
2623 527 2717 579 sed
2737 527 2872 595 quid
2902 532 3085 596 captat
3107 532 3302 582 nostra:
3324 529 3537 583 deside-

1930 626 2073 678 rium
2109 625 2409 690 facultatis.
2471 623 2610 677 Nam
2663 636 2780 675 cum
2816 623 3022 689 potenti
3066 638 3275 691 pauper
3331 625 3535 679 amicus

1929 712 2321 783 quantumlibet
2350 710 2419 744 73“
2446 713 2534 764 sui
2585 709 2784 763 laboris
2813 710 3096 763 minimum
3146 710 3536 773 amministrat,

1928 821 2034 859 non
2064 806 2257 859 donum
2286 804 2375 858 sed
2406 803 2590 856 dantis
2625 801 2874 869 affectum
2896 800 3253 871 perpendens,
3284 798 3423 853 illud
3459 813 3539 851 re-

1929 901 2104 968 cipere
2122 913 2316 965 magno
2342 911 2441 967 pro
2470 910 2685 950 munere
2713 910 2818 950 non
2843 899 3073 948 recusat.
3110 895 3290 961 Igitur
3317 908 3541 962 opuscu-

1931 992 2060 1055 lum,
2089 991 2223 1045 almi
2274 995 2476 1059 patres,
2525 990 2649 1043 stilo
2686 993 2885 1043 nostra:
2938 987 3410 1057 pusillanimitatis
3467 984 3541 1039 ad

1928 1080 2139 1134 laudem
2158 1081 2470 1148 principum
2495 1082 2543 1131 et
2566 1082 2766 1146 patrue
2796 1081 2990 1131 nostrae
3026 1076 3313 1145 pueriliter
3338 1090 3540 1129 exara-

1932 1176 2044 1226 tum
2076 1172 2339 1239 suscipiat
2380 1174 2429 1223 et
2459 1174 2742 1224 commonet
2764 1169 3021 1222 excellens
3058 1167 3122 1201 73'
3160 1169 3453 1221 auctoritas
3492 1171 3540 1221 et

1932 1264 2284 1319 benivolentia
2304 1273 2492 1317 vestra:
2518 1264 2709 1316 mentis
2741 1266 3008 1331 quatenus
3037 1264 3173 1316 Deus
3204 1264 3539 1330 omnipotens

1933 1355 2193 1408 bonorum
2225 1352 2603 1421 temporalium
2621 1356 2672 1405 et
2691 1355 3009 1404 aeternorum
3038 1364 3127 1404 vos
3158 1350 3543 1419 ampliﬁcetin—

1929 1445 2233 1498 crementis.
3415 1443 3422 1451 '

2142 1534 2387 1603 Explicit
2429 1533 2677 1602 epistota.
2707 1531 2903 1599 Incipit
2927 1531 3209 1600 epylogum
3237 1529 3326 1586 ⁷³³.

1934 1624 2101 1679 Nobis
2128 1631 2321 1691 astate,
2717 1622 2878 1677 nobis
2908 1623 3015 1677 hoc
3040 1638 3180 1693 opus
3211 1620 3468 1677 recitatel

1931 1716 2034 1771 Per
2060 1732 2174 1781 vos,
2202 1716 2244 1770 si
2278 1715 2459 1781 vultis,
2716 1730 2858 1786 Opus
2871 1713 3242 1769 estlaudabile
3264 1712 3471 1769 multis.

214 1820 328 1869 tam
353 1817 640 1882 spargant,
667 1812 827 1867 donec
860 1811 988 1864 inde
1013 1812 1200 1879 spinas
1230 1813 1277 1862 et
1311 1807 1534 1862 tribulos
1551 1806 1703 1859 verbi
1730 1805 1824 1857 (ἰί-
1855 1769 1902 1836 Β
1931 1812 2048 1868 Non
2074 1819 2157 1868 est
2175 1812 2396 1877 mirum,
2424 1827 2454 1865 δ
2478 1809 2667 1865 labore
2698 1810 2745 1864 si
2778 1826 2972 1881 parum
2995 1810 3328 1881 quievimus,

212 1910 331 1964 vini
387 1908 657 1975 ligonibus
699 1906 964 1973 radicitus
1002 1907 1296 1973 exponant,
1340 1903 1542 1957 similes
1594 1905 1827 1954 existen-

212 2004 288 2054 tes
318 1997 388 2032 ⁷³⁸
413 1999 615 2052 homini
643 1997 712 2031 7"
748 1998 906 2068 patri
941 1996 1211 2061 familias,
1253 1995 1445 2048 scienti
1473 1993 1538 2046 de
1577 1993 1827 2046 thesauro

208 2092 453 2161 proferre
480 2104 619 2144 nova
644 2093 694 2143 et
722 2093 921 2152 vetera,
942 2088 1025 2141 vel
1046 2088 1416 2150 Samaritano,
1440 2085 1715 2138 vulnerati
1762 2082 1830 2116 ⁷³⁵

208 2180 411 2250 plagas
427 2179 686 2246 alliganti
712 2181 1007 2246 vinumque
1025 2177 1254 2244 desuper
1281 2174 1409 2228 met
1435 2175 1607 2228 oleum
1630 2173 1829 2239 infun-

213 2268 367 2324 denti
390 2285 404 2334 ;
436 2270 534 2338 qui
564 2270 802 2322 triticum
828 2280 1036 2336 quoque
1058 2266 1324 2319 conservis
1348 2263 1581 2333 ﬁdeliter
1607 2261 1674 2295 τυ
1714 2260 1831 2315 dis-

215 2362 471 2417 tribuunt
518 2360 594 2415 ad
641 2374 974 2425 mensuram,
1042 2362 1091 2412 et
1142 2358 1402 2413 talentum
1457 2371 1564 2409 non
1619 2355 1837 2409 abscon-

212 2454 354 2507 dunt
383 2452 474 2519 ⁷³⁸,
502 2452 593 2506 sed
613 2450 867 2506 dividunt
891 2449 965 2503 ad
992 2464 1235 2503 usuram.
1264 2447 1369 2503 Sed
1397 2462 1493 2501 cur
1511 2449 1692 2500 mutus
1720 2447 1838 2513 fari

211 2548 413 2602 nititur
450 2546 517 2601 de
564 2546 845 2613 facundis,
891 2545 976 2598 vel
1024 2545 1234 2611 ingenii
1247 2557 1389 2613 puer
1413 2543 1578 2611 parvi
1602 2557 1702 2594 cur
1738 2543 1837 2595 im-

212 2641 385 2711 plicat
412 2655 466 2695 se
495 2644 605 2695 tam
629 2639 923 2709 profundis
951 2638 1020 2672 ⁷²⁹
1053 2641 1082 2691 Υ
1129 2640 1328 2693 Pareat
1355 2640 1533 2691 tamen
1568 2637 1834 2705 ignoran-

218 2733 329 2798 tice,
357 2736 550 2801 parcat
579 2736 627 2786 et
659 2732 1041 2795 benivolentiae,
1069 2731 1257 2797 magni
1280 2731 1467 2799 patres
1503 2731 1695 2782 vestrm
1720 2728 1835 2782 dis-

1927 1903 2167 1973 Tempus
2198 1908 2316 1957 erat
2342 1900 2664 1973 quiescendi
2704 1900 2797 1968 733,
2836 1907 2916 1956 tot
2952 1908 3132 1955 terras
3165 1899 3541 1966 transivimus,

1927 1991 2116 2063 Neque
2146 1998 2390 2062 carptum
2419 1990 2520 2046 iter
2538 1990 2681 2045 bene
2709 1991 2988 2064 cognitum
3026 1989 3345 2057 habuimus,

1930 2083 2038 2139 Sed
2069 2100 2168 2155 per
2196 2085 2320 2141 illos
2358 2086 2452 2157 qui
2489 2090 2764 2140 noverunt
2788 2085 3050 2156 paulatim
3081 2082 3434 2156 inquirimus.

1934 2172 2267 2246 Exurgamus
2299 2174 2411 2245 jam
2470 2175 2538 2229 de
2593 2174 2662 2209 ⁷³⁸
2704 2189 2964 2245 sompno,
3006 2190 3130 2229 nam
3171 2173 3304 2229 satis
3333 2172 3543 2229 dormi-

3251 2268 3472 2340 [vimus,

1936 2361 2031 2416 Vel
2052 2361 2343 2432 uniusjam
2375 2360 2486 2416 diei
2514 2360 2654 2416 viam
2686 2361 3106 2433 inquisivimus;

1938 2452 2047 2507 Hac
2084 2452 2299 2523 expleta
2325 2452 2394 2507 de
2425 2451 2607 2507 futura
2636 2452 2771 2507 satis
2798 2452 3186 2527 cogitabimus.

1937 2540 2083 2595 Duce
2111 2541 2221 2595 Deo
2244 2556 2644 2612 prosequamur
2671 2541 2819 2614 quod
2849 2540 3304 2612 interposuimus,

1937 2634 2316 2690 Persolvamus
2344 2636 2493 2707 quod
2521 2636 2590 2671 735
2628 2636 2946 2708 frequenter
2972 2638 3139 2707 supra
3182 2635 3541 2703 titulavimus,

1939 2727 1999 2782 Et
2022 2728 2290 2783 addamus
2314 2728 2359 2782 si
2399 2728 2532 2800 quid
2562 2729 2726 2785 nimis
2751 2729 2822 2764 ⁷³⁸
2861 2730 3181 2805 ignoranter
3203 2728 3464 2785 diximus.

1210 2853 1574 2937 INCIPIT
1645 2852 2155 2935 SECUNDUS
2217 2854 2539 2937 LIBER.

380 3004 433 3058 1.
466 3005 634 3058 Tertii
656 3003 934 3058 Bolezlavi
956 3004 1134 3070 primo
1162 3001 1227 3055 de
1255 3003 1545 3055 nativitate
1565 2998 1652 3054 ⁷³⁷.

282 3096 452 3153 Natus
497 3098 665 3171 igitur
694 3113 835 3168 puer
877 3095 1199 3151 Bolezlavus
1248 3096 1303 3150 in
1345 3095 1435 3150 die
1482 3094 1621 3150 festo
1653 3095 1829 3150 sancti

210 3190 474 3261 Stephani
505 3189 650 3262 regis
684 3188 787 3243 fuit
813 3187 960 3258 (119)
1003 3189 1113 3257 (an.
1150 3188 1307 3252 1085,
1358 3191 1478 3242 Dec.
1517 3188 1630 3257 23).
1659 3187 1831 3242 Mater

210 3284 333 3353 ejus
370 3297 499 3338 vero
528 3281 938 3352 subsequenter
991 3278 1285 3345 inﬁrmata,
1338 3286 1499 3335 nocte
1531 3278 1828 3335 Dominicae

212 3369 512 3425 nativitatis
536 3366 798 3424 occubuit
829 3368 971 3437 (Dee.
1002 3368 1113 3436 25),
1146 3368 1273 3432 Quae
1305 3368 1503 3422 mulier
1530 3368 1583 3421 in
1616 3383 1825 3438 paupe-

214 3476 303 3515 res
325 3466 380 3515 et
405 3458 653 3530 captivos
679 3465 804 3513 ante
821 3457 967 3512 diem
1001 3458 1276 3528 praecipue
1331 3457 1415 3511 sui
1442 3456 1628 3511 obitus
1657 3472 1827 3527 opera

213 3550 440 3623 pietatis
486 3548 802 3614 exercebat,
835 3555 889 3603 et
928 3548 1127 3603 multos
1166 3546 1498 3602 christianos
1546 3547 1614 3601 de
1653 3546 1828 3601 servi—

210 3646 329 3696 tute
349 3639 651 3694 Judeorum
683 3637 798 3692 suis
822 3636 1171 3692 facultatibus
1200 3635 1523 3690 redimebat.
1562 3635 1658 3689 Illa
1686 3650 1827 3690 mor-

210 3740 328 3795 tua,
361 3726 730 3781 Wladizlavus
761 3727 891 3793 dux,
924 3724 1053 3797 quia
1084 3725 1248 3780 homo
1270 3724 1452 3797 gravis
1481 3725 1827 3798 aegerque?”

214 3816 455 3891 pedibus
480 3822 615 3884 erat,
670 3825 725 3870 et
761 3822 922 3870 aetate
950 3813 1236 3886 parvulum
1275 3814 1343 3847 739
1379 3813 1637 3880 habebat,
1670 3828 1831 3868 soro-

213 3925 331 3965 rem
362 3906 505 3977 (120)
538 3906 884 3979 imperatoris
929 3906 1074 3962 tertii
1133 3904 1369 3971 Henriei,
1412 3921 1635 3960 uxorem
1676 3904 1831 3975 prius

217 3994 531 4049 Salemonis
576 3993 825 4068 Ungariae
853 3994 1018 4069 regis,
1078 3993 1136 4048 in
1164 3993 1567 4048 matrimonium
1623 3993 1692 4026 ⁷⁸0
1732 3994 1829 4049 de-

212 4085 520 4158 sponsavit,
552 4086 621 4141 de
646 4103 755 4158 qua
784 4087 995 4142 nullum
1043 4085 1219 4141 filium
1247 4086 1346 4141 sed
1388 4092 1498 4141 tres
1529 4084 1669 4141 filias
1701 4102 1829 4157 pro-

1857 3000 2134 3071 Ccreavit
2187 3001 2296 3067 πί,
2354 3018 2464 3056 una
2529 3018 2759 3075 quarum
2809 3004 2865 3058 in
2925 3002 3091 3059 Rusia
3141 3003 3261 3059 viro
3311 3002 3543 3075 nupsit,

1928 3110 2038 3149 una
2066 3096 2134 3129 ⁷³³
2164 3111 2292 3150 vero
2323 3112 2483 3151 suum
2511 3112 2668 3153 sacro
2697 3097 2970 3153 velamine
3002 3106 3166 3169 caput
3198 3098 3349 3161 texit.
3376 3115 3542 3155 unam

1928 3194 2113 3240 autem
2159 3186 2229 3220 ⁷⁸³
2267 3204 2381 3241 sna:
2429 3188 2611 3259 gentis
2635 3187 2858 3259 quidam
2891 3188 2996 3243 sibi
3027 3189 3292 3245 counivit.
3332 3189 3441 3245 Sed
3472 3207 3543 3246 ne

1931 3274 2065 3329 tanti
2122 3276 2276 3345 pueri
2335 3284 2616 3346 parentem
2672 3278 2823 3334 nudo
2868 3293 3123 3334 sermone
3178 3286 3542 3347 transeamus,

1928 3365 2113 3438 aliquo
2143 3383 2267 3421 eum
2295 3375 2621 3424 ornamento
2652 3369 2861 3425 militia:
2886 3370 3204 3426 vestiamus.
3239 3371 3411 3444 Igitur
3451 3372 3549 3430 Po-

1929 3454 2182 3509 Ionorum
2213 3456 2320 3509 dux
2370 3456 2739 3513 Wladizlavus
2791 3459 3164 3515 Romanorum
3219 3460 3539 3533 imperatori

1929 3543 2165 3599 maritali
2195 3544 2475 3600 connubio
2503 3548 2777 3612 counitus,
2810 3546 2879 3601 de
2924 3546 3279 3617 Pomoranis,
3320 3566 3545 3607 succur-

1930 3631 2184 3686 rentibus
2212 3632 2349 3699 suis,
2387 3642 2625 3687 castrum
2662 3649 2852 3688 eorum
2889 3635 3199 3693 obsidendo
3229 3638 3543 3710 triumpha-

1928 3720 2005 3774 vit
2037 3720 2197 3790 (121),
2250 3735 2555 3791 eorumque
2585 3723 2986 3777 contumaciam
3018 3724 3135 3779 suis
3175 3726 3279 3780 sub
3310 3727 3546 3798 pedibus

1930 3808 2307 3864 conculcando
2341 3809 2409 3842 7“
2432 3809 2738 3877 annulavit,
2763 3810 2993 3882 ejusque
3013 3813 3258 3869 victoria:
3278 3815 3542 3886 gaudium

1931 3904 2027 3958 Dei
2084 3903 2153 3937 7‘5
2201 3904 2487 3977 genitricis
2517 3904 2820 3974 assumptio
2870 3906 3173 3979 generavit.
3235 3911 3348 3977 (an.
3388 3907 3542 3974 1090,

1930 3994 2077 4061 Aug.
2105 3992 2219 4063 15).
2263 3993 2471 4058 Quibus
2500 3992 2680 4056 victis,
2720 3994 2971 4049 civitates
3003 4010 3196 4051 eorum
3224 4002 3279 4050 et
3306 3997 3544 4052 munici-

1932 4086 2024 4157 pia
2054 4085 2194 4141 infra
2216 4093 2412 4142 terram
2456 4094 2511 4141 et
2540 4087 2683 4142 circa
2733 4087 2804 4121 7‘5
2833 4088 3107 4144 maritima
3158 4088 3431 4144 violenter
3459 4104 3546 4145 oc-

1561 4186 1781 4241 VARIAE
1820 4184 2197 4242 LECTIONES.

284 4285 355 4321 ⁷η
386 4286 653 4342 verietate
681 4284 735 4341 2.
796 4285 865 4358 "79
893 4284 1077 4358 magni
1105 4285 1262 4358 addit
1301 4285 1354 4358 2.
1374 4286 1518 4358 quod
1544 4289 1723 4358 tamen
1756 4287 1976 4358 punctis
2005 4286 2300 4355 suppositis
2339 4288 2605 4358 tanquam
2643 4300 2922 4340 erroneum
2944 4291 3209 4342 notatum.
3280 4286 3349 4321 79°
3379 4287 3537 4342 inse-

214 4363 406 4414 reatur
442 4358 496 4413 1.
555 4358 608 4411 2.
706 4358 770 4392 ⁷²¹
807 4357 949 4413 deest
989 4357 1062 4412 ’3.

209 4428 283 4465 ⁷³⁸
315 4429 602 4484 hominum
648 4429 698 4483 1.
766 4429 818 4483 3.
900 4428 969 4463 ⁷²⁸
999 4428 1290 4483 vulnerato
1344 4429 1396 4483 3.

210 4501 284 4535 ⁷³⁸
324 4501 615 4555 abscondit
641 4501 676 4554 2

1168 4357 1238 4390 7”
1268 4357 1379 4412 vita
1435 4356 1701 4413 laudabil.
1756 4356 1808 4411 2.
1866 4372 2077 4411 erronee
2136 4359 2329 4425 repetit
2360 4357 2454 4410 sed
2510 4362 2728 4425 punctis
2772 4363 2999 4411 notavit.

790 4499 859 4533 7”
888 4498 977 4571 vel
1014 4499 1224 4571 ingenii
1267 4516 1321 4569 p.
1358 4517 1390 4571 p
1418 4570 1427 4571 ί
1459 4499 1571 4571 6.γὶ
1633 4516 1677 4553 s.
1708 4506 1747 4554 t.
1774 4497 2075 4571 profundis
2103 4501 2307 4553 omittit
2336 4499 2385 4552 3.

3111 4359 3179 4392 ηδ
3200 4358 3441 4413 existunt
3486 4359 3544 4414 3.

1477 4428 1547 4461 τ²⁶
1574 4428 1664 4482 dei
1703 4443 1870 4498 super
1899 4427 1972 4498 ,3.
2006 4436 2060 4481 et
2114 4427 2304 4482 oleum
2346 4427 2587 4497 desuper
2613 4444 2713 4496 pro
2765 4427 2819 4482 d.
2854 4444 2904 4482 e.
2948 4443 2999 4483 ο.
3046 4429 3101 4482 2.
3173 4429 3455 4484 m7omittit
3489 4430 3544 4485 3.

2476 4499 2543 4531 73°
2572 4498 2707 4553 libet
2741 4515 2960 4553 erronee
2990 4500 3071 4554 bis
3109 4504 3301 4569 repetit
3330 4501 3385 4554 2.
3476 4501 3544 4536 ⁷³ι

210 4573 569 4645 commendat
606 4571 874 4645 extollens
904 4570 955 4626 3.
985 4641 994 4645 _
1026 4569 1102 4645 7?’
1125 4569 1460 4645 epilogu_s__3.
1499 4570 1595 4645 _733
1614 4586 1715 4645 pro
1746 4570 1865 4645 Non
1894 4576 1976 4624 est
2006 4569 2203 4645 mirum
2235 4600 2305 4645 έ
2334 4569 2662 4645 quiescendi
2686 4587 2709 4645 ;_
2736 4570 2856 4645 Non
2880 4577 3022 4645 estqa
3053 4570 3243 4645 labore
3273 4571 3318 4625 si
3353 4588 3546 4642 parum

212 4648 313 4698 etc.
357 4641 409 4699 3.
494 4643 563 4678 73‘
590 4659 621 4697 a
648 4644 700 4697 3.
796 4642 865 4676 ⁷³⁵

212 4714 270 4769 2.
303 4715 356 4769 3.
387 4730 628 4780 erronee;
658 4716 769 4782 lege
796 4713 1082 4784 parvulum
1122 4714 1241 4768 scil.
1274 4713 1467 4783 filium.

212 4800 393 4856 prou.
426 4803 457 4841 a
508 4786 560 4842 3.

906 4641 998 4713 qui
1042 4644 1089 4697 1.
1123 4640 1179 4697 2.
1212 4640 1306 4696 3.’
1341 4641 1410 4676 ⁷³⁸
1440 4641 1625 4713 minus
1650 4642 1716 4713 72.
1798 4641 1865 4674 ⁷³⁷
1900 4657 1951 4711 p.
1995 4640 2048 4694 d.
2080 4658 2134 4696 ιι.
2166 4640 2367 4696 omittit
2394 4640 2444 4696 3.
2509 4640 2595 4713 A7337
2623 4640 2937 4713 debilisque
2963 4642 3017 4713 3.

1540 4712 1610 4747 πο
1645 4712 1680 4766 i.
1713 4729 1786 4766 m.
1821 4714 2021 4767 omittit
2049 4713 2100 4767 3.
2168 4712 2233 4747 ⁷⁴¹

652 4785 720 4820 7“
749 4782 953 4839 omittit
993 4785 1037 4839 1.
1074 4784 1128 4838 2.
1203 4782 1490 4839 “Omittit
1510 4784 1563 4839 3.
1646 4784 1716 4818 ⁷⁴⁶
1745 4800 1780 4837 a
1806 4788 2097 4839 correctore
2134 4782 2390 4840 additum
2424 4784 2479 4837 2.
2510 4785 2711 4839 omittit
2740 4782 2799 4840 3.

3107 4642 3176 4676 73°
3199 4644 3461 4713 parvulus
3489 4645 3543 4699 1.

2262 4711 2547 4785 generavit
2576 4712 2628 4765 3.
2693 4712 2765 4785 τδξ
2799 4711 2970 4767 altera
2990 4712 3043 4769 3.
3119 4711 3389 4769 "Nereia
3416 4729 3547 4771 vero

1771 4881 1982 4940 ΝΟΤιλΕ.

217 4986 277 5058 S.
304 4980 836 5058 Egidiiconstruxit
882 4980 1223 5058 dotavitque.
1281 4988 1338 5036 ut
1368 4987 1596 5058 apparet
1638 4986 1911 5058 e_x_‘co-])

216 5056 343 5111 dice
371 5051 771 5118 "Clodaviensi,
819 5051 914 5123 qui
986 5052 1038 5106 in
1094 5051 1271 5107 fronte

217 5126 491 5198 Chronico
537 5123 838 5198 Boguphali
881 5123 953 5179 de
994 5123 1293 5198 Wladislao
1335 5123 1517 5198 sermo
1573 5123 1830 5198 oceurrit,

216 5201 335 5254 hinc
382 5197 569 5262 habet,
619 5195 787 5250 manu
835 5211 903 5249 xv
948 5195 1137 5250 saeculi
1178 5196 1410 5265 scripta:
1468 5197 1572 5249 Iste
1619 5195 1834 5250 Wludi-

210 5272 363 5327 slaus
393 5272 453 5323 in
483 5268 738 5324 honorem
769 5267 911 5321 beati
941 5267 1133 5334 Egidii
1153 5266 1359 5320 dolavit
1389 5271 1438 5319 et
1464 5266 1729 5331 fundavit
1753 5281 1837 5320 ec-

209 5343 432 5398 clesiam
473 5338 850 5412 parochialem
891 5340 950 5393 in
1008 5338 1284 5412 Clodawa,
1348 5338 1619 5412 ecclesiam
1670 5338 1831 5412 colle-

210 5418 425 5483 giatam
452 5408 509 5466 in
539 5412 791 5483 honorem
832 5410 976 5483 beati
1003 5410 1200 5483 Egidii
1229 5410 1299 5483 in
1344 5408 1836 5483 ('racovia,_aliam

208 5479 554 5553 collegiatam
585 5484 642 5535 in
698 5479 1377 5553 Lancicia,parochialem
1415 5480 1472 5532 in
1495 5479 1755 5553 Δ(Ινοὸεμι,
1789 5484 1838 5553 et

207 5550 572 5637 αιίςιέριανθε
604 5554 663 5637 ξπ
687 5552 943 5637 Polio???“
986 5552 1128 5637 δθίέηίί
1152 5551 1349 5637 ,Εθίίίῗί
1378 5551 1717 5637 ⁶⁰¹³Γθ⁸⁸⁰ῗίξτ
1765 5550 1839 5637 ξξά

212 5620 576 5696 cujuspreces
607 5623 797 5677 habuit
826 5623 1019 5692 ﬁlium.
1056 5621 1260 5677 Eodem
1306 5631 1553 5690 tempore
1592 5628 1647 5676 et
1677 5620 1839 5675 Ladi-

209 5699 369 5774 slaus
392 5711 526 5774 _re§
576 5693 867 5774 {iungaris};
926 5691 1181 5774 [undavit
1232 5690 1514 5774 abbatiam‘
1641 5691 1839 5774 @gidii

210 5769 343 5826 0rd.
389 5767 444 5822 S.
492 5762 778 5822 Benediéti
829 5764 884 5817 in
926 5763 1200 5838 Ilungaria
1244 5763 1298 5816 in
1355 5762 1615 5818 comitatu
1664 5762 1837 5817 semi-

1323 5069 1431 5125 pag
1493 5053 1582 5117 36,
1625 5052 1721 5106 ubi
1774 5052 1833 5125 in

1976 4980 2174 5058 hiensi.
2195 4981 2416 5058 Δ(λῇ-ΒΜ.
2451 4980 2861 5058 M;_Compend.
2895 4982 3070 5054 Hung.
3094 4980 3545 5058 geographicum,

1978 5053 2158 5108 osonii
2188 5054 2344 5118 1777,
2379 5071 2428 5123 ρ.
2461 5054 2577 5109 178.
2608 5054 2661 5109 S.

2008 5124 2153 5195 (119)
2195 5125 2383 5179 Errare
2410 5125 2659 5180 videtur:
2699 5124 2819 5180 dies
2852 5123 3118 5195 Stephani
3154 5123 3300 5195 regis
3329 5131 3447 5179 erat
3477 5125 3548 5179 20

1934 5201 2095 5267 Aug.,
2144 5196 2408 5265 Stephani
2442 5196 2856 5267 protomartyris
2891 5196 2962 5250 26
3022 5196 3150 5267 Dec.
3192 5196 3433 5262 Cosmus,
3490 5213 3550 5264 ιι,

1933 5268 2238 5391 ἓὲειηδὲτειιέ
2271 5266 2552 5322 Juditham
2601 5269 2672 5325 23
2723 5266 2849 5323 Dec.
2897 5266 3201 5339 peperisse,
3235 5276 3290 5323 et
3318 5267 3390 5323 25
3420 5268 3549 5324 Dec.

2013 5354 2161 5391 uss.
2248 5379 2261 5391 .

1934 5353 2161 5393 ODIISSB.
2202 5353 2261 5392 Ἀ.

2008 5408 2159 5480 (120)
2195 5409 2324 5463 Item
2356 5409 2655 5464 Juditham.
2688 5410 2748 5465 Κ.

2008 5478 2153 5559 (1121)
2216 5481 2467 5559 annales.
2511 5480 2847 5559 Polonorum
2904 5480 3298 5559 Cracovienses
3358 5478 3556 5536 inediti

1977 5550 2186 5622 rielium
2235 5551 2338 5605 hoc
2386 5551 2489 5605 sub
2526 5567 2671 5622 anno
2718 5552 2853 5607 1090
2900 5559 3133 5622 ponunt,
3195 5553 3375 5607 locum
3425 5563 3556 5604 vero

1981 5621 2184 5675 sechen
2216 5622 2539 5691 appellant;
2572 5621 2908 5677 hodiernum
2959 5632 3016 5675 ut
3042 5624 3262 5677 videtur
3292 5622 3554 5691 I’szezew,

1937 5691 2176 5758 Betsche,
2210 5688 2382 5762 prope
2414 5692 2798 5763 Mizdryrzecz,
2830 5695 3076 5748 Mcseriz.
3108 5693 3165 5747 S.
3205 5688 3561 5746 Recentiores

1940 5763 2047 5817 hoc
2078 5777 2223 5818 anno
2257 5763 2385 5817 1091
2428 5762 2628 5817 factum
2660 5778 2782 5816 esse
2818 5769 3036 5832 putant.
3071 5763 3129 5815 Κ.
