3960 6198
482 274 587 331 8‘79

1741 269 2085 325 CHRONICAE
2126 271 2540 330 POLONORUM.

3707 288 3815 345 880

481 403 721 476 cupavit,
757 415 1000 474 suosque
1056 398 1430 456 vastaldiones
1485 405 1541 454 et
1593 400 1824 455 comites
1858 399 1913 453 in
1956 400 2089 456 locis
2112 407 2163 474 Α
2191 405 2453 473 evocatis,
2479 406 2858 465 Pomoraniam
2885 411 3094 467 invadit
3114 411 3483 471 Wladislavus
3509 417 3661 475 circa
3683 435 3815 474 san-

480 494 885 568 principalibus
913 494 981 530 ⁷⁴⁷
1010 499 1066 548 et
1117 491 1511 547 munitioribus
1535 492 1825 547 ordinavit.
1874 493 1936 546 Et
1960 492 2089 563 quia

480 590 729 662 perfidiae
760 605 1096 664 paganorum
1136 589 1363 643 omnino
1391 587 1563 642 voluit
1593 588 1915 658 insurgendi
1949 587 2090 642 ﬁdu-

481 685 620 740 ciam
653 693 959 755 amputare,
1019 689 1263 738 suosmet
1300 681 1557 753 praelatos
1601 681 1764 751 jussit
1806 682 2089 737 nominato

478 776 569 831 die
594 777 650 830 in
684 778 818 831 hora
856 775 1153 830 constituta
1184 789 1378 829 omnes
1408 772 1462 826 in
1495 772 1803 826 meditullio
1837 773 1991 845 regni
2026 773 2093 807 ⁷¹ο⁸

478 869 819 925 munitiones
857 883 1233 923 concremare.
1267 865 1424 930 Quod
1453 866 1527 918 ita
1553 864 1621 898 ⁷⁴⁹
1643 864 1843 919 factum
1874 864 1976 920 fuit
2002 866 2087 918 ⁷⁵0.

478 960 590 1018 Nec
627 961 707 1018 sic
740 967 921 1016 tamen
962 975 1098 1032 gens
1156 958 1384 1013 rebellis
1421 956 1666 1011 edomari
1707 956 1885 1027 potuit
1959 958 2088 1011 Nam

477 1071 619 1129 quos
647 1055 883 1110 Setheus
920 1053 986 1088 ⁷⁵¹
1028 1052 1111 1107 eis
1155 1050 1479 1121 praefecerat
1522 1049 1613 1114 '5’,
1662 1049 1753 1121 qui
1786 1059 1913 1103 tunc
1942 1049 2093 1103 mili-

476 1145 565 1201 tiae
589 1144 846 1215 princeps
900 1149 1017 1196 erat
1062 1140 1152 1207 ⁷⁵³,
1185 1139 1382 1210 partim
1414 1154 1511 1209 pro
1559 1154 1748 1193 eorum
1791 1154 1931 1193 noxa
1969 1154 2090 1208 per-

474 1244 754 1301 emerunt,
795 1230 1099 1287 nobiliores
1118 1244 1267 1289 vero,
1301 1228 1600 1283 discretius
1631 1235 1685 1283 et
1716 1227 2006 1282 honestius
2033 1242 2093 1280 se

477 1327 768 1396 habentes,
825 1326 913 1382 vix
951 1324 1252 1379 amicorum
1294 1338 1525 1377 assensu
1579 1322 1648 1356 75‘
1706 1321 1969 1396 fugerunt
2002 1322 2088 1373 ⁷⁸⁸.

814 1414 869 1470 2.
903 1418 977 1469 De
1007 1414 1136 1468 bello
1165 1428 1283 1466 cum
1317 1412 1630 1465 Pomeranis
1661 1410 1749 1464 7“.

548 1510 613 1564 At
652 1506 1021 1563 Wladislavus
1050 1504 1179 1569 dux,
1218 1503 1382 1558 illatae
1422 1504 1489 1538 ⁷⁵⁷
1520 1504 1635 1558 suis
1682 1503 1897 1574 injuriae
1929 1506 2094 1558 remi-

476 1600 721 1667 niscens,
747 1614 870 1654 cum
902 1596 1025 1652 forti
1051 1610 1219 1650 manu
1242 1602 1439 1650 terram
1472 1609 1662 1649 eorum
1695 1603 1821 1649 ante
1853 1597 2095 1667 quadra-

475 1694 742 1769 gesimam
784 1691 1051 1754 introivit,
1095 1689 1281 1760 ibique
1324 1684 1522 1758 jej‘unii
1572 1688 1869 1759 plurimum
1912 1691 2089 1745 adim-

475 1782 664 1855 plevit.
691 1780 913 1853 Expleta
934 1780 1119 1851 itaque
1149 1778 1225 1832 ibi
1243 1777 1440 1847 jejunii
1463 1784 1617 1848 parte
1643 1793 1807 1849 quam
1831 1778 2087 1848 plurima,

474 1872 652 1927 Stetin
677 1869 770 1938 ⁷⁸⁸,
800 1869 993 1926 urbem
1034 1867 1103 1902 ⁷⁸⁷
1129 1876 1288 1922 terra:
1327 1866 1737 1937 p0pulosiorem
1767 1867 1836 1902 ⁷⁶⁰
1865 1875 1921 1923 et
1950 1884 2095 1939 opu—

473 1964 787 2025 lentiorem,
818 1978 885 2018 ex
914 1959 1193 2032 inproviso
1217 1958 1439 2013 intravit
1466 1960 1578 2028 (an.
1610 1959 1772 2024 1091,
1813 1962 1961 2016 Mart
2010 1961 2090 2030 2),

475 2058 717 2130 indeque
755 2057 822 2092 ⁷⁶¹
854 2054 1093 2127 prardam
1123 2053 1429 2109 inmensam
1463 2060 1516 2108 et
1546 2052 1794 2125 captivos
1838 2054 2093 2110 innume-

477 2149 681 2205 rabiles
733 2146 1108 2221 congregavit.
1153 2145 1399 2217 Cumque
1437 2145 1548 2213 jam
1589 2162 1711 2201 cum
1769 2162 1866 2200 sua
1906 2148 2091 2218 przeda

476 2238 647 2295 nichil
662 2237 923 2293 dubitans
966 2242 1255 2301 remearet,
1293 2236 1521 2305 jamque
1551 2250 1778 2289 securus
1813 2234 1895 2289 sui
1930 2236 2088 2307 regni

476 2330 685 2386 ﬁnibus
726 2327 1140 2401 pr0pinquaret,
1182 2326 1472 2383 Pomorani
1527 2326 1709 2381 subito
1742 2326 2090 2399 subsequen-

476 2432 560 2479 tes
585 2438 710 2478 eum
750 2436 919 2492 super
963 2419 1189 2475 ﬂuvium
1238 2418 1400 2474 Nacla
1455 2418 1525 2453 ⁷⁶²
1567 2418 1709 2489 (122)
1744 2418 2086 2485 invaserunt,

474 2510 795 2583 bellumque
814 2526 938 2565 cum
971 2524 1040 2565 eo
1071 2508 1249 2579 pridie
1273 2508 1576 2579 palmarum
1610 2507 1679 2541 ⁷⁸³
1710 2514 1999 2562 cruentum
2034 2516 2091 2563 et

473 2597 863 2657 luctuosum‘“
874 2597 1124 2670 partibus
1136 2597 1385 2668 utrisque
1406 2597 1801 2652 commiserunt
1828 2600 1989 2668 (Apr.
2009 2599 2064 2668 5)

472 2696 613 2752 Illud
661 2695 810 2751 enim
860 2693 1115 2765 prmlium
1176 2693 1311 2747 hora
1358 2693 1514 2764 quasi
1542 2692 1652 2747 diei
1694 2693 1764 2728 ⁷⁸⁵
1794 2694 1955 2748 tertia
2002 2704 2085 2749 est

467 2786 780 2858 inceptum,
806 2783 1128 2854 vespertino
1156 2797 1288 2837 vero
1333 2782 1660 2853 crepusculo
1691 2782 1966 2838 diﬂnitum
1991 2782 2078 2838 ⁷⁸⁸.

471 2880 763 2938 Pomorani
793 2879 1016 2935 tandem
1041 2878 1110 2914 ⁷⁸⁷
1130 2893 1228 2949 pro
1255 2876 1566 2933 munitione
1584 2878 1765 2933 noctis
1788 2878 2082 2951 caliginem

471 2972 795 3039 induerunt,
826 2968 1019 3026 Poloni
1076 2984 1206 3024 vero
1256 2984 1512 3039 campum
1551 2967 1795 3024 victoriae
1834 2970 1972 3023 Drzu
2014 2970 2082 3005 ⁷⁸³

470 3065 614 3137 (123)
651 3062 919 3119 vocabulo
962 3068 1278 3116 tenuerunt.
1311 3061 1371 3114 in
1392 3060 1563 3116 dubio
1613 3060 1761 3114 enim
1790 3062 2085 3132 pependit,

464 3165 650 3212 utrum
678 3154 1104 3211 christianorum
1147 3153 1269 3207 lues
1306 3152 1375 3187 ⁷⁶⁹
1428 3168 1498 3207 an
1530 3168 1871 3225 paganorum
1908 3153 1985 3208 ibi
2014 3154 2084 3188 ⁷⁷⁰

464 3244 708 3301 extiterit
728 3242 820 3297 ⁷⁷¹.
853 3242 1009 3307 Quod
1048 3241 1117 3275 ⁷⁷⁸
1170 3241 1446 3317 ﬂagellum
1478 3243 1642 3309 Deus,
1683 3249 1743 3296 ut
1778 3244 2080 3311 credimus,

467 3334 824 3405 omnipotens
871 3332 927 3386 in
982 3331 1485 3404 transgressoribus
1528 3330 1895 3389 observantiae
1943 3351 2078 3405 qua-

466 3424 847 3501 dragesimalis
875 3423 946 3457 ⁷⁷⁸
973 3422 1042 3476 ad
1080 3422 1480 3478 correctionem
1523 3423 1770 3479 exercuit
1807 3425 1899 3493 77‘,
1939 3425 2081 3481 sicut

464 3516 796 3591 quibusdam
842 3523 1037 3587 postea
1066 3515 1133 3570 de
1160 3514 1282 3586 ipso
1314 3514 1564 3570 liberatis
1596 3516 1842 3587 periculo
1871 3518 2082 3573 releva-

461 3607 558 3663 vit.
594 3606 656 3660 Et
676 3604 804 3677 quia
834 3605 1081 3660 luctuosa
1112 3610 1166 3658 et
1201 3603 1529 3674 dampnosa,
1562 3604 1703 3659 sicut
1732 3605 1939 3660 dictum
1970 3613 2075 3678 est,

460 3694 689 3752 victoria
718 3693 904 3750 multis
928 3698 1065 3761 erat,
1096 3693 1327 3765 diesque
1371 3693 1666 3749 dominicae
1714 3696 2079 3752 resurrectio-

457 3789 546 3844 nis
596 3788 668 3823 ⁷⁷⁸
713 3785 1041 3842 imminebat
1071 3787 1234 3857 (Apr.
1288 3785 1379 3857 13)
1418 3786 1553 3841 vicit
1603 3786 1741 3842 ratio
1802 3788 2077 3844 redeundi

456 3881 750 3939 consilium
781 3881 1033 3937 dantium
1062 3879 1463 3953 persequendi.

841 3974 896 4030 3.
930 3974 1151 4031 Obsidio
1180 3975 1351 4028 castri
1377 3974 1574 4030 Nakiel
1600 3973 1688 4028 ⁷⁷⁸.

534 4066 784 4137 Itemque
811 4063 879 4118 de
896 4060 1160 4118 Bohemia
1176 4061 1245 4096 ⁷⁷⁷
1268 4062 1446 4117 tribus
1476 4062 1700 4117 aciebus
1720 4062 1776 4117 in
1807 4064 2070 4120 auxilium

2190 495 2262 549 cti
2296 497 2605 569 solempnia
2644 501 2927 559 Michaelis
2982 505 3053 539 ⁷⁷³
3098 505 3260 576 (Sept.
3314 507 3427 579 29).
3474 508 3675 582 Ibique
3717 527 3814 566 ca-

2190 590 2358 639 strum
2426 587 2494 621 ⁷⁷⁷
2545 588 2748 662 Naltyel
2804 592 2874 626 ⁷⁸⁰
2930 593 3075 664 (124)
3121 594 3508 653 obsidentibus
3563 598 3813 655 inaudita

2192 674 2470 731 mirabilia
2513 681 2929 754 contingebant,
2962 698 3087 754 quae
3134 684 3370 759 singulis
3420 702 3521 741 eos
3552 689 3813 744 noctibus

2195 776 2432 823 armatos
2463 777 2516 825 et
2542 773 2697 843 quasi
2727 773 2781 826 in
2815 773 2880 808 ⁷⁸¹
2915 774 3100 830 hostes
3128 786 3472 850 pugnaturos
3504 781 3812 836 terroribus

2193 862 2489 933 agitabant.
2532 864 2776 936 Cumque
2807 865 2971 921 talem
3003 867 3349 924 delusionem
3395 871 3612 927 diutius
3652 880 3811 945 pate-

2195 963 2403 1020 rentur,
2462 959 2517 1007 et
2546 954 2808 1024 quidnam
2849 954 2985 1009 illud
3014 963 3159 1011 esset
3206 958 3599 1015 vehementius
3639 961 3812 1016 mira-

2195 1048 2405 1108 rentur,
2439 1058 2548 1097 una
2581 1052 2740 1099 nocte
2780 1061 2982 1115 pavore
3007 1046 3167 1103 solito
3217 1049 3501 1117 concitati,
3534 1050 3814 1126 longiusa

2193 1135 2387 1189 castris
2412 1135 2482 1169 ⁷⁸²
2533 1142 2822 1204 exeuntes,
2856 1146 3151 1194 nocturnas
3179 1141 3403 1196 umbras
3433 1143 3593 1214 quasi
3628 1144 3813 1215 palpi-

2195 1232 2372 1281 tantes
2420 1226 2510 1291 ⁷³⁷,
2552 1226 2728 1281 delusi
2776 1227 2845 1262 ⁷⁸⁴
2879 1229 3119 1284 hostium
3158 1231 3569 1300 vicissitudine,
3600 1250 3813 1306 seque-

2194 1317 2424 1383 bantur;
2480 1317 2695 1373 interim
2730 1318 2798 1354 ⁷³δ
2846 1336 2975 1376 vero
3026 1321 3291 1392 Oppidani
3348 1333 3717 1395 properanter
3744 1325 3814 1361 ⁷⁸⁵

2194 1415 2263 1469 de
2314 1415 2381 1449 ⁷⁸⁷
2441 1415 2869 1489 propugnaculis
2912 1416 2981 1450 ⁷⁸⁸
3013 1418 3446 1487 descenderunt,
3494 1436 3811 1493 eorumque

2194 1510 2479 1564 machinas
2530 1518 2853 1582 partemque
2904 1511 3157 1567 stationis
3209 1512 3642 1568 combusserunt
3697 1518 3809 1581 (an.

2196 1600 2354 1670 1091)
2384 1602 2572 1673 Itaque
2604 1601 2797 1658 Poloni
2825 1619 2948 1658 cum
2978 1619 3038 1657 se
3069 1603 3238 1659 nichil
3282 1604 3586 1676 profecisse
3606 1605 3681 1640 ⁷⁸⁸
3709 1621 3811 1661 nec

2194 1708 2252 1746 se
2301 1691 2506 1747 bellum
2563 1694 2844 1749 invenisse
2903 1695 3310 1766 conspicerent,
3353 1704 3410 1752 et
3449 1712 3573 1752 cum
3609 1714 3814 1773 magna

2194 1798 2319 1852 pars
2348 1782 2644 1851 exercitus,
2676 1783 3093 1856 praesertimque
3111 1784 3360 1851 Bohemi,
3394 1786 3660 1841 victualia
3700 1803 3809 1843 non

2193 1874 2462 1930 haberent
2517 1874 2626 1944 79°,
2683 1873 2956 1932 incassum
2999 1876 3189 1932 labore
3243 1884 3574 1948 consumpto
3627 1878 3811 1934 redie-

2192 1975 2321 2021 runt
2350 1967 2437 2021 7“.
2475 1967 2676 2039 Sicque
2709 1968 2998 2024 Pomorani
3052 1977 3243 2024 contra
3296 1970 3577 2025 Poloniam
3608 1971 3807 2042 paula-

2192 2056 2288 2110 tim
2320 2056 2374 2110 in
2401 2057 2664 2127 superbia
2684 2057 2752 2092 ⁷⁷⁸
2781 2064 2909 2112 sunt
2930 2059 3095 2113 erecti
3130 2074 3229 2129 per
3248 2074 3478 2129 puerum
3516 2059 3703 2115 aiartis
3720 2060 3811 2127 7”,

2193 2161 2357 2217 quem
2399 2145 2649 2201 chalamo
2690 2146 2991 2220 pingimus,
3024 2146 3356 2218 extirpandi.
3391 2147 3498 2203 Sed
3528 2164 3600 2203 ne
3632 2147 3810 2204 laetam

2192 2242 2518 2288 exenterare
2567 2235 2852 2289 materiam
2890 2235 3200 2302 videamur,
3245 2235 3513 2291 malorum
3548 2236 3812 2292 invidiam

2192 2329 2375 2398 potius
2419 2346 2583 2400 quam
2613 2330 2973 2385 detractionis
3035 2329 3314 2385 infamiam
3352 2331 3650 2401 patiamur.
3705 2331 3815 2386 Nec

2190 2420 2491 2477 absurdum
2523 2422 2801 2478 ullatenus
2832 2422 2927 2477 ulli
2968 2422 3209 2477 discreto
3243 2422 3313 2457 7“
3350 2423 3628 2490 videatur,
3662 2423 3712 2478 si
3759 2425 3813 2478 in

2191 2512 2292 2567 hac
2323 2513 2565 2582 hysteria
2594 2529 2716 2568 cum
2766 2512 3016 2587 legitimo
3047 2512 3373 2568 concubina:
3404 2511 3553 2568 ﬁlius
3584 2514 3816 2570 induca-

2189 2608 2294 2657 tur.
2328 2602 2460 2656 Nam
2483 2602 2536 2656 in
2573 2602 2815 2674 hystoria
2853 2600 3144 2673 principali
3175 2602 3284 2656 duo
3309 2600 3408 2656 ﬁlii
3427 2602 3665 2658 Abrahae
3696 2618 3809 2658 me-

2187 2698 2491 2758 morantur,
2521 2692 2619 2746 sed
2652 2691 2720 2745 ab
2749 2692 2818 2726 795
2850 2692 3084 2747 invicem
3131 2709 3162 2746 a
3192 2701 3345 2762 patre
3386 2708 3487 2763 pro
3529 2694 3810 2750 discordia

2182 2788 2528 2852 separantur,
2557 2780 2721 2835 ambo
2751 2780 2975 2852 quidem
2995 2781 3063 2836 de
3086 2782 3410 2852 patriarchae
3432 2783 3656 2839 semine
3685 2800 3808 2855 pro-

2184 2875 2371 2942 creati,
2404 2876 2502 2931 sed
2535 2892 2645 2931 non
2684 2875 2848 2932 ambo
2864 2876 2989 2945 jure
3012 2876 3331 2947 patrimonii
3358 2878 3662 2949 coaequati.

2609 2967 2664 3019 4.
2700 2968 2775 3021 De
2805 2966 3036 3033 Zbigneo
3066 2966 3256 3021 rebelli
3284 2965 3373 3018 ⁷⁸⁸.

2260 3055 2430 3130 Igitur
2474 3054 2541 3089 ⁷9⁷
2587 3052 2896 3127 Zbignevus
2935 3054 3024 3121 ⁷⁷⁸,
3084 3069 3116 3108 a
3147 3053 3482 3111 Wladislavo
3539 3055 3687 3114 duce
3738 3057 3808 3113 de

2186 3151 2500 3207 concubina
2526 3150 2867 3223 progenitus,
2907 3151 2963 3205 in
3016 3150 3361 3207 Cracoviensi
3384 3151 3609 3208 civitate
3649 3154 3805 3211 adul-

2183 3252 2270 3301 tus
2290 3246 2402 3317 jam
2443 3250 2600 3299 aetate
2629 3243 2827 3298 litteris
2862 3244 2931 3278 ⁷9⁷
2962 3243 3123 3299 datus
3152 3243 3276 3312 fuit,
3301 3261 3545 3317 eumque
3593 3248 3666 3282 ³⁰⁰
3696 3264 3806 3304 no-

2181 3350 2343 3390 verca
2381 3350 2479 3388 sua
2508 3333 2563 3387 in
2619 3332 2910 3389 Saxoniam
2949 3333 3262 3389 docendum
3301 3337 3651 3393 monasterio
3683 3353 3806 3394 mo-

2182 3427 2409 3482 nialium
2461 3426 2908 3481 transmandavit.
2967 3426 3043 3482 Eo
3112 3434 3362 3498 tempore
3424 3428 3669 3485 Setheus
3734 3429 3804 3466 ⁸1⁵⁸

2180 3516 2458 3588 palatinus
2483 3531 2688 3581 comes,
2725 3516 2808 3571 vir
2836 3515 2905 3550 ⁸⁰²
2931 3516 3153 3587 sapiens
3180 3517 3389 3573 nobilis
3413 3525 3472 3573 et
3521 3518 3807 3576 formosus

2181 3613 2319 3674 erat,
2353 3605 2452 3660 sed
2480 3604 2705 3659 avaritia
2726 3610 3035 3672 excecatus,
3059 3605 3230 3660 multa
3246 3605 3497 3661 crudelia
3526 3615 3587 3663 et
3612 3608 3805 3680 inpor-
3856 3624 3865 3635 ‘

2180 3700 2369 3755 tabilia
2401 3699 2709 3755 exercebat.
2744 3699 2891 3755 Alios
2925 3699 3136 3755 scilicet
3163 3699 3256 3755 vili
3289 3701 3591 3757 occasione
3622 3710 3809 3758 trans-

2177 3792 2474 3858 vendebat,
2516 3792 2655 3847 alios
2718 3791 2787 3846 de
2838 3791 3015 3862 patria
3081 3790 3448 3863 prOpellebat,
3518 3794 3807 3868 ignobiles

2174 3898 2307 3938 vero
2337 3882 2406 3916 ⁸0³
2438 3880 2679 3937 nobilius
2704 3879 3065 3952 praeponebat
3091 3880 3179 3935 θοι.

2179 3972 2333 4028 Unde
2353 3971 2508 4028 multi
2538 3971 2606 4007 ⁸⁰⁵
2626 3986 2723 4025 sua
2740 3977 2961 4041 sponte,
2997 3985 3105 4027 non
3134 3971 3309 4027 coacti
3326 3970 3645 4046 fugiebant.

2175 4065 2312 4130 Quia
2339 4064 2485 4119 idem
2518 4078 2639 4118 sese
2669 4062 2739 4097 ⁸⁰⁶
2777 4061 2890 4134 pati
2920 4062 3041 4118 sine
3070 4062 3233 4134 culpa
3261 4065 3617 4123 metuebant.

1807 4161 2029 4219 VARI/i5
2061 4163 2437 4220 LECTIONES.

525 4235 595 4271 ⁷⁴⁷
626 4232 1117 4307 principalioribus
1131 4231 1185 4288 3.
1229 4231 1346 4307 ml"?
1376 4238 1523 4288 terre
1552 4233 1604 4289 3.
1694 4234 1763 4270 7‘9
1792 4235 1873 4307 sic
1902 4235 1955 4292 3.

2050 4236 2120 4271 ⁷⁵0
2148 4242 2231 4292 est
2258 4237 2310 4291 2.
2400 4235 2466 4271 7“
2499 4234 2877 4291 Szeczecheus
2902 4233 2955 4290 3.

3049 4234 3120 4270 ⁷⁵³
3141 4234 3459 4306 preferebat
3491 4237 3546 4295 3.
3635 4239 3711 4276 ⁷⁵³
3735 4240 3803 4296 de

454 4312 534 4365 est
554 4303 642 4362 3.‘
678 4306 749 4341 7“
786 4303 1064 4361 consensu
1094 4304 1145 4379 3.
1227 4305 1297 4340 ⁷⁵⁵
1322 4303 1649 4379 fugaverunt
1672 4306 1757 4379 3.Δ
1802 4306 1872 4379 ⁷⁵⁷
1897 4309 2184 4379 inscriptio
2225 4309 2354 4362 edit.
2403 4308 2562 4379 Vara.
2596 4323 2663 4379 Ρ.
2712 4307 2847 4379 134ς
2880 4303 3321 4379 οοάἰοεεᾼτὶιιιιανπ
3348 4309 3566 4377 habent,
3589 4312 3683 4366 sed
3710 4315 3800 4367 in-

455 4380 673 4450 terjecto
699 4381 876 4448 spatio
913 4393 949 4431 a
975 4378 1152 4450 capite
1176 4376 1438 4450 pergunt.
1525 4376 1593 4412 ⁷⁵⁷
1626 4377 1797 4450 intale
1837 4376 1890 4450 2.

453 4448 647 4507 iisdem
676 4450 920 4505 ductibus
949 4448 1279 4503 scribuntur.

1374 4448 1443 4522 ⁷⁵⁷
1462 4450 1606 4522 deest
1637 4449 1685 4503 1.
1712 4451 1763 4504 2.
1846 4449 1916 4484 ⁷⁶⁰
1951 4451 2096 4506 deest
2120 4452 2175 4507 2.
2210 4450 2418 4522 populo
2440 4449 2679 4522 priorem
2711 4450 2763 4504 3-

1987 4377 2173 4435 παῖδα
2203 4379 2499 4434 emendavi.
2532 4377 2604 4432 Ρ(
2632 4378 2776 4433 deest
2813 4378 2865 4436 3.
2900 4377 3099 4432 summi
3130 4381 3182 4432 1.
3216 4379 3272 4433 2.
3311 4380 3480 4436 stetin
3508 4388 3565 4438 et
3593 4384 3797 4439 summi

2857 4449 2923 4483 ⁷⁶¹
2966 4449 3157 4509 ibique
3182 4449 3213 4505 3
3316 4452 3387 4485 ⁷⁸³
3423 4455 3711 4509 quendam
3741 4455 3793 4509 3.

453 4524 607 4580 unda
644 4523 695 4576 1.
722 4521 777 4576 2.
808 4519 1293 4595 qupdelttcidatar
1320 4520 1544 4595 lectione
1579 4521 1994 4595 Chron_.princ.
2049 4519 2391 4589 Polonoritm,
2422 4519 2751 4595 Qupdhabet
2786 4520 2973 4595 _Nacha
3000 4519 3084 4595 uel
3122 4520 3313 4595 Naida.
3359 4519 3534 4595 Naida
3566 4528 3794 4595 [Παροξ-

452 4609 548 4652 sus
577 4608 788 4664 quoque
805 4592 1115 4664 adoptabit.
1192 4590 1262 4664 "f3
1283 4592 1494 4664 palmas
1526 4592 1574 4646 1.
1616 4595 1668 4646 2.
1749 4590 2231 4664 7“iiuluctuosum
2280 4609 2384 4663 pro
2413 4590 2463 4647 e.
2499 4591 2535 4646 l.
2563 4593 2617 4646 2.
2681 4591 2859 4664 7§§die
2897 4592 2964 4664 71.
3003 4591 3061 4664 2.

453 4666 522 4703 ⁷⁸⁷
554 4662 740 4721 tamen
791 4663 841 4717 3.
926 4662 996 4697 ⁷⁸⁸
1023 4662 1161 4732 Drzy
1215 4662 1266 4718 3.
1351 4662 1420 4697 7‘9
1445 4662 1592 4718 vires
1642 4664 1694 4718 3.
1773 4663 1844 4699 ⁷⁷⁰
1878 4663 1971 4719 ubi
2016 4669 2050 4718 2

3228 4599 3333 4668 _est
3385 4592 3711 4668 disruptum
3739 4599 3791 4652 3.

2712 4663 2781 4697 ⁷⁷³
2808 4662 2939 4727 Quis
2992 4663 3046 4718 2.
3135 4663 3205 4697 ⁷⁷³
3226 4663 3401 4719 XLme
3452 4668 3503 4722 3.

2167 4665 2232 4699 ⁷⁷⁷
2261 4663 2541 4719 extiterint
2580 4663 2614 4720 3
2712 4663 2781 4697 ⁷⁷³
2808 4663 2939 4723 Quis
2992 4663 3046 4718 2.
3135 4663 3205 4697 ⁷⁷³
3226 4663 3401 4719 XLme
3452 4668 3503 4722 3,
3549 4663 3565 4668 “
3601 4669 3673 4704 m
3702 4684 3796 4723 ex-

454 4736 674 4795 eruit2.
748 4735 818 4770 ⁷⁷⁸
840 4731 1243 4789 reservacidnis
1268 4734 1302 4788 3
1383 4732 1454 4768 ⁷⁷⁸
1474 4732 1534 4791 Ο.
1575 4750 1624 4789 c.
1657 4735 1700 4789 N
1750 4751 1857 4790 non
1889 4736 2087 4791 habent
2115 4736 2340 4801 codices,
2381 4739 2755 4803 argumentum
2783 4740 2861 4789 est
2881 4735 3012 4789 edit.
3052 4735 3210 4790 Vars.
3240 4751 3297 4804 ρ.
3324 4736 3450 4791 136.
3514 4738 3587 4772 ⁷⁷⁷
3616 4740 3800 4795 Bche-

452 4811 561 4865 mis
589 4807 642 4865 3.
728 4806 798 4878 ⁷⁷⁸
829 4805 1078 4878 proiia.
1100 4819 1151 4878 e_.
1176 4804 1234 4878 P_.
1269 4805 1307 4861 i.
1331 4804 1430 4878 Ἦ.
1456 4820 1514 4878 ρ.
1538 4821 1584 4859 s.
1610 4822 1656 4878 s_.
1685 4805 1757 4860 Μ.
1792 4807 1950 4861 habet
1977 4806 2029 4863 3.
2074 4806 2430 4863 inacubilium
2473 4806 2712 4862 evocatis
2741 4805 2824 4860 W.
2859 4806 3005 4861 circa
3032 4822 3079 4860 s.
3117 4807 3454 4877 sollcmpnia
3483 4809 3794 4866 Michaelis.

452 4880 522 4916 77°
555 4880 700 4935 deest
751 4877 786 4935 3
829 4875 844 4878 ’
883 4876 954 4913 ⁷⁸⁰
981 4876 1152 4932 Nakcl
1206 4875 1260 4930 2.
1330 4875 1396 4910 ⁷⁸¹
1433 4876 1577 4932 deest
1616 4876 1650 4930 2
1750 4878 1820 4911 ⁷⁸²
1837 4886 2018 4934 castro
2067 4879 2120 4933 3.
2188 4878 2258 4912 ⁷⁸³

879 4948 949 4983 τοι
975 4948 1201 5021 deest}.
1288 4946 1358 5021 ⁷³⁵
1387 4947 1587 5021 iterum
1612 4947 1669 5003 2.
1698 4948 1815 5021 μ⁷⁸⁶
1844 4950 2252 5021 properantes1

491 4967 522 5006 a
566 4952 786 5006 itantes.

450 4968 505 5077 ἕ.
527 4968 607 5056 89°
646 5021 786 5076 habu

561 5021 607 5056 9°
646 5021 958 5076 habuerunt
985 5018 1039 5075 2.
1125 5019 1191 5053 7“
1223 5018 1528 5074 reduerunt
1557 5020 1610 5074 3.
1696 5019 1765 5055 ⁷⁹²
1791 5018 2108 5090 superbiam
2135 5022 2190 5077 3.

451 5094 513 5147 Ι).
541 5093 597 5147 Ζ.
630 5109 675 5147 r.
723 5094 913 5147 desunt
938 5095 1001 5146 in
1028 5091 1322 5159 codicibus,
1356 5094 1729 5158 argumentum
1782 5091 1912 5148 edit.
1962 5094 2122 5149 Vars.

2283 4893 2383 4959 pro
2429 4894 2483 4932 n.
2539 4894 2594 4931 u.
2639 4894 2694 4948 q.
2848 4878 3004 4931 habet
3044 4886 3344 4937 nocturnas
3370 4881 3528 4951 quasi
3566 4882 3795 4964 umbras

2371 4948 2432 4983 ¹⁸⁷
2456 4951 2600 5003 deest
2627 4947 2678 5004 3.
2791 4948 2836 4983 ⁸⁸
2857 4948 3327 5007 nronuanaculum
3353 4948 3404 5006 3.
3490 4952 3565 4987 "9
3589 4953 3793 5007 fecisse

2371 4963 2600 5003 “Nuces:
2627 4963 2678 5004 δ.
2774 4963 2836 4983 σου
2856 4963 3327 5023 prepugnacutum
3353 4963 3404 5006 ὅ.
3498 4963 3793 5010 '"tecisse

2294 5019 2662 5102 _733Aniatris‘2.
2703 5096 2712 5102 _
2752 5018 2824 5102 ⁷⁷⁸
2851 5020 3120 5102 discessio
3182 5021 3237 5101 2.
3292 5020 3362 5102 7:5
3382 5021 3557 5102 ω1η1.⁵
3581 5026 3635 5079 3.
3661 5096 3675 5102 _
3725 5025 3794 5102 "’3‘

2176 5108 2235 5163 ρ.
2282 5090 2443 5167 ίδβ-,η
2481 5090 2714 5167 indeng
2752 5090 2805 5146 3.
2874 5091 3260 5167 _7f§Z_bige_uus
3308 5092 3362 5148 2.
3394 5164 3412 5167 _
3441 5093 3515 5167 ⁷⁷⁷
3534 5094 3709 5167 lectis
3735 5095 3786 5151 2.

450 5163 527 5239 '°°_
550 5163 870 5239 eumque}
955 5162 1021 5239 3f“
1050 5162 1361 5239 Stephanus
1397 5163 1453 5239 2.
1486 5163 1760 5218 Szeczeus
1788 5163 1839 5217 3.
1929 5163 1999 5239 ⁷⁰²
2029 5162 2254 5235 quidam
2285 5163 2446 5217 addit
2472 5163 2523 5216 1.
2557 5162 2784 5239 quidem
2816 5163 2976 5219 addit
3002 5164 3055 5220 3.
3084 5162 3192 5198 ’δοδ
3217 5164 3362 5221 deest
3387 5164 3442 5222 3.
3502 5166 3574 5200 ⁸⁰⁴
3606 5167 3790 5239 prefe-

451 5235 609 5293 rebat
634 5233 717 5291 3.“
775 5234 845 5270 ⁸⁰⁶
868 5233 1041 5290 multa
1067 5234 1120 5291 3.
1208 5233 1278 5270 ⁸⁰⁶
1305 5249 1367 5289 se
1397 5235 1629 5290 alterum
1666 5233 2065 5305 superpositum
2085 5251 2252 5291 manu
2279 5236 2592 5290 correctoris
2620 5237 2676 5289 2.

2008 5334 2216 5392 ΝΟΤᾸΕ.

521 5406 942 5483 (122)_Prtelium
976 5407 1263 5464 Wladislai
1289 5407 1509 5463 videtur
1532 5406 1757 5483 quidem
1779 5407 1833 5462 in
1866 5422 2062 5483 campo

490 5497 624 5553 rope
650 5478 1014 5553 'Drezdenko.
1057 5483 1299 5553 Driesen,
1343 5478 1720 5553 commissum,
1758 5496 1928 5553 quare
1956 5478 2063 5553 _L’e-

490 5498 624 5553 rope
674 5498 1014 5541 urezuenxo.
1057 5498 1299 5543 umsen,
1343 5498 1720 5547 commissum,
1758 5498 1928 5550 quare
1963 5498 2059 5535 Le-

444 5498 607 5611 ἥψω
652 5550 895 5610 consulit
941 5552 1125 5618 legere
1174 5552 1313 5606 Drzn
1366 5566 1479 5606 non
1519 5552 1688 5616 Drzu;
1726 5558 1808 5605 ast
1838 5549 2059 5618 ﬂuvius,

445 5626 539 5699 qui
572 5630 655 5682 est
676 5625 745 5680 ad
774 5622 1148 5699 hancurbem,
1173 5623 1371 5699 Notec,
1387 5623 1568 5699 Netze,
1596 5623 1709 5699 jam
1733 5622 2060 5699 a_Dlugosso

441 5691 705 5754 vocatur:
753 5692 996 5747 similius
1051 5701 1200 5748 esset
1248 5691 1471 5748 lectioni
1527 5693 1649 5748 cod.
1688 5697 1737 5758 1,
1767 5693 1822 5746 2.
1857 5691 2060 5748 nomen

445 5766 597 5824 ﬂuvii
628 5767 809 5833 Drvva,
834 5766 1035 5830 Drage,
1067 5764 1160 5835 qui
1208 5777 1383 5833 prepe
1434 5764 1609 5818 Drzen
1642 5793 1709 5804 —
1739 5763 2059 5819 Drezdenko

2164 5407 2220 5461 in
2252 5406 2310 5483 ﬂ.
2340 5405 2509 5461 Notec
2531 5402 3211 5483 inciditJAS._§f._Bar_t_hold
3241 5404 3421 5483 Gesch
3448 5423 3558 5483 von
3591 5408 3786 5483 Rugen

2163 5494 2219 5534 u.
2263 5478 2575 5541 Pommern,
2609 5493 2647 5543 ι,
2675 5475 2800 5531 428.
2834 5475 2900 5529 K.
2934 5476 3022 5529 Est
3046 5475 3211 5532 Netze
3241 5476 3462 5534 ﬂuvius.
3488 5480 3548 5539 P.

2235 5549 2373 5617 (123)
2406 5547 2770 5603 Probabiliter
2808 5547 3133 5619 hodiernum
3172 5548 3515 5619 Drezdenko,
3563 5555 3783 5609 Driesen

2163 5620 2356 5675 Drizen
2403 5619 2721 5685 Dlugossus,
2753 5635 2789 5681 ι,
2816 5618 2939 5673 321.
2973 5618 3028 5673 S.

2232 5691 2373 5761 (124)
2401 5689 2591 5755 Naklo,
2618 5690 2835 5748 Nackel.
2874 5691 2941 5745 ad
2976 5689 3033 5744 ﬂ.
3074 5690 3262 5746 Notec.
3294 5694 3473 5750 Netze.
3505 5694 3560 5750 S.
