3960 6198
216 337 318 393 881
1582 343 1769 398 LIBER
1810 344 2164 399 SECUNDUS.

224 462 334 519 Sed
357 463 452 534 qui
487 462 642 533 prius
670 462 910 537 fugitivi,
940 480 1039 535 per
1075 466 1294 520 diversa
1322 466 1686 541 vagabantur.

225 553 640 611 Bretbizlavi801
656 554 814 611 ducis
824 556 1061 612 consilio
1076 556 1132 611 in
1144 557 1406 613 Bohemia
1418 567 1845 633 congregantur.

3452 341 3561 399 882

1869 475 1922 541 Α
1952 470 2195 541 Cumque
2232 468 2403 524 nichil
2458 468 2522 503 ⁸⁴¹
2549 468 2749 523 virtute
2793 473 2985 523 contra
3036 466 3560 524 Wrathislavienses

1950 558 2258 629 potuissent
2297 554 2588 628 proficere,
2640 554 2772 627 quia
2817 555 2902 610 sui
2943 562 3134 611 contra
3172 572 3304 612 suos
3351 555 3562 611 bellum

223 646 425 718 Sicque
470 646 539 681 ⁸⁰⁸
588 646 959 703 Bohemorum
1024 647 1321 704 calliditate
1368 650 1633 721 quosdam
1667 652 1846 721 pretio
1947 664 2140 723 gerere
2178 648 2506 715 noluissent,
2538 662 2731 719 pacem
2778 645 2984 700 invitus
3012 646 3082 680 ⁸⁸³
3109 662 3231 700 cum
3263 645 3375 702 filio
3408 652 3564 717 pater

224 737 631 804 conduxerunt,
655 738 749 809 qui
777 738 1079 814 Zbigneum
1101 740 1171 774 ⁸⁰⁰
1197 740 1383 796 furtim
1414 741 1481 797 de
1508 742 1746 799 claustro
1776 742 1846 778 ⁸¹⁰
1948 741 2097 808 fecit,
2130 756 2368 813 eumque
2404 748 2534 795 tunc
2564 740 2799 811 primum
2833 754 2995 793 suum
3029 735 3205 792 filium
3236 736 3557 808 appellavit.

226 829 552 887 monialium
591 835 963 885 extraxerunt.
1017 830 1258 902 Recepto
1290 848 1424 905 ergo
1475 833 1540 868 3“
1580 834 1841 905 Zbigneo,

225 921 281 976 in
306 919 571 977 Bohemia
593 919 806 993 fugitivi
840 921 1174 995 legationem
1206 923 1275 957 δι’
1306 923 1362 978 in
1392 925 1514 981 haec
1553 925 1722 981 verba
1752 939 1849 981 co-

225 1010 343 1065 miti
379 1010 602 1065 mittunt
650 1009 875 1065 nomine
905 1010 1098 1083 Magno
1140 1011 1211 1045 ⁸¹³
1247 1011 1691 1069 Wrotislavensi:
1736 1018 1845 1071 Nos

224 1099 465 1173 quidem,
494 1115 663 1157 comes
715 1103 910 1170 Magne
947 1102 1016 1137 ⁸⁸⁸
1048 1104 1415 1173 quoquomodo
1445 1107 1624 1161 Zethei
1648 1111 1842 1162 contu-

224 1193 416 1248 melias
463 1195 523 1247 in
549 1192 717 1247 emilio
754 1195 922 1263 positi
951 1194 1258 1261 toleramus,
1305 1196 1399 1251 sed
1437 1197 1559 1260 tibi,
1620 1197 1839 1268 Magne,

226 1285 317 1338 cui
336 1298 528 1337 nomen
557 1283 785 1337 ducatus
812 1286 891 1337 est
912 1283 1040 1352 plus
1072 1283 1322 1338 dedecori
1347 1284 1415 1318 ⁸³³
1436 1301 1604 1355 quam
1628 1287 1839 1354 honori,

226 1375 639 1432 lacrimabiliter
676 1374 746 1409 ⁸¹⁶
778 1376 1130 1443 condolemus,
1188 1392 1310 1431 cum
1340 1378 1577 1433 laborem
1604 1380 1842 1447 honoris,

226 1479 321 1523 nec
356 1467 425 1501 δι’
478 1465 727 1522 honorem
781 1468 999 1535 habeas,
1049 1484 1168 1523 cum
1216 1471 1514 1539 pristaldis
1557 1470 1706 1543 (125)
1750 1475 1846 1529 Ze-

226 1559 339 1612 thei
358 1556 427 1592 ³¹⁸
447 1558 724 1612 dominari
748 1572 853 1612 non
881 1559 1113 1624 audeas;
1148 1559 1241 1613 sed
1271 1562 1321 1615 si
1333 1560 1532 1629 jugum
1561 1564 1846 1617 servitutis

227 1651 295 1706 de
331 1653 533 1706 cervice
584 1654 819 1707 volueris
870 1658 1135 1715 excutere,
1188 1655 1394 1720 festina
1428 1670 1656 1725 puerum
1690 1672 1847 1726 quem

228 1743 482 1798 habemus
504 1746 561 1798 in
604 1744 832 1813 clipeum
860 1745 1195 1813 defensionis
1231 1750 1485 1817 recipere.
1522 1750 1585 1805 Et
1624 1751 1730 1805 hoc
1758 1757 1844 1806 to-

226 1842 343 1888 tum
378 1834 491 1888 Dux
546 1834 873 1889 Bohemicus
925 1836 1283 1909 suggerebat,
1324 1838 1419 1909 qui
1451 1839 1687 1896 libenter
1738 1840 1847 1895 dis-

227 1920 474 2017 cordiam
521 1922 664 2017 inter
725 1924 961 1981 Polonos
1021 1926 1347 1982 seminabat.
1424 1928 1536 1984 Hoc
1632 1930 1916 2017 audito.B

232 2013 463 2085 Magnus
510 2013 605 2069 diu
650 2014 906 2085 inprimis
959 2016 1244 2085 haesitavit,
1298 2018 1396 2073 sed
1435 2019 1845 2077 communicato

225 2105 464 2161 consilio
502 2107 804 2178 majoribus
833 2114 887 2163 et
937 2107 1186 2177 laudato,
1242 2110 1428 2166 verbis
1465 2126 1653 2167 eorum
1708 2112 1845 2169 reci-

230 2200 394 2272 piens
425 2201 722 2273 acquievit.

439 2293 539 2349 Pro
571 2309 679 2366 quo
702 2294 843 2350 facto
860 2295 1254 2364 Wladislavus,

438 2383 595 2437 Pater
622 2383 743 2453 ejus
772 2384 1149 2451 contristatur,

388 2542 395 2547 ν
441 2471 550 2526 Sed
570 2472 639 2507 ⁸³9
654 2472 883 2528 Zetheus
913 2490 1037 2528 cum
1078 2474 1271 2547 regina

441 2563 607 2619 Multo
626 2564 802 2636 magis
831 2564 1207 2620 conturbatur.

228 2656 402 2731 lgitur
433 2656 673 2729 legatum
706 2656 774 2691 ⁸²⁰
801 2656 995 2732 Magno
1037 2656 1610 2730 Wratislaviensisque
1640 2659 1705 2692 ⁸²¹
1733 2674 1843 2713 ma-

228 2744 491 2818 gnatibus
557 2746 626 2779 ⁸²²
690 2745 935 2821 regionis
994 2748 1439 2815 transmiserunt,
1501 2748 1847 2803 sciscitantes

228 2838 366 2910 quid
398 2839 503 2895 hoc
554 2845 723 2903 esset,
769 2840 918 2912 quod
957 2840 1292 2915 Zbignevum
1339 2841 1409 2875 ⁸³³
1438 2857 1560 2896 cum
1603 2840 1847 2915 fugitivis

224 2930 347 2985 sine
376 2931 547 3003 patris
576 2931 809 3002 imperio
863 2933 1221 3003 recepissent,
1269 2932 1316 2987 si
1348 2933 1416 2967 ⁸²⁴
1452 2932 1689 2988 rebelles
1732 2934 1847 2988 exi-

223 3032 372 3078 stere
402 3023 489 3078 vel
515 3023 745 3079 obedire
774 3024 881 3079 sibi
913 3025 1119 3080 vellent
1155 3025 1243 3079 ⁸³⁵.
1276 3025 1355 3080 Ad
1394 3026 1515 3080 haec
1561 3025 1845 3080 Wratisla-

1951 832 2219 886 Reversus
2255 829 2474 884 interim
2515 829 2586 884 de
2636 828 2862 884 Polonia
2902 826 2993 894 “3,
3049 840 3159 899 quo
3202 823 3419 899 fugerat
3458 824 3559 880 Se-

1944 921 2128 987 theus,
2152 919 2390 989 majores
2418 919 2560 974 inter
2602 934 2700 974 eos
2734 917 2937 973 callide
2970 915 3258 988 promissis
3286 921 3342 970 et
3366 930 3563 970 mune-

1948 1012 2100 1066 ribus
2128 1010 2510 1082 attemptabat,
2543 1025 2751 1081 eosque
2795 1010 2886 1077 9“,
2931 1007 3196 1080 paulatim
3254 1006 3309 1061 in
3349 1012 3562 1079 partem

1945 1099 2264 1155 inﬂectebat
2312 1098 2388 1153 Ad
2422 1105 2729 1154 extremum
2752 1112 2881 1153 vero
2906 1096 3160 1169 pluribus
3190 1094 3408 1150 inflexis
3436 1110 3562 1150 cum

1944 1190 2185 1245 exercitu
2216 1190 2324 1245 dux
2357 1189 2719 1245 Wladislavus
2771 1188 2841 1245 ad
2895 1186 3087 1242 urbem
3147 1186 3566 1242 Wratislavien-

1943 1298 2061 1337 sem
2090 1282 2391 1338 accedebat
2420 1283 2509 1349 διεδ,
2538 1282 2765 1354 jamque
2786 1282 2856 1316 “5
2886 1287 3063 1335 castra
3086 1278 3191 1334 sibi
3221 1278 3437 1334 reddita
3464 1294 3565 1350 per

1945 1375 2235 1430 circuitum
2259 1374 2577 1443 obtinebat;
2605 1374 2884 1448 Zbigneus
2902 1388 3031 1428 vero
3044 1371 3240 1426 videns
3252 1370 3357 1426 sibi
3375 1386 3565 1443 proce-

1946 1486 2033 1526 res
2058 1470 2208 1526 intus
2245 1478 2300 1525 et
2334 1477 2486 1525 extra
2524 1468 2823 1537 defecisse,
2853 1469 3052 1523 durum
3082 1467 3484 1541 8“intelligens
3503 1482 3561 1522 se

1946 1568 2137 1617 contra
2189 1561 2471 1616 stimulum
2525 1559 2862 1623 calcitrasse,
2920 1558 3071 1631 vulgi
3131 1556 3259 1612 ﬁdei
3324 1558 3563 1629 vitaeque

1946 1666 2060 1704 suae
2094 1649 2378 1717 diffidens,
2422 1649 2490 1703 de
2534 1656 2698 1704 nocte
2746 1646 2907 1722 fugit,
2938 1646 3268 1720 fugiensque
3325 1653 3560 1701 castrum

1947 1740 2198 1797 Crusvicz
2232 1740 2322 1807 ⁸³³,
2351 1739 2620 1795 militibus
2646 1740 2998 1811 cpulentum,
3048 1737 3116 1792 ab
3153 1737 3450 1809 oppidanis
3480 1753 3564 1793 re-

1946 1844 2139 1907 ceptus
2165 1835 2430 1890 introivit.

2086 1928 2139 1984 5.
2177 1930 2367 1984 Castro
2405 1926 2675 1982 Cruszwic
2704 1929 3018 1995 expugnato
3050 1928 3101 1979 et
3128 1924 3299 1979 deleto
3324 1925 3414 1980 3‘9.

2016 2022 2081 2075 At
2111 2026 2265 2090 pater
2307 2018 2505 2074 dolens
2542 2033 2668 2073 eum
2724 2017 2957 2089 impune
3006 2016 3089 2071 sic
3126 2015 3392 2083 evasisse,
3429 2015 3562 2072 Cru-

1945 2115 2250 2171 svicienses
2285 2129 2523 2186 eumque
2580 2118 2770 2169 contra
2799 2128 2860 2167 se
2886 2112 3068 2182 ipsum
3095 2112 3398 2183 recepisse,
3437 2127 3560 2168 cum

1946 2208 2142 2264 eodem
2173 2206 2416 2263 exercitu
2447 2205 2786 2280 Zbignevum
2820 2204 3125 2280 fugientem
3172 2204 3241 2241 ⁸⁵⁰
3268 2205 3561 2277 prosequi-

1946 2285 2326 2369 tur/totisque
2365 2296 2575 2353 viribus
2606 2296 2990 2352 Crusviciense
3025 2303 3266 2351 castrum
3299 2295 3557 2369 aggredi-

1942 2400 2049 2450 tur.
2083 2392 2391 2467 Zbignevus
2418 2405 2548 2446 vero
2580 2398 2882 2446 convocata
2909 2389 2975 2423 ⁸⁵¹
3007 2387 3363 2443 multitudine
3390 2403 3561 2461 paga-

1944 2497 2160 2547 norum,
2228 2480 2549 2550 babensque
2592 2485 2804 2549 septem
2854 2476 3004 2531 acies
3066 2474 3557 2545 Crusviciensium,

1942 2572 2134 2627 exiens
2158 2571 2229 2626 de
2250 2577 2428 2626 castro
2453 2586 2576 2626 cum
2611 2576 2767 2641 patre
2813 2569 2882 2604 ³⁵³
2923 2566 3225 2634 dimicavit,
3252 2566 3351 2621 sed
3375 2566 3559 2635 justus

1940 2665 2113 2734 judex
2144 2663 2287 2718 inter
2316 2671 2526 2734 patrem
2557 2668 2613 2717 et
2660 2661 2833 2717 filium
2867 2661 3156 2731 judicavit.
3200 2658 3279 2714 lbi
3318 2672 3558 2729 namque

1947 2753 2153 2808 bellum
2186 2752 2309 2824 plus
2337 2769 2500 2824 quam
2534 2752 2693 2807 civile
2723 2751 2865 2822 (127)
2884 2751 3086 2808 factum
3127 2749 3251 2818 fuit,
3273 2747 3370 2804 ubi
3410 2746 3560 2803 filius

1947 2849 2211 2904 adversus
2239 2856 2473 2919 patrem,
2517 2854 2572 2902 et
2602 2847 2770 2902 frater
2801 2856 2995 2902 contra
3032 2844 3256 2902 fratrem
3283 2860 3434 2899 arma
3458 2858 3563 2898 ne-

1948 2940 2113 2995 fanda
2139 2940 2282 2995 tulit.
2318 2940 2417 3005 lbi,
2438 2954 2623 3011 spero,
2656 2939 2824 2994 miser
2848 2938 3156 3010 Zbignevus
3185 2945 3415 3007 paterna
3440 2951 3564 2990 ma-

1945 3032 2245 3087 ledictione
2283 3030 2431 3103 quod
2473 3030 2717 3086 futurum
2756 3037 2873 3087 erat
2926 3029 3261 3103 promeruit;
3295 3028 3374 3083 ibi
3425 3043 3559 3085 vero

220 3116 442 3171 vienses
467 3116 800 3171 unanimiter
835 3116 905 3150 ⁸²⁸
937 3117 1360 3187 responderunt,
1390 3132 1501 3173 non
1527 3134 1588 3173 se
1612 3117 1840 3188 patriam
1946 3122 2090 3177 Deus
2136 3122 2495 3192 omnipotens
2550 3120 2885 3175 Wladislavo
2934 3119 3060 3175 duci
3117 3116 3559 3175 misericordiam

219 3211 535 3267 Bohemicis
561 3212 647 3266 vel
698 3210 766 3245 "7
797 3211 993 3266 alienis
1034 3211 1358 3267 nationibus
1406 3213 1476 3247 ⁸³⁸
1523 3212 1841 3279 tradidisse,
1943 3220 2148 3269 tantam
2179 3213 2329 3280 fecit,
2354 3212 2503 3285 quod
2536 3211 2997 3268 innumerabilem
3030 3212 3099 3267 de
3133 3209 3387 3267 hostibus
3416 3208 3561 3264 mul-

220 3304 320 3359 sed
347 3303 560 3359 domini
583 3303 745 3359 ducis
777 3302 948 3358 filium
966 3320 1211 3376 suosque
1250 3304 1513 3380 fugitivos
1543 3304 1841 3376 recepisse,
1871 3320 1920 3387 ρ
1945 3302 2234 3357 titudinem
2266 3301 2563 3367 interfecit,
2593 3310 2648 3357 et
2672 3302 2742 3356 de
2757 3300 2990 3357 suissibi
3019 3298 3382 3372 paucissimos
3403 3312 3553 3353 mors

222 3411 458 3467 seseque
486 3396 555 3431 ⁸³⁸
576 3396 901 3451 veldomino
934 3396 1059 3451 duci
1096 3396 1460 3471 legitimoque
1491 3396 1605 3453 filio
1632 3411 1733 3452 suo
1772 3395 1841 3430 ⁸³⁰
1888 3386 1901 3387 ί
1942 3392 2167 3447 ademit.
2208 3392 2439 3446 Tantum
2470 3391 2619 3446 enim
2652 3390 2882 3445 humani
2912 3388 3127 3445 cruoris
3170 3404 3422 3459 sparsum
3455 3386 3559 3444 fuit

224 3484 512 3539 Bolezlavo
562 3484 619 3538 in
672 3485 932 3540 omnibus
978 3491 1032 3540 et
1072 3501 1173 3555 per
1216 3484 1404 3540 omnia
1442 3484 1684 3539 fideliter
1739 3483 1844 3539 ob-
1942 3494 2268 3558 tantumque
2301 3486 2627 3541 cadaverum
2682 3502 2740 3540 in
2770 3486 2948 3540 lacum
3001 3485 3071 3519 ⁸⁵³
3093 3484 3320 3541 castello
3375 3483 3559 3540 conti-

221 3572 403 3637 edire,
441 3572 540 3628 scd
595 3572 801 3628 Setheo
848 3573 1076 3645 suisque
1130 3573 1287 3626 malis
1337 3572 1602 3643 operibus
1664 3571 1843 3627 modis
1942 3591 2109 3650 gnum
2147 3574 2373 3643 corruit,
2410 3575 2558 3646 quod
2607 3591 2672 3630 ex
2728 3590 2795 3631 eo
2847 3582 3097 3644 tempore
3152 3573 3362 3644 piscem
3411 3572 3561 3629 illius

222 3661 486 3717 omnibus
516 3661 810 3717 contraire.
868 3661 1111 3732 Populus
1155 3667 1339 3716 autem
1372 3661 1615 3734 legatum
1649 3661 1716 3696 ⁸³⁸
1767 3657 1843 3715 la-
1941 3681 2102 3737 aqua;
2117 3665 2409 3721 comedere
2432 3664 2670 3736 quisque
2699 3664 2882 3719 bonus
2896 3662 3233 3718 Christianus
3249 3662 3554 3719 exhorruit.

227 3755 421 3828 pidare
463 3755 681 3811 volebat
736 3755 826 3823 ⁸³²,
881 3755 1011 3827 quia
1061 3754 1250 3809 Sethei
1298 3763 1483 3826 partes
1530 3754 1685 3810 falsis
1720 3770 1841 3810 am-
1940 3759 2138 3829 Sicque
2169 3755 2445 3822 Crusvicz,
2476 3754 2685 3809 divitiis
2716 3753 2872 3825 prius
2902 3752 2971 3787 '5‘
3007 3759 3064 3807 et
3100 3752 3374 3807 militibus
3416 3768 3561 3822 opu-

226 3849 467 3925 bagibus
495 3848 854 3903 defendebat.
1940 3851 2171 3915 lentum,
2201 3847 2270 3902 ad
2294 3846 2463 3901 instar
2484 3860 2639 3917 paene
2691 3843 3054 3900 desolationis
3102 3850 3187 3899 est
3245 3840 3555 3898 redactum.

301 3940 453 3996 Unde
481 3940 711 3995 multum
736 3939 1103 3995 Wladislavus
1131 3939 1201 3974 ⁸³³
1231 3938 1570 4011 indignatus,
1944 3938 2117 4013 lgitur
2151 3937 2426 4011 Zbigneus
2464 3936 2519 3988 in
2550 3940 2787 3989 castrum
2844 3933 3066 4008 fugiens
3092 3948 3216 3988 cum
3273 3931 3554 4005 paucissi-

300 4033 364 4087 Et
393 4032 629 4087 Setheus
648 4032 727 4086 ira
756 4030 923 4086 nimis
948 4030 1343 4097 inflammatus,
1944 4030 2049 4084 mis
2076 4029 2146 4063 ⁸⁵⁵
2178 4028 2464 4094 liberatus,
2517 4033 2698 4080 utrum
2730 4025 2801 4061 ⁸⁵⁸
2830 4025 2998 4080 vitam
3052 4023 3248 4095 perdat
3274 4039 3344 4078 an
3383 4037 3561 4077 mem-

224 4126 617 4182 Wladislavum
660 4125 907 4199 Ungariaa
960 4140 1146 4198 regem
1206 4131 1260 4179 et
1322 4123 1721 4179 Brethislavum
1776 4123 1845 4157 ⁸³⁸
1945 4122 2169 4177 brorum
2200 4118 2424 4191 aliquod
2478 4125 2566 4173 est
2608 4116 2869 4173 incertus.
2920 4119 2986 4172 At
3049 4122 3204 4187 pater
3253 4113 3561 4185 juventutis

226 4214 510 4271 Bohemia;
550 4214 747 4269 ducem
794 4213 849 4266 in
891 4212 1155 4267 auxilium
1196 4212 1303 4267 sibi
1349 4219 1540 4268 contra
1585 4212 1654 4247 ⁸³⁵
1681 4210 1844 4267 Wra-
1945 4214 2229 4269 stultitiam
2279 4228 2389 4267 non
2437 4211 2733 4278 ulciscens,
2782 4226 2852 4265 ne
2892 4208 3121 4283 paganis
3174 4206 3436 4263 dubitans
3473 4207 3560 4264 vel

226 4306 616 4363 thislavienses
644 4303 1043 4359 mandaverunt
1062 4307 1174 4372 (an.
1212 4304 1392 4374 1093),
1424 4304 1572 4359 unde
1620 4303 1743 4375 plus
1777 4302 1848 4340 ⁸³⁸
1946 4307 2146 4362 alienis
2162 4304 2767 4380 gentibusadluereret,
2792 4303 2943 4358 unde
2964 4302 3031 4337 ⁸⁸⁷
3057 4301 3233 4377 magis
3249 4300 3558 4373 periculum

229 4397 524 4454 dedecoris
548 4404 603 4452 et
631 4395 857 4467 dampni
907 4412 1069 4467 quam
1105 4395 1335 4451 honoris
1371 4401 1426 4450 et
1474 4394 1706 4466 proficui
1747 4396 1845 4449 ha-
1948 4399 2262 4455 immineret
2292 4412 2389 4468 pro
2431 4397 2555 4452 vitae
2589 4395 3076 4466 membrorumque
3126 4394 3303 4449 salute
3332 4392 3560 4463 quaesita

226 4494 469 4548 buerunt
508 4490 669 4560 (126).
695 4490 827 4545 Nam
860 4489 1120 4544 Setheum
1152 4489 1219 4524 ⁸³⁷
1252 4505 1345 4544 rex
1375 4488 1737 4544 Wladislavus
1777 4486 1846 4523 ⁸³⁸
1948 4487 2057 4542 fide
2088 4501 2354 4543 concessa
2384 4486 2475 4551 3“,
2510 4500 2692 4539 secum
2741 4484 2893 4538 illum
2949 4483 3003 4537 in
3035 4481 3330 4537 Mazoviam
3372 4489 3556 4535 trans-

224 4582 472 4637 vinctum
508 4596 694 4636 secum
736 4595 794 4633 in
826 4579 1113 4651 Ungariam
1160 4585 1591 4650 transportasset
1646 4577 1737 4645 33°,
1788 4575 1910 4652 ni“
1948 4578 2205 4652 portavit,
2232 4592 2473 4648 eumque
2504 4592 2727 4631 carcere
2756 4576 2812 4630 in
2842 4582 3022 4630 castro
3049 4573 3237 4630 Sethei
3259 4571 3558 4643 aliquando

226 4685 330 4741 pro
358 4668 429 4704 ⁸⁴⁰
457 4669 631 4725 salute
656 4685 780 4725 cum
828 4668 1056 4739 parvulo
1106 4668 1389 4723 Bolezlavo
1434 4643 1920 4741 transfugisset.D
1948 4643 2199 4738 tempore
2244 4643 2557 4720 maceravit.
2618 4664 2811 4720 Postea
2874 4678 3002 4718 vero
3037 4663 3093 4717 in
3142 4659 3558 4717 consecratione

1564 4769 1786 4825 VARUE
1816 4769 2188 4825 LECTIONES.

301 4869 371 4905 ⁸⁰⁷
414 4867 684 4923 Brzeczlai
713 4868 765 4922 3.
844 4866 914 4902 ⁸0⁸
941 4867 1181 4931 ideoque
1206 4868 1257 4922 3.
1350 4867 1419 4903 ⁸⁰⁰
1450 4868 1753 4931 Sbigneum
1782 4869 1836 4923 2.
1920 4868 1990 4903 διο
2028 4865 2363 4921 monasterio
2393 4863 2446 4920 3.
2542 4864 2607 4898 ⁸¹¹
2641 4864 2787 4919 deest
2828 4861 2881 4919 3.
2969 4859 3465 4931 Imletagacionem
3496 4859 3553 4914 2-

301 4884 368 4905 ονε
416 4884 684 4923 urzeczlai
713 4884 765 4922 δ.
844 4884 1181 4973 “"108qu8
1206 4884 1257 4922 δ.
1338 4884 1419 4949 ὀυ’
1450 4884 1753 4959 anigneum
1782 4884 1836 4923 2.
1894 4884 1990 4949 fw
2028 4884 2363 4921 monaswrlo
2393 4884 2446 4920 ο.
2542 4884 2607 4898 οι·
2641 4884 2787 4947 deest
2828 4884 2881 4919 ι).
2969 4884 3039 4896 νι-
3061 4884 3465 4931 ietagaeiuuem
3497 4884 3549 4914 z-

227 4940 299 4976 ⁸¹³
329 4941 566 5005 Quorum
586 4939 637 4993 3.
705 4939 775 4974 διδ
800 4939 942 4994 deest
971 4937 1025 4994 3.
1065 4939 1087 4972 ⁸
1113 4938 1135 4974 ⁸
1165 4938 1353 4995 decori
1384 4938 1435 4993 1.
1468 4939 1521 4993 2.
1557 4943 1609 4995 δ.
1645 4940 1906 4995 dedecori
1940 4942 2140 4994 rectius
2170 4938 2329 4992 habet
2350 4936 2546 4993 Chron.
2576 4950 2753 5004 pune.
2780 4935 2965 4989 Polon.
3000 4934 3083 5005 ed.
3130 4932 3429 5005 St‘enzelgp.
3461 4930 3549 4985 65.

230 4951 299 4976 ἰδ
329 4951 566 5005 Quorum
586 4951 637 4993 :5.
705 4951 775 4974 δι’
800 4951 942 4994 deest
971 4951 1025 4994 δ.
1065 4951 1135 4974 δι’
1165 4951 1353 4995 decori
1384 4951 1435 4993 1.
1468 4951 1521 4993 2.
1557 4951 1609 4995 δ.
1645 4951 1906 4995 dedecori
1940 4951 2140 4994 rectius
2170 4951 2329 4992 habet
2350 4951 2546 4993 Chron.
2576 4951 2753 5004 princ.
2780 4951 2965 4989 rown.
3000 4951 3083 4986 ea.
3130 4951 3337 4987 memet
3372 4951 3429 5000 ρ.
3461 4951 3549 4985 oo-

230 5013 304 5047 ⁸¹⁶
345 5010 767 5065 lacrimabilitus
789 5010 844 5064 2.
933 5010 1001 5045 δι”
1024 5024 1134 5064 non
1183 5009 1236 5065 3.
1311 5010 1380 5045 ⁸¹⁸
1405 5010 1639 5067 Zetheus
1669 5012 1721 5065 1.
1769 5012 1822 5065 2.
1862 5011 1915 5067 3.
2011 5011 2080 5045 ⁸19
2106 5019 2161 5064 et
2197 5009 2251 5062 2.
2330 5007 2400 5041 ⁸²⁰
2429 5008 2607 5067 legato
2629 5006 2682 5063 3.
2766 5006 2832 5040 ⁸²ί
2868 5004 3155 5058 Wratislao
3174 5002 3226 5056 3.
3338 5002 3554 5056 “’ma-

230 5082 607 5190 gnatibusque
636 5082 689 5136 3.
785 5081 856 5163 ξ²³
882 5080 1186 5154 Sbigneum
1236 5080 1290 5162 2:
1333 5081 1386 5135 3.
1458 5081 1526 5117 ³³⁸
1555 5082 1652 5137 sed
1682 5082 1736 5138 1.
1768 5083 1822 5136 2.
1856 5081 1905 5138 3.
1992 5082 2061 5115 ⁸³⁵
2087 5079 2294 5134 vellent
2336 5081 2385 5134 1.
2481 5073 2552 5113 ⁸²⁸
2578 5078 2720 5133 deest
2750 5076 2802 5133 3.
2884 5076 2951 5110 "7
2978 5084 3035 5156 et
3211 5073 3279 5108 ⁸²⁸
3306 5073 3451 5153 deest
3498 5073 3552 5127 3.

255 5155 301 5189 ιο
322 5169 496 5190 αοηιιρ
535 5154 569 5190 2
656 5151 727 5187 ato
749 5168 872 5190 οιιια
900 5152 932 5190 2
1035 5152 1102 5187 ssi
1123 5152 1353 5190 ηιιοδιρο
1385 5152 1544 5190 ιπωίι
1581 5169 1793 5190 omnao
1822 5154 1851 5190 ἢ
1909 5153 2000 5190 cod
2040 5159 2163 5190 mu
2187 5151 2378 5190 Αριρμίρ
2485 5150 2554 5184 ss:
2584 5150 2729 5190 ιιρρρι
2757 5148 2791 5190 2
2892 5146 2962 5181 833
2984 5162 3148 5190 mmm
3186 5144 3552 5190 Wladlslavnﬂ

322 5144 606 5224 seque
656 5151 729 5224 “9
747 5152 873 5224 ejus
898 5152 952 5207 3.
981 5144 1014 5154 υ
1035 5152 1102 5187 ⁸³³
1123 5151 1362 5224 obedire?
1385 5152 1544 5208 addit
1581 5169 1793 5209 errones
1822 5154 1870 5209 2.
1906 5153 2000 5208 sed
2037 5151 2397 5224 postdelcrit.
2483 5150 2554 5224 ξδ’
2584 5150 2729 5224 (lgest
2757 5148 2843 5224 3__
2892 5146 2962 5224 δῗδ
2984 5145 3148 5224 nimis
3186 5144 3557 5224 ngdislavus

275 5213 439 5305 (om.
586 5213 796 5305 3.Μ⁸³⁸’
816 5223 1235 5305 Bneezlaumn3:
1258 5294 1270 5305 .
1427 5224 1481 5305 in
1509 5226 1637 5305 3.___
1667 5224 1736 5305 ξθδ
1756 5226 1900 5305 deest
2037 5213 2132 5305 ⁸⁸³ἶ
2162 5223 2432 5305 Zecheum
2476 5221 2521 5305 ἔξ
2562 5293 2574 5305 _
2612 5220 2680 5255 ⁸³⁸
2703 5237 2747 5275 r.
2772 5218 3088 5305 'ngdesunt
3109 5217 3163 5271 3.
3187 5215 3313 5305 M3”
3338 5216 3483 5305 deest
3499 5213 3552 5305 ξι.

255 5296 303 5330 ⁴⁰
319 5295 561 5377 deest
648 5294 725 5377 Μ.
749 5309 860 5377 non
895 5295 1083 5377 vel-3.
1163 5294 1414 5377 81fimus.
1569 5294 1639 5330 ⁸⁸³
1664 5296 1731 5377 (le
1763 5296 1885 5377 loco
1906 5296 2447 5377 "Chroniconnprinc.
2480 5293 2685 5377 Ροιοη.¹
2721 5291 2803 5345 ed.
2839 5290 3050 5377 St‘onzel
3080 5305 3143 5377 p.’
3172 5287 3257 5372 .66
3331 5286 3433 5377 1’“
3460 5300 3559 5377 eo‘s

231 5371 297 5451 1.;
318 5366 371 5421 2.
462 5366 532 5400 ⁸⁸⁸
561 5364 888 5451 accedat};
944 5366 1015 5401 3“
1034 5366 1147 5451 jam
1446 5365 1658 5451 dirum'
1678 5366 1733 5451 2ζ
1780 5367 1879 5451 ,διε
1902 5366 2198 5451 (Ξῖ-ηπ)γὶοῃ
2226 5359 2280 5451 ¹3
2327 5379 2637 5451 semperque
2663 5363 2803 5448 hanc
2827 5361 3272 5451 orthographiam
3295 5359 3557 5451 obseruit.

225 5439 297 5524 ’ξ’
325 5441 672 5522 argumentat
694 5437 977 5520 edit.l_’ars
1122 5437 1244 5519 1:11,
1273 5438 1477 5493 codices
1502 5454 1608 5493 non
1638 5439 1813 5520 habet,
1843 5454 1945 5493 sec.
1980 5440 2028 5493 1.
2061 5438 2096 5490 2
2160 5433 2506 5504 interponunt
2520 5438 2762 5516 spacium
2790 5449 2916 5487 vero
2944 5448 3049 5486 uno
3091 5433 3300 5511 habitu,
3328 5444 3438 5485 non
3465 5433 3557 5482 in-

222 5525 434 5580 cipiens
462 5512 695 5580 aioapite
718 5514 915 5580 pergit.
979 5508 1024 5543 ³⁵
1078 5508 1297 5580 fugiens
1325 5509 1377 5564 3.
1448 5509 1514 5545 ⁸δ¹
1542 5518 1837 5565 commixta
1872 5511 1923 5564 3.
2002 5510 2071 5544 35’
2102 5523 2235 5580 pace
2266 5507 2318 5560 2.
2361 5508 2413 5561 3.
2450 5579 2462 5580 ﬁ
2489 5506 2559 5540 ⁸³³
2584 5524 2643 5580 _l._
2672 5506 2707 5580 Ι.
2750 5506 2944 5580 desunt
2969 5504 3022 5557 3.
3109 5502 3454 5580 35‘Aprimum
3495 5496 3553 5551 3.

223 5572 299 5616 "'5
328 5588 416 5634 est
437 5572 599 5633 addit
626 5579 681 5635 3.
718 5572 737 5577 ’
765 5572 837 5615 ’δέ
864 5580 1010 5635 deest
1039 5581 1065 5634 1
1122 5572 1177 5636 ἶ.
1258 5580 1325 5615 ⁸⁸⁷
1356 5596 1528 5635 unum
1558 5581 1610 5634 1.
1636 5581 1672 5635 2
1726 5582 1778 5639 3.
1821 5572 2115 5651 recepimus
2139 5579 2413 5633 lectionem
2440 5577 2720 5632 Bandtkii.
2804 5575 2873 5611 ⁸⁵⁸
2898 5587 3161 5629 concesse
3180 5572 3234 5627 3.

302 5747 451 5817 (125)
485 5747 524 5800 l.
559 5762 610 5801 e.
645 5748 1082 5805 exsecutoribus.
1109 5749 1168 5803 Κ.
1792 5678 2002 5735 NOTAE.
2025 5746 2167 5817 (127)
2198 5745 2393 5801 Lucan,
2434 5743 2671 5799 Pharsal.
2709 5761 2747 5810 ι,
2777 5744 2824 5797 1.
2860 5743 2919 5795 Κ.

308 5817 453 5887 (126)
488 5817 656 5872 Aliter
671 5817 915 5888 Cosmas,
949 5836 1027 5888 ιιι,
1062 5820 1111 5874 1.
1154 5821 1211 5873 Κ.
