3960 6198
226 323 342 377 885

1612 324 1800 380 LIBER
1841 322 2195 379 SECUNDUS.

3459 330 3565 389 886

223 447 324 503 illa
350 447 473 503 vice
525 454 738 520 partem
793 447 1045 503 Moravia!
1070 448 1379 507 maximam
1430 449 1840 515 destruxerunt,
1868 453 1921 520 Α
1946 464 2071 504 cum
2101 449 2292 519 paucis
2319 456 2490 504 teram
2526 451 2768 505 hostium
2800 452 3087 521 introibat,
3130 454 3386 527 villisque
3409 471 3563 514 com-

227 542 476 614 indeque
498 541 741 612 praedam
769 542 997 597 multam
1021 550 1077 597 et
1106 544 1350 615 captivos
1380 544 1729 602 adduxerunt
1752 546 1843 616 9",

226 650 294 689 ac
315 633 436 689 sine
466 633 599 689 belli
630 633 950 689 discrimine
973 632 1060 688 vel
1094 633 1309 689 itineris
1340 635 1642 692 redierunt.

410 727 496 782 1t.
528 727 837 782 Boleslavus
878 741 1017 796 puer
1052 728 1327 793 interfecit
1354 744 1551 798 aprum
1580 728 1669 782 θη.

226 815 396 871 Multa
426 831 644 887 possem
678 817 747 870 de
785 814 1016 870 audacia
1046 816 1210 886 hujus
1234 817 1390 888 pueri
1426 818 1766 890 scriptitare.

225 905 344 961 Nisi
371 911 589 977 tempus
612 905 725 976 jam
762 905 991 961 instaret
1031 906 1098 961 ad
1146 923 1417 963 summam
1475 909 1661 980 operis
1710 925 1843 983 pro-

1543 999 1779 1074 [perare.

223 1087 431 1141 Tamen
443 1085 513 1121 ⁹¹⁸
531 1084 809 1158 quoddam
836 1086 892 1141 in
912 1088 1128 1143 occulto
1151 1104 1259 1144 non
1280 1090 1591 1161 permittam
1614 1089 1847 1160 latitare,

225 1180 361 1236 Cum
393 1179 465 1234 sit
493 1179 721 1254 dignum
752 1180 820 1235 ad
852 1182 1162 1252 exemplum
1197 1181 1488 1254 probitatis
1514 1184 1757 1241 rutilare.

227 1270 473 1336 Quadam
505 1272 625 1327 vice
657 1287 796 1342 puer
824 1270 1011 1327 Martis
1039 1273 1107 1327 ad
1133 1274 1486 1347 gentaculum
1512 1275 1581 1311 ⁹¹⁸
1610 1276 1666 1330 in
1709 1276 1848 1332 silva

230 1365 511 1433 residens,
540 1382 736 1437 aprum
765 1365 1062 1421 immanem
1094 1376 1470 1424 transeuntem
1511 1385 1573 1426 ac
1602 1369 1846 1426 densita-

224 1462 337 1511 tem
382 1454 533 1510 silva:
562 1456 893 1510 subeuntem
927 1454 1085 1520 vidit,
1133 1472 1296 1527 quem
1330 1457 1514 1512 statim
1542 1458 1611 1513 de
1654 1474 1849 1514 mensa

224 1558 481 1617 surgens,
525 1551 810 1614 assumpto
848 1543 1121 1598 venabulo
1178 1544 1527 1613 subsecutus,
1581 1546 1700 1602 sine
1757 1564 1848 1604 co-

221 1632 358 1686 mite
389 1632 474 1687 vel
502 1647 638 1687 cane
681 1641 1150 1703 praesumptuosus
1174 1633 1393 1690 invasit.
1446 1634 1688 1709 Cumque
1718 1637 1846 1693 ferae

1948 542 2126 597 bustis
2180 542 2427 613 captivos
2475 548 2528 597 et
2571 543 2811 613 pmdam
2862 545 3186 602 adducebat.
3247 549 3363 604 Jam
3414 550 3564 605 enim

1950 630 2210 686 ducatum
2242 630 2749 687 Wratislavensem.
2796 647 2935 702 puer
2961 640 3144 701 aatate,
3174 651 3344 691 senex
3377 638 3565 709 probi-

1949 729 2059 778 tate
2085 723 2378 790 retinebat,
2414 722 2651 778 necdum
2694 730 2875 779 tamcn
2928 724 3163 780 militare
3194 726 3262 761 9"
3303 729 3565 802 gaudium

1950 816 2273 888 attingebat.
2310 816 2464 871 Unde
2495 816 2625 887 quia
2643 832 2772 888 spes
2799 816 2853 870 in
2885 831 2950 871 eo
2966 816 3187 885 juvenis
3211 818 3371 873 bonae
3399 820 3565 877 indo-

1952 906 2021 961 lis
2052 906 2355 977 pullulabat
2391 907 2482 974 πο,
2506 907 2736 979 jamque
2774 923 3035 980 magnum
3078 907 3143 941 ⁹³¹
3192 907 3248 962 in
3281 924 3348 964 eo
3374 910 3565 983 gloriae

1953 999 2171 1073 signum
2220 999 2476 1055 militaris
2532 1000 2851 1070 apparebat,
2894 1015 3089 1055 omnes
3127 1016 3253 1055 eum
3286 1000 3568 1073 principes

1955 1091 2260 1165 diligebant
2282 1092 2412 1164 quia
2447 1092 2687 1149 futurum
2719 1092 2777 1147 in
2822 1107 2889 1148 eo
2915 1108 3175 1167 magnum
3206 1092 3416 1165 aliquid
3439 1109 3562 1165 per-

1954 1181 2271 1253 pendebant

2150 1271 2230 1324 14.
2272 1272 2581 1327 Βοιθιιαυιιδ
2629 1276 2952 1327 Pomoranos
2979 1278 3251 1343 oppugnat
3278 1270 3368 1326 ⁸³³.

2021 1359 2170 1413 Idem
2205 1374 2334 1414 vero
2366 1361 2649 1430 puerulus,
2682 1359 2864 1415 Martis
2915 1360 2985 1395 ’33
3034 1362 3187 1431 prole
3217 1362 3562 1434 progenitus,

1946 1452 2184 1524 quadam
2215 1451 2334 1507 vice
2365 1468 2532 1522 super
2562 1452 2942 1507 Pomoraniam
2986 1453 3271 1525 equitavit,
3322 1454 3414 1508 ubi
3446 1454 3559 1523 jam

1947 1541 2263 1595 evidentius
2296 1540 2496 1594 famam
2538 1541 2622 1594 sui
2662 1541 2906 1595 nominis
2951 1543 3274 1613 propalavit.
3317 1544 3562 1615 Namque

1947 1640 2183 1688 castrum
2216 1633 2552 1704 Mezyrtecze
2596 1634 2664 1667 93‘
2692 1633 2827 1703 (130)
2861 1635 3025 1688 tantis
3078 1635 3288 1689 viribus
3317 1636 3559 1703 obsedit,

221 1719 465 1775 silvestri
500 1719 952 1791 pr0pinquasset,
984 1728 1037 1775 et
1057 1721 1170 1790 jam
1200 1722 1367 1777 ictum
1389 1723 1444 1778 in
1476 1725 1598 1797 ejus
1624 1734 1844 1799 gutture
1872 1774 1918 1799 η
1947 1729 2212 1794 tantoque
2237 1723 2443 1793 impetu
2482 1721 2764 1776 assultavit
2783 1723 2852 1756 ’35
2880 1723 3027 1793 quod
3058 1722 3129 1757 ⁸³⁸
3153 1723 3344 1794 paucis
3364 1724 3562 1779 diebus

408 1774 411 1775 ν
500 1774 515 1791 .
580 1774 622 1791 γι
725 1774 741 1791 ι
1480 1774 1595 1797 νδν-
1668 1774 1842 1781 ------
1951 1774 2442 1794 νῆ--ηγτηηικρί
3154 1774 3559 1794 μην-νηη-

221 1811 441 1867 vibrare
471 1811 757 1877 voluisset,
799 1827 865 1866 ex
897 1812 1127 1868 adverso
1158 1814 1382 1885 quidam
1414 1816 1575 1870 miles
1603 1774 1724 1885 ejus
1749 1832 1843 1873 oc-
1870 1774 1922 1842 Β
1946 1811 2259 1883 Oppidanos
2296 1810 2364 1845 937
2420 1809 2761 1865 deditionem
2802 1809 2981 1865 facere
3024 1811 3287 1866 coartavit
3336 1813 3424 1867 ³³⁸.
3477 1813 3559 1867 Ibi

222 1904 415 1970 currit,
444 1904 538 1975 qui
586 1903 864 1959 vibratum
915 1905 1081 1960 ictum
1125 1908 1369 1974 retinuit,
1416 1917 1471 1964 et
1513 1910 1844 1966 venabulum

221 1994 275 2049 ei
305 1993 521 2049 auferre
555 1993 747 2049 voluit.
781 1994 913 2048 Tum
946 1996 1017 2030 ⁹¹⁶
1057 2012 1188 2051 vero
1223 1997 1539 2053 Boleslavus
1587 2000 1715 2068 ira,‘
1741 2000 1845 2054 im-

219 2100 311 2139 mo
341 2085 570 2140 audacia
600 2084 935 2154 stimulatus,
962 2088 1245 2159 geminum
1277 2089 1523 2145 duellum
1568 2092 1840 2147 mirabili-

215 2185 323 2244 ter,
357 2178 655 2232 humanum
687 2179 902 2235 scilicet
941 2188 995 2236 et
1032 2181 1291 2249 ferinum,
1340 2182 1696 2258 singulariter
1739 2202 1836 2240 su-

210 2268 442 2339 peravit.
495 2269 626 2323 Nam
662 2277 716 2325 et
757 2270 834 2324 illi
869 2272 1205 2327 venabulum
1238 2272 1485 2338 abstulit,
1544 2281 1597 2329 et
1642 2293 1833 2347 aprum

208 2356 415 2412 occidit
468 2357 559 2412 llle
589 2374 722 2414 vero
754 2359 910 2415 miles
946 2367 1135 2431 postea
1166 2378 1264 2416 cur
1298 2362 1402 2418 hoc
1423 2362 1615 2419 fecerit
1648 2365 1834 2437 requi-

210 2445 379 2512 situs,
411 2460 472 2500 se
495 2447 794 2502 nescivisse
828 2448 958 2519 quid
1001 2449 1178 2523 egerit
1226 2456 1309 2505 est
1343 2451 1646 2521 professus,
1679 2461 1734 2508 et
1762 2454 1834 2509 ob

208 2536 318 2591 hoc
345 2545 527 2592 tamen
557 2546 640 2592 est
670 2538 739 2592 ab
767 2539 887 2607 ejus
924 2540 1099 2612 gratia
1130 2541 1298 2613 longo
1357 2550 1603 2613 tempore
1642 2559 1837 2617 seque-

209 2632 433 2682 stratus.
466 2628 561 2683 llle
594 2645 724 2684 vero
761 2646 901 2700 puer
950 2630 1081 2685 inde
1120 2631 1289 2687 rediit
1343 2632 1621 2707 fatigatus,
1653 2644 1707 2690 et
1750 2634 1834 2690 vix

212 2724 403 2774 tamen
440 2719 585 2774 vires
621 2720 689 2755 9”
721 2719 961 2776 obtinuit
1000 2723 1297 2778 ventilatus
1322 2724 1418 2779 θη.

498 2810 583 2866 12.
615 2814 924 2868 Boleslavus
956 2830 1147 2870 ursum
1174 2818 1446 2884 interfecit
1474 2817 1562 2870 θη.

292 2903 453 2959 Aliud
484 2920 706 2977 quoque
731 2904 931 2961 factum
965 2907 1085 2975 ejus
1115 2908 1331 2979 puerile
1362 2910 1490 2965 huic
1516 2910 1694 2966 simile
1727 2927 1836 2967 non

217 2997 437 3065 tacebo,
489 2999 741 3070 quamvis
774 3000 1023 3055 noverim
1077 3002 1209 3073 quia
1238 3002 1452 3057 aemulis
1482 3003 1552 3038 ⁹²⁰
1583 3020 1692 3060 non
1738 3020 1839 3076 per

215 3089 408 3146 omnia
440 3090 800 3161 complacebo
827 3092 913 3144 "1.
948 3093 1096 3147 Idem
1128 3094 1197 3128 9”
1230 3111 1366 3165 puer
1392 3111 1517 3150 cum
1558 3097 1751 3167 paucis
1781 3097 1835 3151 in

1947 1919 2167 1976 quoque
2196 1903 2266 1937 93°
2282 1901 2499 1974 dapifer
2523 1902 2847 1973 Woyslavus
2879 1902 2933 1956 in
2966 1903 3170 1957 vertice
3202 1904 3308 1957 tale
3337 1904 3558 1979 signum

1944 1997 2189 2052 audaciae
2220 1996 2578 2066 comparavit,
2612 2011 2720 2067 quo
2756 1996 2844 2049 vix
2876 2012 3000 2051 eum
3041 1997 3300 2053 extractis
3343 1998 3560 2054 ossibus

1943 2092 2191 2164 operatio
2224 2107 2387 2165 sagax
2420 2091 2620 2146 medici
2651 2091 2930 2148 liberavit.

2006 2181 2095 2237 15.
2128 2182 2387 2245 Quomodo
2431 2181 2628 2235 bellum
2663 2184 2879 2250 gesserit
2910 2184 2968 2235 in
3012 2185 3337 2237 Pomorania
3390 2181 3485 2239 9‘“.

2007 2273 2141 2327 Inde
2172 2287 2457 2343 regressus
2489 2272 2658 2343 quieti
2686 2272 2920 2325 militum
2945 2270 3342 2342 aliquantulum
3370 2272 3553 2327 indul-

1934 2365 2025 2431 sit,
2078 2380 2285 2435 eosque
2342 2363 2523 2418 statim
2583 2362 2711 2418 illuc
2768 2379 2907 2434 puer
2962 2361 3272 2418 laboriosus
3309 2363 3549 2419 reduxit.

1940 2457 2042 2521 Qui
2071 2456 2355 2529 regionem
2402 2455 2757 2509 barbarorum
2791 2454 3087 2524 subjugare
3129 2454 3548 2524 concupiscens,

1939 2545 2155 2616 praedas
2183 2559 2344 2617 agere
2375 2543 2527 2613 prius
2556 2543 2639 2597 vel
2671 2542 2927 2597 incendia
2954 2541 3134 2596 facere
3157 2557 3267 2596 non
3299 2549 3549 2609 conatur,

1938 2637 2034 2691 sed
2095 2651 2285 2690 eorum
2330 2634 2671 2689 munitiones
2725 2634 2811 2689 vel
2850 2634 3101 2688 civitates
3156 2633 3406 2688 obtinere
3462 2635 3551 2690 vel

1939 2730 2223 2784 destruere
2254 2727 2557 2782 meditatur
2584 2727 2673 2780 9“.
2710 2727 2880 2802 Igitur
2912 2743 3104 2802 gressu
3125 2727 3342 2783 concito
3370 2729 3553 2799 quod-

1940 2821 2066 2874 dam
2098 2820 2169 2855 9"
2200 2818 2385 2874 nobile
2412 2818 2544 2873 satis
2572 2834 2637 2873 ac
2674 2818 2745 2853 9⁸³
2773 2818 2911 2874 forte
2936 2826 3177 2873 castrum
3204 2820 3273 2853 9“
3299 2819 3551 2875 obsessu-

1939 2927 2033 2965 rus
2065 2909 2283 2971 invasit,
2320 2909 2468 2979 quod
2497 2918 2681 2962 tamen
2723 2909 2843 2979 ejus
2875 2909 3109 2979 primum
3142 2909 3407 2979 impetum
3439 2925 3550 2965 non

1938 3003 2135 3069 evasit,
2158 3003 2308 3057 unde
2328 3002 2563 3073 przedam
2581 3001 2807 3056 multam
2833 3002 3142 3072 etcaptivos
3163 3002 3297 3074 egit,
3314 3002 3550 3057 bellato—

1939 3112 2029 3149 res
2048 3109 2179 3149 vero
2192 3093 2479 3149 sentcntiae
2496 3092 2707 3146 bellicae
2734 3092 2945 3166 redegit
2974 3093 3043 3127 9‘5
3071 3093 3130 3146 Et
3154 3108 3263 3164 quo
3282 3092 3460 3166 magis
3482 3093 3554 3137 9.“

211 3177 354 3234 silva
368 3177 762 3249 deambulans,
795 3180 849 3233 in
872 3181 1225 3237 eminentiori
1247 3183 1368 3239 loco
1399 3183 1539 3240 forte
1565 3186 1834 3255 constitit,
1862 3150 1909 3216 Ο
1937 3186 2108 3242 amari
2130 3185 2343 3252 debuit,
2377 3200 2443 3239 eo
2465 3184 2571 3238 sibi
2597 3184 2860 3252 majorem
2886 3184 3146 3238 invidiam
3176 3184 3473 3239 cumulavit
3497 3192 3553 3239 et

207 3289 276 3329 ac
307 3273 566 3330 deorsum
586 3274 691 3329 huc
710 3274 950 3346 illucque
977 3278 1385 3349 contemplans,
1413 3296 1599 3335 ursum
1637 3280 1837 3355 ingen-

215 3371 332 3420 tem
364 3380 489 3419 cum
522 3380 649 3419 ursa
676 3364 1049 3420 colludentem
1089 3367 1159 3401 9’3
1197 3370 1495 3439 prospexit.
1548 3370 1663 3434 Quo
1695 3371 1833 3438 viso,

207 3451 396 3508 statim
425 3452 550 3506 aliis
581 3452 872 3523 prohibitis
899 3454 954 3507 in
989 3454 1268 3524 planitiem
1296 3456 1608 3526 descendit,
1650 3474 1715 3513 ac
1743 3474 1837 3514 so-

207 3545 297 3599 lus
318 3552 373 3598 et
414 3543 722 3614 intrepidus
756 3560 901 3616 equo
933 3546 1136 3600 sedens
1158 3554 1413 3602 cruentas
1459 3548 1604 3603 feras
1634 3550 1701 3582 93"
1730 3549 1833 3603 ad-

207 3635 333 3698 ivit.
377 3650 677 3707 ursumque
697 3643 888 3692 contra
918 3654 975 3692 se
1003 3653 1331 3693 conversum
1364 3639 1608 3695 brachiis
1638 3642 1838 3696 erectis

208 3724 491 3781 venabulo
552 3725 851 3795 perforavit
924 3725 1079 3789 Quod
1125 3725 1321 3782 factum
1374 3729 1508 3783 satis
1569 3728 1671 3783 fuit
1724 3728 1837 3784 illic

213 3817 527 3873 astantibus
554 3819 981 3886 ammirandum,
1011 3828 1065 3874 et
1087 3834 1197 3875 non
1218 3820 1537 3876 videntibus
1555 3837 1654 3893 pro
1682 3830 1836 3879 tanta

210 3909 451 3963 audacia
478 3908 634 3979 pueri
665 3908 1033 3962 recitandum.

412 3996 501 4050 13.
535 3998 843 4052 Boleslavus
869 4001 930 4051 in
958 4001 1220 4053 hosticum
1245 4003 1518 4069 procurrit
1542 4000 1631 4034 9³⁵·

285 4088 506 4142 Interea
528 4088 868 4153 Boleslavus,
903 4090 1169 4144 martialis
1187 4106 1344 4161 puer,
1366 4090 1578 4145 viribus
1596 4098 1649 4145 et
1678 4099 1839 4147 aetate

207 4180 515 4246 crescebat,
546 4196 669 4246 nec,
703 4187 761 4235 ut
800 4182 1008 4235 assolet
1037 4190 1168 4236 aetas
1197 4182 1267 4216 ⁰²⁶
1290 4183 1541 4253 puerilis,
1582 4183 1732 4238 luxui
1755 4185 1839 4239 vel

207 4267 552 4323 vanitatibus
584 4268 910 4323 intendebat
939 4269 1107 4341 (129),
1138 4270 1237 4324 sed
1290 4270 1621 4342 ubicumque
1653 4272 1839 4327 hostes

210 4359 432 4432 praedas
460 4376 623 4433 agere
655 4361 950 4427 sentiebat,
981 4362 1111 4416 illuc
1142 4362 1377 4436 impiger
1406 4378 1529 4417 cum
1560 4378 1834 4435 coaequan-

1938 3276 2289 3331 inimicorum
2324 3273 2559 3327 insidias
2589 3274 2654 3326 ad
2687 3289 2843 3326 suum
2885 3273 3165 3327 interitum
3211 3271 3547 3343 provocavit.

2259 3364 2325 3418 16
2377 3363 2445 3397 ⁹⁴⁷
2478 3365 2893 3417 Machmationes
2930 3366 3108 3417 Zethei
3135 3363 3223 3416 9‘3.

2011 3456 2224 3508 Interea
2263 3468 2500 3522 namque
2548 3452 2784 3504 Zetheus
2818 3450 3036 3517 multas,
3076 3459 3135 3504 ut
3177 3451 3379 3517 ferunt,
3411 3450 3550 3521 ipsis

1938 3542 2125 3613 pueris
2164 3540 2395 3594 insidias
2431 3539 2830 3609 praetendebat,
2870 3554 2933 3593 ac
2970 3546 3260 3607 paternum
3302 3540 3547 3595 animum

1937 3634 2005 3687 ab
2045 3632 2243 3688 affectu
2292 3631 2528 3685 filiorum
2560 3632 2746 3685 multis
2785 3631 3288 3687 machinationibus
3322 3643 3550 3690 averte-

1936 3723 2049 3778 bat.
2079 3724 2134 3775 ln
2165 3721 2402 3775 castellis
2431 3720 2592 3773 etiam
2655 3736 2950 3790 puerorum
2985 3721 3234 3790 partibus
3271 3722 3552 3794 deputatis

1937 3826 2030 3872 aut
2058 3816 2141 3870 sui
2172 3815 2390 3888 generis
2412 3821 2505 3869 aut
2538 3813 2837 3877 inferioris,
2872 3814 3079 3884 quibus
3106 3814 3548 3883 dominarentur,

1937 3907 2168 3963 comites
2204 3907 2286 3960 vel
2331 3906 2624 3976 prista‘dos
2662 3905 3044 3975 prmponebat.
3103 3922 3310 3977 eosque
3364 3908 3550 3976 pueris

1941 3997 2330 4051 inobedientes
2357 3996 2589 4049 existere
2621 4004 2839 4048 versuta
2878 3994 3179 4048 calliditate
3225 4010 3547 4051 commove-

1940 4088 2051 4143 bat.
2096 4088 2372 4143 Ambobus
2396 4086 2670 4159 siquidem
2703 4086 2963 4140 fratribus
2996 4085 3227 4140 infestus
3263 4087 3551 4144 insidiator

1941 4186 2231 4247 existebat,
2262 4184 2360 4238 sed
2396 4184 2567 4256 magis
2608 4190 2788 4236 tamen
2854 4181 3190 4236 Bolczlavum
3243 4181 3545 4252 legitimum

1942 4280 1996 4329 et
2025 4290 2204 4328 acrem
2264 4272 2470 4335 animo,
2512 4279 2636 4343 post
2679 4279 2883 4342 patrem
2924 4279 3303 4344 regnaturum,
3330 4287 3431 4325 suo
3463 4271 3549 4325 in-

1940 4364 2182 4419 fortunio
2210 4363 2488 4418 metuebat
2540 4362 2647 4431 Ipsi
2704 4376 2834 4415 vero
2879 4360 3068 4414 fratres
3109 4360 3438 4429 jusjurando
3487 4375 3548 4415 se

210 4455 296 4511 vis
322 4455 397 4490 ⁸³⁷
418 4454 722 4525 juvenibus
744 4456 1095 4527 properabat,
1118 4465 1173 4512 et
1204 4458 1531 4528 plerumque
1553 4458 1622 4492 9”
1644 4457 1831 4513 furtim
1860 4440 1914 4508 D
1939 4457 2341 4525 conjunxerant
2395 4453 2464 4487 9‘9
2507 4463 2561 4507 et
2610 4453 2754 4506 inter
2795 4467 2854 4505 se
2898 4450 3113 4524 signum
3162 4448 3404 4504 fecerant
3455 4448 3546 4505 “5°.

1558 4617 1779 4673 VARIAZ
1822 4617 2198 4673 LECTIONES.

283 4739 357 4775 ⁹¹²
382 4738 735 4819 abduxerunt
904 4744 977 4819 fl}
1004 4752 1392 4819 argumentum
1429 4748 1555 4819 edit.
1587 4720 1711 4801 Ged:
1736 4764 1791 4819 p.
1827 4748 1916 4801 83.
1964 4748 2104 4802 deest
2136 4748 2183 4801 1.
2214 4745 2266 4799 2.
2303 4746 2354 4799 3.
2448 4745 2664 4819 “ficum
2710 4744 2764 4799 2.
2791 4815 2803 4819 Δ
2840 4743 2912 4819 ⁹¹ῗ
2934 4742 3273 4819 genticulum
3322 4741 3403 4819 2.“
3476 4740 3548 4819 ’1‘

211 4809 347 4865 Cum
386 4811 440 4868 3.
521 4813 590 4847 "7
620 4814 762 4869 deest
789 4815 841 4867 3.
901 4815 970 4849 θη
992 4809 1098 4870 (βιοῖ
1145 4818 1293 4871 addit
1323 4817 1372 4871 3.
1448 4817 1517 4851 9"
1555 4809 1939 4885 argumentum
1989 4821 2111 4874 edit.
2169 4823 2312 4873 ναν-δ.
2366 4833 2419 4884 p.
2464 4816 2566 4868 156
2603 4816 2742 4869 deest
2782 4815 2833 4868 1.
2885 4809 3033 4869 2Ῐ3.

211 4882 281 4917 ⁹²¹
316 4883 569 4942 quamvis
608 4885 852 4940 noverim
908 4917 978 4926 —
1007 4888 1362 4942 complacebo
1410 4890 1604 4942 desunt
1652 4889 1704 4942 3.
1790 4891 2110 4942 9“namaue
2165 4890 2314 4942 addit
2370 4887 2401 4942 3
2488 4887 2558 4919 ⁹²³
2587 4886 2873 4940 colludere
2919 4889 2973 4940 2.
3016 4886 3048 4939 3

1230 4904 1362 4941 C(‘IIO
1410 4904 1604 4943 desunt
1652 4904 1704 4943 ὅ.
1790 4904 2110 4961 "'namquc
2165 4904 2314 4943 αααῖι
2370 4904 2401 4942 ὕ
2491 4904 2558 4919 ’⁵⁸³
2587 4904 2873 4940 ΟΟΙΙΗΟΟΓΘ
2919 4904 2973 4940 Ζ.
3016 4904 3066 4939 ὁ.

1230 4960 1293 4996 N7
1333 4959 1472 4996 done!
1512 4960 1532 4996 1|
1613 4960 1647 4996 θ)
1706 4960 1737 4996 Ω
1838 4962 1909 4996 926
1931 4971 2074 4996 οειαρ
2118 4962 2153 4996 6)
2270 4959 2337 4993 927
2371 4958 2668 4996 nnnnnnniq
2719 4960 2750 4996 Ϊξ
2805 4958 3046 4996 ρηηιγίρθὶ

919 4964 1055 5012 Vars.
1085 4975 1141 5026 ρ.
1192 4960 1293 5011 157
1333 4959 1472 5013 deest
1512 4960 1562 5014 1.
1613 4960 1666 5013 2.
1705 4960 1755 5016 3.
1838 4962 1909 4996 ⁹²⁶
1931 4959 2076 5015 estas
2118 4962 2169 5014 2.
2270 4959 2337 4993 9’7
2371 4959 2635 5028 cocquani

919 5028 1263 5133 ξδςυὰιυιθγῑι,
1281 5030 1333 5085 3.
1410 5031 1649 5133 :3‘0deest
1818 5033 1887 5066 ⁸³³
1912 5038 2324 5133 argumegtstem.
2352 5031 2642 5133 edithnlfij

1021 5100 1436 5171 Meczirzieczye
1486 5102 1538 5154 2.
1598 5102 1950 5173 medzyrzccz
1984 5100 2039 5156 3.
2140 5103 2208 5136 9³⁵
2241 5112 2277 5155 t.
2314 5102 2350 5154 i.
2385 5117 2433 5153 a.
2463 5102 2655 5155 desunt
2713 5101 2764 5156 3.
2850 5101 2919 5134 ⁸³⁵
2950 5101 3004 5153 in
3055 5102 3204 5154 addit
3232 5101 3285 5156 3.
3378 5100 3445 5133 ⁹³⁷
3475 5100 3545 5151 ad

1021 5186 1078 5244 ro
1116 5170 1161 5244 f.
1204 5186 1250 5225 c.
1282 5172 1336 5244 73
1456 5172 1524 5205 939
1565 5172 1641 5225 lbi
1670 5189 1891 5244 quoque
1930 5190 2097 5243 usque
2147 5175 2216 5226 ad
2263 5175 2430 5237 ﬁnem
2466 5175 2693 5241 capituli
2714 5174 2907 5227 desunt
2935 5173 2988 5225 3.
3024 5173 3141 5244 ηοω
3160 5175 3548 5241 argumentum

211 4882 283 4957 ξξξ
316 4883 569 4953 quamvis
608 4885 852 4940 noverim
908 4917 978 4926 —
1007 4888 1362 4957 complacebo
1410 4882 1704 4943 desunt-3.

213 4953 287 4987 "5
323 4963 712 5024 argumentum
753 4958 878 5011 edit.
915 4964 1055 5012 Vars.

215 5024 288 5097 2”
311 5025 603 5081 militarem
646 5028 696 5080 1.
738 5028 793 5081 2.
867 5028 936 5062 93°
965 5024 1251 5097 pullulavit
1281 5030 1333 5085 3.
1412 5031 1477 5064 ⁹³¹
1509 5032 1649 5085 deest
1674 5030 1724 5086 3.

212 5095 269 5148 in
302 5096 437 5151 artis
463 5114 574 5153 non
624 5099 754 5153 bene
778 5099 832 5152 2.

219 5168 391 5240 addit.
445 5168 478 5223 3
577 5168 933 5238 93“compulit
982 5170 1153 5240 prof.
1204 5186 1250 5225 c.
1303 5172 1336 5224 3

218 5239 329 5314 edit
374 5245 499 5295 Vars
524 5240 912 5314 p._159._deest
948 5239 998 5295 1.
1041 5242 1099 5314 2.
1139 5241 1173 5295 3
1253 5243 1341 5314 ‘9“
1374 5245 1597 5314 initium
1635 5239 1862 5312 capitati
1900 5239 2065 5314 usque
2116 5246 2186 5298 ad
2223 5245 2495 5297 mediator
2523 5239 2723 5299 omittit
2752 5245 2803 5296 3.

1037 5312 1106 5345 9“
1136 5312 1307 5382 gradu
1358 5313 1575 5367 concito
1615 5316 1763 5369 addit
1800 5319 1896 5372 hoc
1932 5312 2040 5371 loco
2070 5316 2122 5371 3.
2203 5315 2272 5348 9“
2305 5314 2515 5382 rcdagit
2566 5318 2615 5370 1.

1878 5388 1946 5422 9⁸⁸
1982 5392 2369 5455 argumentum
2400 5387 2524 5441 edit.
2566 5393 2709 5443 Vars.
2735 5404 2789 5456 ρ.
2823 5386 2928 5442 160
2951 5389 3090 5442 deest
3111 5389 3160 5441 1.
3193 5387 3246 5441 2.
3322 5387 3392 5422 “9
3419 5397 3548 5438 con-

714 5310 783 5345 9‘3
813 5320 868 5367 et
894 5313 949 5376 3,

220 5381 455 5451 capituli
480 5383 674 5437 desunt
697 5381 750 5438 3.
848 5384 914 5417 “7
945 5390 1117 5438 totum
1141 5381 1239 5439 'hoc
1264 5385 1566 5452 capitulum
1583 5385 1790 5441 deest3.

220 5450 499 5508 iunxarint
525 5454 579 5508 2.
670 5453 740 5487 95°
764 5453 997 5508 facerint
1024 5453 1076 5508 2.

787 5469 997 5509 acerint
1024 5469 1076 5508 Ζ.

220 5310 263 5362 I.
292 5326 349 5382 g.
378 5326 426 5364 c.
471 5328 525 5381 q.
574 5312 625 5365 3.

207 5450 499 5517 junxarint
525 5454 579 5508 2.

3130 4814 3198 4846 ⁸²⁰
3228 4812 3438 4866 exaulis
3486 4811 3541 4866 2.

3154 4885 3223 4919 9“
3251 4883 3458 4938 bestias
3488 4882 3541 4938 3.

2270 4959 2337 4993 9’7
2371 4958 2668 5028 cocquanis
2718 4960 2766 5011 3.
2805 4961 2990 5012 coevis
3012 4958 3066 5010 2.
3142 4957 3211 4990 92⁸
3243 4957 3458 5028 plerum
3482 4955 3543 5028 72.

2686 5046 2738 5099 ρ.
2805 5029 2918 5083 153.
2953 5031 3093 5083 deest
3141 5030 3185 5082 1.
3230 5025 3284 5081 2.
3342 5027 3445 5099 3.“
3476 5025 3547 5099 ’3?

2850 5101 2919 5134 ³³⁵
2950 5101 3004 5153 in
3055 5102 3204 5154 addit
3232 5101 3285 5156 3.
3378 5097 3445 5133 ⁹³⁷
3475 5096 3545 5151 ad

2366 4833 2419 4884 p.
2464 4816 2566 4868 156
2603 4816 2742 4869 deest
2782 4815 2833 4868 1.
2885 4816 2939 4868 2.
2980 4816 3033 4869 3.

2140 5103 2208 5136 935
2241 5112 2277 5155 t.
2314 5102 2350 5154 i.
2385 5117 2433 5153 a.
2463 5102 2655 5155 desunt
2713 5101 2764 5156 3.

2890 5244 2961 5278 9"
2980 5243 3139 5297 Aliud
3185 5256 3412 5315 quoque
3451 5254 3547 5309 pro

2694 5316 2765 5349 9‘5
2796 5315 2852 5369 Ε.
2902 5332 2955 5385 q.
2992 5332 3064 5368 m.
3095 5330 3261 5385 usque
3283 5316 3353 5369 ad
3379 5314 3549 5379 ﬁnem

1789 5528 1980 5583 NOTAE

289 5652 433 5727 (129)
463 5652 738 5727 S_a_ll._Jug.
771 5656 860 5709 61.
898 5653 956 5707 S.

291 5723 438 5792 (130)
480 5723 868 5795 Miedzy'rzecz,
914 5724 1229 5799 germanice
1261 5729 1474 5779 Mesene
1514 5725 1569 5778 in
1634 5745 1832 5801 magno

1935 5660 2134 5713 ducatu
2167 5658 2552 5713 Poznaniensi.
2594 5660 2647 5714 S.
2682 5661 2851 5714 Aliam
2900 5661 3227 5714 sententiam
3259 5658 3426 5714 tuitus
3463 5655 3549 5706 est

1937 5729 2296 5785 Giesebrecht
2326 5729 2659 5785 Wendische
2695 5731 2886 5795 Gech.,
2920 5748 2977 5796 ιι,
3019 5730 3170 5795 165.,
3203 5729 3262 5783 Κ.
