3960 6198
424 343 527 398 887

1682 338 2026 393 CllRONlCzE
2070 338 2490 393 POLONORUM.

3656 342 3760 398 888

425 472 575 546 quod
612 472 658 527 si
688 471 921 526 Zetheus
948 486 1140 525 eorum
1172 470 1329 525 altari
1363 470 1769 525 machinaretur
1790 469 2037 540 insidias,
2065 473 2114 541 Α
2140 475 2267 523 ειν-ω
2303 468 2429 533 ﬁdei
2465 467 2636 539 (131),
2689 470 2847 535 cives,
2886 466 3159 522 stabilitas
3204 468 3532 524 inviolabilis
3562 475 3762 531 nostris

426 568 563 622 alter
591 564 749 621 alteri
780 554 1077 620 subvenire
1119 580 1242 618 cum
1273 563 1401 617 totis
1439 562 1647 617 viribus
1686 562 1800 617 suis
1836 561 2039 617 nullius

426 674 594 713 morae
620 662 899 729 pateretur
929 655 1194 710 inducias.
1229 654 1465 727 Contigit
1494 664 1699 722 autem,
1734 655 1920 710 nescio
1953 654 2036 708 vel

426 746 724 802 calliditate
764 746 845 799 vel
879 744 959 799 rei
991 745 1240 811 veritate,
1274 744 1470 798 ducem
1500 743 1891 797 Wladislavum
1931 745 2031 798 Bo-

427 835 635 889 lezlavo
664 848 836 904 puero
868 833 1236 897 mandavissc,
1269 849 1329 887 se
1367 833 1640 887 Bohemos
1672 833 1725 886 in
1755 832 2035 887 Poloniam

429 925 749 980 introituros
799 925 887 989 πί,
932 924 1168 994 praedam
1203 924 1440 978 facturos
1479 924 1546 977 ab
1599 922 2037 993 exploratoibus

429 1014 729 1080 audivisse,
763 1023 1100 1085 quaprOpter
1119 1018 1395 1083 Oporteret
1426 1028 1550 1066 eum
1581 1012 1647 1065 ad
1676 1011 1857 1067 locum
1889 1012 2040 1067 citis-

429 1106 567 1162 sime
598 1107 1022 1161 determinatum
1061 1121 1375 1176 preperare,
1406 1112 1460 1160 et
1490 1105 1720 1160 comites
1748 1108 1832 1160 sui
1865 1106 2036 1161 duca-

432 1209 541 1264 tus,
578 1212 716 1268 quos
747 1196 979 1250 Zetheus
1011 1194 1332 1266 prmfecerat
1354 1201 1408 1249 et
1442 1195 1495 1248 in
1524 1195 1725 1266 quibus
1757 1211 1892 1266 puer
1918 1196 2041 1249 nul-

433 1290 647 1344 latenus
670 1286 1008 1353 conﬁdebat,
1034 1287 1090 1342 in
1129 1288 1392 1342 auxilium
1422 1288 1712 1344 advocare.
1743 1288 1883 1343 Puer
1909 1304 2037 1344 vero

430 1382 676 1455 paternis
699 1381 1046 1451 jussionibus
1074 1381 1355 1447 credulus,
1388 1382 1454 1436 ad
1480 1382 1658 1437 locum
1679 1382 2035 1437 constitutum

430 1491 552 1530 cum
592 1473 707 1528 suis
738 1472 1149 1528 collateralibus
1178 1474 1247 1507 95’
1263 1473 1496 1528 festinus
1520 1473 1589 1507 9⁵³
1619 1472 1903 1543 nichilque
1935 1472 2039 1525 du-

434 1567 614 1622 bitans
650 1566 964 1631 incedebat,
997 1566 1093 1621 sed
1121 1582 1242 1621 cum
1267 1582 1334 1621 eo
1368 1575 1548 1621 tamen
1578 1582 1764 1621 comes
1792 1565 2040 1636 Woysla-

433 1676 554 1726 vus,
587 1658 673 1714 cui
715 1665 832 1713 erat
856 1658 1207 1722 commissus,
1237 1673 1346 1713 non
1380 1658 1665 1732 pergebat.
1718 1658 1871 1713 Unde
1904 1674 2047 1713 unus

2139 560 2557 615 antecessoribus
2584 559 2855 628 nobisque,
2876 559 2998 613 licet
3033 559 3294 628 parvulis,
3325 567 3456 615 nota
3484 562 3686 627 fuisset
3713 570 3763 619 et

2137 659 2356 722 experta
2386 696 2403 719 ,
2448 668 2791 722 nequaquam
2852 652 3077 720 puerilis
3130 654 3306 705 aetatis
3363 653 3716 710 imbeci'litas
3742 701 3757 723 ,

2140 750 2306 801 tantis
2330 746 2735 801 calamitatibus
2764 751 3057 811 attentata,
3079 751 3253 815 totque
3290 748 3627 813 factionibus
3654 752 3763 804 ini-

2136 840 2401 891 micorum
2431 840 2660 905 agitata,
2694 841 2863 890 totam
2882 837 3084 904 refugii
3117 851 3263 905 spem
3304 852 3364 890 in
3393 837 3539 892 vobis
3551 844 3607 892 et
3635 854 3762 893 con-

2137 928 2247 981 silii
2270 929 2545 996 posuisset.
2586 926 2684 980 Sed
2716 931 2907 981 notum
2953 931 3162 980 constat
3194 930 3389 981 exteris
3439 930 3761 982 nationibus

2138 1023 2187 1070 et
2211 1018 2543 1085 propinquis,
2597 1030 2684 1069 vos
2728 1016 2903 1069 multa
2940 1029 3206 1085 perpessos
3248 1030 3342 1085 pro
3393 1017 3613 1071 insidiis
3642 1024 3765 1070 vita

2138 1114 2333 1163 nostrae
2360 1108 2430 1143 96⁸
2458 1108 2952 1162 machinationibus
2991 1107 3058 1160 ab
3094 1110 3217 1174 hiis,
3244 1110 3339 1177 qui
3362 1112 3758 1163 successionem

2137 1204 2308 1256 nostri
2335 1203 2542 1270 generis
2568 1203 2830 1253 nituntur
2848 1203 3063 1268 penitus
3082 1201 3290 1255 abolere
3313 1201 3765 1271 dominorumque

2138 1292 2483 1345 naturalium
2506 1291 2853 1344 hereditatem
2866 1292 3051 1345 ordine
3068 1297 3383 1361 prwpostero
3407 1293 3761 1361 distorquere.

2137 1387 2483 1452 Quapmpter,
2516 1385 2643 1451 quia
2668 1383 2815 1436 senio
2827 1385 2951 1451 jam
2978 1385 3251 1450 confectus
3275 1386 3486 1452 genitor
3510 1390 3698 1439 noster
3716 1391 3767 1439 et

2141 1473 2480 1537 inﬁrmitate,
2521 1471 2623 1525 sibi
2658 1471 2910 1539 nobisque
2936 1472 3015 1525 vel
3055 1475 3250 1541 patria:
3276 1475 3462 1527 minus
3504 1475 3767 1543 pramatet

2138 1564 2445 1633 praevidere,
2477 1565 2841 1617 necessarium
2888 1569 2984 1629 est,
3015 1578 3110 1618 nos
3168 1566 3228 1618 in
3256 1570 3436 1619 nostra
3481 1567 3651 1631 fretos
3698 1565 3767 1599 ⁸⁵⁵

2147 1655 2391 1723 ῃνίεεὶίιὶο
2420 1654 2633 1723 gaudiis
2671 1654 3075 1709 ambitiosorum
3106 1655 3189 1709 vel
3215 1656 3497 1720 maleﬁciis
3517 1659 3763 1712 interim.

434 1752 503 1807 ad
524 1750 688 1805 alium
713 1751 949 1806 invicem
971 1758 1336 1818 susurrantes,
1376 1759 1566 1821 utpote
1598 1752 1813 1825 signum
1875 1750 2044 1805 tradi-
2078 1783 2123 1850 Β
2146 1750 2225 1802 vel
2251 1752 2309 1801 in
2332 1749 2559 1802 exilium
2583 1750 2849 1816 fugientes
2862 1750 2997 1812 ﬁnes
3025 1749 3254 1804 Polonia:
3271 1750 3551 1804 transilire
3574 1766 3591 1817 ;
3626 1751 3770 1805 unde

439 1841 605 1897 tionis
631 1839 1009 1910 suspicantes:
1065 1842 1188 1894 Non
1224 1855 1298 1906 es,
1340 1839 1677 1911 inquientes,
1726 1843 1844 1895 sine
1879 1855 2045 1894 causa
2078 1839 2121 1850 "
2147 1849 2383 1897 vestrum
2408 1843 2709 1912 dignemini
2735 1843 2886 1898 nobis
2915 1846 3168 1897 animum
3196 1846 3423 1914 aperire,
3457 1848 3508 1899 si
3542 1861 3771 1900 manere

430 1930 679 2000 1ericuli,
710 1930 848 1998 quod
867 1935 1025 1998 pater
1054 1934 1179 1983 tuus
1211 1936 1260 1983 te
1283 1932 1534 1999 praecepit
1563 1930 1632 1983 ad
1660 1931 1834 1984 locum
1859 1930 2046 1984 solitu-

434 2022 578 2075 dinis
602 2021 903 2087 ambulare,
935 2028 986 2075 et
1014 2022 1331 2076 insidiantes
1358 2025 1487 2076 vita
1517 2029 1624 2076 tua:
1668 2024 1845 2076 Zethei
1869 2023 2043 2088 fami-

436 2114 595 2168 liares
625 2118 677 2167 et
704 2114 901 2167 amicos
947 2114 1077 2167 illuc
1128 2115 1187 2166 in
1216 2114 1489 2167 auxilium
1528 2114 1800 2168 advocare.
1839 2116 2048 2168 Scimus

436 2212 583 2265 enim
619 2214 673 2262 et
708 2210 841 2262 certi
881 2223 1089 2273 sumus,
1121 2210 1250 2277 quia
1293 2210 1513 2263 Zetheus
1559 2214 1725 2262 totam
1745 2211 2053 2278 progeniem

440 2308 592 2370 teque
627 2300 696 2332 ’5‘
736 2302 976 2357 maxime
1012 2302 1231 2368 nititur,
1270 2306 1331 2354 ut
1387 2300 1628 2355 heredem
1663 2304 1837 2369 regni,
1883 2302 2052 2355 modis

436 2390 684 2447 omnibus
731 2389 957 2456 abolere,
988 2390 1232 2458 solusque
1262 2395 1430 2443 totam
1455 2390 1555 2444 sub
1591 2405 1765 2444 manu
1793 2405 1893 2444 sua
1932 2406 2053 2459 cap-

440 2488 554 2536 tam
584 2482 859 2537 Poloniam
886 2484 1136 2547 retinere,
1178 2484 1399 2551 insuper
1439 2481 1507 2514 "5
1555 2484 1720 2536 etiam
1755 2483 2051 2551 ll’oyslavus

437 2575 738 2642 comes,'cui
755 2575 1024 2630 commissi
1046 2590 1255 2640 sumus,
1282 2577 1377 2643 qui
1386 2577 1717 2644 propinquus
1742 2581 1819 2629 est
1842 2577 2047 2640 Zetheo,

437 2666 716 2720 nobiscum
737 2666 925 2733 procul
950 2664 1109 2719 dubio
1139 2666 1455 2731 advenisset,
1474 2667 1535 2719 ni
1554 2664 1623 2697 9⁵⁸
1647 2667 2053 2719 machinamen-

441 2763 559 2811 tum
596 2757 810 2827 aliquod
836 2756 983 2811 nobis
1015 2757 1137 2821 ﬁeri
1161 2759 1500 2825 cognovisset.
1557 2757 1697 2810 Unde
1724 2771 1931 2810 necesse
1954 2762 2049 2824 est,

440 2856 694 2908 citissime
713 2868 807 2906 nos
828 2853 1112 2907 consilium
1141 2853 1355 2921 aliquod
1372 2856 1635 2919 invenire,
1668 2867 1769 2922 quo
1793 2856 2054 2921 possimus

442 2943 587 2997 istud
607 2942 913 3011 periculum
942 2942 1091 2996 nobis
1121 2944 1410 2997 imminens
1430 2945 1723 3012 praeterire.
1760 2942 1849 2995 His
1872 2941 2051 3010 dictis,

443 3052 584 3108 puer
618 3035 933 3091 Bolezlavus
952 3036 1431 3091 vehementissime
1463 3038 1769 3104 metuebat,
1801 3044 2054 3109 totusque

441 3128 646 3183 sudore
676 3127 1026 3181 manantibus
1051 3125 1332 3182 afﬂuebat.
1364 3132 1597 3199 Accepto
1634 3128 1821 3200 itaque
1850 3145 2053 3184 convc-
2078 3155 2126 3223 Ο

444 3220 616 3274 nienti
648 3219 781 3273 satis
833 3218 1089 3285 consilio,
1143 3220 1447 3274 secundum
1504 3220 1790 3295 ingenium
1840 3222 2053 3292 puerile

443 3311 710 3368 velueitus
747 3310 812 3364 ad
842 3310 1201 3385 Zbignevum,
1226 3318 1282 3366 ut
1322 3311 1389 3365 ad
1428 3328 1487 3367 se
1509 3328 1632 3367 cum
1663 3313 1780 3367 suis
1810 3322 2054 3385 quanto-

444 3402 607 3459 citius
641 3403 695 3457 in
720 3402 983 3457 auxilium
1026 3410 1370 3474 pr0peraret,
1412 3420 1533 3459 cum
1570 3405 1729 3477 signo
1760 3406 2056 3461 constituto

446 3492 890 3557 transmiserunt,
944 3492 1161 3564 ipsique
1213 3493 1393 3548 statim
1443 3494 1510 3548 ad
1543 3494 1734 3549 urbem
1775 3494 2059 3549 Wratisla-

443 3585 692 3639 viensem
728 3584 817 3651 9⁵⁷,
875 3600 943 3639 ne
988 3592 1461 3656 przeoccuparetur
1516 3587 1584 3641 ab
1646 3587 2059 3645 insidiatoribus

444 3673 623 3729 zemuli
658 3673 957 3729 redierunt.
980 3674 1282 3747 Regressus
1308 3691 1440 3749 ergo
1468 3676 1537 3711 9⁵⁸
1565 3693 1701 3747 puer
1716 3678 2053 3744 Boleslavus,

443 3766 719 3837 imprimis
759 3766 998 3834 majores
1047 3773 1101 3821 et
1148 3766 1399 3822 seniores
1442 3766 1680 3822 civitatis
1728 3769 1797 3803 πθ
1849 3768 2053 3824 deinde

441 3862 611 3910 totum
660 3855 925 3926 populum
986 3854 1041 3909 in
1098 3854 1425 3910 concionem
1482 3856 1788 3923 advocavit,
1837 3857 2053 3928 eisque,

436 3965 576 4019 quas
605 3965 636 4003 a
680 3947 901 4003 Zetheio
929 3946 1245 4017 patiebatur
1288 3948 1516 4003 insidias
1568 3965 1634 4003 ex
1682 3949 1876 4004 ordine
1914 3950 2057 4006 sicut

437 4056 578 4111 puer
632 4056 756 4095 cum
796 4039 1052 4110 lacrymis
1106 4040 1404 4095 enarravit.
1451 4040 1567 4094 lllis
1620 4056 1650 4095 e
1705 4048 1895 4095 contra
1940 4058 2054 4111 prae

438 4136 656 4202 pyetate
699 4127 856 4199 pueri
906 4127 1342 4196 lacrimanlibus,
1375 4136 1429 4183 et
1487 4129 1621 4184 iram
1656 4129 2057 4203 indignationis

437 4220 495 4275 in
538 4219 796 4273 Zetheum
837 4217 1127 4272 absentem
1182 4218 1366 4272 verbis
1417 4218 1487 4253 95°
1536 4218 1923 4292 ignominiosis
1971 4218 2056 4290 ja-

434 4311 735 4377 ctantibus,
768 4309 1077 4383 Zbignevus
1107 4324 1232 4363 cum
1270 4309 1480 4380 paucis,
1538 4309 1781 4364 nondum
1824 4310 1889 4344 ⁰⁶¹
1942 4310 2059 4365 col-

434 4404 578 4459 lecta
614 4401 993 4469 multitudine,
1050 4402 1402 4474 properando
1456 4402 1526 4437 ⁹⁶²
1564 4401 1887 4468 adveniens,
1930 4417 2054 4457 ora-

2147 1932 2304 1986 liccat
2328 1933 2410 1986 vel
2438 1933 2501 1986 de
2526 1935 2710 2002 patria
2738 1947 2833 1987 nos
2861 1935 3027 1987 exire.
3062 1931 3139 1985 Ad
3173 1932 3290 1986 haec
3322 1932 3621 1988 multitudo
3658 1941 3769 1988 tota

2146 2021 2699 2088 Wralislaviensium,
2753 2021 2943 2075 dolore
2978 2019 3161 2076 cordis
3213 2020 3556 2076 intrinsecus
3607 2029 3768 2077 tacta.

2151 2114 2435 2185 paulisper
2491 2113 2807 2186 conquievit
2859 2114 2949 2178 9⁵⁷,
3018 2129 3430 2186 erumpensque
3476 2114 3664 2168 statim
3714 2116 3768 2168 in

2152 2220 2363 2270 vocem,
2422 2204 2783 2259 intentionem
2830 2211 3014 2259 mente
3053 2210 3377 2276 conceptam
3432 2206 3772 2261 unanimiter

2153 2311 2276 2351 cum
2296 2294 2488 2351 affectu
2514 2297 2749 2369 pyetatis
2770 2297 2988 2368 aperuit
3010 2314 3021 2350 :
3046 2303 3141 2353 Nos
3161 2299 3394 2367 quidem,
3424 2297 3768 2369 inquientes,

2148 2387 2308 2451 ﬁdem
2318 2402 2531 2442 servare
2548 2389 2793 2443 volumus
2803 2389 3017 2443 domino
3031 2394 3209 2442 nostro
3232 2388 3504 2455 naturali,
3514 2391 3667 2457 patri
3684 2403 3769 2443 ve-

2148 2484 2277 2545 stro,
2293 2479 2424 2533 dum
2434 2480 2729 2547 vixeram,
2744 2483 2967 2550 necejus
2982 2480 3478 2547 sobotideﬁciemus,
3507 2483 3769 2551 quamdiu

2151 2572 2299 2626 nobis
2323 2578 2498 2626 status
2547 2573 2729 2627 vitalis
2776 2575 3009 2642 affuerit.
3044 2574 3221 2641 Igitur
3255 2574 3319 2628 de
3364 2574 3518 2628 nobis
3559 2574 3769 2628 nullam

2151 2668 2512 2734 difﬁdentiam
2537 2668 2795 2733 habetote,
2824 2668 2913 2723 sed
2940 2671 3181 2724 exercitu
3205 2676 3548 2738 congregato,
3574 2670 3649 2724 ad
3672 2685 3770 2724 cu-

2152 2759 2297 2810 riam
2318 2758 2493 2824 patris
2526 2758 2731 2810 armati
2754 2763 3054 2825 properate,
3093 2757 3273 2826 ibique
3293 2759 3445 2813 salva
3468 2762 3771 2813 reverentia

2150 2851 2407 2915 paterna,
2438 2851 2673 2900 vestram
2694 2848 2962 2904 iniuriam
2978 2847 3265 2901 vindicate.
3293 2846 3423 2910 Quae
3453 2846 3587 2901 dum
3622 2848 3772 2903 dice-

2157 2934 2380 2999 bantur,
2410 2941 2464 2989 et
2486 2933 2846 3002 jurejurando
2876 2949 2906 2987 a
2927 2933 3141 2989 civibus
3163 2932 3547 3001 firmabantur,
3580 2934 3771 3007 Woys-

2157 3027 2309 3081 lavus
2322 3041 2529 3094 comes,
2549 3024 2643 3097 qui
2661 3042 2888 3096 puerum
2910 3025 3255 3081 Bolezlavum
3269 3026 3572 3092 nutriebat,
3590 3027 3660 3082 de
3671 3043 3779 3083 ser-

2155 3118 2289 3174 vitio
2306 3133 2404 3173 suo
2436 3116 2711 3182 veniebat,
2745 3124 2799 3172 et
2819 3132 2941 3187 qua:
2962 3115 3168 3171 ﬁebant
3194 3115 3501 3191 ignorabat.
3537 3116 3644 3182 Qui
3676 3134 3777 3171 su-

2157 3215 2378 3279 spectus
2416 3205 2747 3278 proditionis
2794 3205 2866 3261 ob
2897 3205 3081 3259 Zethei
3129 3205 3676 3280 consanguinitatem
3700 3213 3781 3261 est

2158 3297 2399 3365 habitus,
2431 3303 2485 3350 et
2505 3294 2780 3350 civitatem
2812 3293 3040 3352 introire
3067 3294 3343 3366 rebusque
3389 3295 3551 3365 pueri
3594 3296 3779 3365 provi-

2158 3389 2289 3443 dere
2322 3388 2649 3459 prohibitus.
2685 3386 2782 3441 lllo
2805 3394 2986 3441 autem
3017 3386 3449 3442 satisfactionem
3482 3387 3776 3458 proferen-

2160 3490 2233 3547 te,
2266 3496 2347 3543 se,
2387 3480 2431 3533 si
2461 3478 2593 3552 quid
2654 3478 3043 3534 controversiae
3097 3480 3415 3554 contigerit,
3447 3480 3777 3546 nescivisse,

2159 3575 2476 3631 satisfacere
2515 3575 2792 3630 volentem
2833 3590 3040 3646 eosque
3090 3575 3534 3648 subsequentem
3567 3592 3780 3649 nequa-

2159 3684 2321 3740 quam
2356 3667 2512 3738 pueri
2557 3673 2685 3721 tunc
2740 3667 3009 3737 temporis
3037 3667 3106 3701 ⁹⁶⁰
3162 3674 3521 3737 receperunt,
3555 3668 3658 3722 sed
3684 3668 3786 3723 ob-

2161 3760 2299 3815 viam
2332 3759 2469 3830 patri
2501 3759 2732 3814 collecta
2763 3758 3115 3815 multitudine
3161 3766 3571 3831 processerunt.
3610 3759 3784 3834 Igitur

2159 3852 2265 3905 dux
2303 3850 2666 3905 Wladislavus
2719 3850 2953 3921 ejusque
3007 3848 3101 3904 filii
3160 3850 3217 3904 in
3271 3851 3391 3906 loco
3426 3849 3522 3922 qui
3582 3850 3787 3907 dicitur

2156 3944 2516 4014 Zarnowyecz
2542 3942 2612 3976 97°
2664 3942 2833 4012 (132),
2878 3943 3146 4012 sejunctis
3186 3941 3314 3998 filiis
3365 3959 3396 3997 a
3436 3949 3613 4013 patre,
3655 3960 3778 3999 cum

2156 4037 2492 4092 exercitibus
2524 4035 2915 4103 consederunt,
2944 4035 3132 4108 ibique
3182 4035 3392 4091 diutius
3422 4035 3572 4091 inter
3590 4052 3656 4091 se
3694 4036 3781 4091 le-

2158 4128 2477 4205 gationibus
2510 4128 2859 4193 altercantes,
2891 4128 2979 4182 vix
3020 4128 3242 4184 tandem
3274 4128 3341 4163 ⁹⁷¹
3372 4128 3627 4183 consiliis
3655 4144 3781 4201 pro-

2160 4240 2344 4279 cerum
2370 4222 2649 4296 minisque
2673 4224 2941 4295 juvenum
2965 4224 3224 4279 Zetheum
3262 4224 3543 4279 dimittere
3590 4240 3779 4280 senem

2158 4313 2314 4383 pueri
2366 4319 2687 4385 coegerunt.
2727 4312 2891 4367 Aiunt
2941 4312 3104 4367 etiam
3147 4319 3362 4383 patrem
3397 4311 3475 4366 ibi
3511 4312 3647 4369 ﬁliis
3687 4314 3778 4382 ju-

2158 4424 2307 4464 raese
2355 4425 2636 4480 nunquam
2669 4424 2729 4463 se
2760 4408 3027 4479 deinceps
3054 4424 3177 4463 eum
3211 4409 3278 4462 ad
3332 4408 3607 4463 honorem
3654 4407 3774 4480 pri-

436 4495 642 4551 tionem
676 4493 879 4561 fratris,
919 4501 980 4549 ut
1019 4494 1293 4549 litteratus
1347 4502 1402 4550 et
1441 4494 1617 4563 major
1663 4501 1842 4558 aetate,
1872 4479 2357 4553 retho-Dstinum
2392 4479 2667 4553 revocare.
2725 4497 2800 4551 Ad
2859 4502 3095 4552 castrum
3151 4497 3336 4568 itaque
3382 4496 3468 4551 sui
3527 4479 3774 4552 nominis

435 4586 548 4643 rice
585 4586 870 4653 coloravit,
930 4602 994 4641 ac
1046 4586 1115 4621 ⁰⁶³
1170 4586 1434 4657 populum
1495 4586 1921 4642 tumultuantem
1982 4585 2050 4641 ad

434 4679 757 4735 fidelitatem
798 4677 981 4733 fratris
1009 4687 1065 4733 et
1094 4679 1536 4735 contrarietatem
1567 4681 1752 4735 Zethei
1775 4681 2053 4737 loculenta

435 4756 684 4832 oratione
705 4774 776 4809 9“
815 4772 1071 4846 sequenti
1102 4774 1463 4830 vehementer
1499 4775 1799 4832 animavit:
1856 4778 1932 4831 Ni
1964 4792 2053 4832 ve-

2153 4594 2353 4649 Zetheo
2394 4592 2658 4666 fugiente,
2690 4592 2758 4646 ad
2792 4601 3000 4662 patrem
3046 4589 3239 4645 fratres
3286 4591 3583 4646 humiliter
3630 4592 3773 4645 iner-

2154 4699 2273 4738 mes
2294 4690 2347 4739 et
2364 4682 2577 4755 paciﬁci
2600 4688 2982 4754 perrexerunt,
3013 4679 3178 4752 eique
3206 4696 3316 4735 non
3337 4688 3399 4736 ut
3418 4681 3659 4747 domini,
3682 4680 3771 4734 sed

2155 4783 2215 4831 ut
2245 4775 2450 4831 milites
2479 4775 2566 4830 vel
2597 4773 2738 4830 servi
2769 4788 2929 4829 suum
2969 4772 3302 4845 obsequium
3332 4773 3529 4844 pronis
3576 4771 3772 4828 menti-

1790 4930 2010 4985 VARUE
2056 4930 2333 4986 LECTlON
2343 4931 2417 4985 ES

508 5052 575 5087 πί
609 5050 947 5111 introaturos
1006 5056 1053 5109 1.
1165 5054 1235 5089 ⁰⁵²
1263 5056 1617 5111 collateribus
1670 5058 1725 5112 2.
1764 5086 1771 5093 σ

1837 5058 1907 5092 ’³⁵³
1937 5057 2209 5113 festinans
2281 5059 2335 5113 2.

2454 5058 2523 5093 95‘
2550 5065 2605 5113 te
2645 5057 2698 5111 2.
2808 5057 2877 5092 9“
2903 5063 2957 5113 et
3010 5058 3288 5125 anteponit
3350 5054 3405 5109 2.

3508 5057 3584 5092 ⁸⁵⁸
3616 5058 3672 5112 in
3722 5060 3772 5113 1.

437 5122 704 5200 °§7_verba
744 5128 897 5200 infra
924 5127 991 5200 de
1019 5127 1554 5185 Wratistaviensibus
1578 5130 1722 5185 dicta
1743 5128 1797 5182 2.
1828 5144 2005 5185 errore
2033 5131 2213 5200 lapsus
2243 5133 2338 5186 hoc
2365 5132 2474 5186 loco
2507 5132 2705 5198 posuit,
2753 5129 2843 5184 sed
2869 5130 2993 5183 dein
3031 5122 3173 5200 linea
3205 5134 3519 5200 transversa
3547 5131 3773 5197 delevit;

438 5192 631 5273 dolore
661 5197 842 5273 cordis
870 5196 1203 5273 intrinsecus
1234 5205 1396 5262 tacta,
1452 5200 1734 5273 paulisper
1759 5202 2042 5263 convenit,
2086 5192 2520 5273 'erumpensque'
2550 5200 2732 5273 statim
2800 5199 2885 5273 ff“
2914 5200 3080 5273 igitur
3106 5199 3158 5253 2.

439 5282 721 5323 'Wurnem
774 5282 823 5323 ι.
889 5282 942 5323 2.
1060 5282 1125 5305 νυι
1159 5285 1270 5326 non
1312 5287 1433 5326 cum
1488 5282 1542 5326 2.
1654 5282 1725 5307 νοτ
1765 5282 2125 5342 preperantes
2179 5282 2231 5328 2.
2328 5282 2472 5328 mat
2530 5282 2579 5326 1.
2646 5282 2699 5326 2.
2797 5282 2865 5304 ’δ’
2887 5282 2966 5325 ita
3016 5282 3375 5335 correximus;
3432 5282 3470 5325 ιι

439 5337 659 5394 racione
697 5339 749 5394 1.
787 5338 841 5394 2.
916 5340 985 5376 ⁸⁵⁸
1012 5348 1191 5396 vestre
1236 5343 1289 5397 1.
1345 5343 1399 5397 2.
1467 5342 1679 5398 mfreti
1728 5346 1775 5399 1.
1834 5344 1886 5398 2.
1963 5345 2032 5379 “7
2063 5345 2323 5400 convenit
2373 5346 2422 5400 1.
2470 5345 2523 5398 2.
2605 5343 2675 5378 9“
2705 5341 2916 5397 vixitl.
2966 5343 3019 5396 2.
3071 5348 3155 5398 ast
3181 5357 3369 5398 sensus
3416 5349 3470 5398 et

437 5263 721 5323 "ourbem
774 5270 823 5323 1.
889 5268 942 5323 2.
1060 5271 1125 5305 ⁰⁶¹
1159 5285 1270 5326 non
1312 5263 1542 5326 cum'2.
1637 5263 1725 5307 ὀ⁶²

433 5407 627 5466 vixerit
658 5411 956 5481 postulant.
1032 5412 1101 5447 95°
1141 5420 1362 5485 tempus
1388 5413 1442 5469 2.

3248 5200 3318 5234 95°
3345 5199 3603 5256 civitates
3636 5204 3683 5257 1.
3710 5201 3762 5256 2.

2797 5270 2865 5304 9“
2887 5270 2966 5325 ita
3016 5274 3375 5335 correximus;
3432 5271 3767 5327 luculentam

3524 5346 3771 5413 rythmus

2179 5272 2267 5328 2.7
2328 5274 2472 5328 963ut
2530 5274 2579 5326 1.
2646 5272 2699 5326 2.

1532 5415 1603 5449 ⁹⁷⁰
1628 5414 1972 5471 Sarnovuecz
2004 5416 2055 5470 1.
2091 5415 2485 5486 Czarnovvyecz
2519 5420 2689 5486 potest
2718 5428 2944 5485 ,quoque
2980 5414 3083 5484 legi
3117 5414 3172 5468 2.
3252 5412 3322 5448 ³⁷⁸
3355 5412 3684 5471 tantundem
3706 5415 3761 5470 2.

1997 5572 2210 5629 ΝΟΤᾸΞ.

509 5697 644 5764 1131)
677 5695 806 5751 Sall.
839 5694 932 5752 Cat
949 5697 1047 5755 20.
1088 5699 1143 5754 S.

503 5767 650 5840 (132)
680 5767 757 5822 Ad
797 5766 1021 5825 fluvium
1072 5770 1265 5839 Notec,
1311 5776 1484 5839 Netze,
1532 5786 1645 5828 non
1703 5772 2042 5844 Czaruikow,

2145 5702 2358 5831 tit‘vuslt
2412 5700 2630 5759 Stenzel
2705 5699 2905 5757 Chron.
2977 5697 3159 5769 princ.
3223 5696 3344 5754 Pol.
3388 5714 3444 5769 p.
3507 5696 3596 5753 68.
3658 5710 3755 5751 no-

2168 5790 2199 5829 a
2248 5814 2264 5829 .
2338 5816 2350 5829 .

2168 5790 2264 5829 a‘l.
2296 5790 2350 5829 δ.
