3960 6198
387 307 483 360 891

1651 304 1995 362 CHRONlC/E
2035 305 2453 364 POLONORUM.

3617 325 3735 383 892

384 438 477 492 dio
519 437 575 492 in
634 437 1015 508 assumptione
1065 445 1265 494 sanctae
1319 436 1498 492 Mariae
1556 437 1829 508 disposuit
1875 439 1990 508 (an.
2019 439 2072 509 Α
2098 441 2332 506 calcata,
2361 442 2450 496 sed
2469 457 2566 512 per
2585 443 2732 500 hunc
2757 443 2845 479 ¹⁰²¹
2873 449 3168 515 puerulum
3195 452 3302 504 erit
3330 456 3730 524 utantiquitus

383 531 545 594 1099,
575 534 710 601 Aug.
747 531 855 597 15l,
899 538 1334 602 apparatumque
1367 529 1717 603 magniﬁcum
1762 530 1815 584 in
1859 532 1996 586 civi-

383 626 493 675 tate
524 619 774 675 Plocensi
809 621 1136 691 praeparavit
1165 621 1335 691 (136).
1378 621 1493 675 Jam
1537 621 1682 674 enim
1729 627 1884 674 aetate
1942 629 1997 676 et

384 709 703 765 inﬁrmitate
730 709 992 764 continua
1042 709 1388 775 senescebat,
1445 717 1500 764 et
1552 709 1607 762 in
1669 708 1762 763 illo
1822 726 1994 780 puero

384 803 751 859 successionis
811 802 1068 857 ﬁduciam
1115 804 1457 874 expectabat.
1522 804 1656 858 Dum
1701 819 1759 857 se
1803 804 1988 858 cuncti

383 899 756 962 praepararent
800 900 854 945 et
889 892 957 946 ad
1007 891 1202 946 festum
1238 899 1617 962 properarent,
1679 892 1985 946 nuntiatum

381 997 466 1042 est
499 988 835 1043 Pomoranos
891 988 1092 1041 Zantok
1133 986 1223 1020 ¹⁰⁰³
1259 994 1494 1042 castrum
1549 987 1853 1053 obsedisse,
1891 1005 1994 1044 nec

382 1080 618 1134 audebat
645 1080 736 1114 “’0‘
780 1079 1067 1150 quisquam
1101 1079 1182 1133 eis
1213 1079 1280 1133 de
1319 1077 1669 1150 principibus
1698 1079 1988 1134 contraire.

383 1171 554 1240 Igitur
584 1171 754 1225 invito
805 1178 957 1240 patre
1012 1170 1310 1242 multisque
1369 1170 1812 1242 prohibentibus,
1859 1187 1996 1240 puer

379 1262 561 1316 Martis
601 1262 732 1316 illuc
770 1262 989 1316 irruens
1020 1263 1088 1316 de
1118 1263 1442 1317 Pomoranis
1477 1263 1855 1333 triumphavit,
1884 1262 1988 1318 sic-

378 1367 485 1421 que
517 1351 738 1405 rediens
793 1351 1029 1422 armiger
1055 1350 1251 1417 victor,
1284 1368 1314 1404 a
1354 1358 1510 1422 patre
1539 1351 1722 1422 gladio
1754 1351 1989 1421 praecin-

376 1447 516 1506 ctus,
549 1456 670 1494 cum
707 1440 917 1514 ingenti
949 1440 1192 1510 tripudio
1238 1441 1682 1510 solempnitatem
1739 1442 1983 1496 celebra-

373 1536 468 1590 vit.
495 1535 682 1606 Neque
716 1536 868 1590 solus
903 1535 990 1589 illa
1013 1535 1103 1589 die
1132 1535 1315 1590 balteo
1344 1535 1566 1589 militari
1607 1537 1821 1591 cinctus
1861 1536 1984 1603 fuit,

376 1624 473 1678 sed
502 1624 572 1679 ob
603 1640 845 1679 amorem
875 1631 928 1678 et
955 1624 1224 1679 honorem
1259 1623 1356 1678 filii
1387 1625 1574 1678 multis
1604 1632 1758 1696 pater
1787 1633 1988 1682 comta-

378 1716 497 1770 neis
527 1733 676 1769 arma
707 1716 881 1770 dedit.
1013 1761 1021 1766 .

703 1805 766 1858 19
810 1811 878 1859 De
905 1807 1116 1860 Plaucis
1139 1805 1284 1874 (137)
1317 1807 1533 1861 devictis
1555 1806 1667 1860 ¹⁰⁰⁵.

451 1896 752 1951 Bolezlawo
781 1897 964 1968 itaque
996 1896 1088 1931 ¹⁰⁰⁶
1114 1897 1284 1952 milite
1331 1899 1544 1953 noviter
1579 1899 1900 1967 constituto,
1934 1900 1989 1954 in

379 1987 592 2042 Plaucis
622 1989 765 2043 Deus
797 1989 1074 2054 revelavit,
1107 1997 1313 2060 quanta
1354 2007 1452 2060 per
1482 2006 1604 2046 eum
1639 1991 1853 2062 Operari
1883 1992 1987 2046 de-

377 2078 505 2132 beat
537 2077 590 2131 in
628 2077 829 2132 futuro.
862 2077 1103 2152 Contigit
1145 2095 1382 2150 namque
1428 2081 1641 2137 noviter
1668 2097 1734 2136 eo
1765 2081 1988 2136 militari

382 2165 562 2220 balteo
608 2167 922 2236 przecincto,
970 2167 1200 2223 Plaucos
1229 2168 1282 2220 in
1317 2184 1487 2223 unum
1546 2169 1634 2203 ¹⁰⁰⁷
1666 2169 1989 2225 innumera-

382 2253 522 2308 biles
542 2256 890 2316 convenisse,
924 2271 1160 2326 seseque
1200 2272 1352 2311 more
1383 2257 1546 2312 solito
1577 2275 1674 2327 per
1707 2257 1987 2314 Poloniam

381 2343 750 2411 discursuros,
813 2344 867 2397 in
924 2352 1109 2415 partes
1160 2345 1559 2417 ‘°°‘sejunctos
1619 2346 1708 2381 ¹⁰⁰⁹
1752 2357 1859 2402 tres
1905 2350 1989 2404 vel

383 2442 620 2504 quatuor
646 2436 714 2489 ab
740 2436 970 2490 invisem
1008 2437 1296 2501 remotius,
1345 2438 1584 2508 Wyslam
1622 2438 1848 2494 ﬂuvium
1879 2456 1989 2495 uo-

382 2536 578 2584 cturno
606 2537 852 2600 tempore
883 2530 1173 2584 natavisse.
1212 2529 1310 2594 Qui
1341 2531 1626 2602 sequentis
1653 2531 1744 2567 ¹⁰¹⁰
1763 2532 1871 2587 diei
1900 2533 1988 2568 ¹⁰¹¹

383 2617 626 2673 diluculo
650 2635 809 2674 cursu
843 2621 1035 2692 rapido
1065 2622 1156 2657 ¹⁰¹²
1200 2624 1597 2693 discurrentes,
1650 2634 1705 2682 et
1745 2629 1986 2698 praedam

382 2707 842 2764 innumerabilem
874 2712 1182 2782 capientes,
1227 2715 1440 2769 onerati
1472 2715 1665 2787 spoliis
1713 2717 1859 2772 circa
1903 2734 1992 2774 ve-

380 2812 595 2866 speram
624 2799 767 2854 ultra
806 2806 948 2856 retro
991 2800 1214 2856 ﬂuvium
1247 2803 1556 2872 redierunt,
1591 2805 1779 2878 ibique
1810 2809 1986 2864 securi

380 2903 445 2942 ac
472 2888 562 2923 ¹⁰¹³
591 2889 797 2964 fatigati
829 2899 1107 2948 nocturnae
1153 2895 1354 2965 quietis
1394 2896 1485 2930 ¹⁰¹⁴
1518 2898 1734 2969 tuguria
1785 2916 1989 2970 posue-

382 2985 528 3042 runt,
561 2979 658 3032 sed
687 2995 797 3034 non
832 2981 904 3034 ita
943 2983 1121 3037 securi
1164 2984 1517 3053 quieverunt,
1573 2987 1717 3042 sicut
1748 2990 1990 3060 antiqui-

385 3072 474 3119 tus
510 3075 922 3121 consueverunt
968 3069 1077 3121 ¹⁰¹⁵.
1122 3070 1369 3142 Namque
1411 3074 1502 3107 ¹⁰¹⁶
1540 3074 1703 3143 Deus,
1735 3077 1991 3134 christia-

381 3169 574 3208 uorum
621 3165 975 3213 conservator
1007 3174 1228 3230 suaeque
1259 3161 1459 3234 vigilia:
1493 3164 1821 3234 vindicator,
1855 3185 1989 3238 pau-

379 3258 568 3298 corum
619 3244 860 3299 ﬁdelium
901 3248 1186 3302 audaciam
1239 3249 1291 3302 in
1332 3252 1625 3308 multorum
1686 3258 1988 3325 perniciem

380 3349 718 3407 paganorum
749 3338 1050 3406 suscitavit,
1077 3339 1279 3410 quibus
1304 3343 1659 3401 irruentibus
1698 3349 1988 3406 dominicae

379 3421 563 3476 dieiin
591 3423 766 3493 gloria
807 3425 894 3458 “"7
936 3441 1048 3480 suae
1082 3429 1344 3497 potentiae
1396 3432 1620 3489 brachio
1675 3439 1987 3510 triumpha-

379 3513 476 3568 vit.
529 3514 600 3567 Ex
648 3531 715 3571 eo
765 3525 1012 3588 tempore
1071 3520 1255 3576 Plauci
1304 3523 1445 3580 adeo
1484 3536 1613 3582 sunt
1669 3531 1984 3602 stupefacti,

377 3611 525 3680 quod
547 3621 812 3684 regnante
844 3613 1129 3671 Bolczlavo
1155 3618 1342 3673 videre
1389 3620 1674 3678 Poloniam
1713 3641 1822 3680 non
1857 3637 1987 3682 sunt

374 3703 517 3759 ausi.

659 3795 748 3851 20.
782 3796 872 3831 ¹⁰¹⁸
898 3801 1177 3869 Prophetia
1201 3802 1264 3856 de
1291 3804 1563 3860 Bolezlavo
1585 3805 1693 3858 1°19.

446 3884 681 3961 Contigit
705 3904 924 3960 quoque
956 3892 1232 3961 quoddam
1265 3911 1296 3948 a
1325 3896 1565 3966 quodam
1601 3895 1720 3952 ﬁeri
1752 3899 1979 3955 verbum

375 3977 466 4012 ¹⁰²⁰
521 3979 576 4032 in
625 3981 875 4037 militaris
924 3985 1156 4040 consilio
1202 3986 1516 4054 cinctionis,
1563 3991 1711 4060 quod
1751 3992 1979 4064 dignum

374 4079 457 4127 est
485 4072 648 4128 inseri
676 4084 878 4131 nostrae
908 4079 1080 4149 tytulo
1121 4082 1434 4137 mentionis.
1467 4088 1686 4140 Domine
1711 4088 1844 4155 dux,
1886 4089 1977 4143 in-

370 4164 492 4235 quit
529 4165 623 4220 ille
671 4168 916 4237 quidam,
969 4171 1300 4240 Wladislave,
1338 4191 1474 4244 pyus
1512 4181 1645 4231 Deus
1705 4180 1856 4234 hodie
1901 4196 1982 4237 re-

365 4273 537 4326 gnum
565 4261 794 4316 Polonia:
819 4265 1076 4327 visitavit,
1122 4271 1381 4335 tuamque
1425 4276 1753 4324 senectutem
1802 4279 1853 4327 et
1892 4276 1980 4327 in-

367 4350 687 4413 ﬁmitatem
729 4359 998 4425 totamque
1017 4361 1259 4425 patriam
1283 4375 1380 4429 per
1416 4362 1563 4417 hunc
1588 4364 1738 4418 hodie
1765 4367 1978 4431 factum

367 4440 597 4496 militem
633 4443 912 4498 exultavit.
973 4450 1138 4501 Beata
1163 4455 1359 4516 mater,
1402 4465 1520 4519 quae
1559 4453 1722 4506 talem
1746 4470 1980 4522 puerum

363 4528 647 4586 educavit!
675 4536 838 4602 Usque
882 4536 1034 4591 modo
1070 4537 1289 4592 Polonia
1317 4540 1428 4606 fuit
1456 4541 1523 4593 ab
1561 4543 1796 4597 hostibus
1846 4559 1973 4599 eon-

2095 538 2424 588 restaurata.
2468 534 2545 588 Ad
2579 536 2696 591 haec
2744 537 2914 593 verba
2958 554 3152 596 omnes
3182 543 3278 614 qui
3309 545 3543 602 aderant
3603 557 3729 606 stu-

2099 629 2356 690 puerunt,
2382 631 2434 677 et
2460 631 2520 678 ut
2549 625 2740 679 sileret
2759 642 2858 696 pro
2881 631 3188 684 reverentia
3209 631 3368 688 ducis
3387 633 3721 694 innuerunt.

2095 716 2204 771 Nos
2252 726 2432 773 tamen
2461 736 2569 776 non
2615 721 2895 776 credimus
2937 723 3043 780 hoc
3079 726 3306 781 verbum
3361 727 3428 783 de
3472 733 3724 790 vanitate

2097 807 2450 873 processisse,
2495 809 2592 862 sed
2648 810 2955 881 pr0pbetiae
2990 811 3186 882 spiritu
3216 814 3531 887 advenisse,
3586 823 3724 893 quia

2088 897 2201 964 jam
2243 899 2298 952 in
2359 898 2515 954 factis
2551 900 2670 969 ejus
2719 902 3031 972 puerilibus
3089 908 3500 977 comprobatur,
3561 915 3722 985 quod

2092 985 2316 1041 Polonia
2358 989 2693 1062 quandoque
2722 1007 2820 1063 per
2875 1007 3002 1047 eum
3058 993 3111 1048 in
3157 1001 3302 1052 statu
3357 999 3594 1068 pristino
3626 1019 3717 1058 re-

2097 1087 2215 1136 stau
2226 1091 2393 1138 ratur.

2456 1175 2545 1230 21.
2591 1181 2661 1230 De
2686 1183 2859 1233 morte
2890 1181 3194 1237 Wladislavi
3224 1184 3336 1240 ¹⁰²².

2166 1265 2274 1319 Sed
2341 1267 2407 1320 ad
2465 1284 2708 1338 przescns
2764 1285 2824 1323 se
2891 1287 3030 1340 puer
3065 1273 3467 1346 aliquantulum
3526 1282 3620 1318 ¹⁰²³
3682 1302 3720 1340 a

2093 1353 2279 1408 labore
2337 1353 2567 1419 reﬁciat,
2613 1356 2740 1409 dum
2765 1356 2963 1411 ducem
2995 1357 3412 1428 Wladislavum,
3457 1381 3626 1435 pyum
3662 1373 3720 1421 et

2089 1454 2436 1502 mansuetum
2478 1449 2675 1513 virum,
2729 1450 2783 1504 in
2826 1467 2958 1522 pace
3011 1460 3193 1509 nostra
3225 1472 3411 1526 penna
3447 1459 3716 1530 sepeliat.

2093 1537 2203 1589 Dux
2251 1551 2384 1609 ergo
2433 1537 2800 1592 Wladislavus
2847 1539 3093 1608 pristinae
3137 1543 3430 1599 seditionis
3480 1547 3717 1602 remini-

2089 1645 2271 1697 scens,
2303 1646 2471 1702 quum
2501 1631 2762 1686 Zetbeum
2792 1632 2861 1687 de
2893 1633 3117 1688 Polonia
3150 1635 3484 1712 profugavit,
3513 1656 3713 1710 quam-

2019 1752 2066 1819 Β
2091 1723 2170 1776 vis
2201 1729 2358 1819 aetate
2391 1723 2609 1819 debilis
2627 1731 2689 1819 et
2711 1724 3032 1819 inﬁrmitate
3056 1726 3239 1794 fuerit,
3272 1730 3480 1786 nullum
3524 1740 3714 1790 tamen

2095 1816 2149 1869 in
2189 1815 2342 1870 curia
2379 1831 2478 1870 sua
2526 1816 2829 1886 palatinum
2873 1817 2957 1871 vel
2991 1819 3217 1889 palatini
3258 1821 3525 1877 vicarium
3568 1842 3716 1896 pra-

2093 1909 2240 1974 fecit,
2267 1909 2452 1964 omnia
2482 1926 2723 1982 namque
2755 1927 2852 1981 per
2889 1929 2949 1967 se
2983 1913 3161 1983 ipsum
3191 1915 3277 1970 vel
3317 1931 3424 1972 suo
3475 1920 3715 1978 consilio

2092 1999 2362 2070 sagaciter
2393 1999 2706 2066 ordinabat,
2736 2001 2822 2055 vel
2863 2001 3088 2056 cuilibet
3135 2004 3342 2072 comiti,
3379 2006 3540 2077 cujus
3583 2025 3719 2079 pro-

2091 2085 2323 2142 vinciam
2356 2086 2629 2151 visitabat,
2672 2089 2836 2142 curiae
2882 2091 3303 2159 responsionem
3349 2100 3404 2148 et
3441 2096 3717 2153 sollicitu-

2093 2179 2278 2233 dinem
2318 2181 2763 2236 commendabat.
2820 2182 2883 2236 Et
2927 2184 3008 2238 sic
3066 2201 3166 2255 per
3200 2204 3262 2242 se
3303 2191 3537 2260 patriam
3581 2192 3708 2248 sine

2093 2273 2337 2343 palatino
2367 2276 2566 2330 comite
2618 2276 2778 2342 rexit,
2822 2276 3002 2331 donec
3032 2279 3259 2350 spiritus
3288 2283 3408 2352 ejus
3439 2285 3530 2320 ¹⁰²⁸
3583 2301 3714 2342 cor-

2095 2382 2263 2438 porea
2316 2369 2461 2423 mole
2501 2369 2735 2435 solutus,
2777 2370 2844 2423 ad
2901 2370 3081 2426 locum
3141 2373 3347 2431 debitae
3404 2379 3715 2435 mansionis

2094 2462 2334 2532 perrexit
2370 2462 2476 2516 1°".
2516 2463 2638 2534 (An.
2684 2463 2838 2531 1102)
2875 2464 3114 2521 Mortuus
3141 2477 3225 2523 est
3263 2485 3395 2544 ergo
3423 2471 3531 2527 dux
3564 2473 3715 2530 Wla-

2094 2550 2456 2605 dislavusw'6
2503 2558 2666 2606 aetate
2717 2552 2916 2623 plenus
2945 2561 3000 2608 et
3048 2555 3138 2589 ¹⁰²⁷
3183 2556 3502 2616 inﬁrmitate
3548 2561 3715 2637 longa

2089 2641 2348 2696 detentus
2389 2641 2561 2713 (138),
2607 2643 2765 2711 cujus
2805 2646 3067 2716 exequias
3112 2648 3358 2720 quinque
3404 2651 3609 2708 diebus
3656 2655 3709 2709 in

2090 2732 2228 2788 urbe
2260 2733 2510 2788 Plocensi
2541 2749 2670 2788 cum
2701 2735 3004 2805 capellanis
3034 2737 3391 2808 celebrando,
3445 2742 3712 2800 Martinus

2090 2824 2539 2896 archiepiscopus
2595 2827 2941 2896 expectando
2991 2827 3104 2884 ﬁlio
3156 2831 3397 2900 sepelire
3452 2849 3567 2888 non
3626 2842 3709 2891 est

2091 2930 2277 2969 ausus.
2345 2915 2720 2972 Advenientes
2781 2924 2968 2973 autem
3034 2919 3199 2976 ambo
3267 2920 3462 2978 fratres
3527 2927 3713 2983 adhuc

2092 3004 2365 3076 insepulto
2388 3011 2564 3074 patre,
2589 3021 2848 3078 magnum
2881 3007 3026 3062 inter
3039 3024 3097 3063 se
3126 3025 3282 3080 paene
3309 3011 3379 3066 de
3433 3013 3710 3072 divisione

2014 3123 2062 3191 Ο
2091 3097 2477 3151 thezaurorum
2508 3098 2597 3131 ¹⁰²⁸
2629 3106 2684 3152 et
2709 3099 2866 3171 regni
2908 3099 3204 3156 discidium
3247 3102 3584 3176 habuerunt,
3609 3107 3710 3163 sed

2091 3187 2283 3242 divina
2305 3189 2482 3262 gratia
2525 3189 2854 3260 inspirante,
2884 3199 2954 3262 χοι
2996 3193 3086 3227 ¹⁰²⁹
3117 3195 3539 3268 archiepiscopo
3575 3215 3709 3255 sene

2092 3279 2182 3314 ¹⁰³⁰
2209 3279 2358 3334 fideli
2379 3281 3034 3353 mediante,pra3ceptum
3067 3286 3302 3342 viventis
3337 3288 3392 3342 in
3413 3291 3708 3359 praesentia

2089 3371 2289 3424 mortui
2340 3377 2656 3426 tenuerunt.
2737 3373 3037 3431 Wladislao
3107 3393 3239 3451 ergo
3305 3379 3394 3414 ¹⁰³¹
3452 3382 3596 3438 duce
3651 3384 3704 3438 in

2089 3459 2322 3515 ecclesia
2377 3461 2627 3516 Plocensi
2705 3463 3008 3520 honoriﬁce
3081 3469 3212 3522 satis
3273 3486 3336 3523 ac
3413 3473 3705 3547 magniﬁce

2085 3551 2377 3617 tumulato,
2435 3554 2937 3627 tbezaurorumque
2993 3559 3163 3628 patris
3213 3561 3354 3616 intra
3409 3562 3557 3618 ﬁlios
3617 3566 3707 3600 ¹⁰³²

2087 3657 2372 3714 regnoque
2400 3641 2490 3676 ¹⁰³³
2529 3643 2770 3699 Polonia:
2803 3646 3019 3702 vivente
3061 3657 3215 3719 patre
3254 3650 3392 3706 facta
3426 3654 3704 3711 divisione

2084 3729 2392 3801 designato,
2439 3738 2642 3786 sortem
2697 3742 2928 3806 uterque
2983 3752 3094 3790 suae
3145 3738 3437 3795 divisionis
3481 3743 3701 3800 habuit.

2084 3819 2400 3874 Bolezlavus
2427 3827 2608 3874 tamen
2657 3821 2938 3893 legitimus
2970 3825 3107 3880 duas
3143 3828 3307 3882 sedes
3347 3832 3504 3904 regni
3548 3835 3702 3904 prin-

2081 3911 2291 3982 cipales
2357 3918 2680 3985 partemque
2733 3923 2893 3969 terrae
2960 3918 3377 3987 pOpulosiorem
3437 3924 3700 3982 obtinuit.

2081 4004 2223 4059 Puer
2277 4012 2458 4058 autem
2515 4005 2834 4062 Bolezlavus
2887 4009 3083 4079 adepta
3149 4021 3302 4080 parte
3359 4017 3704 4086 patrimonii,

2081 4097 2351 4152 militibus
2406 4105 2460 4152 et
2529 4099 2763 4155 consilio
2830 4100 3212 4170 confortatus,
3295 4108 3466 4178 coepit
3535 4110 3705 4166 animi

2082 4185 2338 4241 virtutem
2400 4185 2658 4258 viresque
2705 4190 2956 4258 corporis
3031 4207 3340 4261 exercere,
3417 4199 3704 4272 coepitque

2081 4274 2223 4329 fama
2266 4275 2432 4329 simul
2489 4282 2544 4330 et
2573 4284 2734 4333 aetate
2759 4279 2982 4348 juvenis
3035 4279 3196 4336 bona:
3243 4283 3452 4341 indolis
3501 4289 3702 4345 adole-

2080 4383 2234 4423 scere
2266 4367 2374 4422 ¹⁰³⁴.

2080 4459 2169 4513 22.
2204 4461 2511 4516 Bolezlavus
2541 4467 2871 4531 expugnavit
2901 4466 3091 4520 Albam
3128 4468 3312 4522 urbem
3349 4475 3560 4539 regiam
3590 4474 3699 4530 1°”.

2155 4548 2336 4604 Novus
2375 4565 2507 4625 ergo
2535 4550 2627 4584 ¹⁰³⁶
2659 4566 2799 4606 nova
2838 4553 2984 4607 bella
3015 4554 3172 4610 miles
3194 4555 3283 4590 ¹⁰³⁷
3318 4557 3517 4630 incipit
3545 4577 3707 4620 reno-

1706 4642 1925 4699 VARl/E
1968 4646 2240 4704 LECTION
2250 4651 2345 4705 ES.

437 4730 530 4766 ¹⁰⁰³
557 4731 726 4789 Zutok
783 4737 832 4789 1.
899 4735 954 4788 2.

368 4801 766 4882 ‘°°7conv_enir:e
815 4806 985 4882 addit
1006 4823 1222 4882 erronee
1246 4811 1300 4864 2.
1341 4813 1433 4866 sed
1461 4813 1686 4882 ipunctis
1725 4830 1786 4870 su

365 4944 494 4999 Nam
521 4947 574 5001 3.
661 4948 749 4982 ¹⁰¹⁷
775 4949 1054 5005 dominico
1087 4951 1232 5006 diem
1262 4952 1436 5010 gloria
1479 4956 1533 5008 2.
1589 4957 1642 5010 in

365 5023 742 5093 argumentum
787 5022 915 5093 edit.
966 5024 1129 5077 Vars.
1167 5040 1226 5093 p.
1265 5022 1364 5079 I75
1421 5026 1566 5082 deest
1605 5029 1656 5082 1.
1698 5022 1770 5082 '2.

365 5088 558 5164 [orsan
587 5091 935 5164 proverbium
982 5094 1091 5161 legi
1113 5088 1308 5164 potest,
1339 5099 1414 5151 sic
1443 5101 1585 5152 enim
1609 5106 1796 5154 auctor

365 5157 422 5229 1_.
463 5159 517 5212 2.
591 5157 712 5193 ⁷¹⁰²²
737 5157 1305 5229 ανρωηεηιιὶιηέἀίτ.’
1346 5169 1501 5223 Vars.

365 5227 596 5304 ditionis
623 5260 698 5304 ᾖ
737 5227 964 5302 spiritus
1005 5236 1126 5304 ejus
1174 5239 1366 5294 desunt
1404 5239 1454 5296 3.

368 5296 457 5369 19³⁷
499 5300 555 5354 in
586 5302 744 5356 addit
769 5296 826 5358 3.
939 5296 1389 5365 1m'divisionem
1427 5296 1806 5369 thezaurorum

366 5368 458 5444 103a
481 5379 538 5444 et!
574 5372 734 5444 add“
754 5373 808 5430 3.
893 5375 978 5411 1031
1008 5378 1174 5444 igitur
1208 5381 1263 5436 2,
1371 5382 1461 5416 10³³
1492 5383 1528 5438 i.
1560 5383 1596 5437 f.
1631 5368 1822 5440 desunt

1785 4823 2018 4887 ppositis
2063 4825 2271 4877 notavit
2355 4823 2446 4858 1008

365 4876 1679 4976 euersas-.131:aesaes-_.:°::vaoces
1707 4876 1978 4976 24233..
2007 4891 2100 4976 ’ρετ
2128 4903 2292 4976 atque:
2332 4895 2424 4976 θ.-
2471 4876 2826 4976 saginata
3047 4876 3417 4956 ενείτέιτιλίῖίῖ-
3457 4876 3514 4962 é:

1696 4958 1872 5030 gloria
1926 4961 2037 5016 diei
2069 4958 2352 5020 dominice
2393 4965 2445 5022 3.

1050 4735 1141 4824 “’9‘
1169 4738 1433 4824 audiebat
1461 4743 1534 4824 .1.
1729 4743 1820 4780 ¹⁰⁰⁵
1847 4755 2218 4824 argumentum
2265 4753 2609 4824 editLVars.
2641 4769 2699 4824 p.
2742 4755 2846 4812 173
2873 4756 3018 4812 deest
3057 4759 3105 4813 1.
3132 4758 3167 4812 2
3230 4759 3287 4816 3.
3316 4759 3406 4795 ¹⁰⁰⁶
3436 4762 3608 4824 igitur
3644 4767 3696 4822 3.

3606 4909 3698 4944 1016

3605 4979 3697 5014 1019

2472 4832 2627 4898 parte
2672 4826 2727 4898 1.
2755 4827 2826 4898 2A.
2875 4827 2927 4881 3.
3008 4828 3099 4864 ¹⁰⁰⁰
3129 4830 3408 4898 sejunctas
3455 4826 3512 4889 Ἰ.

2541 4967 2632 5040 ³9⁸⁸
2659 4973 2828 5024 totum
2867 4970 2962 5024 hoc
3007 4979 3169 5040 caput
3221 4976 3421 5028 omittit
3463 4978 3518 5033 3.

1844 5031 2047 5118 ίςξογιιι
2095 5036 2299 5118 codices
2327 5038 2493 5118 liueos
2542 5039 2756 5118 duabus
2777 5031 3140 5118 superpositis
3190 5031 3517 5114 proferunt,
3552 5051 3700 5118 quod

1842 5103 1992 5180 dicta
2015 5111 2287 5180 memoria
2324 5110 2496 5176 digna
2548 5111 2806 5180 appellat.

1549 5187 1612 5240 Ρ.
1665 5171 1768 5226 176
1820 5174 1965 5230 deest
2004 5177 2054 5230 1.
2096 5177 2150 5231 2.
2183 5179 2232 5234 3.

1555 5241 1645 5276 ¹⁰²⁵
1677 5245 1996 5300 eternaliter
2036 5265 2430 5319 permansurus
2480 5253 2635 5307 addit
2659 5252 2710 5308 3.

1555 5328 1806 5369 aurorum
1847 5332 1949 5372 pro
1979 5318 2030 5372 d.
2088 5320 2141 5372 d.
2202 5329 2243 5372 ι.
2297 5326 2340 5372 1.
2402 5323 2456 5372 2.
2517 5323 2588 5372 de
2634 5324 2710 5372 όὶι

1843 5332 1949 5386 pro
1979 5332 2030 5372 α.

2927 5111 3210 5190 “ffListurr—i
3260 5132 3364 5187 pro
3405 5111 3505 5190 per
3553 5111 3702 5176 hunc

2327 5180 2419 5214 ¹⁰²³
2457 5180 2778 5258 Bolealayus
2807 5183 2925 5258 3,”
2961 5183 3050 5218 ¹⁰²⁴
3088 5180 3307 5241 υθγὸαά
3334 5180 3578 5258 pristinae
3607 5208 3700 5245 se-

2836 5253 3130 5310 1mautem
3180 5274 3284 5327 pro
3333 5253 3380 5313 ὲ.
3417 5263 3471 5315 d.
3507 5261 3590 5314 W.
3643 5263 3692 5317 3.

2088 5320 2141 5375 d.
2202 5329 2243 5375 ι.
2297 5326 2340 5375 l.
2402 5323 2456 5377 2.
2517 5323 2588 5376 de
2634 5323 2911 5380 divisione
2961 5320 3224 5384 tbezauFo
3250 5330 3303 5383 3.
3421 5333 3512 5366 1°”
3543 5333 3597 5386 in
3635 5333 3690 5388 2.

2002 5389 2383 5472 1fmnacregno
2410 5394 2616 5472 3.710“
2657 5395 2882 5451 adolere
2923 5398 2976 5451 1.
3016 5398 3139 5455 2.3.
3199 5400 3290 5435 ¹⁰³⁵
3317 5409 3692 5472 argumentum

363 5443 480 5496 cod.
510 5443 562 5497 3.
606 5443 750 5498 deest
776 5447 824 5500 ι.
857 5447 910 5501 2.
1018 5443 1291 5524 t‘ossigitur
1323 5453 1376 5507 2.
1407 5453 1460 5508 3.
1539 5455 1630 5489 ποετ
1662 5457 1823 5512 miles
1849 5443 1989 5514 nova
2019 5443 2500 5534 bellae-37.3.3033
2527 5465 2577 5519 3.

1914 5561 2122 5617 NOTAE.

433 5645 709 5724 (136)__De
746 5663 904 5724 anno
960 5649 1086 5724 vide
1129 5650 1396 5724 coemam,
1446 5673 1526 5723 ιιι,
1580 5659 1635 5724 9,
1682 5667 1738 5714 et
1791 5659 1974 5717 Giese-

360 5712 783 5775 brecbt’Wend.
827 5719 1026 5776 Gesch.
1064 5739 1121 5788 ιι,
1156 5723 1274 5778 166.
1318 5725 1378 5777 Κ.

2149 5665 2291 5728 (137)
2319 5668 2359 5720 I.
2391 5683 2440 5721 e.
2468 5667 2791 5724 Patzinacis.

2147 5737 2293 5808 (138)
2318 5735 2394 5792 Cf.
2438 5737 2680 5807 Cosmas,
2711 5757 2793 5807 ιιι,
2825 5741 2913 5810 16,
2947 5742 3006 5795 Κ.
