3960 6198
384 341 488 395 895

1639 342 1986 398 CHRONICA'I
2025 340 2446 398 POLONORUM.

3605 344 3722 401 896

381 459 704 532 glomerata,
725 464 857 518 iram
885 465 1362 534 instantispariter
1387 475 1442 524 et
1467 470 1751 525 audaciam
1777 486 1996 542 repres—
2020 476 2070 544 Α
2097 469 2348 542 quinque
2377 467 2573 522 diebus
2611 467 2956 524 sufficienter
2995 469 3241 524 indulsit.
3281 470 3443 526 Sexta
3478 471 3571 528 die
3601 480 3732 528 tan-

380 551 563 608 sisset.
597 553 746 610 Tunc
776 556 999 627 quidem
1034 558 1266 612 tinnitus
1299 559 1386 592 ¹⁰⁶⁸
1415 560 1482 614 de
1511 561 1687 634 galeis
1720 560 1996 632 percussis

382 658 480 712 per
528 660 768 701 concava
829 647 918 683 ¹⁰⁶⁹
960 649 1226 703 montium
1280 651 1676 723 condensaque
1736 653 1992 706 silvarum

381 746 644 793 resonant
697 739 808 807 1°70,
874 740 1021 815 ignis
1075 743 1324 798 scintilla:
1391 745 1460 798 de
1524 745 1666 800 ferro
1715 761 1814 815 per
1868 761 1996 800 aera

383 829 609 897 micant,
645 831 812 886 hastae
861 833 1056 904 clipeis
1087 835 1293 890 collisa
1323 844 1571 906 erepant,
1607 844 1827 906 pectora
1854 837 1997 891 scin-

383 917 610 985 duntur,
643 938 837 977 manus
874 934 928 978 et
959 926 1200 980 cervices
1229 942 1571 998 corporaque
1621 934 1870 983 truncata
1898 944 1997 1000 per

383 1025 636 1081 campum
666 1014 952 1084 palpitant.
977 1017 1052 1070 lbi
1086 1033 1314 1088 campus
1352 1019 1635 1086 martialis,
1669 1019 1745 1074 ibi
1779 1020 1998 1076 fortuna

385 1099 539 1155 ludit.
580 1103 655 1155 Ad
703 1112 1006 1159 extremum
1047 1107 1187 1160 adeo
1219 1115 1345 1162 sunt
1383 1109 1645 1180 utrinque
1703 1108 1913 1181 fatigati
1941 1117 1998 1166 et

384 1191 437 1243 in
483 1192 724 1263 dampno
758 1206 1166 1266 peremptorum
1227 1198 1461 1253 militum
1521 1202 1812 1271 coaequati,
1846 1203 1993 1272 quod

383 1295 483 1334 nec
540 1281 909 1338 Moravienses
951 1285 1035 1318 ¹⁰⁷¹
1099 1287 1274 1340 laetam
1327 1287 1610 1343 victoriam
1658 1290 1992 1356 habuerunt,

383 1387 485 1425 nec
513 1372 702 1427 Poloni
738 1383 921 1430 notam
956 1375 1196 1432 infamiae
1251 1378 1616 1438 incurrerunt.
1663 1381 1738 1434 lbi
1772 1397 1995 1453 quoque

383 1463 679 1520 Zelislavus
709 1483 899 1523 comes
938 1469 1030 1504 ¹⁰⁷¹
1058 1487 1278 1526 manum
1311 1489 1420 1543 qua
1448 1473 1539 1508 ¹⁰⁷³
1569 1475 1764 1544 clypeo
1795 1491 1996 1545 corpus

385 1557 603 1628 tegebat
662 1560 863 1625 amisit,
943 1578 1104 1632 quam
1201 1565 1459 1618 amissam
1527 1566 1708 1620 statim
1766 1565 1997 1621 viriliter

381 1645 715 1702 abscisorem
773 1650 1096 1705 interimens
1133 1653 1452 1707 vindicavit.
1486 1655 1599 1708 Dux
1637 1669 1770 1709 vero
1804 1655 1997 1710 Bolez-

382 1736 535 1792 lavus
563 1738 634 1793 ob
690 1741 954 1796 honorem
988 1743 1091 1796 sibi
1121 1759 1217 1814 pro
1247 1761 1449 1800 carnea
1499 1763 1718 1801 manum
1773 1763 1992 1802 auream

384 1828 724 1882 restauravit.

525 1915 613 1969 26.
646 1919 760 1986 Ipse
798 1920 1105 1974 Bolezlavus
1143 1925 1434 1976 Moraviam
1471 1923 1713 1978 devastat
1743 1923 1854 1978 1°“.

458 2003 588 2058 Item
651 2007 766 2076 ipse
821 2008 911 2042 ¹⁰⁷⁵
972 2010 1261 2066 Moraviam
1310 2013 1556 2080 intravit,
1623 2015 1720 2069 sed
1787 2015 2002 2069 cunctis

389 2095 609 2150 rusticis
685 2098 874 2153 audita
936 2099 1080 2156 fama
1157 2102 1211 2155 in
1269 2103 1358 2136 ¹⁰⁷⁶
1414 2104 1820 2160 munitionibus
1878 2121 2002 2160 cum

392 2189 577 2256 praeda
608 2192 864 2261 receptis.
898 2193 1026 2248 licet
1060 2195 1316 2250 Bohemis
1345 2205 1399 2250 et
1447 2197 1887 2252 Moratiensibus
1913 2198 2003 2232 ‘0'”

390 2282 756 2354 congregatis,
792 2283 1050 2340 incendio
1087 2287 1279 2357 majori
1322 2304 1484 2359 quam
1518 2289 1626 2344 alio
1662 2289 1902 2360 dampno
1933 2289 2011 2345 ibi

392 2370 534 2426 facto
586 2379 767 2426 tamen
818 2375 1171 2450 impugnatus
1242 2380 1525 2445 remeavit,
1583 2381 1636 2434 in
1691 2396 1800 2452 quo
1869 2381 2010 2437 facto

393 2465 576 2513 tamen
629 2460 720 2495 ¹⁰τ³
769 2462 1094 2519 difﬁcultate
1151 2467 1228 2520 rei
1283 2483 1556 2537 perpensa
1614 2483 1725 2524 non
1787 2485 2008 2539 parvam

392 2547 619 2619 gloriam
651 2550 959 2621 acquisivit.
992 2553 1125 2608 Nam
1169 2555 1237 2608 de
1290 2562 1441 2626 parte
1478 2556 1718 2612 Poloniae
1775 2556 2014 2612 Moravia

395 2639 663 2696 arduitate
718 2645 984 2699 montium
1032 2662 1094 2700 ac
1135 2647 1406 2702 densitate
1435 2647 1694 2703 silvarum
1747 2649 1887 2704 adeo
1926 2656 2015 2703 est.

397 2731 670 2799 obstrusa,
695 2737 842 2804 quod
865 2744 918 2790 et
942 2736 1187 2808 pacificis
1209 2739 1514 2795 viatoribus
1535 2756 1599 2795 ac
1619 2741 1713 2775 ¹⁰⁷⁹
1732 2741 2012 2812 peditibus

400 2821 490 2854 ¹⁰⁸⁰
535 2826 808 2894 expeditis
863 2829 1172 2897 periculosa
1225 2831 1484 2887 videntur
1533 2849 1597 2888 ac
1635 2849 1735 2904 per
1777 2833 2008 2887 nimium

399 2931 651 2972 onerosa.
684 2920 791 2990 Ipsi
821 2923 982 2977 etiam
1016 2925 1383 2981 Moravienses
1424 2927 1510 2962 ¹⁰⁸¹
1561 2928 1860 2982 adventum
1891 2927 2012 2995 ejus

400 3008 567 3082 longe
595 3021 720 3066 ante
755 3016 1128 3082 pia-scientes,
1159 3033 1268 3073 non
1301 3026 1431 3073 sunt
1459 3019 1579 3074 ausi
1613 3035 1739 3074 cum
1771 3035 1836 3074 eo
1869 3035 2012 3090 pra:-

2097 559 2223 613 dem
2270 564 2536 628 sextaque
2586 555 2722 610 feria
2763 557 3154 613 communicati
3198 565 3327 612 sunt
3361 559 3729 626 eucharistia,

2097 649 2285 705 refecti
2342 648 2548 719 pariter
2592 647 2735 702 victu
2767 651 3073 719 Qcorporeo,
3134 648 3428 721 Cholbreg,
3488 651 3730 707 veniunt

2096 743 2264 798 ductu
2296 743 2533 797 sidereo.
2564 740 2900 796 Praecedenti
2934 749 3101 795 nocte
3123 741 3443 796 Bolezlavus
3473 742 3725 798 ofﬁcium

2097 833 2438 889 ﬁerisanctze
2470 833 2650 887 Mariae
2701 832 2790 866 ¹⁰⁸⁹
2830 831 3117 887 constituit
3158 832 3269 897 1°90,
3329 834 3480 903 quod
3527 843 3726 904 postea

2098 942 2198 980 usu
2227 941 2326 996 pro
2357 925 2654 981 devotione
2685 923 2930 978 retinuit.
2979 923 3076 978 Die
3115 924 3367 990 sabbato,
3399 940 3600 980 aurora
3633 925 3726 980 lu-

2097 1024 2376 1084 cescente,
2417 1017 2482 1071 ad
2544 1015 2738 1071 urbem
2799 1014 3071 1088 Cholbreg
3103 1016 3565 1087 prepinquantes,
3615 1017 3726 1072 ﬂu-

2097 1108 2359 1179 viumque
2391 1107 2698 1178 proximum
2731 1106 2853 1161 sine
2889 1115 3060 1177 ponte
3090 1107 3175 1160 vel
3199 1106 3360 1172 vado,
3391 1123 3460 1162 ne
3495 1109 3726 1178 praesci-

2097 1206 2286 1252 rentur
2323 1214 2352 1251 a
2385 1197 2636 1270 paganis,
2670 1213 2791 1251 cum
2839 1196 3086 1266 periculo
3116 1203 3490 1263 transeuntes,
3531 1199 3720 1273 agmi-

2097 1290 2262 1344 nibus
2283 1288 2570 1354 ordinatis,
2599 1287 2936 1358 aciebusque
2967 1295 3112 1342 retro
3139 1287 3356 1342 duabus
3381 1289 3438 1342 in
3465 1289 3723 1344 subsidio

2095 1377 2394 1442 collocatis,
2438 1393 2506 1431 ne
2565 1376 2700 1431 forte
2757 1375 3042 1429 Pomorani
3096 1375 3198 1430 hoc
3259 1376 3345 1410 ¹⁰⁹¹
3399 1377 3730 1446 praescirent

2097 1487 2303 1542 eosque
2347 1470 2600 1525 incautos
2634 1469 2871 1533 adirent,
2925 1468 3115 1522 urbem
3149 1469 3467 1539 opulentam
3511 1470 3730 1524 divitiis

2096 1562 2479 1633 munitamque
2511 1560 2782 1630 praesidiis
2826 1559 3163 1614 unanimiter
3203 1560 3467 1615 invadere
3511 1577 3730 1617 conru—

2098 1651 2333 1720 piscunt.
2371 1649 2521 1702 Tunc
2558 1647 2781 1720 quidam
2813 1662 2999 1701 comes
3047 1647 3116 1699 ad
3149 1648 3497 1702 Bolezlavum
3531 1665 3728 1705 acces-

2098 1745 2186 1806 sit,
2237 1744 2478 1814 datoque
2526 1742 2760 1797 consilio
2802 1741 3087 1796 reticendo
3122 1758 3247 1796 cum
3304 1742 3592 1798 derisione
3637 1760 3731 1798 re-

2025 1800 2074 1868 B
2102 1836 2290 1891 cessit.
2330 1800 2404 1890 At.
2445 1836 2534 1868 ¹⁰⁹²
2567 1833 2884 1889 Bolezlavus
2915 1849 3045 1888 suos
3085 1832 3329 1888 breviter
3370 1835 3722 1902 adhortatur,

2101 1924 2251 1978 unde
2306 1923 2540 1994 quisque
2590 1922 2725 1977 satis
2774 1922 2843 1976 ad
2895 1920 3182 1975 audaciam
3228 1930 3579 1992 provocatur.
3655 1926 3723 1976 Ni

2099 2026 2356 2084 vestram,
2417 2016 2617 2088 inquit,
2683 2018 2899 2083 milites,
2961 2021 3235 2085 expertam
3296 2016 3624 2085 probitatem
3680 2024 3734 2071 et

2105 2108 2394 2162 audaciam
2418 2107 2742 2171 habuissem,
2774 2119 3117 2174 nequaquam
3155 2110 3299 2160 retro
3327 2110 3546 2159 tantam
3579 2119 3726 2159 meo-

2104 2214 2228 2254 rum
2281 2198 2370 2231 ¹⁰⁹³
2398 2198 2805 2251 multitudinem
2831 2197 3172 2260 dimisissem,
3212 2210 3311 2250 nec
3355 2211 3482 2250 cum
3527 2199 3725 2265 paucis

2112 2304 2278 2359 usque
2307 2289 2378 2342 ad
2400 2291 2684 2342 maritima
2707 2291 3083 2357 peruenissem.

2183 2387 2334 2436 Nunc
2353 2395 2474 2435 vero
2500 2381 2564 2434 de
2590 2382 2785 2435 nostris
2800 2381 3076 2434 auxilium
3100 2394 3212 2435 non
3239 2394 3545 2448 speramus,

2186 2479 2362 2529 Hostes
2392 2480 2552 2540 retro,
2579 2475 2713 2542 fuga
2743 2475 2921 2541 longa,
2953 2473 3094 2541 si§de
3117 2475 3253 2540 fuga
3271 2475 3591 2540 cogitamus.

2188 2569 2250 2620 In
2269 2571 2367 2620 Deo
2394 2571 2611 2619 tantum
2641 2571 2692 2619 et
2722 2568 2781 2618 in
2809 2567 2976 2618 armis
2999 2568 3124 2633 jam
3159 2566 3337 2619 securi
3371 2564 3733 2629 conﬁdamus.

2115 2655 2227 2709 Hiis
2265 2655 2448 2721 dictis,
2482 2653 2549 2706 ad
2582 2652 2772 2707 urbem
2822 2652 3004 2722 potius
3041 2652 3228 2707 volare
3276 2669 3440 2724 quam
3499 2667 3728 2706 currere

2113 2743 2462 2798 videbantur.
2508 2741 2736 2806 Quidam
2769 2747 2974 2795 tantum
2995 2741 3259 2810 praedam,
3283 2741 3512 2812 quidam
3534 2740 3730 2795 urbem

2112 2852 2312 2906 capere
2332 2834 2686 2889 meditantur.
2723 2835 2783 2888 Et
2810 2835 2853 2887 si
2886 2834 3068 2889 cuncti
3097 2835 3241 2890 sicut
3269 2834 3490 2906 quidam
3525 2835 3737 2889 unani-

2111 2928 2275 2982 miter
2301 2927 2656 2994 invasissent,
2713 2926 2804 2980 ilia
2834 2925 2926 2980 die
2974 2927 3166 2998 procul
3213 2926 3384 2982 dubio
3434 2927 3737 3001 gloriosam

2114 3016 2541 3072 Pomoranorum
2571 3015 2764 3069 urbem
2798 3022 2852 3069 et
2884 3015 3214 3085 praecipuam
3251 3015 3610 3079 habuissent;
3643 3016 3738 3070 sed

400 3101 532 3157 lium
566 3119 872 3176 campestre
906 3110 996 3143 ¹⁰⁸²
1015 3113 1380 3179 committere,
1416 3129 1519 3168 nec
1549 3112 1605 3167 in
1635 3113 1848 3168 itineris
1868 3111 2013 3167 diffi—
2039 3126 2087 3193 ί)
2114 3109 2272 3180 capia
2297 3107 2612 3162 divitiarum
2645 3107 2940 3178 praedaque
2971 3107 3222 3162 suburbii
3281 3107 3519 3162 militum
3563 3108 3738 3163 auda-

402 3196 605 3252 cultate
648 3199 826 3255 saltim
872 3203 962 3236 ¹⁰⁸³
989 3203 1206 3258 insidiis
1247 3204 1337 3240 ¹⁰⁸⁴
1377 3205 1602 3259 intranti
1657 3205 1741 3260 vel
1790 3207 2014 3260 exeunti

402 3287 681 3342 resistere.

615 3376 704 3431 27.
739 3379 850 3435 1°95.
883 3385 1106 3450 Legatus
1128 3385 1396 3452 pontiﬁcis
1426 3386 1658 3438 maximi
1687 3383 1796 3434 ‘0".

477 3465 548 3520 Eo
577 3467 758 3539 itaque
798 3471 866 3525 de
897 3471 1134 3529 Moravia
1191 3475 1322 3529 satis
1371 3475 1670 3547 glorianter
1726 3475 2014 3542 redeunte,

403 3557 661 3614 Romanae
681 3562 830 3616 sedis
855 3564 1086 3638 legatus,
1119 3566 1270 3621 Walo
1301 3567 1527 3622 nomine
1557 3568 1904 3623 Belvacensis
1926 3567 2014 3602 ¹⁰⁸⁷

402 3649 723 3719 episcopus,
769 3651 1050 3707 Poloniam
1083 3655 1329 3723 advenit,
1359 3656 1450 3727 qui
1509 3672 1635 3712 cum
1669 3657 1868 3712 virtute
1901 3657 2012 3711 Bo-

402 3739 617 3805 lezlavi,
653 3744 772 3799 zelo
809 3745 1039 3813 justitiae
1071 3755 1279 3802 tantum
1317 3748 1598 3804 canonica:
1651 3748 2017 3806 districtionis

403 3832 642 3906 rigorem
674 3837 939 3905 exercuit,
967 3839 1115 3910 quod
1147 3841 1289 3895 duos
1319 3841 1612 3912 episcopos
1639 3840 1714 3893 ibi
1747 3840 1900 3896 nullo
1929 3841 2014 3896 vel

404 3940 568 3994 prece
602 3928 684 3981 vel
715 3937 888 3998 pretio
917 3932 1285 3988 subveniente
1315 3933 1592 4004 deposuit.
1629 3932 1790 3986 Sedis
1827 3933 2014 4005 itaque

403 4015 662 4074 Romanae
715 4020 896 4095 legato
954 4034 1274 4080 reverenter
1319 4025 1607 4088 honorato,
1665 4025 2014 4096 concilioque

400 4108 667 4163 canonice
698 4109 1000 4179 celebrato,
1033 4113 1238 4167 missus
1278 4112 1580 4183 apostolica
1618 4111 1741 4167 data
1781 4112 2012 4168 benedi-

401 4195 584 4251 ctione
613 4198 836 4253 Romam
869 4201 1051 4269 rediit,
1076 4202 1308 4276 belliger
1330 4217 1458 4256 vero
1484 4201 1802 4257 Bolezlavus
1829 4203 2015 4258 hostes

398 4299 530 4338 suos
556 4283 984 4360 impugnaturus
1009 4289 1175 4360 |adiit.

397 4370 487 4426 28.
520 4379 592 4428 De
614 4377 946 4445 expeditione
975 4380 1034 4431 in
1059 4379 1244 4433 urbem
1274 4378 1515 4448 Cotobreg
1545 4378 1689 4446 (143t
1715 4379 1866 4446 facta
1896 4378 2007 4435 1°".

470 4462 597 4531 (An.
638 4465 816 4535 1107.)
863 4466 1034 4539 Igitur
1072 4467 1123 4520 in
1176 4468 1388 4543 Glogou
1442 4469 1685 4524 exercitu
1744 4484 2010 4525 convoca-

398 4564 452 4612 to
484 4557 649 4629 (144),
688 4559 898 4615 nullum
934 4561 1175 4631 peditem
1207 4563 1306 4617 sed
1338 4563 1540 4619 milites
1565 4571 1773 4620 tantum
1803 4564 2010 4620 electos

397 4666 683 4724 equosque
717 4654 1028 4726 praecipuos
1086 4656 1238 4712 duxit
1285 4673 1494 4726 secum,
1527 4673 1631 4714 nec
1683 4659 1868 4714 eundo
1913 4675 2012 4730 per

397 4743 614 4801 deserta
658 4747 752 4802 die
804 4756 1082 4822 noctuque
1123 4751 1297 4808 labori
1353 4751 1439 4807 vel
1488 4753 1692 4808 esuriei
1731 4753 2012 4809 continuis

2114 3200 2253 3254 ciam
2313 3197 2612 3263 excecavit,
2669 3195 2860 3268 sicque
2904 3197 3124 3250 fortuna
3161 3196 3437 3250 civitatem
3486 3213 3647 3252 suam
3707 3213 3736 3250 a

2117 3286 2626 3343 Polonisliberavit.
2661 3286 2816 3340 Pauci
2842 3294 3053 3340 tantum
3087 3286 3245 3356 probi
3266 3286 3473 3340 milites
3501 3287 3736 3358 gloriam

2116 3381 2322 3438 divitiis
2354 3381 2738 3453 praeferentes,
2770 3381 2990 3435 emissis
3028 3380 3256 3446 tanceis,
3300 3388 3527 3451 pontem
3560 3389 3740 3436 extra-

2115 3471 2217 3526 ctis
2245 3470 2444 3542 gladiis
2470 3469 2800 3524 transierunt
2843 3476 3165 3540 portamque
3209 3469 3446 3523 civitatis
3497 3468 3742 3524 intrave-

2117 3571 2264 3630 runt,
2291 3565 2389 3618 sed
2407 3580 2437 3617 a
2467 3564 2666 3618 civium
2698 3563 3054 3618 multitudine
3081 3563 3366 3629 coarctati,
3397 3564 3488 3618 vix
3514 3565 3736 3619 tandem

2115 3655 2460 3712 retrocedere
2487 3664 2615 3711 sunt
2643 3656 2816 3711 coacti
2876 3656 2998 3727 Ipse
3039 3656 3150 3710 dux
3180 3656 3344 3711 etiam
3393 3656 3742 3712 Pomoranus

2117 3746 2227 3800 illis
2251 3746 2676 3801 advenientibus
2699 3747 2845 3801 intus
2865 3755 3000 3813 erat,
3035 3748 3349 3819 timensque
3375 3755 3550 3802 totum
3582 3765 3739 3803 exer-

2115 3835 2280 3890 citum
2349 3835 2630 3902 advenire,
2691 3851 2789 3907 per
2838 3836 2999 3891 aliam
3051 3843 3266 3908 portam
3327 3835 3617 3908 eﬂugerat.
3677 3838 3742 3891 At

2117 3925 2438 3981 Bolezlavus
2480 3925 2739 3999 impiger,
2795 3942 2906 3980 non
2941 3925 2998 3980 in
3052 3941 3164 3982 uno
3221 3926 3344 3982 loco
3384 3926 3743 3993 consistebat,

2113 4017 2211 4073 sed
2238 4016 2482 4073 officium
2513 4033 2674 4072 suum
2707 4018 2877 4088 'probi
2933 4018 3146 4085 militis,
3197 4034 3262 4072 ac
3314 4017 3526 4072 strenui
3583 4019 3741 4074 ducis

2115 4113 2436 4180 exercebat;
2479 4112 2596 4168 suis
2645 4113 2905 4170 videlicet
2952 4114 3332 4169 laborantibus
3389 4113 3737 4177 occurrebat,

2113 4209 2392 4281 simulque
2427 4209 2676 4264 nocitura
2697 4208 2780 4264 vel
2825 4208 3108 4280 profutura
3139 4208 3485 4280 providebat.
3520 4210 3741 4264 Interea

2114 4301 2208 4355 alii
2265 4301 2426 4355 aliam
2488 4307 2698 4372 portam
2752 4307 2805 4355 et
2873 4300 2964 4355 alii
3007 4300 3167 4355 aliam
3230 4299 3591 4365 invadebant,
3646 4301 3738 4354 alii

2033 4423 2090 4491 D
2111 4394 2356 4464 captivos
2387 4392 2656 4468 ligabant,
2684 4391 2778 4491 alii
2828 4394 3070 4491 mIarin‘as
3109 4392 3334 4488 divitias
3364 4391 3733 4466 colligebant,

2111 4481 2202 4535 alii
2255 4496 2456 4551 pueros
2483 4485 2536 4534 et
2568 4479 2782 4550 puellas
2819 4479 3152 4534 educebant.
3198 4479 3370 4555 Igitur
3413 4480 3740 4535 Bolezlavus

2109 4573 2314 4628 milites
2341 4587 2489 4636 suos,
2523 4569 2775 4642 quamvis
2816 4577 2927 4625 tota
2955 4571 3046 4626 die
3086 4570 3341 4644 fatigatos
3381 4571 3737 4638 assultando,

2111 4663 2198 4716 vix
2240 4661 2462 4716 tandem
2518 4675 2615 4716 eos
2677 4659 2822 4716 circa
2887 4676 3176 4731 vesperem
3231 4675 3491 4716 revocare
3562 4662 3738 4731 potuit

2111 4753 2525 4810 commorando.
2549 4751 2814 4808 Militibus
2843 4752 3032 4825 itaque
3070 4754 3342 4810 revocatis
3371 4769 3436 4809 ac
3466 4753 3739 4809 suburbio

1739 4893 1959 4949 VARMS
1998 4893 2362 4950 LECTIONES
2375 4937 2386 4949 .

473 5007 562 5040 ¹⁰⁶⁸
597 5008 829 5071 tignitus
878 5014 929 5066 1.
969 5011 1023 5066 2.
1123 5011 1215 5047 ¹⁰⁶⁹
1243 5027 1488 5069 concova
1540 5013 1596 5068 2.
1645 5029 1776 5069 cava
1823 5013 1858 5071 3

399 5084 589 5132 contra
627 5081 680 5135 3.
765 5081 855 5116 ¹⁰⁷⁴
874 5090 1259 5154 argumentum
1286 5086 1411 5140 edit.
1451 5091 1577 5140 Vars

402 5149 490 5183 1077
526 5148 758 5188 Man-avia
797 5154 830 5188 ρ
939 5154 1030 5188 1078
1059 5172 1180 5188 nnm
1219 5155 1252 5188 ο
1325 5156 1378 5188 ς...
1412 5155 1444 5188 9
1553 5155 1596 5188 10
1623 5157 1644 5188 ο

402 5149 490 5183 ¹⁰⁷⁷
525 5148 760 5205 Moravis
797 5154 850 5207 3.
939 5148 1030 5189 ῖ⁰⁷⁸
1059 5172 1180 5210 cum
1219 5155 1271 5210 2.
1325 5156 1380 5210 in
1411 5155 1463 5213 3.
1553 5148 1644 5191 ¹⁰³ῖ⁹

402 5221 452 5273 1.
510 5219 562 5273 2.
663 5221 755 5256 ¹⁰⁸³
779 5224 834 5276 d.
891 5242 938 5280 s.
993 5227 1188 5282 desunt
1231 5227 1265 5282 3

398 5291 591 5345 desunt
614 5291 665 5346 3.

395 5377 450 5428 p.
492 5361 596 5416 189
631 5364 772 5419 deest
803 5365 852 5420 1.
889 5367 943 5422 2.

397 5431 450 5487 2.
537 5432 627 5468 ¹⁰⁹²
655 5434 734 5488 Ad
763 5436 814 5490 1.
839 5437 892 5492 2.

1669 5164 1725 5210 et
1768 5155 1819 5212 3.
1916 5158 2008 5192 1080

1384 5228 1478 5262 ¹⁰⁸⁵
1505 5227 1695 5282 saltem
1743 5229 1893 5284 addit
1945 5228 1998 5283 3.

987 5438 1080 5473 ίοθε
1116 5441 1256 5495 deest
1278 5440 1333 5497 2.

1990 5015 2083 5051 ¹⁰⁷⁰
2101 5017 2252 5072 velut
2296 5019 2447 5072 addit
2485 5016 2538 5071 2.

1696 5085 1798 5140 187
1826 5087 1966 5142 deest
1997 5089 2044 5142 1.
2081 5089 2134 5142 2.
2173 5087 2228 5144 3.

2037 5159 2272 5229 pedibus

762 5294 853 5369 ¹⁰Ῠ⁶
889 5305 1278 5369 argumentum
1305 5301 1432 5355 edit.
1466 5305 1610 5355 Vars.
1648 5316 1703 5369 p.
1738 5299 1863 5356 188.
1887 5301 2028 5356 deest
2052 5302 2103 5356 1.
2129 5301 2188 5356 2.
2241 5294 2349 5337 ’³0⁸⁷
2381 5294 2732 5356 Belnacénsis
2746 5301 2800 5356 2.

2649 5015 2738 5052 ιοτι
2779 5015 2981 5071 Moravi
3041 5016 3092 5073 3.
3177 5016 3427 5072 “nam:
3482 5019 3536 5075 3.
3635 5020 3729 5054 ποτε

2344 5088 2435 5122 ¹⁰⁷⁶
2467 5087 2782 5144 Boleslavus
2839 5089 2989 5143 addit
3035 5088 3087 5144 3.
3193 5087 3286 5122 ¹⁰⁷⁶
3308 5097 3362 5142 el
3398 5089 3450 5142 1-
3506 5091 3734 5146 (188δεῖ-

2334 5160 2354 5212 1
2423 5160 2477 5212 2.
2553 5159 2641 5194 ‘0“
2678 5159 2876 5214 Moravi
2937 5160 2990 5213 3.
3077 5159 3167 5194 ¹⁰⁸²
3199 5159 3373 5230 prelio
3430 5163 3731 5229 campestri

2113 5231 2204 5266 10⁸⁵
2232 5247 2350 5301 quae
2378 5232 2502 5285 inde
2525 5237 2788 5300 sequntur
2806 5233 3048 5300 capitula
3081 5247 3245 5300 usque
3281 5232 3350 5284 ad
3377 5247 3506 5300 cap.
3542 5238 3740 5287 XXXIV

2129 5301 2188 5356 2.
2259 5303 2349 5337 ³0⁸⁷
2381 5302 2732 5356 Belnacensis
2746 5301 2800 5356 2.
2885 5301 2974 5336 ¹⁰⁸⁸
2995 5309 3383 5372 argumentum
3407 5305 3518 5358 edit
3584 5310 3711 5358 ναῖε

1033 5369 1333 5444 {fﬂsancte
1372 5370 1535 5426 Maria
1566 5369 1686 5426 ﬁeri
1724 5387 1827 5442 pro
1861 5370 1900 5428 f.
1941 5387 1986 5426 s.
2030 5372 2099 5428 M.
2159 5373 2214 5428 2.
2295 5373 2386 5409 ¹⁰⁹⁰
2417 5373 2659 5428 instituit
2695 5372 2728 5427 2
2826 5373 2914 5407 ¹⁰⁹¹
2946 5369 3391 5429 ιιοοῬοῐηοτεηὶ
3437 5390 3538 5444 pro
3570 5375 3629 5428 P.
3681 5376 3734 5428 ιι.

1957 5546 2170 5602 ΝΟἸῈ.

400 5644 993 5768 Βαῇἑέᾩπξίὲἓῗιξῗθξ,
1021 5646 1253 5718 Kalberg,
1287 5651 1344 5706 in
1386 5652 1713 5709 Pomerania
1742 5654 1809 5709 ad
1861 5671 2012 5712 mare

441 5717 663 5772 alticum
695 5717 884 5772 situm.
919 5717 972 5769 S’.

2187 5655 2459 5732 (ωερε
2485 5655 2745 5732 sequenti
2771 5656 3016 5732 auctoris
3044 5657 3404 5732 chronQIOgia
3441 5655 3512 5712 cf.
3550 5657 3732 5712 Giese-

2115 5727 2521 5784 brechtWend.
2563 5727 2760 5783 Gesch.
2796 5745 2856 5795 ιι,
2885 5728 3019 5796 167,
3047 5743 3101 5783 n.
3131 5729 3184 5784 1.
3220 5729 3276 5783 K.
