3960 6198
294 296 400 352 897

1658 286 1848 342 LIBER
1891 283 2248 340 SECUNDUS.

3518 285 3625 341 898

283 417 548 487 spoliato,
601 415 833 470 recessit
862 414 991 469 inde
1043 414 1363 470 Bolezlavus
1394 413 1578 487 magni
1625 412 1910 469 Michaelis
1934 419 1985 485 Α
2011 409 2151 464 vatis
2175 408 2482 479 eductaque
2504 408 2692 478 praeda
2719 411 3199 477 totum,radicitus
3226 414 3626 470 concremavit.

287 508 526 563 consilio
586 513 738 562 extra
769 522 974 569 muros,
1007 506 1156 562 omni
1185 505 1337 574 prius
1388 503 1624 559 aedificio
1674 519 1908 559 concre-

288 604 456 651 mato.
495 596 565 649 Ex
593 611 702 666 quo
735 594 879 650 facto
912 595 1060 648 natio
1094 601 1204 649 tota
1235 593 1594 648 barbarorum
1643 607 1912 647 concussa

287 690 645 744 vehementer
676 686 979 752 exhorruit,
1032 686 1282 756 famaque
1317 684 1587 739 Bolezlavi
1641 685 1803 756 longe
1833 683 1914 736 la-

289 786 453 850 teque
491 778 714 832 dilatata
749 775 1080 847 procrebuit.
1116 774 1268 829 Unde
1294 774 1458 828 etiam
1501 772 1912 843 inproverbium

288 866 565 922 cantilena
595 864 946 935 componitur
978 867 1085 930 (an.
1111 862 1302 932 1107);
1328 862 1421 916 ubi
1454 863 1587 916 satis
1615 861 1703 914 illa
1731 860 1917 931 probi-

293 964 376 1010 tas
404 964 459 1010 et
489 954 721 1010 audacia
749 952 1144 1008 convenienter
1160 951 1442 1006 extollitur
1472 952 1528 1005 in
1560 951 1678 1006 haec
1714 950 1914 1006 verba:

370 1048 555 1101 Pisces
592 1046 767 1100 salsos
796 1051 850 1099 et
875 1043 1134 1098 faetentes
1163 1043 1536 1114 apportabant
1567 1043 1680 1110 alii,

369 1135 705 1205 Palpitantes
737 1141 792 1187 et
826 1139 1077 1187 recentes
1109 1147 1255 1186 nunc
1295 1139 1590 1202 apportant
1617 1130 1736 1185 ﬁlii.

377 1227 635 1282 Civitates
675 1224 1012 1280 invadebant
1041 1231 1225 1295 patres
1254 1224 1428 1279 nostri
1459 1223 1732 1294 primitus,

374 1316 456 1369 Hii
491 1314 762 1386 procellas
793 1329 904 1368 non
932 1320 1194 1368 verentur
1215 1328 1399 1384 neque
1413 1312 1580 1366 maris
1611 1312 1850 1366 sonitus.

374 1407 668 1481 Agitabant
703 1416 884 1476 patres
925 1404 1097 1460 nostri
1131 1419 1344 1469 cervos,
1378 1419 1566 1475 apros,
1601 1418 1848 1474 capreas,

375 1499 458 1552 Hii
479 1505 750 1554 venantur
778 1504 1026 1552 monstra
1055 1495 1221 1550 maris
1242 1505 1296 1550 et
1316 1511 1452 1566 opes
1478 1511 1785 1566 equoreas.

301 1609 395 1666 29.
429 1613 494 1663 De
522 1624 661 1664 nova
695 1611 756 1662 in
806 1609 1128 1661 Pomoranos
1200 1603 1534 1674 expeditione
1568 1611 1619 1659 et
1672 1604 1926 1672 colloquio

723 1694 850 1733 cum
871 1679 1172 1733 Cottomano
1191 1677 1373 1730 habito
1402 1676 1511 1729 ¹⁰⁹⁴.

395 1775 605 1832 Labore
636 1779 786 1828 tanto
814 1771 1081 1826 militibus
1109 1787 1173 1826 ex
1212 1770 1410 1826 itinere
1447 1769 1705 1843 fatigatis,
1736 1774 1790 1822 et
1815 1767 1926 1836 jam

306 1865 649 1938 aliquantula
679 1863 864 1935 quiete
896 1877 1158 1917 concessa
1204 1858 1486 1922 recreatis,
1518 1858 1585 1912 ad
1619 1857 1930 1929 expeditio-

309 1975 436 2014 nem
472 1956 788 2012 Bolezlavus
834 1955 1090 2010 cohortes
1129 1952 1327 2008 iterum
1377 1951 1675 2016 revocavit,
1729 1956 1783 2004 et
1828 1949 1929 2003 Po-

310 2065 572 2106 moranos
604 2048 670 2103 ad
713 2047 921 2102 bellum
971 2046 1156 2100 denuo
1201 2043 1535 2116 provocavit.
1595 2042 1764 2112 Hujus
1793 2055 1926 2097 vero

313 2143 689 2217 expeditionis
744 2141 1028 2196 Swatobor
1080 2141 1200 2208 ejus
1281 2137 1730 2213 consanguineus
1779 2137 1931 2207 (145)

315 2253 534 2292 causam
566 2233 842 2299 excitavit,
866 2232 1026 2300 cujus
1058 2229 1351 2302 progenies
1391 2245 1670 2300 nunquam
1699 2227 1930 2284 fidelita-

318 2336 429 2383 tem
493 2325 712 2381 Polonis
771 2323 1013 2378 dominis
1057 2319 1385 2376 observavit.
1449 2320 1573 2375 Erat
1630 2321 1776 2376 enim
1819 2320 1936 2391 ipse

319 2417 604 2472 Swatobor
650 2415 761 2480 “’95,
807 2414 862 2467 in
904 2411 1232 2468 Pomorania
1263 2418 1593 2476 carceratus,
1631 2421 1690 2466 et
1744 2428 1775 2466 a
1815 2411 1938 2483 qui-

318 2509 557 2565 busdam
623 2523 654 2561 a
701 2521 872 2579 regno
945 2520 1046 2560 suo
1114 2503 1470 2558 traditoribus
1535 2502 1938 2574 subplantatus.

323 2601 565 2674 impiger
603 2599 748 2654 enim
787 2597 1108 2653 Bolezlavus
1138 2612 1300 2651 suum
1347 2595 1582 2666 cupiens
1607 2597 1941 2671 consangui-

329 2709 494 2748 neum
547 2692 804 2757 liberare,
889 2697 1085 2744 terram
1149 2688 1582 2743 Pomoranorum
1649 2688 1946 2743 meditatur

327 2782 455 2838 totis
503 2782 713 2838 viribus
750 2797 1086 2853 expugnare.
1138 2779 1246 2835 Sed
1291 2780 1582 2835 Pomorani
1633 2788 1945 2836 metuentes

328 2876 614 2932 audaciam
665 2875 957 2941 Bolezlavi,
1013 2874 1272 2930 callidum
1322 2874 1617 2930 consilium
1679 2875 1942 2939 inierunt,

326 2985 567 3041 namque
616 2969 723 3024 sibi
773 2967 1250 3042 consanguineum
1305 2967 1668 3022 reddiderunt
1719 2967 1832 3035 1°“,
1892 2976 1948 3023 ct

328 3062 409 3118 sic
437 3063 556 3133 ejus
587 3063 723 3116 iram
777 3071 831 3115 et
861 3060 1126 3132 impetum
1169 3059 1599 3114 intollerandum
1652 3067 1947 3115 evaserunt

331 3153 445 3221 (an.
473 3151 644 3221 1107).
685 3150 818 3205 lnde
849 3149 1070 3204 rediens
1101 3148 1421 3204 Bolezlavus
1447 3164 1570 3204 cum
1605 3164 1736 3222 rege
1769 3149 1948 3224 Unga-

332 3257 517 3297 rorum
559 3238 914 3306 Colomanno,
945 3254 1114 3309 super
1141 3253 1300 3308 reges
1345 3236 1633 3292 universos
1671 3252 1772 3291 suo
1806 3243 1951 3290 tem-

333 3343 466 3400 pore
512 3328 781 3401 degentes
828 3326 1052 3382 litterali
1105 3325 1339 3380 scientia
1397 3325 1638 3393 erudito,
1697 3324 1843 3380 diem
1895 3332 1952 3380 ct

330 3418 512 3474 locum
544 3416 803 3488 colloquii
831 3414 1140 3481 collocavit,
1181 3414 1250 3468 ad
1282 3429 1443 3486 quem
1478 3430 1575 3468 rex
1607 3413 1949 3486 Ungarorum

329 3507 544 3576 venire,
577 3507 782 3562 timens
812 3505 1062 3571 insidias,
1093 3504 1383 3560 dubitavit.
1413 3504 1537 3558 Erat
1566 3504 1713 3558 enim
1741 3505 1949 3570 Almus,

338 3604 680 3679 Ungarorum
712 3604 838 3670 dux,
869 3610 1000 3658 tunc
1028 3601 1293 3672 temporis
1322 3601 1392 3656 de
1429 3600 1662 3676 Ungaria
1693 3600 1954 3675 profuga-

333 3704 422 3752 tus
479 3696 642 3768 (146),
694 3702 749 3751 et
806 3711 836 3749 a
880 3695 1021 3750 duce
1065 3694 1351 3750 Bolezlavo
1424 3693 1513 3728 ¹⁰⁹⁷
1562 3692 1956 3764 hospitalitatis

335 3789 511 3866 gratia
543 3795 900 3855 sustentatus,
937 3788 1136 3843 Postea
1163 3793 1347 3842 tamen
1373 3787 1497 3842 aliis
1529 3786 1673 3841 inter
1705 3803 1767 3842 se
1798 3787 1953 3862 lega-

338 3879 588 3937 tionibus
642 3880 1092 3946 transmandatis,
1155 3879 1377 3934 insimul
1436 3886 1840 3946 convenerunt,
1901 3885 1956 3935 et

336 3974 575 4030 invicem
625 3973 1026 4040 discesserunt,
1075 3972 1360 4044 perpetuis
1413 3970 1851 4027 fraternitatibus
1900 3980 1956 4026 et

338 4065 598 4121 amicitiis
624 4061 988 4120 confirmatis.

408 4154 496 4210 30.
528 4159 598 4209 De
625 4155 956 4224 expeditione
983 4155 1297 4209 Scarbimiri
1332 4157 1392 4208 in
1418 4159 1738 4209 Pomoranos
1772 4151 1880 4206 1°99.

2261 495 2348 552 31.
2384 500 2558 551 Bitom
2585 503 2827 552 castrum
2855 508 3231 568 expugnatum
3257 503 3368 556 “0‘.

2084 584 2202 639 Alia
2241 584 2360 640 vice
2399 585 2654 639 similiter
2693 585 2841 640 aliud
2899 595 3138 642 castrum
3185 592 3411 644 nomine
3455 591 3626 647 Bitom

2015 676 2158 745 (147)
2185 676 2534 749 expugnavit,
2560 676 2708 731 unde
2741 670 2848 732 non
2882 678 3064 733 minus
3092 679 3272 734 laudis
3298 690 3353 736 et
3380 683 3630 736 utilitatis

2017 781 2180 835 quam
2221 780 2286 819 ex
2311 765 2417 819 alio
2445 765 2764 836 reportavit.
2793 765 2922 820 Nam
2969 767 3098 821 inde
3121 769 3360 838 praedam
3395 772 3622 826 multam

2019 863 2074 911 et
2111 857 2358 928 captivos
2397 857 2625 927 expulit,
2681 867 2734 912 et
2777 858 2955 913 locum
3014 859 3168 912 illum
3211 860 3302 893 ¹¹⁰²
3350 861 3418 914 ad
3459 862 3632 917 instar

2021 946 2383 1002 desolationis
2414 946 2618 1001 retulit.
2655 946 2763 1001 Sed
2791 948 2892 1002 hoc
2914 962 3023 1002 non
3057 948 3179 1002 ideo
3208 949 3276 1002 de
3299 948 3630 1006 Scarbimiro

2023 1039 2337 1106 recitamus,
2370 1047 2429 1093 ut
2474 1055 2598 1094 eum
2634 1038 2690 1092 in
2728 1038 2911 1110 aliquo
2942 1032 3056 1095 'suo
3106 1040 3334 1096 domino
3373 1041 3630 1097 confera-

2023 1150 2166 1202 mus,
2187 1134 2286 1189 sed
2314 1139 2372 1188 ut
2401 1134 2686 1188 veritatem
2716 1134 2974 1204 hystoriaa
2989 1141 3298 1189 teneamus.

2021 1244 2109 1297 32.
2143 1246 2327 1299 Foedus
2357 1260 2482 1300 eum
2522 1246 2984 1370 Zbignett)
3009 1253 3062 1300 et
3096 1247 3418 1316 subsequens
3462 1248 3636 1303 tradi-

2099 1407 2329 1481 Belliger
2353 1407 2537 1479 itaque
2565 1407 2902 1472 Bolezlavus,
2937 1416 3225 1480 postquam
3249 1410 3318 1465 de
3350 1410 3632 1483 colloquio

2024 1497 2362 1570 Ungarorum
2405 1507 2489 1554 est
2528 1515 2800 1566 reversus,
2849 1517 2972 1554 cum
3029 1502 3270 1573 Zbigneo
3314 1502 3478 1558 fratre
3537 1520 3639 1559 suo

2024 1589 2360 1661 colloquium
2393 1590 2541 1644 aliud
2577 1591 2872 1658 ordinavit,
2906 1593 2997 1646 ubi
3045 1593 3207 1647 simul
3250 1594 3413 1650 ambo
3447 1595 3641 1650 fratres

1956 1705 2006 1772 Β
2030 1680 2087 1772 in
2111 1681 2228 1736 haec
2256 1681 2424 1736 verba
2447 1682 2586 1772 alter
2605 1681 2761 1737 alteri
2794 1683 3120 1751 conjuravit,
3149 1685 3295 1756 quod
3329 1685 3485 1740 alteri
3511 1702 3640 1742 con-

2024 1771 2247 1840 juravit,
2269 1772 2420 1844 quod
2451 1771 2588 1826 alter
2626 1773 2839 1826 scilicet
2870 1788 2980 1827 non
3028 1773 3148 1827 sine
3179 1775 3349 1829 altero
3391 1774 3460 1830 de
3511 1791 3643 1846 pace

2030 1861 2114 1916 vel
2145 1860 2288 1916 bello
2315 1877 2439 1916 cum
2471 1861 2725 1916 hostibus
2753 1861 3094 1926 conveniret,
3138 1877 3239 1917 nec
3264 1863 3435 1917 ullum
3472 1863 3644 1919 fmdus

2033 1950 2170 2006 alter
2189 1950 2308 2005 sine
2337 1950 2512 2006 altero
2543 1967 2666 2005 cum
2691 1950 2967 2022 aliquibus
2999 1951 3386 2017 communiret,
3415 1959 3469 2007 et
3496 1952 3645 2024 quod

2031 2041 2166 2096 alter
2193 2040 2349 2096 alteri
2381 2057 2552 2112 super
2580 2042 2768 2096 hostes
2808 2047 2864 2096 et
2903 2041 2956 2094 in
2997 2042 3258 2097 omnibus
3313 2043 3647 2098 necessariis

2032 2133 2372 2189 subveniret.
2406 2134 2517 2188 lliis
2546 2134 2731 2204 itaque
2762 2133 3117 2198 confirmatis,
3143 2135 3245 2190 sub
3279 2136 3474 2190 eodem
3493 2137 3648 2208 jura-

2037 2231 2225 2280 mento
2255 2225 2400 2279 diem
2444 2225 2500 2278 in
2531 2224 2710 2280 locum
2741 2226 2836 2280 ubi
2874 2242 2997 2281 cum
3027 2226 3362 2282 exercitibus
3390 2228 3652 2283 conveni-

2037 2325 2161 2371 rent
2213 2316 2552 2383 indixerunt,
2608 2324 2663 2371 et
2719 2317 2801 2372 sic
2856 2334 2886 2372 a
2926 2319 3202 2389 colloquio
3257 2319 3652 2374 discesserunt.

2040 2407 2264 2482 lnpiger
2307 2417 2489 2464 autem
2546 2409 2865 2465 Bolezlavus
2928 2427 3048 2466 cum
3111 2412 3301 2481 paucis
3361 2413 3430 2466 ad
3469 2412 3648 2467 locum

2039 2501 2231 2557 venire
2259 2501 2681 2556 determinatum
2701 2501 2755 2556 in
2780 2502 2871 2556 die
2885 2501 3188 2568 nominato,
3213 2501 3378 2557 fidem
3407 2513 3656 2560 servatu-

2043 2610 2158 2663 rus,
2183 2595 2487 2660 festinavit;
2520 2595 2832 2670 Zbignevus
2863 2611 3014 2661 vero,
3049 2612 3160 2651 non
3192 2597 3370 2652 solum
3400 2596 3566 2652 fidem
3595 2606 3651 2653 et

2037 2687 2420 2760 jusjurandum
2454 2703 2565 2742 non
2604 2686 2888 2742 veniendo
2936 2687 3179 2754 violavit,
3237 2705 3426 2743 verum
3490 2689 3655 2745 etiam

2044 2777 2227 2833 fratris
2256 2777 2554 2833 exercitum
2587 2777 2655 2833 ad
2695 2794 2754 2833 se
2783 2777 3154 2833 declinantem
3186 2778 3253 2833 ab
3279 2779 3473 2834 itinere
3500 2795 3660 2836 revo-

2046 2870 2204 2926 cavit.
2243 2870 2397 2925 Unde
2429 2886 2586 2941 pzene
2616 2886 2787 2946 regno
2820 2871 3059 2926 Poloniae
3091 2872 3198 2926 tale
3229 2870 3422 2926 debuit
3461 2871 3659 2942 damp-

2045 2979 2176 3018 num
2205 2971 2259 3020 et
2286 2963 2531 3019 dedecus
2552 2963 2797 3030 evenire,
2821 2964 2968 3035 quod
2995 2979 3100 3020 nec
3122 2965 3432 3039 Zbignevus
3453 2965 3664 3035 potuis-

2047 3063 2133 3111 set
2165 3071 2268 3110 nec
2297 3054 2438 3110 alius
2467 3062 2659 3126 postea
2693 3054 3013 3109 subvenire.
3047 3055 3221 3121 Nunc,
3272 3055 3512 3126 qualiter
3549 3055 3662 3109 Deo

2044 3144 2270 3214 juvante
2293 3143 2609 3200 Bolezlavus
2633 3143 2768 3198 illud
2788 3159 2874 3214 per
2889 3143 3120 3198 riculum
3138 3144 3442 3211 evitaverit,
3469 3143 3666 3199 subse-

2050 3247 2228 3304 quens
2255 3234 2434 3290 statim
2463 3234 2667 3309 pagina
2697 3232 3030 3305 propalabit.

2157 3343 2227 3401 33
2265 3345 2374 3398 “0".
2429 3345 2733 3401 Bolezlavus
2780 3347 2843 3398 in
2870 3348 3292 3398 Pomoranorum
3336 3345 3559 3399 insidias

2721 3417 2868 3470 cadit
2897 3415 3010 3468 “05.

2123 3507 2278 3562 Sorte
2307 3505 2530 3578 quidam
2572 3504 2776 3560 nobilis
2815 3505 2871 3558 in
2902 3502 3144 3559 conﬁnio
3178 3511 3333 3558 terrae
3362 3502 3669 3567 _ecclesiam

2054 3596 2376 3660 construxit,
2444 3595 2513 3649 ad
2562 3593 2719 3661 cujus
2784 3593 3261 3648 consecrationem
3320 3593 3665 3647 Bolezlavum

2055 3689 2254 3744 ducem
2294 3689 2473 3743 adhuc
2500 3687 2633 3742 satis
2675 3701 2906 3756 puerum
2944 3700 3064 3740 cum
3094 3685 3210 3738 suis
3232 3684 3536 3752 juvenibus
3584 3684 3674 3737 in-

2057 3780 2266 3837 vitavit.
2301 3780 2525 3851 Expleta
2563 3785 2646 3834 est
2678 3778 2863 3849 itaque
2915 3775 3256 3832 consecratio
3294 3775 3578 3846 spiritalis,
3621 3781 3675 3829 et

2055 3869 2461 3940 subsequenter
2493 3866 2746 3922 adhibita
2804 3864 3158 3935 desponsatio
3223 3863 3505 3917 maritalis.
3563 3863 3671 3917 Sed

2055 3970 2235 4018 utrum
2269 3961 2380 4016 Deo
2413 3958 2760 4030 displicuerit
2799 3973 2922 4012 cum
2953 3955 3157 4010 divinis
3187 3955 3393 4026 nuptiis
3423 3954 3676 4010 carnales

2057 4054 2350 4121 celebrari,
2379 4052 2534 4108 facile
2567 4056 2748 4123 potest
2784 4065 2885 4120 per
2937 4047 3259 4103 discrimina
3299 4063 3421 4118 quae
3475 4046 3678 4121 saepius

2058 4145 2190 4200 inde
2218 4143 2549 4216 contingunt
2586 4138 2961 4211 comprobari;
3004 4152 3154 4208 saepe
3202 4152 3443 4208 namque
3493 4134 3680 4191 cerni-

409 4247 629 4303 Interea
695 4245 1067 4301 Scarbimirus
1141 4262 1327 4302 comes
1388 4245 1632 4301 Poloniae
1684 4245 1962 4316 palatinus
2058 4256 2202 4307 mus,
2252 4239 2347 4294 ubi
2388 4237 2553 4292 simul
2611 4234 2861 4291 ecclesiae
2924 4229 3268 4288 consecratio
3298 4246 3362 4284 ac
3410 4228 3674 4301 nuptialis

337 4360 463 4400 cum
496 4342 612 4397 suis
641 4342 1114 4398 commilitonibus
1145 4341 1523 4398 Pomoraniam
1558 4341 1823 4408 introivit,
1863 4340 1937 4396 ub

2061 4327 2418 4400 desponsatio
2449 4325 2606 4391 fiunt,
2638 4324 2940 4380 seditiones
2971 4328 3025 4376 et
3054 4319 3358 4376 homicidia
3402 4317 3672 4378 comitari,

339 4451 452 4491 non
491 4450 714 4504 parvam
744 4433 972 4504 gloriam
1003 4433 1225 4488 Polonis
1257 4433 1569 4505 acquisivit,
1601 4433 1958 4504 hostibusque
1983 4389 2036 4458 Ο
2062 4423 2208 4477 unde
2228 4428 2462 4488 οοηειαῐ,
2487 4419 2616 4490 quia
2645 4433 2751 4473 nec
2781 4417 2988 4472 bonum
3019 4423 3103 4469 εει
3131 4429 3235 4469 [λθο
3266 4415 3562 4468 honestum
3597 4416 3678 4465 ιδ’

339 4522 457 4578 suis
487 4522 788 4593 dampnum
821 4531 876 4576 et
911 4523 1300 4578 contumeliam
1349 4520 1665 4593 dereliquit.
1715 4520 1814 4584 Qui
1870 4520 1958 4554 ¹⁰⁹⁹

339 4613 688 4668 castellorum
714 4613 801 4667 vel
846 4612 1129 4668 civitatum
1167 4611 1444 4666 nominari
1474 4611 1650 4668 voluit
1681 4626 1962 4683 expugna-

342 4709 448 4770 tor,
480 4718 646 4774 quam
688 4701 939 4756 villarum
981 4701 1274 4757 multarum
1306 4701 1522 4757 scilicet
1557 4700 1645 4755 vel
1679 4705 1958 4755 armento-

342 4808 463 4847 rum
492 4791 856 4863 depraedator.
907 4791 1078 4864 Igitur
1125 4790 1322 4847 audaci
1365 4789 1454 4824 ¹¹⁰⁰
1484 4788 1748 4845 violentia
1785 4805 1956 4844 unum

342 4885 631 4941 castellum
669 4884 1024 4956 expugnavit,
1062 4885 1209 4939 unde
1239 4883 1572 4956 quibusdam
1603 4897 1736 4939 vero
1783 4881 1961 4953 capti-

2058 4516 2166 4571 lem
2185 4512 2643 4570 consuetudinem
2671 4510 2895 4564 imitari.
2919 4506 3191 4563 Necistud
3205 4505 3444 4560 dicimus
3467 4511 3678 4567 tamen,

2059 4610 2120 4658 ut
2143 4602 2365 4672 nuptias
2387 4601 2886 4669 condempnemus,
2926 4596 3024 4651 sed
3055 4601 3115 4650 ut
3140 4593 3358 4664 singula
3387 4591 3504 4646 suis
3532 4588 3670 4645 locis

2059 4693 2284 4765 suisque
2318 4689 2657 4761 temporibus
2697 4699 3062 4742 reservemus.
3106 4682 3271 4752 Cujus
3303 4680 3382 4736 rei
3439 4678 3680 4733 manife-

2059 4796 2202 4844 stum
2252 4785 2515 4840 indicium
2571 4781 2627 4836 in
2686 4777 3105 4836 consecratione
3164 4772 3435 4830 Rudensis
3487 4771 3665 4826 eccle-

2059 4880 2155 4934 siae
2183 4876 2328 4948 (148)
2356 4875 2498 4928 Deus
2527 4870 2882 4941 omnipotens
2920 4865 3204 4933 revelavit,
3237 4879 3364 4919 nam
3412 4868 3467 4917 et
3501 4861 3680 4917 homi-

1695 4981 1922 5038 VARLE
1947 4976 2330 5036 LECTIONES.

423 5082 512 5118 ¹⁰⁹⁴
545 5089 930 5152 argumentum
959 5081 1084 5136 edit.
1123 5085 1272 5135 Vars.
1296 5097 1351 5149 ρ.
1391 5079 1507 5134 193.
1541 5081 1682 5135 deest
1719 5080 1770 5134 1.
1815 5081 1866 5134 2.

345 5154 696 5210 Bolezlavum
730 5157 776 5208 1.
831 5154 865 5206 2
976 5152 1065 5186 ¹⁰⁹³
1081 5158 1468 5220 argumentum
1496 5152 1621 5206 edit.
1657 5157 1801 5210 Vars.

349 5233 736 5294 argumentum
763 5226 886 5280 edit.
926 5231 1072 5280 Vars.
1105 5239 1163 5292 p.
1200 5223 1320 5278 195.
1349 5224 1489 5277 deest
1513 5223 1561 5275 1.
1597 5223 1656 5277 2.

1969 5079 2059 5113 ίοοδ
2090 5073 2430 5130 SWantobor
2482 5072 2536 5124 2.

1834 5168 1886 5220 p.
1920 5151 2045 5206 194.
2074 5149 2309 5220 deesttg
2338 5143 2387 5200 2.

1775 5223 1865 5256 ¹¹⁰²
1895 5237 2019 5275 eum
2061 5221 2116 5275 2.

352 5293 444 5330 “0"
472 5300 875 5366 inscriptionem
905 5299 1048 5351 hanc
1074 5295 1295 5349 rubrica
1318 5297 1526 5364 pictam
1551 5296 1695 5354 sistit
1736 5294 1782 5348 1.
1836 5295 1978 5348 deest
1999 5293 2052 5346 2.

2640 5067 2733 5103 ¹⁰⁹⁶
2764 5065 3067 5122 redderunt
3117 5063 3173 5118 2.
3270 5062 3360 5099 ¹⁰⁹⁷
3393 5061 3459 5117 ad
3489 5061 3686 5117 ducem

2483 5142 2575 5176 1°99
2606 5139 2760 5204 Quod
2791 5140 2846 5192 1.
2921 5137 3011 5172 ¹¹⁰⁰
3063 5135 3280 5192 audacti
3329 5135 3381 5188 1.
3440 5131 3493 5188 2.
3598 5132 3686 5204 “91

2223 5217 2312 5252 nos
2341 5203 2726 5285 argumentum
2746 5211 2888 5285 edit.
2927 5211 3072 5264 Vars.
3112 5206 3337 5285 p._19_)6.

2145 5290 2236 5325 ¹¹⁰⁶
2257 5275 2644 5358 argumentum
2696 5283 2823 5339 edit.
2886 5287 3032 5337 ναν-δ.
3075 5275 3131 5350 ρῖ
3173 5279 3298 5334 197.
3357 5279 3497 5333 deest
3548 5276 3600 5330 1.
3633 5275 3688 5344 2.

1918 5392 2126 5449 NOTzE.

422 5500 877 5625 934(35)K8artliold
928 5500 1127 5557 Gesch.
1180 5513 1230 5553 ν.
1292 5498 1479 5570 Rugcn
1539 5512 1594 5550 u.
1653 5494 1969 5563 Pommern,

355 5590 393 5640 1,
425 5590 550 5625 aao.
586 5590 644 5623 ιδ.

428 5642 568 5711 (146)
600 5640 807 5705 Almus,
837 5641 981 5697 filius
1017 5639 1316 5705 Lamberti,
1369 5638 1537 5693 frater
1577 5635 1844 5706 patruelis
1874 5637 1971 5690 Co—

355 5711 607 5771 lomanni
643 5713 662 5764 l
695 5712 864 5785 regis.
910 5713 968 5766 K.

2147 5491 2290 5561 (147)
2318 5491 2533 5561 Bytom,
2561 5486 3006 5561 Beutlten,prope
3022 5481 3266 5561 Clogovv,
3291 5480 3512 5561 glogau.
3536 5477 3590 5555 S..
3621 5475 3691 5561 E‘x

2073 5543 2750 5632 θίὲὲέβὶιὲοᾟιίίέὲηιςιεείρ
2781 5543 2954 5632 {.1701
2971 5543 3262 5632 Βῡιιιὸὶγίῐί
3294 5543 3691 5632 ίῖοτὴθνεῐὲίέςέ(

2079 5704 2114 5758 P
2146 5633 2292 5756 $148)
2327 5631 2505 5756 Rgda,
2547 5630 2614 5686 ad
2663 5624 2900 5680 Wartam
2931 5639 3103 5696 prOpe
3143 5621 3367 5676 Sieradz
3407 5621 3463 5670 in
3513 5628 3684 5687 regno

2121 5718 2346 5760 comae.
2422 5743 2434 5755 .
