3960 6198
404 295 510 352 899

1662 289 2010 345 ΕΗΒΟΝΙΕΕ
2051 287 2468 344 POLONORUM.

3638 291 3752 348 900

402 420 607 476 cidium
666 418 762 485 ibi,
813 422 868 472 et
920 433 1090 472 unum
1150 418 1219 472 de
1281 416 1546 471 ministris
1626 416 1693 469 ad
1750 415 2015 469 insaniam
2044 418 2094 484 Α
2124 412 2328 466 buisse.
2357 416 2499 478 Quae,
2533 412 2875 483 inquientes,
2911 430 3045 484 puer
3075 418 3171 471 iste
3197 420 3322 483 erit,
3372 421 3419 472 si
3447 422 3596 473 εηὲγη
3649 421 3750 473 diu

405 509 682 564 redactum
707 513 921 561 constat
935 507 1208 567 evenisse,
1230 513 1284 559 et
1304 506 1454 576 ipsos
1467 506 1630 560 etiam
1655 506 2020 574 desponsatos

403 599 608 655 infelici
639 597 939 663 connubio,
973 598 1114 650 sicut
1148 604 1336 650 notum
1379 606 1486 662 est,
1535 596 1882 660 convenisse,
1915 611 2019 648 nec

403 689 838 747 anniversarium
893 687 1338 759 desponsationis
1407 689 1736 758 implevisse.
1791 687 1898 741 Sed
1948 687 2017 740 de

403 783 682 839 miraculis
701 782 984 845 sileamus,
1007 787 1358 851 nostramque
1391 780 1671 834 materiam
1707 789 2013 833 teneamus.

405 876 576 950 Igitur
621 872 855 947 belliger
889 872 1224 936 Bolezlavus,
1296 872 1546 927 convivio
1615 871 1702 927 vel
1747 868 2013 940 potationi

404 964 652 1018 militiam
683 962 768 1016 vel
799 961 1143 1035 venationem
1182 960 1273 994 ¹¹⁰⁶
1293 967 1661 1030 anteponens,
1697 958 2014 1014 senioribus

403 1071 527 1111 cum
570 1062 682 1109 tota
712 1053 1062 1108 multitudine
1094 1054 1145 1107 in
1189 1053 1440 1108 convivio
1480 1052 1782 1115 derelictis,
1821 1051 2011 1122 paucis

403 1145 796 1202 comitantibus
842 1145 1006 1199 silvas
1043 1156 1341 1200 venaturus
1387 1145 1577 1211 adivit,
1637 1144 1733 1198 sed
1790 1150 2012 1199 contra-

404 1237 518 1291 rius
564 1234 652 1270 ¹¹⁰⁷
697 1233 1054 1289 venatoribus
1113 1233 1376 1288 obviavit.
1429 1232 1718 1289 Pomorani
1774 1244 2011 1302 namque

401 1341 502 1396 per
530 1322 812 1379 Poloniam
846 1322 1237 1388 discurrentes,
1271 1322 1484 1392 praadas
1520 1328 1574 1377 et
1606 1321 1852 1392 captivos
1880 1334 2011 1394 age-

400 1415 533 1470 bant
574 1423 630 1470 et
669 1414 926 1468 incendia
957 1413 1249 1468 faciebant.
1283 1413 1350 1468 At
1389 1412 1710 1468 Bolezlavus
1761 1411 2009 1483 belliger,

397 1508 542 1564 sicut
569 1507 656 1562 leo
686 1506 874 1561 caudae
900 1505 1158 1568 stimulis,
1211 1505 1496 1560 iracundia
1546 1504 1871 1569 concitatus,
1908 1517 2011 1556 nec

399 1599 680 1672 principes
745 1613 847 1653 nec
920 1598 1220 1652 exercitum
1305 1597 1648 1668 expectavit,
1710 1595 1808 1650 sed
1866 1594 2009 1650 sicut

396 1690 575 1745 leaena
605 1689 696 1724 ¹¹⁰⁸
737 1688 906 1758 raptis
931 1687 1131 1742 catulis
1159 1687 1441 1742 sitibunda
1466 1685 1753 1757 sanguinis
1779 1686 2004 1756 deprae-

2119 511 2316 562 vixerit
2341 510 2367 560 ?
2395 515 2443 561 et
2469 511 2517 561 si
2547 510 2727 576 plures
2754 525 2933 564 secum
2971 512 3239 577 habuerit,
3259 515 3378 580 quis
3407 517 3457 566 ei
3485 514 3618 568 bello
3656 529 3752 568 re-

2118 599 2302 648 sistere
2323 600 2516 664 poterit
2544 597 2569 648 ?
2620 596 2820 666 Sicque
2851 599 3048 671 pagani
3096 600 3163 652 de
3204 601 3445 670 dampno
3479 605 3748 670 praesenti

2120 697 2544 760 conquerentes,
2597 690 2873 760 simulque
2920 693 3118 747 timore
3167 693 3458 764 probitatis
3495 703 3745 765 expertae

2121 785 2544 843 murmurantes,
2589 779 2713 848 plus
2770 779 3019 834 honerati
3061 781 3283 835 tristitia
3322 797 3490 852 quam
3523 785 3744 853 przeda,

2121 869 2422 922 redierunt.
2469 871 2538 924 De
2565 870 2680 924 suis
2711 886 2838 925 vero
2871 871 3154 927 Bolezlavo
3186 874 3440 944 sequenti
3489 875 3580 929 die
3614 877 3745 946 plu-

2118 964 2238 1018 rimi
2270 965 2588 1032 solatiojam
2609 966 2784 1038 magis
2815 967 2905 1000 ¹¹¹⁸
2933 983 3095 1038 quam
3121 969 3323 1024 auxilio
3349 982 3739 1026 occurrerunt.

2115 1055 2678 1111 Advenientesautem
2709 1057 2836 1111 illuc
2850 1073 3107 1127 proceres
3131 1060 3374 1116 dolorem
3397 1061 3465 1114 de
3487 1062 3740 1133 dampno

2114 1148 2276 1202 tantae
2307 1150 2608 1204 nobilitatis
2649 1151 2984 1217 habuerunt,
3018 1159 3072 1206 et
3121 1153 3464 1208 Bolezlavum
3527 1155 3598 1208 de
3627 1172 3737 1209 au-

2114 1236 2268 1290 dacia
2301 1243 2463 1292 tanta
2496 1239 2939 1309 praesumptionis
2965 1249 3284 1296 reverenter
3305 1243 3734 1313 increpuerunt.

2114 1325 2284 1381 Filius
2313 1344 2443 1382 vero
2467 1329 2648 1383 Martis
2673 1329 2990 1387 Bolezlavus
3021 1347 3131 1387 non
3171 1334 3348 1388 solum
3381 1351 3570 1389 aurem
3606 1351 3734 1390 cor-

2117 1418 2424 1472 rectoribus
2457 1435 2566 1474 non
2595 1420 2870 1485 adhibuit,
2898 1439 3001 1478 nec
3033 1438 3090 1477 se
3142 1424 3272 1477 talia
3304 1425 3736 1495 praisumpsisse

2115 1509 2394 1580 paanituit,
2427 1513 2525 1568 sed
2562 1530 2660 1583 per
2689 1530 2784 1569 eos
2829 1531 2887 1570 se
2914 1517 3218 1584 juvandum
3263 1524 3319 1572 et
3369 1519 3436 1572 de
3471 1519 3737 1574 hostibus

2109 1599 2500 1656 vindicandum
2533 1603 2635 1656 sub
2670 1605 2966 1660 testatione
2989 1603 3270 1660 ﬁdelitatis
3289 1608 3618 1663 ammonuit.
3655 1610 3733 1663 lbi

2108 1705 2238 1745 vero
2270 1690 2586 1746 Bolezlavus
2617 1701 2694 1748 tot
2727 1694 2865 1749 ictus
2895 1711 3064 1766 super
3096 1696 3319 1751 loricam
3355 1697 3546 1751 habuit
3571 1704 3628 1752 et
3644 1715 3738 1768 ga—

396 1781 613 1836 datores
651 1794 864 1842 eorum,
913 1787 968 1833 et
998 1793 1254 1832 cursores
1289 1777 1344 1831 in
1395 1793 1489 1832 ore
1547 1777 1637 1810 “0°
1684 1774 1852 1851 gladii
1880 1790 1999 1829 mo-
2031 1749 2244 1831 Bleam
2297 1779 2504 1834 lanceis
2542 1781 2853 1854 gladiisque
2900 1784 3179 1849 sustinuit,
3231 1785 3380 1856 quod
3429 1801 3557 1840 caro
3608 1788 3736 1855 ejus

395 1881 690 1926 mentaneo
721 1869 1029 1939 dissipavit.
1069 1869 1310 1941 Cumque
1350 1870 1525 1943 magis
1576 1884 1674 1924 eos
1717 1868 2000 1943 magisque

391 1961 653 2033 persequi
675 1967 729 2014 et
754 1959 942 2030 patrias
961 1959 1084 2013 dam
1096 1975 1261 2028 pnum
1280 1959 1471 2013 ulcisci
1499 1958 1783 2022 niteretur,
1807 1957 2000 2012 incidit

2104 1865 2230 1920 trita
2261 1867 2447 1922 multis
2499 1869 2700 1925 diebus
2743 1872 3121 1928 testimonium
3184 1875 3424 1929 lassionis
3476 1876 3733 1931 exhibuit

2102 1961 2218 2030 (αη-
2252 1961 2432 2026 “07).
2469 1963 2602 2018 Inde
2633 1979 2853 2035 quoque
2886 1965 2955 2019 de
2986 1966 3397 2034 suajuventute
3422 1969 3608 2023 minus
3638 1972 3732 2005 ⁸³1⁵

388 2051 601 2106 inscius
623 2050 678 2103 in
710 2049 958 2113 insidias,
991 2048 1082 2102 ubi
1115 2049 1415 2118 dampnum
1440 2048 1873 2117 irrecuperabile
1904 2065 2002 2120 pa—
2101 2047 2501 2120 aliquantulum
2562 2059 2672 2106 tam
2731 2053 3032 2125 glorianter
3086 2062 3372 2126 perempta
3412 2057 3728 2123 condoluit,

389 2142 573 2198 tietur.
619 2141 740 2210 ipse
795 2147 1005 2206 tamen,
1050 2140 1176 2194 licet
1209 2155 1434 2209 paucos,
1493 2140 1562 2193 80
1600 2139 1814 2195 scilicet
1864 2141 2008 2195 inter

388 2246 591 2302 pueros
620 2240 674 2285 et
697 2231 953 2299 juvenes,
984 2229 1289 2297 habuisset,
1313 2229 1387 2282 llli
1411 2245 1541 2284 vero
1569 2230 1669 2283 tria
1699 2229 1868 2296 milla,
1893 2244 2004 2284 non

386 2322 571 2397 fugam
614 2322 807 2392 petivit
851 2322 941 2355 ί¹¹⁰
982 2337 1087 2376 nec
1139 2329 1343 2376 tantam
1395 2321 1801 2376 multitudinem
1843 2321 2007 2376 dubi-

385 2412 518 2468 tavit
545 2413 654 2477 ιω,
691 2413 786 2466 sed
818 2412 995 2482 prima
1023 2412 1138 2466 vice
1171 2427 1293 2466 cum
1336 2427 1433 2466 sua
1464 2428 1629 2482 parva
1659 2411 1778 2466 acie
1800 2417 2003 2465 tantam

385 2505 622 2577 pestium
665 2504 982 2577 congeriem
1029 2504 1357 2574 penetravit,
1419 2504 1551 2559 Mira
1600 2504 1847 2559 dicturus
1879 2520 1997 2558 sum

381 2594 683 2666 multisque
710 2593 940 2648 forsitan
970 2593 1346 2660 incredibilia,
1370 2601 1551 2648 utrum
1585 2593 2000 2665 praesumptioni

379 2685 467 2739 vel
496 2684 741 2740 audaciae
769 2684 957 2738 nescio
989 2684 1034 2737 si
1060 2683 1265 2739 fuerint
1293 2684 1684 2749 asscribenda;
1717 2700 1839 2738 cum
1869 2697 2000 2738 suos

383 2792 540 2848 paene
592 2775 949 2846 perdidisset,
993 2775 1115 2828 aliis
1147 2775 1518 2846 interemptis,
1553 2775 1677 2830 aliis
1708 2775 1995 2846 dispersis,

377 2879 435 2918 se
466 2864 660 2935 quinto
691 2863 1037 2918 solummodo
1069 2863 1445 2932 remansisset,
1477 2865 1663 2918 hostes
1703 2863 1992 2919 confertis-

376 2956 547 3012 simos
593 2955 713 3010 vice
758 2955 1002 3010 secunda
1055 2954 1428 3021 transforavit,
1470 2971 1706 3026 cumque
1750 2955 1990 3010 ternario

378 3048 619 3122 regirare
651 3048 742 3082 ¹¹¹²
771 3047 1052 3114 voluisset,
1093 3047 1315 3118 quidam
1359 3047 1426 3100 de
1459 3047 1593 3114 suis,
1625 3048 1836 3102 viscera
1863 3048 1988 3118 equi

2108 2136 2238 2206 quia
2265 2144 2468 2193 tantam
2500 2146 2736 2211 stragem
2772 2141 3013 2197 hostium
3045 2143 3152 2197 sibi
3191 2160 3290 2214 pro
3324 2144 3476 2201 lucro
3519 2161 3727 2217 propo-

2107 2228 2231 2281 suit.
2269 2228 2480 2283 Etenim
2514 2246 2612 2300 pro
2642 2247 2751 2288 uno
2781 2234 2851 2287 de
2880 2235 3181 2305 peremptis
3205 2235 3292 2290 vel
3321 2237 3586 2292 sauciatis
3618 2239 3730 2293 Bo-

2108 2322 2319 2391 lezlavi,
2352 2325 2421 2379 de
2463 2325 2788 2381 Pomoranis
2831 2337 3084 2398 poterant
3123 2331 3310 2400 plures
3338 2334 3542 2388 mortui
3575 2348 3731 2389 com-

2108 2412 2306 2480 putari.

2177 2518 2265 2571 34.
2301 2520 2604 2576 Bolezlavus
2638 2523 2883 2578 Bohemos
2904 2526 3216 2594 profugavit
3243 2533 3293 2581 et
3335 2533 3661 2585 Pomoranos

2673 2596 2985 2664 subjugavit
3042 2598 3151 2651 “‘5.

2179 2679 2289 2734 Hoc
2344 2689 2542 2736 eventu
2573 2683 2895 2738 Bolezluvus
2939 2701 3063 2740 cum
3119 2688 3318 2743 eodem
3369 2691 3618 2746 exercitu
3660 2691 3730 2746 de

2104 2772 2424 2829 Pomoranis
2447 2791 2505 2830 se
2533 2776 2815 2832 vindicare
2843 2779 3139 2849 disposuit,
3158 2783 3385 2854 jamque
3411 2795 3593 2856 empta
3616 2785 3726 2850 via,

2102 2865 2371 2921 Bohemos
2402 2867 2456 2921 in
2488 2868 2770 2924 Poloniam
2801 2871 2950 2926 exire
2980 2871 3128 2927 fama
3174 2891 3520 2943 praecurrens
3548 2878 3720 2933 inno-

2093 2943 2209 3007 tuit.
2241 2955 2375 3008 Tum
2410 2972 2537 3011 vero
2565 2958 2888 3014 Bolezlavus
2911 2960 2964 3014 in
2995 2961 3166 3017 dubio
3197 2979 3397 3036 magno
3430 2967 3721 3036 pependit,

2094 3049 2273 3095 utrum
2297 3042 2451 3112 prius
2479 3045 2549 3099 de
2579 3048 2785 3100 recenti
2811 3049 3149 3104 contumelia
3179 3067 3238 3105 se
3265 3051 3571 3107 debeat’m
3599 3055 3720 3110 vin-

374 3106 472 3196 ειιῖ
493 3157 594 3212 per
650 3145 850 3195 ten-am
882 3139 1083 3194 cadere
1139 3155 1398 3204 cernens,
1450 3139 1801 3194 exclamavit;
1859 3106 2066 3208 Noli’c
2097 3128 2306 3197 dicare,
2361 3148 2430 3186 an
2462 3133 2530 3187 ab
2587 3134 2932 3190 invasoribus
2961 3154 3112 3192 suam
3178 3141 3410 3210 patriam
3453 3142 3720 3200 liberare.

375 3236 577 3308 inquit,
603 3237 835 3302 domine,
867 3236 980 3290 noli
1015 3238 1214 3289 iterum
1241 3237 1494 3304 ρνωιέηηι
1519 3238 1743 3291 introire
1762 3236 1781 3288 ί
1832 3241 1997 3290 parce
2097 3217 2339 3274 Tandem
2382 3221 2526 3276 sicut
2563 3222 2982 3279 Machabeorum
3022 3227 3284 3294 imitator,
3331 3229 3510 3286 diviso
3569 3249 3728 3288 exer-

383 3326 502 3393 ubi,
530 3340 695 3394 parce
718 3327 933 3394 patm’
965 3339 1164 3393 equum
1193 3325 1417 3379 ascende
1443 3341 1644 3390 meum,
1675 3327 1868 3380 melius
1919 3333 1996 3381 est
2097 3309 2230 3374 citu,
2271 3319 2326 3364 et
2354 3312 2542 3380 patriae
2575 3312 2835 3368 defensor
2855 3315 3105 3370 extititet
3135 3317 3353 3385 injuriae
3387 3321 3716 3378 vindicator.

375 3423 464 3477 hic
484 3436 571 3476 me
594 3425 752 3488 mori,
774 3437 939 3490 quam
970 3427 1018 3475 te
1038 3423 1214 3488 ipsum
1237 3422 1465 3476 Poloniaz
1490 3423 1720 3477 salutem
1747 3426 1982 3478 interire.

376 3513 486 3568 Hoc
516 3513 724 3579 audito,
757 3512 868 3578 vix,
907 3529 1052 3584 equo
1110 3514 1362 3580 cadente,
1413 3515 1643 3570 consilio
1684 3515 1872 3569 militis
1897 3531 1987 3570 ac-

2096 3401 2229 3455 Nam
2287 3411 2497 3472 partem
2557 3406 2831 3460 exercitus
2870 3407 2926 3460 in
2982 3408 3366 3465 Pomoraniam
3416 3412 3718 3486 delegavit,

2089 3505 2210 3560 quae
2239 3490 2611 3560 depraedando
2637 3500 2692 3547 et
2737 3495 2824 3527 ¹¹¹⁸
2855 3497 3236 3553 comburendo
3276 3501 3411 3554 satis
3451 3517 3552 3557 eos
3594 3513 3714 3559 tur-

371 3603 603 3674 quievit’
635 3609 689 3656 et
717 3603 795 3657 sic
827 3579 1045 3657 tandém
1079 3602 1479 3673 aliquantulum
1520 3620 1551 3658 ἃ
1583 3620 1776 3674 campo
1807 3611 1988 3658 camp
2088 3579 2232 3674 piter
2259 3581 2623 3674 conculcavit,
2671 3583 2785 3652 ipse
2817 3600 2944 3674 vero
2975 3602 3097 3640 cum
3131 3589 3408 3658 expeditis
3437 3592 3711 3649 militibus

373 3697 540 3751 minis
580 3697 891 3752 declinavit.
925 3698 1238 3769 Vidensque
1269 3714 1326 3751 se
1357 3699 1586 3753 multum
1622 3707 1986 3767 attenuatum,

371 3799 474 3839 nec
503 3784 914 3850 Scarbimirum,
945 3785 1155 3840 militiae
1181 3786 1511 3856 principem,
1547 3787 1783 3841 residuis
1809 3788 1988 3842 inter-

2092 3668 2348 3724 Bohemis
2377 3670 2595 3724 obviam
2629 3673 2963 3742 preperavit,
2997 3690 3203 3746 eosque
3236 3678 3304 3731 de
3345 3677 3500 3734 silvis
3531 3683 3711 3737 exitu-

2090 3781 2180 3820 ros
2200 3765 2413 3820 diutius
2441 3768 2768 3836 expectavit,
2802 3769 2901 3823 sed
2931 3785 3027 3826 eos
3051 3772 3240 3828 audita
3268 3773 3410 3829 fama
3437 3776 3712 3832 Bolezlavi

369 3887 513 3939 esse,
561 3872 674 3940 jam
724 3889 1054 3942 recuperare
1121 3874 1401 3928 victoriam
1482 3875 1813 3944 desperavit.
1869 3877 1993 3930 Erat

2106 3860 2257 3916 Limor
2287 3860 2455 3915 animi
2489 3863 2789 3918 revocavit.

371 3961 518 4014 enim
551 3959 918 4014 Scarbimirus
949 3975 1197 4014 seorsum
1244 3961 1374 4015 alibi
1405 3962 1556 4033 gravi
1597 3963 1824 4018 vulnere
1854 3980 1988 4018 sau-

368 4049 560 4113 ciatus,
581 4056 636 4105 et
655 4051 802 4121 quod
832 4067 936 4104 nec
957 4050 1123 4105 siccis
1149 4052 1326 4107 oculis
1349 4060 1431 4106 est
1451 4053 1772 4121 dicendum,
1801 4055 1991 4111 dextro

368 4140 576 4196 lumine
605 4141 905 4196 mutilatus.
940 4142 1021 4196 llli
1054 4150 1238 4197 autem
1278 4144 1372 4214 qui
1407 4144 1462 4198 in
1492 4145 1746 4201 convivio
1776 4147 1986 4201 reside-

367 4233 522 4305 bant,
553 4234 743 4289 audito
774 4235 925 4305 quod
958 4235 1290 4309 contigerat,
1321 4247 1706 4310 exsurgentes,
1735 4239 1983 4295 subsidio

365 4325 482 4382 suis
538 4325 922 4380 laborantibus
981 4328 1372 4397 preperabant.
1429 4329 1798 4385 Advenientes
1851 4347 1981 4387 vero

367 4416 712 4475 Bolezlavum
770 4417 1105 4473 invenerunt
1142 4434 1266 4474 cum
1308 4421 1497 4490 paucis
1538 4421 1838 4477 admodum
1888 4422 1977 4490 30,

2164 3974 2251 4028 35.
2293 3974 2554 4043 sz'gneus
2602 3977 2743 4041 fovet
2772 3984 2970 4083 eorum1
2981 3981 3221 4085 1frg-atram
3250 3985 3504 4038 animum
3532 3989 3642 4040 mi-

2729 4065 2933 4102 mtcum
3053 4093 3065 4102 .

2729 4066 2933 4104 mwum
2957 4066 2994 4083 “
3008 4066 3065 4105 ³³.

2162 4136 2282 4194 Non
2310 4138 2485 4193 solum
2517 4149 2700 4194 autem
2733 4148 3044 4197 exterorum
3072 4145 3349 4201 discordia
3379 4147 3467 4202 vel
3499 4148 3708 4204 bellum

2087 4227 2325 4283 hostium
2359 4229 2706 4285 Bolezlavum
2745 4235 3094 4307 aggravabat,
3128 4252 3318 4292 verum
3352 4238 3521 4293 etiam
3559 4241 3707 4295 sedi-

2084 4321 2160 4377 tio
2214 4321 2417 4389 civilis,
2448 4338 2633 4394 ymmo
2687 4325 2926 4382 fraterna
2967 4327 3175 4384 invidia
3213 4330 3397 4386 modis
3442 4333 3708 4389 omnibus

2087 4421 2404 4478 infestabat.
2437 4425 2508 4480 Eo
2541 4425 2686 4496 (149)
2713 4444 2950 4500 namque
2978 4428 3125 4485 bello
3148 4431 3420 4502 superiori
3447 4434 3708 4506 aliquan-

365 4521 474 4563 non
505 4512 690 4561 tamen
723 4505 792 4560 de
823 4507 943 4562 loco
975 4507 1293 4563 certaminis
1309 4488 1650 4581 fugientem,
1701 4512 1798 4565 sed
1840 4488 1978 4582 pau;
2003 4488 2062 4557 D
2087 4514 2260 4568 tulum
2289 4488 2554 4572 inclinato
2585 4488 2710 4587 plus
2737 4488 3017 4592 gaudebat
3057 4488 3389 4596 Zbigrievus,
3431 4488 3702 4596 qua‘meo

364 4598 515 4655 latim
564 4598 806 4654 hostium
862 4597 1190 4672 fugientium
1237 4600 1469 4674 vestigia
1520 4601 1979 4674 subsequentem.

362 4687 471 4743 Sed
499 4703 602 4743 nec
619 4687 808 4742 hostes
825 4685 1180 4743 subsistendo
1208 4690 1723 4764 pugnandicOpiam
1752 4691 1980 4760 dabant,

2084 4604 2313 4660 victoria
2341 4605 2666 4661 multotiens
2718 4608 2953 4664 exaltato
3008 4609 3173 4680 Cujus
3225 4611 3304 4666 rei
3345 4615 3700 4671 manifestum

2085 4699 2350 4755 indicium
2383 4702 2703 4772 apparebat,
2737 4719 2859 4758 cum
2894 4721 2925 4758 a
2955 4706 3185 4779 paganis
3215 4706 3284 4761 de
3322 4708 3558 4764 victoria
3600 4728 3700 4782 pro

359 4794 466 4836 nec
505 4780 678 4836 nostri
717 4778 924 4853 fatigati
985 4795 1083 4836 eos
1131 4781 1368 4852 amplius
1426 4782 1776 4840 infestabant.
1819 4785 1983 4842 Erant
2082 4791 2242 4867 signo
2272 4795 2597 4847 munuscula
2628 4794 2904 4865 capiebat,
2927 4805 2982 4850 et
3007 4778 3202 4868 legatis
3225 4815 3423 4871 magna
3448 4817 3550 4871 pro
3585 4778 3704 4873 par-

359 4875 509 4931 enim
559 4875 757 4951 pagani
792 4875 862 4932 de
909 4884 1065 4932 tanta
1105 4877 1337 4932 audacia
1387 4878 1609 4947 juvenis
1656 4879 1970 4950 stupefacti,

2074 4887 2158 4942 vis
2180 4902 2410 4942 munera
2436 4889 2798 4960 rependebat.
2826 4891 2886 4944 Et
2915 4891 2961 4945 si
2985 4891 3270 4948 Poloniam
3304 4895 3700 4966 depraedantes

356 4968 506 5039 quod
539 4968 661 5039 plus
697 4967 996 5024 laudabant
1026 4985 1151 5024 eum
1184 4976 1292 5024 tam
1333 4986 1499 5040 parva
1527 4987 1692 5026 manu
1723 4972 1850 5026 talia
1882 4974 1974 5008 ¹¹¹³
2075 4977 2142 5032 de
2172 4987 2318 5032 sorte
2351 4977 2620 5034 Bolezlavi
2662 4980 2909 5050 captivos
2949 4981 3317 5050 adducebant,
3369 4986 3554 5040 statim
3603 5003 3698 5044 eos

356 5060 780 5131 praesumpsisse
811 5062 1004 5135 sicque
1037 5063 1366 5118 mordaciter
1399 5061 1684 5130 institisse,
1718 5081 1881 5136 quam
1913 5082 1973 5121 se
2073 5066 2482 5122 venundandos
2502 5068 2570 5122 ad
2594 5068 2953 5124 barbarorum
2971 5070 3184 5126 insulas
3206 5074 3690 5144 transportabant;

356 5150 510 5223 ipsos
554 5157 705 5207 tanto
736 5153 924 5208 mortis
963 5154 1259 5226 dispendio
1299 5155 1508 5211 tristem
1554 5155 1836 5212 victoriam
1879 5158 1974 5212 ha-

2073 5159 2120 5213 si
2151 5159 2286 5230 quid
2312 5175 2462 5226 vero,
2487 5161 2573 5216 vel
2598 5161 2838 5231 pradam
2858 5161 2945 5217 vel
2973 5163 3248 5230 homines,
3281 5164 3605 5240 ignoranter
3628 5168 3695 5222 de

1704 5256 1927 5312 νΑΒΙᾹΞ
1953 5258 2330 5314 LECTIONES.

427 5349 520 5386 ¹¹⁰⁶
545 5349 834 5405 venacioni
867 5351 916 5406 1.
989 5352 1077 5387 ¹¹⁰⁷
1111 5354 1444 5409 contrarium
1469 5355 1527 5407 3.
1597 5354 1686 5389 ¹¹⁰⁸
1719 5357 1918 5411 lenena
1948 5358 2002 5411 l.
2060 5359 2148 5392 “09
2178 5373 2335 5412 more
2361 5360 2507 5414 codd.
2572 5361 2662 5394 ¹¹¹⁰

1037 5429 1216 5492 princ,
1248 5427 1429 5480 Paton.
1462 5428 1670 5480 Stendet
1696 5432 1740 5495 Ι,
1771 5429 1860 5482 75.
1898 5445 2131 5502 regnare
2162 5430 2213 5484 1.
2245 5431 2297 5484 2.

1037 5500 1349 5553 Mntzonem
1396 5498 1540 5551 hanc
1573 5513 1693 5553 aude
1741 5501 1882 5553 deest
1941 5502 1990 5553 l.
2054 5500 2106 5553 2.
2158 5503 2297 5553 sistit

354 5417 536 5477 “"ita
577 5424 780 5477 rectius
811 5423 1003 5478 Chron.

353 5489 446 5566 ξξξξ
469 5491 633 5546 nimis
674 5491 736 5546 2.
821 5489 1349 5566 “'“_z‘nserz'ptzonem
1396 5498 1540 5551 hanc
1573 5513 1693 5566 quae
1723 5489 1882 5556 deest
1941 5489 1990 5554 ΓΞ

353 5559 446 5598 tm
474 5563 993 5633 argumentumedit
1019 5559 1144 5621 Vars
1189 5585 1245 5636 ρ.
1268 5567 1398 5634 203,
1421 5568 1562 5622 deest
1583 5559 1641 5623 ἶ.
1673 5570 1724 5623 2.
1753 5571 1805 5625 3.

2694 5361 2918 5431 peciunt
2949 5362 3000 5417 1.
3033 5363 3086 5418 2.
3149 5364 3237 5398 ¹¹¹¹
3271 5363 3526 5420 dubitant
3555 5366 3608 5420 1.
3636 5366 3690 5420 2.

2386 5431 2475 5464 ¹ι¹⁸
2518 5431 2644 5484 talia
2679 5433 2756 5486 bis
2810 5441 3061 5502 repetunt
3104 5437 3149 5488 1.
3203 5435 3260 5490 2.
3358 5438 3447 5471 ¹¹ι⁴
3475 5439 3618 5492 deest
3641 5437 3690 5492 2.

2158 5503 2301 5556 sistit
2339 5501 2390 5557 3.
2477 5502 2564 5536 “1"
2597 5501 2878 5558 continuo
2915 5506 3065 5560 addit
3123 5506 3177 5560 3.
3273 5508 3364 5542 ¹¹¹³
3390 5510 3531 5563 deest
3558 5509 3611 5562 2.
3640 5508 3674 5563 3

1918 5640 2126 5696 NOTAE.

419 5705 567 5776 (149)
594 5704 726 5778 Scil,
769 5700 1082 5759 Boleslavo.
1116 5705 1174 5760 Κ.
