3960 6198
311 292 413 349 901

1684 292 1875 348 LIBER
1917 290 2271 349 SECUNDUS.

3532 303 3639 360 902

312 430 471 492 parte
500 418 759 492 Zbignevi
788 418 1100 490 capiebant,
1126 418 1262 473 illud
1292 418 1413 473 sine
1432 418 1611 488 pretio
1653 418 1739 473 vel
1784 417 1926 473 dila-
1952 423 2001 488 Α
2029 414 2428 485 subsequentia
2472 414 2773 488 delegavnt:
2830 420 3093 481 Quoniam
3142 422 3375 490 quidem,
3442 425 3638 493 frater,

309 512 466 569 tione
497 511 866 567 remittebant.
899 511 1053 566 Unde
1081 511 1263 566 cuncti
1279 510 1519 565 Poloniaa
1546 511 1825 580 sapientes
1846 509 1926 563 in-

310 605 544 678 dignati,
572 604 640 658 ad
672 605 860 660 odium
893 604 1153 678 Zbignevi
1185 603 1505 659 examicitia
1534 610 1663 658 sunt
1693 603 1921 668 redacti,

309 697 391 753 sic
414 697 482 752 ad
518 696 751 752 invicem
785 696 1127 768 inquientes,
1159 696 1228 751 de
1263 696 1355 751 tali
1381 696 1674 751 consilium
1704 695 1925 765 capien-

311 797 426 845 tes:
472 794 637 860 Usque
662 791 816 846 modo
849 794 1041 860 patria:
1070 796 1266 845 nostra:
1305 790 1590 845 discidium
1627 795 1677 843 et
1709 787 1799 821 ¹¹¹⁰
1834 788 1925 842 de-

310 885 629 938 trimentum
676 884 760 938 vel
804 883 1127 952 negligentes
1155 883 1236 937 vel
1266 882 1352 916 ¹¹²¹
1388 882 1786 937 dissimulantes
1830 895 1926 950 per

305 974 547 1027 nimium
585 974 949 1027 sustinuimus
975 976 1264 1041 patienter,
1285 987 1436 1026 nunc
1465 971 1557 1006 ¹¹²¹
1592 986 1715 1027 vero
1756 974 1923 1028 hostes

306 1063 532 1117 latentes
567 1065 902 1130 manifestos,
942 1069 994 1117 et
1025 1064 1246 1118 insidias
1285 1064 1516 1118 occultas
1545 1064 1773 1118 detectas
1797 1077 1919 1118 cer-

302 1156 488 1209 nimus
536 1154 824 1209 evidenter.
855 1157 1063 1209 Scimus
1092 1158 1239 1209 enim
1292 1160 1344 1209 et
1393 1157 1525 1209 certi
1551 1170 1761 1221 sumus,
1791 1157 1919 1223 quia

301 1247 612 1315 frequenter
669 1248 963 1316 Zbignevus
1036 1249 1308 1304 Bolezlavo
1370 1249 1518 1303 nobis
1566 1250 1917 1317 praesentibus

306 1336 404 1391 hoc
433 1334 524 1369 “'3
539 1339 776 1405 juravit,
798 1338 941 1392 unde
966 1337 1058 1371 ¹¹²⁸
1085 1353 1197 1394 non
1222 1338 1382 1392 semel
1408 1339 1488 1391 vel
1520 1341 1691 1405 tertio,
1717 1339 1806 1393 sed
1828 1338 1917 1373 ¹¹²⁶

311 1427 624 1483 multotiens
662 1432 941 1498 pejeravit.
982 1432 1245 1493 Quoniam
1282 1444 1381 1485 nec
1433 1429 1525 1463 ¹¹²⁶
1560 1445 1686 1484 eum
1730 1432 1918 1485 amicis

304 1519 500 1584 fratris
528 1521 832 1573 amicitiam
858 1520 1145 1584 retinebat,
1184 1535 1285 1575 nec
1311 1536 1438 1576 cum
1466 1523 1701 1577 inimicis
1727 1525 1917 1577 inimi-

304 1610 496 1663 citiam
522 1608 611 1643 ¹¹²⁷
658 1610 955 1678 exercebat,
986 1626 1165 1680 ymmo
1187 1627 1286 1681 per
1306 1616 1645 1669 contrarium
1686 1616 1918 1671 hostium

306 1698 501 1764 fratris
552 1701 761 1755 amicus
830 1704 882 1753 et
964 1704 1267 1756 amicorum
1333 1704 1587 1758 inimicus
1636 1705 1911 1759 existebat.

2025 503 2224 573 inquit,
2264 518 2389 557 cum
2426 505 2498 557 sis
2520 506 2699 572 major
2733 510 2891 559 a'tate
2938 523 3143 576 parque
3179 509 3431 574 beneﬁcio
3457 515 3639 581 regni-

2023 612 2124 664 que
2144 596 2233 630 ““
2253 597 2526 664 divisione,
2554 612 2641 651 me
2662 597 2835 652 solum
2867 602 3145 667 juniorem
3177 602 3416 658 laborem
3467 611 3641 661 totum

2022 690 2204 746 subire
2224 693 2514 760 permittis,
2545 706 2643 745 nec
2672 692 2802 746 tede
2826 692 2970 747 bellis
2995 694 3075 748 vel
3102 698 3258 763 regni
3282 700 3518 754 consiliis
3540 703 3637 755 in-

2026 785 2299 848 tromittis,
2319 787 2418 836 aut
2439 788 2605 837 totam
2625 786 2780 849 regni
2799 798 2991 837 curam
3008 799 3074 839 ae
3090 785 3181 819 “‘5
3196 787 3635 857 sollicitudinem,

2022 878 2165 930 sicut
2195 874 2286 909 ¹¹⁴⁶
2322 877 2497 944 major
2532 889 2641 930 esse
2676 878 2775 943 vis,
2824 876 3064 931 obtinens
3104 876 3215 945 “‘7,
3268 884 3369 933 aut
3406 880 3639 949 legitimo

2022 971 2205 1036 michi,
2250 970 2373 1024 licet
2418 975 2578 1024 aetate
2602 974 2824 1037 minori,
2874 986 3011 1026 onus
3051 977 3207 1026 terrae
3248 975 3532 1042 suﬁ'erenti
3561 981 3639 1031 to-

2022 1067 2242 1130 tumque
2266 1060 2357 1095 “‘3
2389 1061 2622 1117 laborem
2648 1065 2887 1131 patienti
2924 1062 3037 1128 ηδ’,
3065 1066 3114 1117 si
3140 1078 3249 1119 non
3296 1068 3486 1134 prosis,
3535 1068 3640 1122 sal-

2023 1157 2128 1206 tem
2152 1167 2262 1207 non
2290 1166 2497 1207 noceas.
2536 1153 2728 1216 Quodsi
2752 1168 2946 1207 curam
2974 1156 3139 1209 istam
3157 1158 3470 1224 susceperis,
3500 1162 3551 1212 et
3578 1159 3639 1212 in

2018 1256 2145 1297 vera
2166 1244 2518 1308 fraternitate
2553 1242 2645 1277 “5°
2665 1247 2984 1312 persisteris,
3033 1260 3366 1315 quocumque
3418 1261 3507 1301 me
3539 1263 3638 1317 pro

2017 1335 2293 1386 communi
2338 1333 2556 1387 consilio
2601 1334 2685 1387 vel
2723 1334 2962 1388 utilitate
3002 1336 3157 1401 regni
3210 1338 3498 1402 vocaveris,
3545 1351 3634 1391 me

2013 1425 2289 1487 promtum
2314 1420 2388 1474 ibi
2412 1426 2804 1489 cooperatorem
2832 1420 3083 1475 habueris
3112 1421 3220 1475 “5‘.
3264 1426 3374 1477 Aut
3400 1425 3449 1477 si
3498 1425 3639 1491 forte

2016 1512 2193 1578 quiete
2214 1515 2389 1567 vivere
2406 1528 2572 1581 quam
2601 1513 2835 1568 laborem
2861 1519 3080 1568 tantum
3097 1514 3280 1569 subire
3300 1514 3390 1548 ¹¹⁸²
3415 1516 3633 1571 malue~

2016 1604 2113 1670 ris,
2139 1604 2277 1657 mihi
2303 1608 2485 1671 totum
2521 1608 2811 1673 committe,
2866 1612 2917 1659 et
2970 1607 3048 1660 sic
3076 1610 3176 1660 Deo
3212 1608 3440 1676 propitio
3477 1612 3629 1662 tutus

2018 1692 2139 1745 eris.
2174 1690 2254 1744 Ad
2302 1691 2420 1746 haec
2457 1691 2768 1766 Zbignevus
2806 1694 3231 1748 convenientem
3276 1710 3626 1767 nequaquam

304 1787 418 1843 Nec
450 1789 539 1823 ¹¹²⁸
566 1804 687 1844 vero
714 1790 889 1845 solum
923 1790 1085 1857 ﬁdem
1105 1793 1427 1860 promissam
1448 1794 1668 1861 violare,
1720 1795 1801 1849 vel
1817 1794 1913 1863 ju-

2020 1782 2437 1852 responsionem
2456 1783 2817 1850 remandavit,
2842 1785 2940 1840 sed
2974 1786 3066 1820 ¹¹⁵³
3097 1787 3307 1859 legatos
3329 1803 3488 1858 paene
3509 1787 3637 1842 vin-

300 1885 489 1935 ratum
513 1882 788 1936 auxilium
824 1896 935 1936 non
969 1888 1245 1951 prmstare,
1270 1897 1461 1939 verum
1487 1887 1677 1953 etiam,
1709 1888 1757 1939 si
1791 1887 1914 1953 fra-

301 1977 440 2027 trem
476 1976 556 2028 ire
580 1989 742 2043 super
764 1976 933 2031 hostes
957 1977 1242 2045 sentiebat,
1281 1992 1351 2031 ex
1388 1978 1559 2032 altera
1582 1984 1739 2047 parte
1768 1979 1913 2035 Polo-

299 2063 457 2115 niam
501 2063 711 2117 intrare
738 2064 907 2117 hostes
944 2064 1075 2119 alios
1106 2065 1391 2130 incitabat,
1422 2071 1476 2120 et
1508 2068 1587 2121 sic
1610 2081 1735 2121 eum
1762 2083 1796 2121 a
1825 2067 1915 2102 ¹¹²⁹

299 2152 561 2220 proposito
597 2152 893 2206 revocabat.
939 2152 1037 2217 Qui
1078 2153 1210 2208 satis
1242 2154 1454 2224 puerile
1511 2155 1803 2211 consilium
1861 2166 1915 2212 et

303 2245 614 2301 nociturum
668 2245 953 2314 audiebat,
1011 2264 1133 2302 cum
1191 2256 1415 2320 propter
1470 2250 1561 2285 “3°
1612 2266 1911 2322 paucorum

303 2334 490 2390 odium
522 2342 692 2391 totam
706 2336 935 2407 patriam
962 2335 1299 2402 offendebat,
1322 2354 1386 2394 ac
1413 2338 1498 2373 ¹¹³¹
1528 2340 1914 2409 paternam‘”n

305 2424 666 2480 hereditatem
708 2426 1138 2481 conculcandam
1171 2426 1429 2482 hostibus
1458 2427 1550 2461 ¹¹³³
1579 2428 1906 2499 exponebat.

302 2515 365 2571 Et
402 2516 661 2591 quoniam
720 2516 1023 2590 Zbignevus
1079 2518 1222 2572 malo
1288 2518 1519 2573 consilio
1573 2518 1909 2593 subgerente

298 2620 485 2678 neque
519 2606 681 2662 ﬁdem
741 2608 892 2662 fratri
935 2624 1116 2680 neque
1141 2609 1527 2678 jusjurandum
1560 2611 1908 2677 observabat,

297 2712 404 2754 nec
432 2698 700 2754 honorem
732 2700 922 2771 patriae
951 2716 1055 2755 nec
1096 2708 1379 2771 paternam
1413 2702 1777 2758 hereditatem
1804 2704 1904 2758 de-

294 2790 581 2861 fendebat,
604 2809 787 2865 neque
814 2794 903 2827 “3‘
934 2792 1232 2863 dampnum
1265 2793 1348 2847 vel
1378 2794 1770 2850 detrimentum
1804 2795 1907 2850 im-

295 2881 934 2955 minensperpendebat,
963 2883 1101 2938 heu!
1130 2883 1330 2939 cecidit
1357 2884 1487 2939 inde
1511 2886 1734 2960 gravius
1758 2886 1906 2941 unde

298 2973 468 3030 voluit
488 2975 580 3011 ¹¹³⁶
600 2976 847 3044 exaltari,
878 2975 1097 3031 etunde
1124 2976 1217 3011 ¹¹³⁶
1236 2992 1346 3032 non
1380 2977 1581 3047 poterit
1605 2977 1844 3050 amplius
1876 2994 1907 3032 a

2018 1874 2157 1928 culis
2185 1883 2240 1929 et
2269 1876 2474 1930 carceri
2526 1876 2619 1911 “5‘
2674 1876 3027 1947 mancipavit.
3090 1878 3209 1933 lam
3261 1880 3409 1935 enim
3453 1886 3626 1937 totum

2016 1977 2174 2017 suum
2207 1963 2505 2019 exercitum
2527 1964 2746 2021 fratrem
2778 1966 3068 2023 invasurus
3093 1968 3410 2045 collegerat,
3440 1971 3635 2027 simul-

2016 2067 2126 2123 que
2158 2067 2494 2123 pomoranos
2526 2071 2589 2110 ac
2608 2055 2883 2112 Bohemos
2903 2057 2971 2111 ad
3004 2073 3130 2113 eum
3159 2059 3228 2114 de
3249 2059 3475 2116 Polonia
3506 2077 3635 2131 pro-

2018 2141 2338 2214 pellendum
2379 2145 2470 2179 ¹¹⁶⁵
2501 2145 2805 2201 adsciverat
2837 2148 2950 2204 ηδε.
3003 2149 3067 2202 At
3106 2148 3425 2205 Bolezlavus
3452 2158 3632 2207 castro

2017 2233 2253 2299 munito,
2311 2234 2503 2290 horum
2584 2236 2793 2291 inscius
2864 2238 2918 2292 in
2987 2237 3109 2294 loco
3183 2238 3456 2297 vocabulo
3530 2240 3635 2296 La-

2018 2327 2146 2399 pide
2174 2328 2263 2364 ¹¹⁸⁷
2288 2330 2437 2399 (151)
2478 2330 2777 2397 residebat,
2812 2331 3002 2403 ibique
3043 2333 3238 2404 jacens
3277 2350 3429 2390 more
3467 2334 3633 2391 solito

2015 2419 2231 2475 vicinus
2260 2429 2315 2475 et
2367 2436 2619 2476 rumores
2648 2429 2703 2476 et
2747 2422 3053 2496 legationes
3092 2423 3375 2491 audiebat,
3437 2441 3501 2481 ac
3540 2424 3631 2461 ¹¹¹⁸

2011 2514 2257 2571 velocius
2285 2532 2353 2571 ex
2382 2516 2678 2587 improviso
2709 2518 2825 2572 suis
2864 2518 3116 2573 hostibus
3148 2518 3495 2575 occurrebat.
3526 2519 3630 2575 Le-

2010 2612 2122 2686 gati
2158 2612 2381 2667 tandem
2444 2613 2531 2667 vix
2585 2613 2883 2668 amicorum
2944 2614 3196 2669 subsidio
3255 2613 3497 2681 liberati,
3554 2615 3625 2670 ad

2009 2706 2355 2762 Bolezlavum
2416 2709 2738 2764 nuntiantes
2785 2725 2908 2781 qua:
2951 2709 3208 2765 viderunt
3249 2716 3304 2765 et
3331 2710 3630 2767 audierunt

2008 2803 2137 2852 sunt
2160 2797 2385 2853 reversi.
2434 2796 2549 2862 Quo
2575 2798 2786 2862 audito,
2818 2798 3137 2854 Bolezlavus
3188 2815 3259 2855 an
3285 2799 3522 2867 resistat,
3554 2816 3623 2855 an

2008 2885 2240 2941 desistat
2269 2886 2365 2941 diu
2396 2886 2657 2941 dubitans
2687 2887 2777 2922 ¹¹⁸⁹
2810 2887 3099 2955 haesitavit,
3131 2888 3227 2943 sed
3268 2904 3521 2944 reversus
3552 2888 3625 2944 ad

2008 2989 2103 3031 cor
2129 2991 2313 3046 suum,
2346 2985 2551 3047 quanto
2583 2976 2746 3031 citius
2767 2977 2859 3013 “5°
2898 2993 3055 3031 suum
3084 2977 3383 3033 exercitum
3422 2993 3624 3052 aggre-

296 3066 415 3122 suis
444 3066 588 3122 male
617 3068 1026 3125 consultoribus
1065 3070 1154 3104 ¹¹³⁷
1198 3070 1447 3126 relevari.
1493 3070 1648 3126 Unde
1701 3072 1904 3142 posteri
1933 3105 1983 3172 Ο
2006 3068 2173 3142 gavit,
2205 3075 2261 3124 et
2287 3068 2354 3123 ad
2380 3084 2567 3141 regem
2613 3069 2990 3125 Ruthenorum
3032 3069 3488 3145 Ungarorumque
3530 3071 3619 3107 ¹¹⁶¹

293 3156 404 3212 sibi
443 3165 674 3214 caveant
704 3159 791 3215 vel
822 3169 1147 3231 praesentes,
1180 3177 1250 3218 ne
1291 3162 1403 3217 sint
1442 3163 1498 3217 in
1537 3178 1709 3239 regno
1749 3180 1909 3234 pares
1936 3156 1983 3172 ν
2009 3182 2109 3238 pro
2128 3166 2333 3223 auxilio
2358 3167 2653 3240 delegavit.
2687 3167 2797 3223 Sed
2825 3168 2870 3223 si
2899 3184 3000 3240 per
3028 3184 3087 3223 se
3117 3169 3312 3224 vel““
3343 3185 3443 3241 per
3469 3166 3627 3242 ipsos

294 3248 434 3305 socii
460 3249 799 3304 dissidentes
825 3250 934 3306 “3‘.

528 3343 617 3397 36.
650 3348 722 3397 De
749 3343 1001 3413 Zbignevi
1024 3346 1314 3401 hostilitate
1338 3354 1530 3417 erupta
1562 3348 1671 3404 “3°.

362 3434 685 3491 Bolezlavus
716 3446 898 3493 autem
950 3440 1065 3494 haec
1121 3437 1305 3493 omnia
1344 3438 1446 3492 sali
1485 3440 1715 3496 Domino
1755 3456 1907 3497 com-

286 3526 608 3597 mendabat,
638 3528 1008 3603 injuriamque
1036 3531 1336 3588 fraternam
1379 3533 1562 3588 adhuc
1590 3532 1680 3567 “‘0
1719 3549 1906 3605 aequa-

285 3621 512 3678 nimiter
538 3623 847 3692 tollerabat,
882 3642 1213 3698 semperque
1243 3628 1553 3684 laboriosus
1595 3628 1899 3694 Poloniam,

283 3713 432 3770 sicut
469 3716 556 3771 leo
601 3719 848 3792 rugiens,
907 3720 1241 3775 metuendus
1295 3720 1627 3777 circumibat
1670 3722 1781 3776 1‘“.
1817 3721 1908 3777 Cui

286 3803 428 3860 forte
480 3804 584 3861 fuit
634 3806 855 3862 interim
907 3809 1232 3864 nunciatum
1298 3809 1459 3866 Kosle
1501 3809 1643 3880 (150)
1674 3817 1907 3866 castrum

2009 3259 2181 3315 nichil
2208 3277 2374 3336 agere
2401 3262 2693 3333 potuisset,
2727 3262 2906 3333 ipsum
2938 3277 3167 3337 regnum
3194 3268 3249 3318 et
3274 3278 3429 3335 spem
3462 3264 3621 3339 regni

2010 3351 2358 3421 expectendo
2390 3351 2725 3423 perdidisset
2754 3351 2863 3407 “63.

2233 3461 2318 3519 37.
2354 3464 2542 3520 Fwdus
2572 3478 2698 3537 cum
2725 3466 2964 3520 Bohemis
2993 3468 3162 3520 ictum
3186 3472 3236 3522 et
3254 3466 3392 3537 fuga

2611 3536 2863 3603 Zbignevi
2912 3536 3020 3589 “5‘.

2080 3624 2252 3699 Igitur
2286 3624 2522 3699 belliger
2556 3626 2874 3681 Bolczlavus
2922 3628 3094 3683 tribus
3133 3628 3467 3685 exercitibus
3513 3629 3624 3686 cir—

2011 3712 2321 3776 cumdatus,
2364 3729 2503 3784 quos
2541 3714 2749 3784 primus
2803 3725 3057 3786 expectet
3104 3718 3192 3771 vel
3240 3733 3381 3789 quos
3428 3718 3620 3782 irruat.

2011 3802 2330 3870 meditatur,
2363 3803 2504 3858 sicut
2536 3804 2621 3859 leo
2662 3804 2747 3860 vel
2776 3822 2910 3877 aper
2956 3807 3211 3862 molossis
3250 3808 3482 3864 canibus
3532 3809 3621 3865 in-

288 3894 348 3948 in
377 3894 620 3951 conﬁnio
642 3897 1008 3953 Bohemomm
1039 3914 1072 3953 τι
1099 3915 1157 3953 se
1189 3899 1309 3971 ipso
1337 3905 1521 3955 tamen
1548 3914 1659 3955 non
1680 3899 1749 3954 ab
1781 3900 1909 3955 hos-
2011 3891 2256 3963 dagatus,
2288 3892 2579 3947 latratibus
2627 3909 2823 3949 canum
2884 3895 3143 3968 tubisque
3169 3904 3492 3953 venatorum
3551 3901 3620 3954 ad

286 3982 460 4050 tibus,
488 3992 922 4043 concrematum,
957 3985 1057 4050 Qui
1098 3995 1364 4059 reputans
1394 3987 1638 4059 aliquem
1668 4005 1770 4059 per
1798 3995 1909 4043 ira.
2009 3979 2347 4035 iracundiam
2376 3988 2723 4051 provocatur.
2770 3983 2876 4038 Sed
2907 3999 3104 4040 omnes
3150 3994 3331 4041 tamen
3362 3987 3620 4043 Bolezla-

285 4070 560 4127 ditionem
588 4074 692 4129 hoc
720 4074 938 4143 fecisse,
971 4076 1347 4149 dubitansque
1373 4078 1647 4134 Bohemos
1672 4078 1739 4133 ad
1773 4078 1905 4133 illud

2018 4083 2134 4124 vum
2191 4068 2535 4137 metuebant,
2568 4070 2716 4141 quod
2758 4086 2825 4127 eo
2864 4079 3045 4128 stante
3081 4074 3287 4140 medio,
3342 4075 3409 4129 ad
3439 4075 3620 4131 locum

285 4163 651 4221 muniendum
683 4182 1006 4238 properare,
1030 4168 1160 4225 ίιιιιο
1188 4170 1367 4225 statim
1396 4186 1519 4225 cum
1550 4169 1902 4241 paucissimis
2007 4156 2358 4212 terminatum
2391 4159 2688 4214 convenire
2716 4175 2827 4215 non
2856 4160 3154 4217 audebant.
3189 4162 3412 4217 Interim
3440 4170 3622 4219 autem

284 4257 664 4325 transvolavit,
719 4258 909 4331 ibique
946 4260 1190 4316 laborem
1231 4262 1470 4333 pr0priis
1518 4262 1775 4317 manibus
1815 4263 1900 4316 iu-

2018 4246 2259 4321 lbignevi
2286 4246 2485 4302 litterae
2516 4255 2687 4318 came
2719 4264 2841 4303 cum
2877 4249 3085 4304 nuntiis
3118 4250 3208 4285 “‘5
3238 4258 3365 4306 sunt
3403 4251 3607 4319 allata,

279 4344 517 4401 οδοενίι,
544 4347 661 4402 13m
690 4348 838 4403 enim
871 4357 1081 4405 tantum
1106 4361 1326 4422 tamque
1358 4351 1448 4385 im
1479 4350 1573 4406 diu
1608 4352 1715 4406 huc
1742 4351 1901 4406 ίιιυο-
2002 4341 2202 4412 quibus
2244 4342 2428 4397 multm
2470 4343 2791 4399 traditiones
2848 4351 2904 4399 et
2934 4343 3151 4399 insidiae
3196 4354 3327 4399 sunt
3372 4343 3619 4415 prolatas.

282 4452 397 4509 que
426 4439 744 4495 cursitando
804 4441 896 4476 “‘3
954 4458 1084 4498 suos
1138 4443 1214 4498 ita
1253 4442 1509 4515 fatigatos
1563 4429 2215 4510 reddiderat,DQuibllS
2270 4436 2443 4503 leCliS,
2499 4437 2815 4509 quibusque
2865 4438 2957 4472 ¹¹⁰⁶
3012 4438 3236 4510 sapiens
3293 4439 3619 4506 admiratur.

279 4528 433 4599 quod
479 4537 587 4584 tam
619 4531 804 4587 subito
859 4547 1117 4589 revocare
1148 4534 1478 4606 injuriosum
1539 4534 1715 4589 visum
1766 4542 1902 4589 erat.
2007 4538 2269 4604 totusque
2295 4530 2536 4603 populus
2561 4547 2659 4603 pro
2687 4533 2932 4604 periculo
2954 4533 3305 4589 lamentatur.
3332 4534 3407 4589 Ad
3437 4541 3619 4589 extre-

280 4618 488 4674 Tamen
520 4627 574 4676 et
603 4635 736 4678 suos
782 4623 852 4678 ad
910 4624 1175 4680 auxilium
1231 4625 1540 4693 advocavit,
1592 4632 1649 4680 et
1685 4624 1904 4681 fratrem
2005 4641 2155 4679 mum
2187 4640 2315 4680 vero
2348 4624 2667 4681 Bolezlavus
2696 4626 2981 4697 sapienter
3009 4626 3143 4681 satis
3186 4642 3249 4681 ac
3281 4627 3371 4662 ¹¹⁶⁷
3410 4641 3618 4683 conve-

280 4725 383 4782 per
424 4711 650 4769 nuntios
690 4714 822 4771 satis
876 4716 1123 4787 ydoneos
1181 4717 1454 4787 invitavit,
1511 4718 1678 4790 eique
1735 4717 1907 4773 verba
2008 4717 2226 4772 nienter
2260 4731 2361 4788 pro
2392 4722 2640 4788 tempore
2678 4733 2811 4788 pace
2845 4734 2969 4773 cum
3004 4717 3262 4774 Bohemis
3309 4718 3619 4776 fcederavit'

1625 4823 1857 4878 ῩΑΒΙᾹΞ
1888 4822 2256 4879 LECTIONES.

1493 4922 1585 4958 ¹¹²³
1615 4924 1717 4978 hac
1746 4924 1798 4979 3.
1898 4923 1996 4958 ¹¹²⁴
2026 4938 2214 4978 verum
2242 4923 2297 4977 2.
2393 4923 2597 4994 “'5‘;ch
2618 4921 2674 4979 3.
2791 4922 2888 4957 ¹¹²⁶
2912 4929 2968 4977 et
2991 4922 3075 4977 sic
3101 4923 3135 4978 3

1662 4995 1753 5031 ¹¹³⁰
1780 5011 1878 5066 per
1922 4995 1976 5048 3.
2065 4995 2153 5029 “3'
2185 4996 2288 5049 hac
2322 4996 2369 5049 1.
2414 4995 2558 5049 hanc
2596 4995 2648 5050 3.
2731 4994 3075 5119 "stratum
3105 4995 3160 5050 1.
3250 4994 3341 5029 ¹¹³³
3372 4995 3594 5052 hostiun

1662 5083 1698 5121 n
1726 5067 1779 5120 2.
1840 5066 1929 5101 “37
1960 5065 2209 5120 uloribus
2236 5065 2269 5119 3
2362 5066 2451 5100 "33
2479 5065 2802 5120 difﬁdentes
2871 5107 2882 5120 .
2966 5065 3057 5100 “3°
3074 5070 3454 5134 argumentum
3483 5069 3594 5123 edit

3257 4923 3347 4958 “'7
3382 4923 3621 4980 inimici-

3250 4994 3341 5029 ¹¹³³
3372 4995 3614 5052 hostium

352 4917 445 4953 ¹¹²⁰
469 4920 556 4975 vel
594 4921 646 4975 3.
762 4922 849 4957 ¹¹²¹
889 4929 945 4977 et
971 4920 1024 4978 3.
1114 4924 1207 4959 ¹¹²¹
1237 4924 1318 4980 sic
1338 4923 1390 4980 3-

278 4987 396 5045 cias
424 4988 459 5046 3
546 4992 638 5026 ¹¹²⁸
659 5002 714 5048 et
772 4994 815 5047 1.
849 4993 904 5049 2.
947 4993 1076 5050 ideo
1103 4994 1156 5049 3.
1235 4996 1325 5031 “'9
1350 4996 1496 5050 deest
1518 4993 1573 5052 3.

274 5061 331 5115 2.
430 5060 519 5096 “3‘
551 5078 653 5118 nec
675 5064 729 5118 2.
832 5065 924 5099 ¹¹³δ
948 5065 1128 5121 noluit
1150 5067 1306 5123 codd.
1392 5067 1482 5101 ¹¹³⁶
1509 5082 1698 5121 verum
1726 5060 1793 5120 2f
1840 5066 1929 5101 “37
1960 5065 2209 5120 uloribus
2236 5065 2269 5119 3
2362 5066 2451 5100 "33
2479 5065 2802 5120 difﬁdentes
2828 5060 2882 5120 3.

281 5133 443 5213 Vars..
479 5149 561 5219 np.
605 5135 881 5219 29fi_deest
1109 5136 1143 5192 3
1363 5138 1445 5219 ad
1463 5138 1650 5219 hoc“3_.
1703 5138 1826 5219 _“‘_‘
1866 5136 2135 5219 gircuibat
2164 5137 2305 5219 2._3.
2386 5138 2507 5219 “ll”
2536 5137 2823 5219 ta_ndemg_3
2938 5137 3031 5219 “‘3
3059 5133 3333 5219 cursitans
3364 5137 3421 5219 3..
3474 5216 3481 5219 Α
3528 5139 3618 5219 “1‘

280 5202 439 5310 regni
478 5202 519 5258 3
653 5208 744 5242 “‘5
774 5216 867 5263 aut
901 5207 956 5261 2.
1005 5209 1056 5262 3.
1180 5209 1273 5243 “‘6
1294 5209 1376 5264 sic
1414 5209 1465 5266 3.
1561 5209 1650 5243 “‘7
1680 5210 1822 5263 deest
1864 5209 1917 5263 3.
2043 5209 2133 5243 ¹¹⁸⁸
2163 5215 2335 5263 totum
2385 5208 2437 5263 3.
2561 5209 2652 5243 ¹¹⁴⁰
2683 5208 2937 5263 obtinere
2993 5208 3045 5262 3.
3175 5208 3265 5243 “5°
3294 5209 3520 5265 caritate
3558 5209 3613 5266 3.

280 5274 348 5309 H5
396 5273 677 5310 nhﬁnnhia
737 5279 769 5310 τ)
862 5278 955 5310 1182
983 5279 1267 5310 οιιοηζτιη-υι
1295 5279 1327 5310 ⁸)
1433 5280 1525 5310 1153
1556 5280 1699 5310 Annal
1724 5280 1758 5310 0
1864 5279 1955 5310 1138
1986 5294 2205 5310 ηη-υιη-η
2255 5279 2291 5310 ο
2387 5280 2478 5310 1155
2518 5279 2940 5310 ηηηηηιιηηΑι-ιηη
2992 5279 3027 5310 0
3142 5280 3235 5310 11118
3262 5280 3529 5310 ηιιηῖυιιηηι
3562 5280 3594 5310 9

279 5273 374 5351 ξξξξ
396 5273 679 5351 obtinebis
736 5279 769 5351 3
804 5349 813 5351 _
862 5278 955 5351 “5}
983 5279 1268 5351 suscipere
1294 5279 1344 5336 3.
1398 5350 1401 5351 ν
1433 5280 1525 5315 ³1⁵³
1554 5280 1699 5335 deest
1724 5280 1821 5351 2.”
1864 5279 1955 5314 “5‘
1984 5294 2205 5351 carcere
2255 5279 2310 5333 2.
2387 5280 2478 5314 “55
2518 5279 2941 5351 propellandum
2992 5279 3049 5333 2.
3142 5280 3235 5314 “5‘
3260 5280 3533 5335 acciverat
3561 5280 3613 5337 3.

279 5345 371 5421 ξξῇ
404 5346 545 5416 lapis
574 5347 641 5421 3.
729 5349 819 5385 ¹¹³⁸
839 5357 894 5405 et
918 5350 970 5403 3.
1071 5345 1161 5384 “‘9
1190 5350 1537 5406 dubiccionis
1562 5351 1615 5404 3.
1738 5349 1828 5421 “‘f’
1857 5350 2185 5421 quantocius
2212 5366 2310 5421 pro
2359 5367 2413 5421 q.
2448 5367 2496 5405 c.
2518 5345 2581 5404 ’3.
2600 5420 2603 5421 ν
2623 5345 2657 5421 ’ν
2702 5351 2790 5421 ¹¹β¹
2819 5350 3161 5421 Ungarorum
3192 5351 3244 5405 3.
3351 5352 3442 5387 ¹¹⁶⁸
3470 5352 3523 5409 vi
3553 5351 3611 5406 4.

278 5415 372 5451 ¹¹⁶³
397 5419 691 5511 e‘tc..g‘ddit
807 5421 900 5456 ¹¹⁶⁴
929 5426 1305 5489 argumentum
1335 5422 1466 5477 edit.
1515 5423 1671 5477 Vars.
1698 5438 1760 5492 p.
1785 5415 1891 5477 210
1936 5422 2079 5477 deest
2113 5423 2161 5476 1.
2183 5415 2235 5476 Ξῖ
2277 5420 2330 5477 3.
2378 5415 2393 5421 ’
2415 5422 2505 5457 ¹¹⁶⁵
2537 5420 2696 5476 micis
2731 5420 2786 5476 2.
2823 5415 3171 5494 “unilibet
3200 5422 3295 5494 qui
3356 5423 3411 5478 2.
3444 5422 3616 5511 Iquis-

276 5501 387 5558 que
415 5488 469 5542 3.
508 5489 597 5525 “‘7
637 5498 692 5547 et
724 5492 775 5546 3.

1829 5562 2052 5620 ΝΟΤᾸΞ.

348 5655 497 5730 (159)
525 5658 691 5723 Cosel,
737 5658 842 5714 Koz
872 5660 951 5730 ly,
985 5658 1054 5712 ad
1095 5657 1377 5714 Viadrum.
1419 5658 1497 5717 Cf.
1548 5659 1762 5717 Stenzel
1801 5661 1893 5717 SS.

277 5739 389 5782 rer.
426 5726 585 5785 Siles.
614 5746 654 5797 ι,
687 5730 775 5797 74,
803 5745 861 5786 n.
889 5726 944 5783 It.

2073 5659 2215 5731 (151)
2249 5659 2463 5731 Kamin,
2497 5663 2781 5730 Cammim,
2813 5661 2870 5717 in
2923 5663 3144 5719 Prussia
3182 5658 3509 5717 occidentali
3550 5657 3607 5714 S.

2000 5730 2087 5786 An
2113 5730 2391 5787 Kamenz?
2423 5732 2482 5790 Κ.
