4006 6198
417 239 521 297 903

1691 220 2038 278 ΕΗΒΟΝΙΕᾹΖ
2076 218 2474 274 POLONOBUM

3659 226 3770 280 904

418 381 481 420 ac
509 361 752 419 exercitu
782 357 1056 415 concitato
1082 356 1416 428 Zbignevum
1463 352 1554 388 ¹¹⁶⁸
1584 351 1874 407 eliminare
1911 349 2032 403 dis-
2060 346 2192 420 Ain
2262 345 2422 400 fratre
2474 346 2582 399 “9‘.
2659 345 2832 420 igitur
2893 346 3037 402 sicut
3128 347 3298 404 draco
3359 347 3781 407 ﬂammivomus

419 462 620 534 posuit.
680 460 986 532 Zbignevus
1057 470 1187 510 vero
1253 469 1365 509 non
1450 451 1630 506 fratris
1681 450 1984 504 adventum
2019 489 2034 510 ,

419 555 611 610 eadem
641 551 904 612 facturus,
936 547 1022 601 vel
1073 546 1277 601 bellum
1311 543 1706 600 commissurus
1738 549 2032 611 exspecta-

420 644 496 698 vit
555 643 666 709 “‘9,
701 657 802 695 nec
844 637 1035 694 castris
1092 651 1320 691 securus
1351 649 1453 688 nec
1495 630 1812 686 civitatibus
1864 636 2041 683 retar-

423 733 593 798 davit,
651 731 748 786 sed
802 729 1019 802 fugiens
1065 727 1215 781 velut
1271 740 1468 779 cervus
1515 721 1757 793 Wysiam
1811 719 2036 774 ﬂuvium

426 822 801 881 transnatavit.

566 913 656 970 38.
689 913 982 979 Zbignevus
1012 910 1169 963 rediit
1217 910 1273 960 in
1303 907 1539 974 gratiam
1564 905 1755 969 fratris
1787 901 1896 954 “7°.

497 1004 908 1060 AtBolezlavus
970 999 1291 1054 festinanter
1341 995 1484 1048 Kalis
1525 995 1610 1028 “7‘
1661 992 1809 1063 (152)
1869 991 2039 1046 adve-

426 1095 605 1162 niens,
641 1093 714 1147 ibi
748 1091 1012 1162 quosdam
1048 1088 1240 1142 ﬁdeles
1281 1083 1539 1157 Zbignevi
1586 1081 1692 1135 sibi
1728 1079 2041 1134 resistenti-

431 1197 511 1242 tes
546 1185 856 1249 inveniens,
881 1181 1070 1252 paucis
1123 1177 1322 1232 diebus
1353 1183 1406 1229 et
1449 1174 1584 1229 illud
1631 1180 1866 1228 castrum
1901 1171 2040 1226 obti-

429 1280 568 1342 nuit,
615 1287 670 1332 et
707 1282 929 1344 accepta
958 1273 1253 1347 legatione,
1286 1285 1446 1323 suum
1487 1267 1742 1322 comitem
1775 1265 1829 1318 in
1872 1265 2040 1317 Gnez-

427 1371 585 1425 densi
639 1369 731 1404 “7’
779 1367 1000 1422 civitate
1049 1362 1327 1419 constituit
1391 1360 1521 1414 Inde
1556 1356 1932 1430 gprogrediens
1981 1354 2037 1409 in

428 1464 694 1536 'l'picimir
753 1461 844 1497 “73
905 1459 1072 1530 (153),
1128 1473 1318 1512 senem
1357 1455 1575 1510 ﬁdelem
1649 1452 1791 1523 (151)
1854 1450 2028 1505 inclu-

426 1557 498 1611 sit
549 1555 665 1621 ηπ,
695 1569 860 1626 quem
912 1550 1097 1606 audita
1150 1549 1293 1603 fama
1320 1563 1433 1602 suae
1482 1546 1632 1601 sedis
1682 1543 1912 1599 redditae
1949 1541 2036 1596 vix

424 1648 686 1713 exclusit,
706 1661 818 1718 quo
843 1661 1031 1699 secum
1057 1649 1338 1711 assumpto
1362 1641 1451 1674 “75
1482 1639 1549 1693 ad
1593 1637 1754 1692 Lucie
1785 1636 1876 1671 “7°
1898 1634 2042 1706 (155)

424 1739 614 1793 sedem
651 1735 968 1791 translatam
1019 1731 1355 1804 properavit,
1389 1730 1577 1800 ibique
1622 1727 1711 1762 “77
1749 1728 1926 1795 {vetus
1957 1740 2048 1779 ca-

424 1827 650 1881 stellum
679 1834 870 1880 contra
929 1822 1225 1876 Mazoviam
1260 1818 1547 1890 reparavit.
1583 1818 1735 1871 Tunc
1792 1815 1881 1849 ¹¹⁷⁸
1910 1814 2048 1885 ;pri-

426 1932 578 1970 mum
621 1915 1009 1969 Ruthenorum
1033 1910 1295 1965 auxilium
1321 1917 1374 1964 et
1398 1909 1735 1980 Ungarorum
1765 1919 2046 1961 commea-

425 2012 521 2067 vit.
553 2011 686 2065 Tum
746 2010 835 2044 ¹¹⁷⁹
866 2024 994 2064 vero
1025 2009 1334 2081 Zbignevus
1365 2006 1418 2058 in
1466 2002 1911 2073 desperationem
1964 2006 2052 2054 est

435 2101 715 2166 redactus,
764 2116 828 2154 ac
880 2098 1170 2153 laroslawo
1220 2095 1311 2129 “3°
1356 2095 1495 2148 duce
1542 2092 1628 2126 ¹¹⁸¹
1683 2091 1935 2144 Rutheno
1969 2089 2048 2142 si-

427 2191 654 2260 mulque
692 2187 957 2243 Balduino
993 2185 1337 2241 Cracoviensi
1365 2184 1626 2254 episc0po
1651 2179 2048 2244 mediantibus,

425 2287 554 2334 ante
601 2278 821 2333 fratrem
877 2275 1256 2330 satisfacturus
1298 2279 1351 2327 et
1388 2271 1712 2327 obediturus
1765 2275 1848 2322 est
1876 2267 2050 2321 addu-

422 2377 559 2425 ctus.
591 2368 742 2422 Tunc
773 2367 1012 2438 primum
1069 2363 1388 2418 inferiorem
1443 2377 1502 2415 se
1541 2359 1708 2413 fratre
1748 2356 2048 2428 reputavit,

426 2474 556 2522 tunc
615 2465 810 2519 iterum
871 2479 933 2516 se
992 2476 1276 2533 nunquam
1318 2457 1469 2512 fratri
1520 2456 1635 2511 fore
1684 2451 2050 2533 contrarium,

423 2555 520 2610 sed
551 2555 608 2608 in
655 2553 867 2608 cunctis
913 2527 1293 2613 obediturum,
1342 2554 1396 2601 et
1445 2552 1682 2602 castrum
1735 2542 1870 2596 Galli
1905 2527 2046 2608 (156)

429 2644 842 2699 destructurum
910 2656 1092 2696 coram
1161 2637 1423 2694 omnibus
1487 2633 1778 2704 abjuravit.
1825 2632 1974 2687 Tunc
2019 2647 2050 2684 a

435 2734 600 2788 fratre
630 2731 933 2788 Mazoviam
965 2731 1201 2785 retinere
1232 2728 1370 2783 sicut
1421 2726 1595 2789 miles,
1631 2739 1742 2779 non
1781 2731 1840 2778 ut
1871 2721 2052 2777 domi-

439 2845 542 2884 nus
591 2828 918 2900 impetravit.
956 2825 1261 2881 Paciﬁcatis
1301 2824 1483 2894 itaque
1525 2821 1802 2887 fratribus,
1854 2819 2054 2873 Rutbe-

435 2937 632 2977 norum
666 2920 940 2976 exercitus
972 2927 1026 2974 et
1081 2919 1417 2990 Ungarorum
1451 2915 1519 2970 ad
1577 2914 1800 2986 propria
1840 2926 2055 2966 remea-

437 3017 536 3082 vit,
575 3015 899 3071 Bolezlavus
931 3029 1062 3069 vero
1103 3029 1203 3085 per
1238 3011 1543 3077 Poloniam,
1571 3022 1919 3081 quocumque
1950 3004 2056 3059 sibi

438 3104 664 3175 placuit,
687 3102 989 3159 ambulavit
1006 3103 1117 3157 ¹¹⁸².

646 3197 738 3252 39.
763 3197 1016 3264 Zbignevi
1040 3193 1268 3264 perﬁdia
1297 3207 1424 3260 erga
1463 3191 1694 3257 fratrem
1724 3185 1836 3240 “33.

505 3290 629 3362 (An.
656 3289 819 3354 1107,
852 3286 1036 3355 1108.)
1083 3285 1288 3340 Rursus
1328 3280 1527 3354 yemali
1574 3290 1822 3351 tempore
1851 3276 2051 3332 Pomo-

435 3382 652 3438 raniam
689 3378 934 3434 invasuri
991 3377 1184 3432 Poloni
1235 3381 1660 3448 congregantur,
1715 3377 1774 3426 ut
1839 3370 2053 3425 facilius

438 3473 781 3529 munitiones
828 3469 1134 3542 congelatis
1187 3466 1501 3539 palludibus
1543 3464 1848 3536 capiantur.
1906 3461 2054 3515 Tunc

435 3577 664 3634 quoque
696 3558 1016 3614 Bolezlavus
1045 3557 1301 3630 Zbignevi
1344 3554 1626 3626 perﬁdiam
1659 3560 1745 3608 est
1796 3557 2055 3622 expertus

433 3655 565 3726 quia
596 3653 649 3706 in
696 3651 804 3707 hiis
858 3651 949 3685 “3‘
996 3650 1257 3704 omnibus
1289 3647 1540 3719 periurus
1605 3643 1894 3699 manifeste
1931 3657 2054 3713 quae

430 3744 711 3814 iuraverat
766 3748 846 3796 est
904 3747 1175 3810 repertus.
1261 3736 1361 3801 Qui
1428 3751 1598 3806 prope
1651 3734 1741 3768 “35
1791 3738 2048 3795 castrum,

438 3830 586 3903 quod
649 3831 740 3865 ¹¹⁸⁶
787 3829 972 3883 Gallus
1006 3828 1093 3862 “3"
1128 3827 1353 3892 fecerat,
1397 3840 1506 3879 non
1539 3821 1829 3888 destruxit,
1862 3834 1965 3873 nec
1995 3816 2052 3870 in

435 3923 618 3978 fratris
697 3921 967 3976 auxilium
1037 3920 1345 3984 invitatus,
1400 3932 1564 3970 unam
1642 3913 1814 3969 solam
1880 3910 2051 3965 aciem

446 4011 531 4068 vel
563 4011 651 4048 ¹¹⁸⁸
675 4009 948 4064 instruxit.
984 4009 1101 4064 Dux
1139 4021 1271 4062 vero
1321 4002 1773 4077 septentrionalis
1806 4001 1894 4034 “3°
1923 4015 2053 4054 con-

2139 434 2256 488 solo
2286 435 2376 468 “9‘
2415 434 2544 488 flatu
2568 434 2746 489 vicina
2778 433 3163 501 comburrens,
3214 451 3323 490 non
3356 437 3652 491 combusta
3683 439 3776 473 ¹¹⁹³

2140 524 2278 578 flexa
2309 525 2482 578 cauda
2509 525 2848 595 percutiens,
2875 534 3049 580 terras
3089 526 3425 582 transvolvat
3456 528 3772 595 nociturus,

2141 613 2222 668 sic
2247 614 2564 670 Bolezlavus
2585 615 2969 670 Pomoraniam
2990 615 3207 685 impetit
3227 615 3371 670 ferro
3397 617 3484 651 “9‘
3504 617 3771 685 rebelles,

2140 704 2271 779 igne
2339 708 2677 762 munitiones
2735 708 3138 761 destructurus.
3218 708 3325 761 Sed
3395 709 3490 779 qui
3579 709 3769 764 eundo

2140 817 2239 870 per
2261 803 2350 836 “95
2372 811 2567 858 terram
2600 801 2688 857 vel
2723 803 3060 857 transeundo
3085 803 3367 875 egerit‘m
3385 803 3771 870 obmittamus,

2141 892 2238 949 sed
2302 893 2356 946 in
2416 893 2601 948 medio
2651 903 2811 947 terra?
2898 891 3172 946 civitatem
3229 891 3421 945 Albam
3487 891 3770 946 obsiden-

2139 982 2264 1037 dam
2312 982 2402 1016 ¹¹⁹⁷
2434 981 2720 1036 adeamus.
2751 980 3063 1035 Adveniens
3113 981 3302 1051 itaque
3332 979 3658 1035 Bolezlavus
3703 982 3771 1034 ad

2140 1073 2355 1138 urbem,
2390 1088 2512 1143 qua:
2553 1071 2712 1142 quasi
2744 1078 2994 1125 centrum
3036 1077 3195 1125 terra:
3246 1070 3337 1103 ¹¹⁹⁸
3385 1071 3637 1124 medium
3684 1070 3776 1103 ¹¹⁹⁹

2148 1169 2454 1233 reputatur,
2493 1172 2669 1216 castra
2727 1160 2908 1232 ponit,
2942 1167 3308 1216 Instrumenta
3357 1168 3532 1232 parat,
3569 1159 3781 1232 quibus

2138 1251 2315 1322 levius
2351 1250 2442 1285 ¹²⁰⁰
2473 1259 2528 1304 et
2559 1250 2761 1304 minori
2820 1249 3069 1320 periculo
3101 1250 3370 1321 capiatur.
3400 1249 3614 1314 Quibus
3642 1265 3776 1320 par-

2137 1344 2298 1399 tibus
2319 1343 2538 1398 assidue
2569 1344 2736 1397 armis
2763 1351 2816 1398 ct
2847 1343 3088 1416 ingeniis
3128 1342 3414 1410 laboravit,
3448 1343 3602 1414 quod
3636 1359 3779 1413 pau-

2138 1435 2217 1490 cis
2247 1433 2446 1488 diebus
2496 1433 2690 1488 urbem
2724 1433 2873 1488 cives
2908 1433 3143 1487 reddere
3204 1433 3489 1488 coartavit.
3532 1434 3654 1497 Qua
3691 1450 3780 1488 re-

2137 1534 2320 1594 cepta,
2362 1539 2491 1578 suos
2531 1523 2608 1578 ibi
2664 1524 2866 1578 milites
2924 1523 3237 1590 collocavit,
3283 1524 3558 1598 signoque
3619 1525 3776 1590 dato,

2145 1617 2420 1688 motisque
2452 1616 2664 1682 castris,
2707 1616 2776 1670 ad
2825 1615 3099 1671 maritima
3148 1615 3485 1686 praperavit.
3522 1615 3778 1687 Cumque

2143 1709 2254 1779 jam
2286 1711 2352 1764 ad
2380 1708 2574 1764 urbem
2610 1708 2885 1780 Cholbreg
2930 1709 3014 1742 ¹²⁰¹
3048 1708 3378 1774 declinaret,
3410 1715 3467 1762 et
3528 1719 3777 1762 castrum

2147 1805 2284 1860 mari
2313 1805 2621 1875 proximum
2650 1819 2972 1875 expugnare
3012 1803 3102 1838 ¹⁹⁰²
3136 1803 3456 1874 priusquam
3486 1805 3555 1858 ad
3583 1803 3782 1858 urbem

2147 1895 2437 1949 accederet
2495 1893 2587 1927 ¹²⁰³
2640 1892 2926 1965 cogitaret,
2994 1908 3145 1958 ecce,
3223 1893 3371 1947 cives
3426 1900 3482 1947 et
3533 1894 3778 1964 Oppida-

2149 1999 2250 2038 nos
2291 1983 2380 2017 ”0‘
2412 1983 2602 2054 pronis
2643 1982 2954 2037 cervicibus
2981 1981 3199 2036 obviam
3251 1982 3538 2038 Bolezlavo
3571 2000 3779 2054 proce-

2149 2076 2364 2142 dentes,
2396 2076 2727 2146 semetipsos
2750 2081 2802 2129 et
2831 2073 2994 2130 ﬁdem
3013 2082 3068 2130 et
3089 2075 3374 2130 servitium
3399 2075 3779 2146 proferentes.

2150 2169 2272 2239 lpse
2304 2181 2526 2239 quoque
2557 2167 2664 2221 dux
2681 2166 3112 2222 Pomoranorum
3146 2167 3451 2222 adveniens
3479 2168 3781 2224 Bolezlavo

2151 2259 2457 2326 inclinavit,
2479 2260 2734 2330 ejusque,
2764 2257 3036 2324 residens,
3059 2273 3227 2330 equo,
3252 2275 3312 2314 se
3339 2259 3430 2293 ¹²⁰⁵
3461 2261 3693 2314 servitio
3730 2272 3785 2314 et

2151 2352 2361 2406 militiae
2389 2351 2673 2422 deputavit
2706 2351 2816 2406 ¹²⁰⁶.
2846 2350 3099 2422 Quinque
3141 2351 3288 2406 enim
3330 2351 3657 2407 Bolezlavus
3691 2353 3782 2386 m”

2151 2443 2478 2499 ebdomadis
2528 2443 2873 2514 expectando
2934 2441 3140 2496 bellum
3199 2443 3285 2497 vel
3326 2443 3633 2514 quarendo
3685 2460 3786 2515 per

2151 2534 2536 2590 Pomoraniam
2567 2534 2854 2605 equitavit,
2887 2550 2950 2588 ac
2979 2540 3152 2588 totum
3181 2549 3340 2604 paene
3373 2550 3611 2609 regnum
3645 2535 3782 2590 illud

2150 2623 2268 2678 sine
2327 2622 2518 2693 proelio
2583 2622 2920 2695 subjugavit.
2972 2621 3194 2676 Talibus
3253 2637 3387 2695 ergo
3456 2622 3785 2677 Bolezlavus

2154 2714 2558 2785 praeconiorum
2594 2712 2781 2783 tytulis
2812 2720 2896 2768 est
2926 2711 3266 2780 laudandus,
3297 2712 3612 2785 talibusque
3661 2714 3787 2770 bel-

2155 2808 2332 2864 lorum
2369 2824 2434 2864 ac
2466 2806 2555 2841 ¹²⁰⁸
2585 2806 2937 2861 victoriarum
2969 2806 3264 2877 triumphis
3293 2807 3670 2862 coronandus.

2609 2897 2697 2951 40.
2743 2899 2908 2950 Filius
2938 2899 3186 2951 nascitur
3213 2896 3322 2950 ¹²⁰⁹.

2228 2990 2334 3045 Sed
2366 3005 2490 3045 cum
2522 2989 2625 3044 isto
2656 2987 2860 3061 gaudio
2903 2988 2973 3042 de
3003 2986 3232 3042 victoria
3265 2987 3592 3058 triumphali
3629 3004 3787 3045 εισι-ο

2065 3079 2114 3148 C
2144 3087 2256 3136 tum
2289 3085 2371 3135 est
2401 3079 2577 3149 majus
2615 3077 2877 3150 gaudium
2922 3083 3044 3132 orto
3094 3076 3201 3130 sibi
3230 3074 3344 3131 ﬁlio
3377 3079 3657 3151 progenie
3703 3079 3778 3133 de

2152 3173 2318 3246 regali
2342 3171 2487 3243 (157)
2511 3171 2649 3226 Puer
2678 3176 2861 3224 autem
2895 3175 3054 3223 aetate
3087 3175 3316 3235 crescat,
3342 3168 3625 3239 probitate
3649 3186 3789 3241 pro-

2152 3266 2317 3331 ﬁciat,
2359 3263 2549 3336 probis
2580 3261 2824 3317 moribus
2848 3268 3123 3335 augeatur
3153 3261 3222 3315 de
3255 3268 3410 3331 patre
3441 3268 3630 3316 autem
3677 3277 3790 3318 no-

2153 3359 2239 3414 bis
2269 3357 2359 3394 ¹²¹⁰
2389 3353 2646 3420 sufﬁciat,
2688 3353 2732 3408 si
2775 3359 2957 3424 coepta
2997 3353 3229 3407 materia
3264 3359 3542 3408 teneatur.

2473 3448 2562 3503 41.
2591 3448 2888 3516 Zbignevus
2910 3449 3084 3500 victus
3117 3448 3317 3500 iterum
3340 3445 3451 3497 ¹²¹¹.

2225 3542 2430 3598 Videns
2459 3540 2629 3614 igitur
2673 3539 2766 3573 ¹²ι²
2803 3536 3149 3604 Bolezlavus,
3191 3535 3337 3608 quod
3377 3535 3550 3590 frater
3573 3536 3630 3589 in
3665 3551 3787 3591 om-

2156 3635 2320 3690 nibus
2347 3642 2403 3688 et
2433 3632 2524 3668 ¹²¹⁸
2554 3630 2838 3702 promissis
2877 3635 2930 3684 et
2962 3627 3294 3697 juramentis
3335 3627 3424 3661 ¹²¹⁴
3473 3627 3607 3681 ﬁdei
3662 3628 3783 3681 nul-

2155 3725 2262 3780 lius
2292 3724 2382 3758 ¹²¹⁵
2413 3721 2704 3787 existebat,
2737 3727 2792 3774 et
2822 3719 3080 3790 quoniam
3124 3715 3217 3751 ¹³¹⁶
3245 3715 3345 3771 toti
3375 3721 3542 3769 terra
3581 3714 3786 3768 noxius

2154 3824 2208 3874 et
2249 3815 2520 3872 obnoxius
2557 3812 2849 3877 existebat,
2889 3825 3016 3865 eum
3057 3809 3126 3863 de
3165 3813 3279 3863 toto
3311 3821 3487 3881 regno
3533 3806 3782 3860 Polonire

2155 3904 2482 3979 prolugavit,
2513 3903 2731 3974 sibique
2772 3900 2861 3935 “‘7
2894 3899 3218 3954 resistentes
3251 3903 3310 3952 et
3359 3895 3655 3950 castellum
3691 3895 3783 3929 ¹²¹³

2158 4000 2211 4054 in
2243 4003 2405 4052 terrae
2436 3994 2526 4028 ¹²²⁹
2554 3991 2796 4049 conﬁnio
2828 3989 3199 4046 defendentes
3246 4004 3367 4044 cum
3422 3986 3637 4041 auxilio
3671 3987 3786 4040 Ru-

435 4100 689 4156 turbatus
717 4097 1118 4171 aliquantulum
1153 4112 1216 4151 ex
1251 4096 1352 4150 hac
1392 4101 1529 4161 arte,
1561 4109 1716 4147 suam
1742 4099 1922 4146 tamen
1944 4102 2115 4171 non“
2159 4090 2452 4144 thenorum
2494 4094 2548 4140 et
2575 4085 2913 4158 Ungarorum
2966 4080 3316 4155 expugnavit.
3351 4078 3558 4149 Sicque
3602 4077 3787 4132 domi-

435 4191 647 4248 dimisit
679 4191 770 4226 “9°
798 4190 1164 4262 pr0positum,
1196 4203 1293 4244 cor
1320 4185 1532 4241 habens
1565 4184 1620 4238 in
1654 4183 1905 4245 Domino,
1935 4198 2044 4238 non
2071 4160 2124 4229 D
2151 4180 2303 4234 nium
2357 4175 2617 4250 Zbignevi
2679 4174 2836 4228 malis
2901 4170 3232 4228 consiliariis
3280 4176 3360 4224 est
3418 4167 3669 4232 ﬁnitum,
3699 4175 3753 4222 to

1779 4285 1998 4339 VARUE
2042 4280 2415 4340 LECTIONES.

513 4393 604 4430 “53
645 4393 782 4448 deest
877 4393 926 4446 1.
981 4391 1034 4445 2.

440 4534 533 4573 “7’
559 4534 872 4591 Gneznensi
919 4534 969 4589 3.

1171 4389 1260 4424 “59
1290 4391 1370 4443 ita
1448 4387 1642 4442 Chron.
1712 4388 1893 4457 princ.
1969 4388 2062 4442 Ροῖ

439 4483 548 4538 qua
563 4467 892 4538 superﬂuum
924 4534 944 4538 ᾼ
995 4458 1725 4538 “7P__qrgumentumﬁcod.u3.
1757 4458 1921 4538 deest.
1951 4459 2003 4538 1..
2034 4458 2087 4538 ΞΙἶ

1061 4531 1456 4603 “73Spiczimir
1491 4531 1543 4603 3A.
1627 4529 1716 4603 “7"
1742 4528 2009 4603 conclusit
2059 4528 2112 4584 3.

2125 4402 2184 4457 ρ.
2241 4384 2351 4457 η’75.
2407 4398 2505 4457 ως.Δ
2559 4381 2581 4434 1
2663 4379 2714 4434 2.
2766 4384 2950 4457 extra
2991 4378 3127 4457 .jam
3181 4373 3540 4457 rejecituedit
3613 4373 3778 4457 fari.

2686 4453 2861 4518 princ.
2915 4443 3025 4502 Pol.
3074 4463 3114 4516 p
3181 4447 3270 4499 75.
3320 4445 3465 4518 satis
3502 4444 3582 4518 1_._
3614 4443 3672 4496 2.

2916 4519 3008 4553 “7°
3031 4518 3176 4572 lucie
3204 4518 3258 4574 3.

2195 4456 2282 4490 “7'
2315 4458 2394 4509 ita
2445 4453 2640 4509 Chron.

2200 4526 2290 4561 “75
2321 4524 2620 4594 assumpsit
2673 4515 2722 4576 1.
2766 4521 2818 4594 2.
2916 4519 3008 4553 “7°
3031 4515 3466 4594 lucie3._u_“""
3488 4515 3702 4585 ubique
3730 4515 3780 4568 Ξ.

441 4609 532 4644 ¹¹τ⁸
565 4587 742 4663 ﬁliai
760 4587 816 4660 1.
838 4587 890 4659 2.
928 4587 1042 4640 '1‘"
1066 4587 1221 4658 Tunc.
1237 4603 1290 4656 3.
1319 4604 1336 4656 ι
1375 4601 1464 4636 ¹¹⁸⁰
1493 4600 1810 4655 Yaroslamo
1837 4601 1887 4654 1.
1919 4600 2201 4655 acarozlao
2232 4599 2289 4652 3.
2341 4597 2430 4631 “81
2461 4587 2587 4650 duci
2613 4594 2665 4648 3.
2721 4593 2812 4627 “3’
2841 4597 2945 4663 etc.
2971 4590 3129 4643 addit
3160 4589 3212 4643 3.
3273 4587 3365 4663 f‘”
3396 4593 3783 4663 argumentum

438 4681 557 4737 cod.
600 4681 652 4734 3.
689 4680 836 4733 deest
879 4681 923 4731 1.
950 4677 1004 4730 2.

437 4754 772 4821 conspicitur
798 4749 832 4803 εὶ

433 4819 610 4893 proi.
632 4822 670 4877 f.
707 4823 762 4876 1.
811 4892 814 4893 ν
868 4819 1159 4893 119’su_o__3.

440 4887 530 4929 ί¹⁹⁷
563 4892 858 4949 condendo
884 4891 938 4946 3.
1020 4889 1109 4924 “9‘
1142 4896 1195 4942 ct
1217 4887 1268 4945 3.

437 4964 570 5019 dere
629 4965 786 5019 codd.
869 4963 959 4997 ¹²⁰⁴
988 4959 1253 5032 oppidani
1295 4958 1346 5014 3.
1421 4957 1519 5032 {’f’f
1533 4959 1674 5032 deest
1725 4958 1770 5032 1_.

438 5035 534 5069 ¹²⁰⁹
558 5041 933 5103 argumentum
959 5026 1098 5087 edit}
1140 5033 1296 5103 Vars.
1325 5046 1385 5100 p.
1415 5029 1540 5103 217.
1571 5030 1714 5103 deest
1739 5029 1789 5081 1.
1829 5026 1882 5081 2.
1913 5027 1965 5103 3_.

438 5107 490 5159 1.
521 5106 571 5160 2.
599 5099 652 5161 3'.
711 5107 804 5140 ¹²¹²
835 5113 1017 5161 autem
1049 5103 1100 5157 3.
1171 5102 1263 5137 ¹²¹³
1297 5099 1544 5156 moribus
1563 5114 1665 5168 pro
1697 5099 1732 5153 i.
1766 5113 1820 5154 ο.
1861 5113 1908 5151 e.
1936 5099 1986 5153 3.

439 5174 530 5210 ¹²¹⁸
556 5184 798 5232 castrum
821 5177 874 5229 3.
977 5175 1068 5210 ¹²¹θ
1089 5174 1294 5229 intrare
1333 5187 1432 5244 pro
1461 5171 1496 5227 i.
1534 5177 1571 5225 t.
1602 5171 1654 5224 1.
1684 5170 1828 5225 deest
1855 5171 1905 5224 3.

1277 4817 1368 4851 “93
1397 4815 1685 4870 combuste
1713 4815 1764 4868 3.

914 4747 1003 4782 ¹¹³⁷
1037 4745 1220 4800 Gallus
1261 4737 1399 4800 1:12.
1482 4745 1571 4777 ¹¹⁸⁸
1603 4737 1791 4797 ηοῐι’3.
1875 4737 1965 4776 ¹¹ῖ⁸⁹
1993 4737 2423 4813 septemconalis
2449 4737 2498 4793 3.

914 4820 959 4853 93
974 4834 1077 4867 suo
1106 4819 1159 4867 3.
1277 4817 1368 4851 “93
1397 4815 1685 4867 combuste
1713 4815 1764 4867 3.
1874 4814 1964 4848 “9‘
1995 4812 2158 4867 fratre
2179 4810 2231 4866 2.
2337 4810 2426 4843 “95
2452 4810 2498 4862 ἀι

1363 4887 1452 4921 “99
1478 4886 1662 4940 medio
1694 4886 1746 4940 3.
1827 4884 1918 4919 ¹²⁰⁰
1949 4883 2141 4940 leviori
2176 4882 2225 4937 3.
2321 4882 2409 4915 ¹²⁰¹

1421 4957 1512 4992 ί²⁰δ
1533 4959 1674 5009 deest
1725 4958 1770 5009 1.
1819 4957 1872 5009 2.
1962 4952 2365 5009 1""idebutavit
2409 4952 2432 5004 1

2120 4969 2365 5009 enmavu
2409 4969 2432 5004 Ἰ
2453 4993 2466 5006 .

2077 5026 2167 5061 ¹²¹⁰
2191 5025 2333 5078 deest
2349 5022 2403 5078 3.

2091 5095 2396 5164 1mjuratis
2425 5093 2478 5147 3.
2539 5092 2632 5127 ³³1⁵
2665 5089 2848 5145 nullus
2886 5089 2938 5144 3.

1100 4676 1190 4748 1}“
1217 4675 1804 4748 Zbigneuus__namque
1835 4671 2018 4748 inpro
2046 4688 2100 4742 q.
2134 4671 2172 4724 i.
2200 4670 2233 4723 h
2282 4669 2334 4723 3.
2355 4739 2388 4748 ν
2417 4667 2506 4748 ¹¹ξ⁵
2536 4663 2749 4748 ἀεεξςὲ.
2799 4662 2904 4748 “‘36
2939 4676 3237 4730 pronomen
3261 4659 3367 4748 {tog
3388 4660 3786 4748 supeﬂrositum

2596 4735 2687 4770 “9°
2726 4727 3120 4801 habens—pret.
3154 4747 3210 4784 n.
3244 4730 3297 4783 d.
3335 4729 3392 4801 3.
3468 4727 3558 4762 ¹¹⁹¹
3588 4727 3787 4801 infe-"Te

2337 4810 2426 4843 “95
2452 4810 2596 4862 deest
2618 4807 2677 4860 2.
2792 4805 2886 4839 ¹¹⁹⁶
2918 4799 3203 4857 redeundo
3230 4799 3422 4855 fecerit
3448 4815 3554 4870 pro
3585 4806 3621 4852 t.
3657 4816 3708 4854 e.
3743 4800 3788 4852 3.

2321 4880 2409 4915 ¹²⁰¹
2434 4880 2702 4950 Gologum
2731 4878 2784 4930 3.
2875 4874 2965 4909 ¹²⁰²
2981 4879 3323 4950 expugnaret
3513 4870 3614 4950 ³ξῖ
3629 4886 3786 4950 acce-

2566 4941 2653 4984 ῖίοτ
2685 4948 2740 5000 Β.
2804 4963 2852 5001 e.
2896 4941 3210 5015 transponit
3254 4944 3308 4997 2.
3357 4943 3410 4996 3.
3489 4941 3614 5015 1’23
3650 4952 3705 5015 et
3735 4942 3782 4994 3.

2507 5021 2594 5055 ¹²ι¹
2624 5025 2997 5086 argumentum
3025 5011 3155 5071 edit.
3198 5017 3358 5086 Vars.
3385 5029 3447 5083 p.
3474 5011 3608 5086 218.
3627 5013 3782 5086 deos!

3031 5088 3122 5122 me
3152 5086 3302 5158 quod
3334 5082 3396 5142 3.
3468 5083 3561 5117 ιειτ
3594 5083 3704 5137 sibi
3733 5082 3780 5138 3.

2023 5236 2215 5294 NOT/E

517 5350 660 5420 (152)
695 5347 889 5420 Kalisz.
913 5347 966 5420 s.

2234 5338 2378 5406 (155)
2410 5335 2668 5406 Lcczyea,
2693 5333 2826 5390 urbs
2856 5332 3108 5404 capitalis
3148 5331 3385 5386 ducatus
3411 5327 3664 5395 ejusdem
3699 5341 3783 5381 ηοι

507 5409 660 5492 (153)
690 5419 868 5488 Prope
913 5417 1156 5484 Uniejow
1184 5417 1238 5470 in
1285 5431 1456 5490 regno
1503 5413 1767 5480 Poloniae,
1800 5412 1866 5466 ad
1903 5411 2060 5466 War—
2162 5409 2414 5492 minlsnS.

445 5497 583 5548 tam.
607 5492 661 5546 S.

510 5564 670 5637 (151)
699 5559 999 5637 Kownacki
1051 5557 1340 5637 Martinum
1401 5557 1647 5626 archiep.
1695 5557 1897 5637 Guezn.
1954 5553 2067 5610 exi-

431 5627 625 5693 stimat
647 5627 846 5698 fuisse,
886 5645 1052 5702 quem
1089 5635 1279 5682 auctor
1306 5644 1454 5696 saepe
1496 5643 1684 5682 senem
1718 5627 1936 5683 ﬁdelem
1971 5641 2069 5695 ap-

440 5709 617 5779 pellat
644 5708 699 5764 S.

2237 5480 2383 5551 (156)
2417 5477 2970 5551 Hodie_rn_um_Golli-n
3007 5475 3076 5529 ad
3124 5473 3180 5528 ﬁ.
3234 5472 3443 5537 Warla,
3481 5485 3652 5542 prOpe.
3683 5469 3780 5522 Ko-

2167 5547 2262 5607 nin
2295 5547 2846 5622 in'regnoPolonige.
2879 5547 2934 5622 ξ.

2241 5623 2380 5692 (157)
2417 5617 2752 5677 \Vladislaus
2782 5619 2848 5674 ll.
2882 5617 2940 5672 Κ.
