4006 6198
425 308 534 367 907
1686 300 2031 359 CHRONlC/E
2071 301 2494 358 POLONORUM.
3657 303 3771 359 908

426 437 726 513 castella-tt
773 433 1082 492 munitione
1138 431 1724 506 prgeminentioribus
1777 432 2034 499 elevatis,
2062 438 2113 505 Α
2139 432 2290 487 bium
2334 430 2641 503 dissipavit.
2674 438 2731 486 et
2753 430 2833 486 sic
2862 430 2974 485 cito
3031 444 3129 501 pro
3168 429 3496 487 Pomoranis
3525 446 3631 502 per
3654 442 3777 488 tra-.

427 531 597 589 armis
620 528 832 586 tamdiu
876 543 940 585 ae
980 527 1067 563 ¹²⁷¹
1110 524 1495 583 instrumentis
1538 524 1806 595 Oppidum
1865 524 2038 595 impu~
2140 521 2408 577 ditionem
2430 536 2525 575 sua
2553 528 2731 575 castra
2756 517 3110 589 capientibus
3152 519 3445 575 remeavit.

426 618 633 696 gnavit,
657 617 837 673 donec
855 616 992 672 illud
1013 615 1153 673 facta
1183 613 1466 669 deditione
1490 628 1591 668 suo
1623 612 1873 668 dominio
1894 628 2043 667 man-
2547 610 2635 663 47.
2673 610 2960 663 Pomorani
2985 609 3200 696 rebelles
3229 608 3340 661 ατε.

426 695 649 787 cipavit.
682 715 914 784 Insuper
936 710 1101 766 etiam
1143 708 1209 764 ad
1241 708 1404 763 ﬁdem
1446 707 1648 762 multos
1697 705 1767 760 ab
1809 703 2043 759 inﬁdeli-
2211 698 2330 754 lam
2360 713 2427 754 eo
2456 698 2688 753 absente
2727 697 3018 754 Pomorani
3060 695 3228 752 Uscze
3269 698 3440 769 (160),
3486 696 3769 752 Bolezlavi

428 814 538 863 tate
565 804 856 872 revocavit,
887 801 1184 873 ipsumque
1226 799 1513 855 dominum
1545 795 1755 851 castelli
1802 795 1869 849 de
1894 794 2043 850 fonte
2144 802 2381 851 castrum
2412 793 2770 859 obsederunt,
2798 799 2854 848 et
2898 791 3034 846 illud
3075 792 3267 847 Poloni
3307 792 3770 862 Pomoranisjam

427 897 774 969 baptismatis
808 892 1058 951 elevavit.
1115 890 1419 945 Audientes
1472 895 1655 942 autem
1703 887 1809 942 hoc
1840 884 2034 958 pagani
2137 887 2434 942 Gnevomir
2484 902 2581 957 per
2644 885 2997 941 traditionem
3051 892 3440 959 suggerentem
3499 884 3771 941 reddide-

431 991 662 1063 ipseque
709 987 966 1044 dominus
1024 998 1388 1056 paganorum,
1443 980 1523 1035 sic
1561 979 1723 1035 facile
1779 978 2039 1033 videlicet
2137 985 2265 1033 runt
2311 977 2421 1028 ηπ.
2473 976 2596 1031 Erat
2655 975 2804 1031 enim
2883 976 2985 1061 iste
3037 974 3333 1030 Gnevomir
3397 975 3466 1029 de
3521 975 3765 1031 castello

432 1084 705 1143 corruisse
726 1080 1123 1138 contumaciam
1166 1077 1257 1113 ¹²⁷²
1313 1077 1709 1141 Charncorum,
1762 1074 1882 1145 ipse
1928 1074 2038 1128 dux
2140 1067 2444 1135 Cbarneou,
2503 1066 2653 1139 quod
2688 1067 3009 1122 Bolezlavus
3067 1067 3426 1141 expugnavit,
3481 1074 3541 1121 et
3597 1082 3770 1138 quem

433 1176 736 1235 Bolezlawo
774 1172 983 1244 primus
1026 1168 1273 1225 omnium
1340 1166 1643 1231 inclinavit,
1701 1166 1799 1221 sed
1848 1180 2044 1220 eorum
2152 1158 2271 1229 ipse
2300 1158 2370 1213 de
2407 1158 2555 1213 fonte
2607 1157 2952 1228 baptismatis
2990 1155 3243 1220 elevavit,
3295 1161 3351 1209 et
3382 1154 3590 1213 ceteris
3620 1155 3774 1211 inte-

430 1277 626 1328 nenter
678 1270 842 1342 longo
900 1274 1150 1337 tempore
1219 1262 1651 1320 eonﬁdelitatem
1711 1260 2048 1317 observavit.

2168 1248 2400 1319 'emptis,
2437 1247 2563 1302 vitae
2594 1245 2913 1313 reservavit,
2946 1252 3001 1300 et
3051 1245 3111 1300 in
3146 1246 3267 1315 ipso
3299 1244 3526 1300 castello
3573 1244 3771 1300 domi-

437 1363 570 1418 Nam
598 1336 803 1432 postea
845 1336 1151 1430 baptizatus
1180 1355 1271 1410 ille
1302 1354 1572 1411 Bolezlavi
1611 1353 1759 1408 ﬁlius
1783 1350 2051 1424 spiritalis
2152 1357 2281 1396 num
2322 1339 2640 1432 collocavit.
2668 1338 2764 1393 Hic
2800 1353 2932 1393 Vero
2988 1336 3254 1432 perfidus,
3299 1338 3585 1408 periurus,
3616 1427 3628 1432 _
3654 1337 3775 1432 im-

437 1426 761 1508 traditiones
786 1426 1321 1511 fecitvmultimodas,
1348 1444 1545 1519 dignas
1572 1443 1862 1498 sententiae
1892 1440 2048 1512 capi-
2146 1444 2359 1486 memor
2387 1427 2668 1495 beneficii,
2692 1442 2951 1519 perverso
2974 1426 3210 1519 consilio
3251 1433 3495 1519 castrum
3530 1427 3774 1481 reddere

437 1539 578 1595 talis.
612 1538 721 1593 Sed
760 1538 863 1592 ista
887 1551 989 1592 suo
1016 1536 1139 1590 loco
1177 1516 1461 1590 recitanda
1508 1532 1930 1603 praesentialiter
1968 1532 2047 1586 si-

2168 1520 2386 1577 :onsulit
2436 1518 2773 1586 castellanis,
2823 1518 3144 1573 mentiendo
3182 1516 3536 1581 Bolezlavum
3594 1533 3773 1588 supe-

440 1637 608 1694 lentio
636 1642 1017 1709 contegamus,
1057 1629 1239 1686 donec
1269 1630 1657 1699 imperatorem
1689 1628 1758 1681 de
1790 1627 2046 1701 Ungaria,

440 1728 784 1788 Bolezlavum
809 1739 941 1781 vero
969 1723 1039 1780 de
1070 1721 1333 1778 Bohemia
1386 1721 1737 1782 reducamus,
1771 1726 1827 1775 et
1862 1720 1908 1774 si
1941 1735 2050 1791 qua

442 1820 599 1891 prius
622 1815 742 1871 fieri
759 1812 1063 1887 contigerit
1087 1810 1432 1867 inducamus.

688 1904 780 1958 45.
806 1901 1011 1959 Bellum
1045 1915 1169 1954 cum
1191 1900 1427 1955 Heraeis
1464 1902 1669 1966 gestum
1690 1895 1801 1952 "73.

513 1996 672 2053 Nunc
708 2000 890 2049 autem
921 1992 990 2046 de
1019 1989 1340 2046 Pomoranis
1363 1989 1435 2044 ad
1469 1988 1738 2045 Bohemos
1771 1995 2054 2044 converta-

446 2105 589 2153 mnr,
623 2102 694 2142 ne
740 2084 949 2140 diutius
986 2083 1129 2139 circa
1176 2082 1324 2137 idem
1385 2081 1742 2137 immorantes
1804 2079 2055 2154 pigritari

445 2177 753 2234 videamur.
777 2174 909 2245 (An.
929 2173 1089 2238 1108,
1118 2172 1247 2242 Sept
1275 2172 1291 2241 )
1324 2171 1494 2243 Igitur
1521 2170 1806 2226 Bolezlavo
1827 2170 2057 2224 interrae

445 2269 697 2328 custodia
728 2265 1079 2338 persistente,
1120 2270 1174 2319 et
1206 2261 1403 2318 honori
1444 2262 1635 2333 patriae
1663 2262 1792 2318 totis
1843 2260 2057 2315 viribus

450 2364 758 2426 insistente,
801 2358 1033 2433 contigit
1071 2357 1210 2413 forte
1251 2355 1621 2411 Moravienses
1648 2354 1929 2421 advenire,
1961 2368 2059 2409 vo-

448 2457 627 2514 lentes
655 2460 894 2511 castrum
945 2450 1103 2507 Kosle
1156 2448 1377 2504 Polonis
1418 2447 1797 2502 nescientibus
1844 2462 2061 2518 praeve-

452 2546 590 2601 nire.
622 2543 774 2599 Tunc
800 2554 1020 2613 quoque
1059 2536 1381 2594 Bolezlavus
1407 2536 1675 2607 quosdam
1719 2535 1925 2605 probos
1964 2533 2065 2589 mi-

450 2634 582 2691 lites
605 2633 673 2689 ad
700 2630 925 2686 Batibor
946 2628 1058 2695 ηπ,
1084 2626 1129 2682 si
1173 2624 1436 2697 possibile
1467 2624 1563 2691 sit,
1594 2623 1930 2694 capiendum
1961 2625 2068 2679 mi-

453 2726 544 2789 sit.
578 2726 700 2797 ipse
738 2732 925 2779 tamen
958 2726 1250 2791 propterea
1299 2717 1382 2772 vel
1424 2716 1613 2773 venari
1663 2717 1747 2769 vel
1780 2717 2067 2787 quiescere

454 2830 567 2871 non
612 2810 839 2868 dimisit.
894 2809 978 2864 llli
1029 2822 1161 2864 vero
1203 2805 1364 2878 probi
1415 2805 1623 2860 milites
1686 2805 1974 2873 abeuntes,
2015 2813 2070 2860 et

453 2913 731 2964 certamen
784 2918 910 2969 cum
954 2898 1389 2955 Moraviensibus
1438 2897 1717 2962 ineuntes,
1772 2896 1849 2951 ibi
1902 2897 2059 2968 probi

453 2995 676 3069 quidam
714 2992 786 3047 de
818 2989 1036 3045 l'olonis
1066 2988 1120 3042 in
1150 2986 1348 3058 proelio
1387 2992 1738 3048 corruerunt,
1791 2984 1927 3040 socii
1974 2993 2061 3041 ta-

2148 1621 2328 1668 ratum
2400 1629 2433 1667 a
2490 1611 2748 1668 Bohemis
2819 1616 2873 1666 et
2917 1611 3029 1681 jam
3092 1608 3366 1665 redditum
3423 1610 3776 1666 Alemannis.

2151 1704 2401 1762 Exercitu
2436 1704 2621 1775 itaque
2660 1710 2767 1758 tam
2806 1702 3086 1757 laborioso
3118 1701 3313 1756 itinere
3366 1708 3591 1773 tamque
3622 1703 3780 1773 peri-

2152 1798 2339 1854 culoso
2370 1797 2441 1852 de
2459 1796 2722 1852 Bohemia
2752 1788 3040 1862 redeunte,
3097 1809 3203 1849 nec
3232 1793 3339 1848 sibi
3388 1810 3493 1849 nec
3529 1795 3669 1849 viris
3700 1795 3781 1851 fa-

2150 1888 2334 1962 tigatis
2378 1903 2482 1943 nec
2510 1888 2669 1959 equis
2694 1886 3024 1941 macillentis
3054 1885 3325 1956 pepercit,
3378 1901 3486 1941 nec
3515 1885 3610 1940 die
3643 1901 3781 1941 noc-

2152 1984 2323 2051 tuque
2346 1978 2640 2050 requievit,
2672 1978 2871 2043 donec,
2922 1976 3056 2031 illuc
3098 1974 3370 2031 festinans
3422 1992 3548 2031 cum
3577 1978 3781 2046 paucis

2155 2086 2294 2142 quos
2321 2072 2389 2126 de
2420 2071 2606 2127 multis
2634 2070 2838 2144 eligere
2860 2069 3042 2140 potuit
3062 2075 3117 2123 et
3147 2069 3193 2123 si
3222 2084 3334 2124 non
3364 2068 3516 2123 aliud
3546 2068 3678 2124 fecit
3708 2100 3777 2109 —

2158 2179 2220 2218 se
2248 2162 2388 2218 velle
2421 2161 2677 2231 injuriam
2710 2161 2992 2217 vindicare
3024 2160 3205 2216 saltim
3237 2160 3481 2217 innotuit
3511 2193 3577 2201 —
3608 2178 3779 2217 eum-

2158 2270 2266 2326 que
2307 2269 2501 2309 sanum
2565 2260 2619 2309 et
2666 2269 2777 2309 non
2834 2259 3152 2324 superatum
3228 2254 3508 2325 apparuit.
3590 2254 3786 2311 Nullus

2161 2346 2309 2401 enim
2336 2360 2398 2399 se
2427 2350 2619 2399 contra
2648 2358 2775 2397 eum
2805 2340 2875 2396 ad
2928 2342 3137 2397 bellum
3195 2344 3548 2413 praeparavit,
3597 2344 3787 2401 nullus

2163 2433 2310 2489 enim
2364 2431 2616 2487 redeunti
2680 2436 3023 2506 pugnaturus
3091 2430 3377 2499 obviavit,
3420 2440 3477 2488 et
3525 2433 3608 2488 sic
3678 2448 3780 2488 nec

2163 2523 2704 2598 dampnumfaciens
2735 2539 2838 2579 nec
2869 2523 3145 2594 recipiens
3172 2524 3460 2581 remeavit.

2239 2640 2326 2694 48.
2368 2640 2677 2694 Bolezlavus
2714 2639 3040 2709 Pomoranos
3080 2638 3294 2693 rebelles
3341 2643 3500 2709 capto
3534 2647 3716 2697 castra

2592 2710 2763 2765 Velun
2794 2708 2938 2778 (161)
2977 2712 3215 2777 castigat
3248 2710 3357 2764 ¹²⁸⁰.

2241 2802 2463 2861 Interim
2503 2802 2591 2836 ¹²⁸¹
2633 2800 3038 2872 aliquantulum
3072 2800 3230 2873 equis
3284 2810 3340 2857 et
3367 2803 3644 2860 militibus
3686 2823 3783 2862 re-

2162 2895 2358 2952 creatis
2413 2893 2525 2960 m”,
2580 2894 2636 2948 in
2681 2893 3063 2949 Pomoraniam
3111 2894 3201 2929 ³³⁸³
3248 2894 3430 2951 redire
3478 2906 3640 2968 parat
3682 2899 3789 2955 Bo-

2164 2992 2425 3059 lezlavus,
2452 2990 2647 3045 iterum
2690 2990 2782 3024 ¹²⁸³
2811 2989 2878 3044 ad
2913 2988 3120 3045 bellum
3153 2991 3480 3047 cohortibus
3512 2993 3790 3050 instaura-

453 3104 583 3145 men
607 3100 797 3142 eorum
829 3090 886 3137 et
913 3079 1155 3136 victoriae
1174 3093 1427 3148 campum
1459 3083 1514 3131 et
1534 3075 1824 3131 castellum
1853 3076 2066 3132 habue-
2095 3084 2144 3152 ο
2167 3085 2255 3141 tis,
2287 3083 2533 3139 Hostium
2568 3098 2700 3153 ergo
2724 3083 2814 3117 1m
2846 3089 3045 3138 terram
3080 3082 3427 3158 ingrediens,
3488 3101 3605 3141 non
3640 3104 3793 3158 pm-

454 3187 605 3236 runt.
630 3178 719 3233 Sic
747 3181 877 3230 sunt
906 3172 962 3227 in
1008 3170 1201 3242 prcelio
1233 3168 1602 3225 Moravienses
1646 3168 1985 3239 interempti,
2017 3181 2071 3226 et

452 3290 533 3331 sic
598 3272 679 3326 illi
733 3271 804 3325 de
851 3264 1082 3322 castello
1138 3264 1458 3338 ignorantes
1515 3262 1798 3334 interrepti
1844 3262 1954 3317 ηπ.
1989 3263 2071 3318 ln-

455 3374 609 3423 terea
698 3360 967 3417 Henricus
1060 3357 1402 3426 imperator,
1475 3359 1705 3425 quartus
1779 3354 2068 3428 Ungariam

454 3455 721 3522 introivit,
752 3451 847 3509 ubi
883 3466 1072 3522 parum
1128 3447 1381 3503 utilitatis
1426 3446 1510 3500 vel
1554 3444 1781 3501 honoris
1824 3446 2068 3518 acquisi-

452 3548 533 3602 vit
562 3543 723 3615 (159).
752 3542 861 3598 Nos
888 3546 1072 3595 autem
1100 3537 1170 3591 de
1198 3535 1374 3609 gestis
1414 3536 1804 3608 imperatorum
1838 3536 1922 3589 vel
1959 3535 2071 3589 Un-

453 3650 711 3709 garorum
740 3632 809 3687 ad
834 3645 1078 3702 praesens
1125 3641 1234 3681 non
1266 3632 1586 3690 tractamus,
1617 3624 1714 3679 sed
1750 3625 1868 3680 hac
1919 3640 2072 3680 com-

454 3717 817 3785 memorando
845 3718 1118 3779 Bolezlavi
1169 3718 1332 3773 ﬁdem
1373 3726 1429 3771 et
1476 3716 1760 3772 audaciam
1810 3717 2073 3787 pradica-

457 3841 599 3881 mus.

775 3910 866 3967 46.
896 3911 1101 3966 Bellum
1124 3908 1367 3963 Bohemis
1392 3906 1607 3960 illatum
1639 3904 1749 3958 ""5.

530 4007 655 4062 Erat
711 4004 861 4059 enim
900 4002 1046 4056 inter
1077 4016 1260 4074 regem
1320 3998 1658 4072 Ungarorum
1714 3995 2072 4051 Colmannum

457 4104 513 4152 et
544 4082 743 4151 ducem
777 4091 1020 4147 Poloniie
1048 4087 1394 4143 Bolezlavum
1444 4085 1815 4155 conjuratum,
1853 4084 1998 4155 quod
2028 4084 2072 4138 si

460 4200 691 4260 regnum
747 4178 975 4235 alterius
1022 4176 1321 4246 imperator
1378 4172 1650 4237 introiret,
1698 4170 1836 4225 alter
1882 4185 2073 4225 eorum

462 4272 681 4332 interim
725 4265 1044 4324 Bohemiam
1087 4262 1435 4335 praepediret.
1474 4260 1702 4324 Quando
1749 4274 1881 4331 ergo
1907 4275 2077 4315 caesar

465 4363 757 4440 Ungariam
788 4354 1050 4423 introivit,
1093 4352 1410 4408 Bolezlavus
1460 4364 1704 4423 quoque.
1756 4348 1921 4403 tidem
1953 4365 2071 4404 ser-

2171 3174 2270 3228 das
2296 3173 2545 3244 sequitur
2582 3173 2669 3227 vel
2697 3179 2969 3231 armenta.
3015 3173 3112 3228 sed
3147 3180 3385 3229 castrum
3444 3175 3621 3231 Velun
3653 3178 3803 3249 (162)

2170 3263 2435 3319 obsidens
2475 3263 2756 3317 machinas
2807 3272 3078 3334 praeparat
3106 3280 3172 3319 ac
3196 3264 3402 3319 diversi
3433 3266 3660 3339 generis
3707 3268 3797 3302 ¹²⁸⁶

2173 3354 2558 3408 instrumenta.
2593 3354 2658 3406 At
2693 3360 2884 3408 contra
2928 3352 3236 3420 castellani,
3292 3353 3417 3408 vitae
3446 3354 3793 3423 diffidentes,

2171 3442 2520 3498 solummodo
2562 3441 2649 3475 ¹²⁸⁷
2685 3441 2739 3495 in
2768 3441 2936 3496 armis
2965 3440 3330 3507 conﬁdentes,
3370 3446 3789 3517 propugnacula

2172 3533 2436 3598 relevant,
2468 3534 2745 3588 destructa
2777 3541 3052 3602 reparant,
3086 3534 3254 3589 sudes
3286 3544 3705 3606 praeoccupatas
3734 3546 3791 3594 et

2173 3626 2386 3697 lapides
2418 3642 2636 3681 sursum
2669 3625 2904 3693 elevant,
2945 3626 3235 3681 obstruere
3266 3633 3453 3696 portas
3498 3627 3789 3685 festinant.

2173 3713 2441 3769 Machinis
2482 3714 2669 3784 itaque
2725 3714 3043 3784 prmparatis
3081 3723 3136 3769 et
3165 3714 3444 3771 universis
3502 3718 3598 3753 1’“
3639 3720 3796 3776 adar-

2175 3802 2354 3870 matis,
2375 3802 2566 3858 Poloni
2596 3811 2835 3858 castrum
2859 3804 3108 3875 undique
3132 3804 3359 3860 viriliter
3380 3807 3653 3865 invadunt
3685 3812 3795 3877 ‘1",

2176 3892 2465 3948 Pomorani
2513 3908 2642 3948 vero
2682 3908 2791 3948 non
2829 3893 3012 3948 minus
3075 3893 3401 3950 defendunt.
3470 3897 3667 3954 Poloni
3702 3916 3800 3970 pro

2168 3981 2383 4053 justitia
2407 3989 2463 4036 et
2491 3982 2719 4038 victoria
2763 3982 2842 4037 sic
2878 3984 3077 4044 acriter
3107 3983 3459 4051 insistebant,
3502 3987 3795 4044 Pomorani

2177 4087 2277 4142 pro
2309 4072 2542 4127 naturali
2594 4070 2825 4143 perfidia
2866 4081 2922 4127 et
2959 4089 3056 4144 pro
3097 4073 3273 4129 salute
3301 4074 3667 4132 defendenda
3716 4095 3798 4133 re-

2176 4162 2447 4218 sistebant
2478 4162 2587 4216 “9°.
2653 4162 2842 4218 Poloni
2900 4162 3132 4235 gloriam
3184 4165 3545 4235 appetebant,
3598 4167 3798 4225 Pomo-

2177 4254 2297 4309 rani
2328 4253 2639 4308 libertatem
2670 4252 3044 4309 defendebant
3092 4254 3202 4309 "9'.
3238 4255 3315 4309 Ad
3368 4265 3683 4312 extremum
3716 4267 3799 4315 ta-

2176 4364 2303 4404 men
2334 4348 2424 4382 ί²⁹²
2451 4347 2738 4403 Pomorani
2791 4348 3068 4404 continuis
3109 4350 3200 4384 ¹²⁹³
3240 4349 3525 4406 laboribus
3565 4362 3623 4408 et
3650 4355 3794 4427 vigi-

461 4420 619 4526 varis,
651 4458 707 4513 in
745 4451 930 4511 medio
967 4449 1229 4504 silvarum
1271 4445 1469 4517 proelio
1520 4444 1838 4509 commisso,
1898 4420 2269 4498 viclorDliis
2318 4440 2551 4513 fatigati,
2606 4456 2665 4494 se
2728 4456 2839 4496 non
2884 4456 3045 4512 posse
3123 4443 3290 4498 tantis
3346 4445 3611 4500 resistere
3673 4420 3802 4501 viri-

462 4549 783 4611 Bohemiam
824 4538 1157 4617 prepedivit,
1182 4537 1275 4593 ubi
1307 4537 1485 4593 tribus
1513 4536 1715 4592 diebus
1736 4545 1790 4591 et
1820 4535 2076 4591 noctibus

2174 4530 2282 4586 bus
2319 4530 2650 4585 meditantes
2678 4531 2788 4597 ιω,
2838 4531 2908 4585 de
2954 4531 3135 4602 primo
3188 4534 3330 4587 fastu
3369 4534 3655 4604 superbiae
3697 4536 3799 4591 deo

462 4637 871 4703 comburrendo
901 4641 1010 4690 tres
1058 4628 1406 4686 castellanias
1435 4628 1523 4664 “7"
1565 4643 1848 4700 unumque
1878 4626 2080 4682 subur-
2177 4623 2535 4691 scendentes,
2557 4638 2680 4679 sese
2697 4623 3087 4694 catellumque,
3113 4634 3333 4697 recepta
3360 4626 3641 4685 Bolezlavi
3667 4629 3805 4684 cire-

1814 4783 2038 4840 VARlA‘J
2082 4780 2460 4838 LECTIONES.

538 4930 629 4970 ωτι
662 4927 731 4986 ab
762 4926 816 4987 1.
868 4924 926 4980 2.
1030 4920 1122 4957 ¹²⁷¹
1138 4916 1544 4976 contumacium
1580 4914 1631 4968 1.
1675 4912 1728 4968 2.

468 5007 587 5067 hor
621 5003 676 5058 2.
772 4992 1210 5067 "Winterempti
1241 4991 1294 5046 1.

470 5056 564 5111 ῖιῖιί
587 5056 962 5141 argumentum
1012 5056 1319 5141 edtt'_Var_s.
1356 5058 1555 5141 p.229
1605 5058 1768 5141 deest.
1802 5058 1852 5141 1.ἶ
1884 5056 1917 5111 2

469 5146 616 5206 deest
644 5130 697 5199 lu.
724 5143 781 5197 2.
808 5146 859 5196 et
902 5140 956 5194 3.
989 5138 1086 5209 qui
1129 5136 1224 5209 hec
1266 5133 1622 5209 loco‘iterum
1656 5130 1855 5209 incipit

469 5197 721 5278 ima“
750 5197 1129 5267 Pomaraniam
1148 5207 1210 5278 ,3.
1293 5203 1402 5278 Δξ²¹⁵⁴
1428 5202 1487 5278 Β.
1521 5200 1564 5278 ἰ.
1585 5197 1776 5278 desunt
1804 5197 1855 5255 3.

471 5356 591 5414 leni
616 5340 848 5430 gloriam
870 5382 932 5392 —
961 5347 1337 5405 defendebant
1356 5342 1615 5401 desunt2.
1700 5340 1792 5377 "99

1843 4910 1934 4947 “73
1954 4913 2347 4980 Argumentum
2387 4909 2512 4964 edit.
2572 4908 2728 4964 Vars.
2776 4925 2832 4979 p.
2882 4906 2988 4963 227
3029 4910 3178 4979 deest
3235 4909 3285 4966 1.
3331 4908 3385 4965 2.

1413 4987 1505 5022 "7°
1533 4990 1909 5052 argumentum
1947 4984 2077 5038 edit.
2138 4984 2294 5038 Vars.
2340 4997 2395 5053 p.
2442 4984 2548 5035 228

1413 5058 1555 5108 .229
1605 5058 1747 5108 deest
1802 5058 1849 5108 1.
1884 5056 1917 5108 2
2036 5052 2498 5108 ml'tradiderunt
2550 5052 2585 5106 2

1989 5126 2074 5160 ¹²⁸¹
2113 5124 2305 5180 iterum
2335 5124 2389 5177 2.
2444 5122 2478 5180 3

1973 5197 2062 5231 ¹²⁸δ
2093 5196 2237 5251 deest
2275 5195 2328 5250 3.

473 5261 566 5324 ἷάτ
588 5261 770 5342 solum
796 5261 1417 5339 vii-rnatuniversibus
1440 5273 1487 5326 1.
1532 5271 1588 5325 2.
1665 5270 1756 5305 ¹²⁸⁹
1782 5273 2106 5395 oppugnant
2132 5268 2184 5323 3.
2285 5265 2374 5300 "9°
2414 5265 2431 5320 1

473 5356 591 5414 leni
616 5353 848 5415 gloriam
870 5382 932 5392 —
961 5342 1615 5405 defendebantdesunt2.
1700 5340 1792 5377 "9’
1841 5341 1990 5415 gitur
2017 5352 2118 5409 pro
2158 5340 2216 5391 A.
2242 5353 2294 5393 e.
2327 5346 2362 5392 t.
2397 5337 2431 5395 3

3493 4911 3587 4947 “7‘
3622 4914 3804 4970 Rathi-

3071 4981 3158 5013 '3"
3183 4981 3555 5038 castellanuas
3642 4989 3778 5042 codd

2709 5051 2801 5127 ίξδίξ
2831 5056 3211 5127 argumentum
3237 5053 3364 5107 edit.
3412 5029 3572 5110 γανῖ.

2612 5122 2702 5207 αξξ
2730 5120 2900 5207 igitur
2924 5123 3244 5177 Bolezlavus
3268 5140 3371 5193 pro
3392 5140 3424 5178 a
3475 5142 3525 5180 e.
3561 5120 3723 5207 efm.
3744 5147 3797 5207 _r.

2432 5195 2525 5267 t2?“
2553 5200 2609 5267 et
2633 5193 2978 5267 diversorum
3024 5210 3293 5267 generum
3338 5208 3438 5264 pro
3470 5212 3520 5250 a.
3555 5198 3614 5257 d.
3647 5217 3705 5267 g.
3741 5198 3796 5256 3.

2285 5217 2328 5250 ὗ.
2434 5217 2525 5229 ¹⁸”⁴¹“’
2553 5217 2609 5248 Cl.
2633 5217 2978 5248 UIVCI'WI'UUI
3024 5217 3293 5267 gBllBl‘Ulll
3338 5217 3438 5264 pro
3470 5217 3520 5250 ξι.
3555 5217 3705 5306 α,²ἕ.
3741 5217 3796 5256 ὅ.

2285 5265 2374 5300 ¹²⁰⁰
2414 5265 2605 5321 Poloni
2648 5264 3185 5336 pro—resistebant
3211 5265 3401 5322 desunt
3450 5269 3505 5323 3.
3591 5271 3606 5304 ¹
3713 5271 3800 5326 Ροε

2285 5381 2294 5391 .
2327 5346 2362 5392 t.
2397 5337 2448 5392 3.
2546 5337 2636 5371 ¹²⁹³
2663 5337 2811 5392 deest
2837 5335 2889 5392 3.
2980 5336 3070 5369 "9‘
3087 5336 3340 5392 meditari
3375 5342 3420 5392 t.
3453 5337 3508 5392 2.
3539 5339 3598 5392 3.

2728 5351 2811 5392 εει
2837 5351 2889 5392 ὅ.

2340 4997 2395 5053 ρ.
2442 4982 2836 5053 228Ndcestd1.
2901 4980 2955 5033 2.

2980 5336 3070 5369 “9‘
3087 5336 3340 5392 meditari
3375 5342 3420 5393 l.
3453 5337 3508 5394 2.
3539 5339 3598 5394 3.

2050 5468 2257 5525 NOTAE.

546 5613 696 5689 (ea
716 5610 963 5689 eomas.
1091 5610 1185 5689 2.2.-
1206 5611 1268 5670 κο

546 5682 693 5757 (160)
716 5683 895 5752 Uscie,
935 5685 1003 5741 ad
1033 5683 1093 5738 ﬂ.
1125 5683 1316 5752 Notec,
1347 5686 1527 5741 Netze.
1569 5682 1623 5740 S.

2264 5602 2407 5675 (161)
2440 5601 2678 5671 Wielen,
2716 5624 2741 5655 α
2773 5570 3018 5660 Ῠὶιρθηηε
3046 5561 3198 5661 λιιι-11.
3236 5605 3401 5662 Netze
3430 5607 3485 5659 S.

2261 5674 2406 5746 (162)
2437 5674 2567 5731 Sall.
2598 5675 2723 5749 Jug.
2758 5674 2844 5730 94.
2878 5675 2933 5731 8.
