4006 6198
250 241 356 297 909
1626 233 1818 295 LIBER
1860 232 2216 295 SECUNDUS.
3465 239 3585 311 91,οι

245 379 369 426 teca
408 368 499 403 ¹²⁹⁵
530 382 629 439 pro
656 367 909 441 pignore,
959 367 1320 424 reddiderunt
1375 369 1467 403 ¹²⁹⁶
1511 369 1633 437 (An.
1677 366 1859 427 1108».
1886 369 1939 438 Α
1965 366 2043 421 ibi
2073 367 2197 437 plus
2226 382 2389 439 quam
2432 366 2537 423 600
2567 366 2720 423 aiunt
2773 368 3043 437 interisse,
3084 370 3438 444 praedamque
3488 378 3573 444 tq-

248 461 314 513 At
342 434 545 514 Poloni-
574 434 908 513 tot-labores
974 457 1085 524 "97,
1136 464 1217 514 tot
1253 465 1459 512 mortes
1512 434 1592 512 tot
1634 473 1859 528 asperas
1886 434 1939 438 ﬂ
1960 434 2087 519 tam
2105 458 2211 514 illis
2239 434 2292 512 et
2339 456 2586 528 captivos
2641 434 3035 513 Maiovienses—
3067 434 3382 527 abstulisse,
3425 434 3571 527 resil-

252 548 486 613 hiemes,
543 553 624 603 tot
675 547 997 602 traditiones
1065 552 1120 601 et
1176 547 1406 601 insidias
1467 552 1858 613 memorantes,
1962 551 2100 606 duos
2140 561 2362 620 quoque
2389 545 2477 601 vel
2509 544 2630 616 capi
2665 558 2775 601 non
2814 553 2899 601 est
2939 544 3167 603 dubium
3197 547 3285 603 vel
3341 549 3572 628 fugisse‘.

254 652 452 691 omnes
489 635 770 704 occidunt,
813 635 948 689 nulli
990 642 1298 706 parcentes,
1343 653 1447 693 nec
1486 638 1664 709 ipsum
1695 638 1858 693 etiam
1965 641 2180 714 Quippe
2202 640 2428 711 Symon,
2461 637 2608 695 illius
2636 637 2880 711 regionis
2925 637 3013 672 ¹³¹¹
3054 641 3273 710 prtesul,
3296 655 3426 697 oves
3449 659 3578 697 suas

260 731 602 787 Bolezlavum
624 732 731 787 hoc
751 730 1139 803 prohibentem
1168 733 1474 789 audientes.
1497 734 1696 806 Sicque
1717 749 1862 806 pau-
1966 731 2174 804 lupinis
2220 728 2499 786 morsibus
2547 728 2810 783 laceratus
2850 726 3118 783 luctuosis
3174 728 3403 785 vocibus
3450 746 3573 785 cum

258 824 410 880 latim
442 823 682 880 rebelles
707 832 760 880 et
786 834 1142 881 contumaces
1175 826 1463 884 Pomorani
1494 845 1593 902 per
1626 828 1843 884 Bolezla-

1971 821 2080 876 suis
2109 819 2348 886 clericis,
2389 816 2579 872 infulis
2611 815 2839 872 indutus
2880 814 3315 872 sacerdotalibus
3347 817 3458 887 ‘3",
3486 835 3579 873 se-

257 930 385 968 vum
448 915 823 977 destruuntur,
880 914 1026 971 sicut
1056 915 1181 984 jure
1234 917 1429 987 perﬁdi
1485 918 1691 974 destrui
1763 918 1864 973 de-
1950 916 2243 989 'qucbatur
2273 913 2501 986 etquod
2548 912 2714 968 armis
2744 912 2846 968 sibi
2882 911 3254 968 materialibus
3310 927 3420 970 non
3446 913 3583 969 liceé

262 1005 397 1060 bent
424 1006 538 1060 2‘9“.
588 1004 874 1060 Castellum
914 1022 1046 1062 vero
1078 1006 1396 1063 Bolezlavus
1426 1008 1626 1063 melius
1676 1008 1741 1064 ad
1776 1024 1865 1062 re-
1968 1008 2079 1075 bat,
2112 1008 2217 1061 hoc
2268 1004 2436 1060 armis
2478 1003 2745 1075 perficere
2792 1003 3177 1074 spiritualibus
3203 1012 3257 1060 et
3312 1004 3584 1061 orationi-

258 1098 547 1153 tinendum
589 1096 879 1153 affirmavit
902 1099 1014 1161 ‘9”,
1048 1099 1349 1170 eoque13°°
1369 1101 1578 1155 munito
1610 1115 1868 1155 necessa—
1972 1104 2073 1159 bus
2107 1101 2388 1157 nitebatur
2440 1100 2550 1155 ¹³¹³.
2610 1100 2671 1155 Et
2699 1099 2843 1155 sicut
2898 1100 3207 1173 antiquitus
3260 1100 3355 1156 filii
3416 1094 3583 1158 Israel

263 1189 380 1256 riis,
412 1204 545 1245 suos
574 1188 651 1244 ibi
684 1188 890 1245 milites
917 1190 1207 1247 collocavit
1972 1192 2335 1251 Amalechitas
2363 1190 2712 1248 orationibus
2739 1191 2938 1263 Moysis
2987 1192 3077 1226 '3“
3128 1191 3473 1261 devicerunt,
3509 1193 3581 1248 ita

1969 1276 2100 1339 vero
2142 1282 2232 1317 ¹³¹δ
2275 1280 2650 1336 Mazovienses
2696 1279 2764 1335 de
2808 1279 3127 1335 Pomoranis
3166 1280 3446 1340 victoriam
3502 1282 3586 1336 sui

1974 1373 2249 1447 pontificis
2299 1372 2391 1407 ¹⁸¹⁶
2420 1371 2596 1443 adjuti
2638 1371 2903 1443 precibus
2943 1371 3271 1428 habuerunt.
3322 1373 3586 1445 Sequenti

337 1467 453 1537 (An
537 1465 716 1536 1109.)
771 1466 1035 1539 Sequenti
1085 1475 1267 1522 tamen
1308 1476 1496 1523 aestate
1554 1468 1870 1544 congregati
1970 1465 2140 1521 etiam
2180 1464 2270 1519 die
2314 1463 2437 1517 duae
2467 1462 2731 1517 mulieres
2769 1461 2919 1534 fraga
2973 1479 3072 1535 per
3121 1464 3281 1519 devia
3318 1464 3588 1539 legentes,

266 1559 603 1613 transierunt
634 1558 689 1612 in
726 1558 1022 1615 Mazoviam
1057 1562 1149 1595 ¹³⁰²
1180 1562 1417 1631 praedam
1449 1575 1646 1630 capere
1679 1560 1873 1614 Pomo-
1974 1570 2087 1611 uno
2115 1553 2287 1608 milite
2334 1552 2765 1608 Pomoranorum
2806 1551 3031 1607 invento
3069 1567 3264 1609 novam
3303 1552 3588 1610 victoriam

223 1688 231 1696 .
264 1647 406 1701 rani.
427 1647 531 1702 Sed
555 1648 695 1703 sicut
728 1648 834 1703 sibi
864 1649 1238 1706 Mazovienses
1268 1650 1513 1721 praedam
1545 1650 1726 1705 facere
1747 1656 1876 1704 sunt
1904 1709 1948 1721 n
1975 1647 2305 1714 retulerunt,
2338 1661 2503 1717 quem
2548 1644 2712 1699 armis
2741 1651 2990 1713 exutum,
3023 1644 3441 1719 religatis,|post
3470 1655 3588 1702 ter-

267 1736 471 1799 conati,
504 1736 585 1792 sic
615 1738 683 1791 ab
742 1738 833 1772 ¹³⁰³
883 1739 1016 1809 ipsis
1044 1738 1479 1795 Masoviensibus
1520 1739 1707 1811 praeda
1754 1738 1873 1794 ﬁeri
1901 1709 2099 1813 Bgum
2132 1739 2386 1794 manibus
2418 1737 2473 1792 in
2515 1737 2812 1808 praesentia
2841 1737 3061 1793 comitis
3101 1746 3155 1793 et
3189 1737 3467 1809 pontificis
3493 1739 3593 1793 ad-

267 1835 397 1882 sunt
434 1830 629 1885 coacti.
658 1829 764 1900 lpsi
798 1846 996 1902 nempe
1038 1832 1128 1866 '3‘“
1161 1849 1259 1903 per
1286 1832 1577 1889 Mazoviam
1610 1832 1876 1887 cursitan-
1974 1832 2268 1887 duxerunt.

269 1927 373 1983 tes,
410 1919 647 1988 praedam
694 1927 748 1975 et
785 1922 1038 1992 captivos
1087 1930 1490 1997 congregantes
1539 1932 1593 1977 et
1640 1920 1875 1978 aedificia
2188 1921 2277 1978 50.
2306 1923 2655 1977 Boliemorum
2691 1927 2743 1976 et
2773 1921 3024 1990 Zbignevi
3046 1922 3221 1978 clades
3255 1922 3371 1977 ¹³¹⁷.

268 2019 690 2065 concremantes
729 2012 841 2079 1305,
868 2012 981 2081 jam
1036 2013 1214 2067 securi
1262 2030 1386 2068 cum
1428 2012 1612 2085 praeda
1658 2011 1877 2068 stabant
2046 2014 2307 2087 Zbignevi
2336 2028 2556 2086 quoque
2584 2011 2789 2067 milites
2818 2028 2941 2068 cum
2984 2012 3241 2069 Bohemis
3272 2030 3372 2086 per
3402 2014 3588 2090 regio-

266 2119 377 2161 nee
406 2108 473 2161 de
523 2102 671 2159 bello
712 2104 1056 2160 dubitabant.
1094 2106 1158 2161 Et
1204 2122 1352 2173 ecce,
1412 2121 1597 2162 comes
1653 2104 1875 2161 nomine
1977 2119 2103 2159 nem
2136 2103 2227 2138 ¹³¹³
2253 2102 2603 2157 Zleznensem
2637 2098 2727 2167 ‘3?”
2754 2099 3139 2173 depraedantes
3157 2110 3594 2165 etconcreman-

263 2199 509 2272 Magnus,
528 2197 622 2269 qui
654 2203 786 2252 tunc
816 2196 1111 2252 Mazoviam
1146 2196 1372 2270 regebat
1404 2198 1518 2265 “’05,
1552 2214 1673 2252 cum
1705 2197 1876 2253 Mazo-
1977 2204 2076 2258 tes.
2101 2194 2266 2251 simili
2309 2194 2609 2250 infortunio
2637 2194 2706 2247 ab
2740 2194 2877 2266 ipsis
2907 2191 3168 2250 affinibus
3199 2194 3291 2229 ¹³²⁰
3321 2182 3591 2266 superati,

258 2287 563 2355 viensibus,
582 2287 773 2359 paucis
788 2287 1015 2357 quidem
1046 2303 1299 2355 numero,
1329 2288 1604 2359 probitate
1624 2303 1755 2344 vero
1785 2288 1872 2322 ¹³⁰⁷
1975 2290 2197 2363 quidam
2232 2303 2362 2344 vero
2392 2288 2579 2359 capiti,
2605 2286 2827 2359 quidam
2854 2285 3298 2362 gladiojugulati
3336 2287 3443 2343 '3".
3479 2286 3593 2341 Hiis

259 2379 570 2434 numerosis
600 2379 713 2446 13°“,
757 2386 947 2434 contra
978 2379 1165 2450 plures
1210 2389 1265 2435 et
1294 2378 1729 2435 innumerabiles
1778 2396 1876 2451 pa-
1975 2389 2156 2437 autem
2190 2380 2496 2435 minoribus
2548 2379 2862 2450 praetuxatis
2908 2377 3310 2451 aliquantisper
3338 2379 3593 2452 quiesca-

260 2485 438 2545 ganos
458 2470 722 2525 horribile
750 2470 1003 2542 proelium
1036 2470 1260 2526 intravit
1290 2471 1400 2539 '3‘”,
1428 2470 1522 2526 ubi
1552 2472 1697 2526 Deus
1720 2487 1875 2526 suam
1975 2487 2121 2537 mus,
2175 2478 2235 2525 ut
2281 2475 2592 2525 contextum
2645 2468 2712 2521 de
2769 2466 3071 2536 majoribus
3125 2467 3326 2523 librum
3366 2466 3587 2523 tertium

263 2558 721 2630 omnipotentiam
763 2558 1058 2625 revelavit;
1100 2574 1337 2631 namque
1396 2560 1487 2594 ¹³¹⁰
1538 2559 1606 2616 de
1647 2561 1877 2635 paganis
1977 2563 2267 2617 adeamus.

1028 2688 1330 2743 EXPLICIT
1368 2688 1558 2744 LIBER
1600 2689 1963 2760 SECUNDUS,
2016 2689 2264 2746 INCIPIT
2304 2688 2498 2745 LIBER
2536 2688 2837 2744 TERTIUS.

1300 2856 1691 2943 LIBER
1775 2826 2352 2944 TERTIUS
2406 2852 2561 2941 ιειεε.

608 3034 802 3103 Incipit
832 3033 1050 3101 epistola
1091 3034 1236 3087 tertii
1260 3034 1386 3088 libri
1415 3034 1524 3087 ηδε.
1905 3038 1954 3103 C
1979 3049 2096 3089 mea
2118 3035 2207 3089 sed
2232 3040 2408 3089 vestra
2437 3033 2527 3067 ¹³³²
2552 3024 2825 3102 percipite,
2871 3046 2981 3086 non
3008 3032 3232 3099 fabrum
3259 3018 3363 3109 {sed
3390 3045 3595 3086 aurum

330 3125 627 3192 Capeltanis
665 3124 943 3179 ducalibus
980 3126 1298 3179 venerandis
1336 3126 1564 3194 aliisque
1606 3126 1696 3159 ¹³²⁴
1724 3125 1875 3181 bonis
1973 3127 2300 3196 perpendite,
2332 3141 2442 3180 non
2468 3140 2597 3180 vasa
2621 3124 2711 3179 sed
2741 3139 2933 3179 vinum
2962 3123 3171 3178 ebibilc.
3205 3127 3270 3177 Et
3305 3126 3355 3177 si
3402 3124 3591 3197 forsan

263 3215 471 3268 clericis
495 3228 592 3283 per
640 3212 915 3267 Poloniam
960 3216 1321 3270 memorandis
1359 3219 1635 3283 prasentis
1690 3222 1879 3271 auctor
1978 3218 2039 3268 in
2076 3216 2171 3269 hoc
2194 3229 2347 3283 apere
2368 3213 2653 3268 verborum
2689 3212 2994 3267 nuditatem
3042 3215 3331 3279 accusatis,
3386 3227 3455 3275 ex
3495 3214 3600 3269 hiis

260 3307 526 3375 apusculi,
552 3307 630 3358 sic
653 3304 791 3358 bona
823 3306 1136 3373 temporalia
1182 3310 1474 3375 prazterire,
1505 3314 1567 3362 ut
1593 3309 1754 3363 liceat
1790 3322 1878 3362 ex.
1978 3305 2163 3359 saltim
2184 3303 2275 3337 ¹³³³
2288 3305 2581 3357 materiam
2599 3303 2873 3358 tractandi
2884 3303 3211 3372 profundius
3242 3302 3331 3336 "3"
3347 3309 3399 3359 et
3422 3318 3597 3372 argu-

263 3397 439 3465 pedite
474 3395 538 3448 de
571 3395 789 3448 caducis
819 3395 888 3447 ad
912 3398 1291 3462 permanentia
1313 3398 1602 3451 transilire.
1636 3399 1881 3450 Primum
1981 3399 2273 3451 mentosius
2321 3395 2579 3449 habeatis.
2620 3395 2811 3458 Quodsi
2859 3410 3003 3464 reges
3043 3397 3259 3453 Polonos
3307 3397 3389 3452 vel
3443 3397 3601 3453 duces

265 3490 515 3543 omnium
533 3501 621 3541 vos
647 3488 783 3541 scire
807 3487 939 3552 volo,
963 3488 1162 3552 fratres
1190 3490 1477 3556 carissimi,
1507 3492 1634 3559 quia
1664 3494 1884 3542 tantum
1983 3492 2139 3557 fastis
2169 3489 2414 3557 indignos
2442 3489 2775 3543 annualibus
2815 3487 2905 3521 ¹³³⁵
2919 3490 3205 3558 judicatis,
3236 3504 3361 3561 regu
3373 3505 3465 3545 um
3494 3494 3597 3544 Po-

267 3598 400 3653 opus
430 3596 539 3636 non
568 3581 681 3636 ideo
711 3583 861 3652 coepi,
896 3589 958 3636 ut
985 3598 1082 3651 per
1109 3584 1204 3637 hoc
1222 3584 1466 3648 ﬁmbrias
1502 3599 1634 3637 mea:
1660 3583 1888 3652 pusilla-
1988 3578 2145 3632 loniw
2162 3576 2351 3645 procul
2398 3575 2557 3629 dubio
2606 3575 2928 3644 quibuslibet
2983 3578 3205 3632 incultis
3244 3578 3600 3635 barbarorum

260 1339 349 1393 49.
392 1342 638 1395 Sexcenti
661 1341 1018 1396 Pomoraniin
1047 1343 1284 1394 Mazacia
1311 1346 1442 1394 sunt
1465 1342 1728 1409 perempti
1758 1338 1843 1375 ¹³⁰¹

268 3672 542 3725 nimitatis
597 3670 906 3733 dilatarem,
965 3686 1064 3724 nec
1120 3677 1183 3725 ut
1230 3675 1473 3740 patriam
1512 3673 1593 3726 vel
1640 3677 1890 3741 parentes
1988 3668 2299 3723 nationibus
2328 3666 2606 3721 addicatis.
2653 3671 2719 3719 Et
2744 3669 2792 3721 si
2817 3668 2956 3733 forte
2974 3665 3290 3738 :pmponitis
3320 3685 3406 3724 me
3442 3670 3605 3725 talem

267 3775 410 3815 meos
442 3759 531 3793 ¹³²⁵
557 3759 686 3813 exul
714 3760 863 3827 apud
898 3774 986 3814 vos
1025 3765 1075 3812 et
1095 3762 1412 3828 peregrinus
1452 3760 1545 3794 ¹³²⁶
1569 3761 1888 3826 exaltarem,
1993 3759 2217 3825 talisque
2254 3758 2378 3809 vitae
2425 3756 2712 3822 indignum
2760 3754 2895 3809 talia
2939 3760 3355 3826 prwsumpsisse,
3387 3772 3606 3827 respon-

267 3852 361 3906 sed
409 3856 469 3905 ut
526 3849 615 3883 ¹³²τ
647 3851 882 3919 aliquem
925 3852 1170 3917 fructum
1225 3855 1333 3906 mei
1379 3852 1573 3907 laboris
1611 3852 1681 3905 ad
1719 3852 1894 3906 locum
1990 3851 2136 3917 debo,
2162 3850 2299 3904 bella
2334 3863 2524 3918 regum
2552 3856 2714 3919 atque
2738 3849 2961 3917 ducum,
2999 3864 3111 3904 non
3139 3852 3481 3919 evangelium
3522 3866 3609 3905 me

269 3959 406 3999 mea:
439 3946 780 4014 professionis
822 3951 1168 4013 reportarem.
1216 3950 1348 3999 Item
1386 3946 1538 3999 aliud
1574 3951 1761 3999 vestra:
1786 3945 1896 3999 dis—
1998 3942 2282 4009 scripsisse.
2318 3940 2633 4007 Numquam
2661 3940 2807 3993 enim
2844 3938 3120 4005 fama1336
3154 3940 3234 3995 vel
3270 3942 3472 3995 mi‘itia
3511 3944 3610 3995 Ro-

274 4037 503 4090 cretioni
548 4036 860 4102 manifesto,
901 4036 1027 4102 quia
1082 4033 1172 4067 ¹³²⁸
1209 4049 1318 4088 non
1358 4041 1421 4089 ut
1465 4049 1552 4088 me
1587 4036 1745 4102 quasi
1767 4040 1896 4088 cete-
1998 4046 2289 4086 manorum
2310 4031 2390 4085 vel
2418 4030 2692 4095 Gallorum
2721 4032 2799 4085 sic
2829 4029 2917 4062 ¹³³⁷
2947 4031 3290 4087 celeberrima
3320 4046 3415 4102 per
3440 4048 3611 4087 mun-

272 4128 354 4178 ris
396 4123 484 4156 ²³²⁹
513 4124 843 4192 prre/erendo
884 4124 966 4176 vel
1003 4126 1161 4191 quasi
1179 4124 1549 4189 facundiorem
1572 4126 1632 4176 in
1657 4137 1898 4178 sermone
1998 4125 2130 4178 dum
2158 4122 2464 4187 haberetur,
2514 4124 2621 4176 nisi
2647 4123 2972 4189 scriptorum
3001 4125 3317 4179 testimoniis
3342 4126 3614 4179 memoriae

273 4212 554 4279 referendo
574 4214 720 4266 hunc
738 4212 973 4267 laborem
988 4214 1214 4280 suscepi,
1235 4213 1326 4266 sed
1345 4219 1406 4265 ut
1425 4215 1595 4267 otium
1615 4215 1893 4279 evitarem,
1995 4218 2329 4282 (osterorum
2352 4218 2402 4266 et
2424 4210 2512 4244 ³³³⁸
2534 4212 2832 4265 imitationi
2855 4218 3179 4267 servaretur.
3209 4215 3354 4267 Maeci
3366 4228 3447 4268 -na
3474 4228 3607 4283 quo-

275 4308 330 4356 et
358 4301 599 4355 dictandi
628 4301 1067 4356 consuetudinem
1103 4315 1491 4366 conservarem,
1524 4306 1573 4355 et
1595 4317 1665 4355 ne
1687 4303 1898 4367 frustra
1998 4315 2099 4371 que
2128 4303 2279 4368 Troja
2336 4299 2425 4333 ¹³³⁹
2449 4300 2697 4370 quamvis
2725 4298 2998 4356 destructa
3032 4301 3252 4370 jacebat
3296 4308 3348 4357 et
3384 4302 3612 4367 deserta,

271 4404 478 4460 panem
527 4391 839 4445 Polonicum
892 4390 1305 4444 manducarem.
1351 4391 1577 4459 Insuper
1619 4392 1785 4445 etiam
1813 4406 1899 4445 σο-
1922 4423 1979 4492 D
1997 4398 2213 4447 (eterna:
2239 4396 2423 4445 tamen
2446 4392 2715 4444 memoria
2740 4395 3022 4458 poetarum
3069 4391 3253 4460 tytulis
3281 4398 3358 4446 est
3382 4393 3611 4446 incerta.

278 4485 431 4552 piosa
462 4480 720 4536 bellorum
756 4484 989 4536 materia
1039 4482 1109 4536 ad
1131 4482 1570 4550 praesa-mendum
1602 4497 1739 4538 onus
1764 4485 1897 4537 viri-
1922 4477 1974 4492 ⁵’
1997 4484 2137 4535 Muri
2164 4483 2423 4550 cowquati
2453 4478 2565 4546 “‘0,
2599 4483 2773 4533 turres
2805 4477 3093 4536 destructa
3110 4483 3321 4550 jacent,
3343 4480 3462 4536 l-Jca
3489 4494 3615 4549 spa-

279 4579 382 4633 bus
422 4579 684 4647 incequate
710 4593 888 4632 meam
918 4580 1287 4647 ignorantiam
1326 4580 1601 4645 excitavit,
1630 4580 1900 4647 ipsiusque
1996 4577 2136 4629 ciosa
2158 4578 2208 4628 et
2231 4588 2449 4628 amama
2464 4572 2766 4629 habitatore
2785 4578 2993 4640 carent,
3021 4576 3082 4627 in
3105 4573 3328 4642 palatiis
3346 4586 3538 4641 regum
3565 4575 3620 4625 et

222 4688 229 4691 ι
285 4667 551 4722 Bolezlavi
579 4666 814 4735 belligeri
838 4667 930 4701 ¹³³⁰
970 4668 1121 4722 ducis
1156 4667 1394 4736 probitas
1442 4684 1508 4722 ac
1533 4669 1899 4737 magnanimi-
1993 4667 2304 4735 principum
2349 4664 2524 4720 lustra
2553 4666 2802 4732 ferarum
2826 4671 2876 4721 et
2924 4665 3126 4720 cubilia
3173 4669 3373 4720 secreta
3421 4664 3617 4729 latent,

284 4754 373 4811 tas
403 4754 640 4811 audendi
694 4754 778 4788 ¹³³¹
818 4756 1077 4818 ﬁduciam
1100 4758 1450 4811 ministravit.
1492 4758 1744 4819 Quocirca
1788 4772 1899 4813 non
2000 4760 2165 4827 Trojae
2193 4756 2279 4791 ‘3“
2315 4762 2497 4811 tamen
2526 4761 2787 4826 Pergama
2818 4756 2909 4791 '3"
2940 4756 3134 4826 ubique
3178 4762 3452 4812 terrarum
3478 4754 3611 4810 scri-

1649 4878 1868 4934 VARl/E
1897 4877 2275 4934 LECTIONES.

370 4980 787 5053 lmrcyrotheca
812 4978 863 5036 3.
938 4980 1030 5015 ¹²⁹⁶
1056 4979 1402 5053 tradiderunt
1439 4979 1491 5053 3A.
1580 4978 2053 5053 '3?3_At.__l._desunt
2082 4979 2134 5035 3.
2196 4978 2496 5053 {”"__solent
2521 4978 2575 5034 2.
2657 4979 2749 5053 if”
2779 4977 3013 5053 ﬁrmavit
3183 4978 3275 5013 ¹³⁰⁰
3305 4993 3373 5036 eo
3402 4994 3624 5053 quoque

299 5054 357 5111 3.
446 5049 535 5087 ¹³⁰¹
564 5058 950 5121 argumentum
979 5053 1090 5107 cod.
1124 5052 1178 5107 3.
1212 5053 1353 5107 deest
1382 5052 1431 5104 1.
1455 5050 1538 5123 2._
1625 5050 1717 5123 13°?
1742 5050 2149 5123 Maiozoviam__
2188 5049 2240 5103 2.
2278 5049 2371 5084 ¹³⁰³
2416 5049 2607 5123 (lepra
2655 5050 2736 5104 sic
2776 5049 2930 5123 abA3.
3043 5049 3134 5084 "0‘
3163 5049 3435 5123 namque'
3458 5052 3511 5123 2.
3536 5049 3623 5123 '3.

301 5120 949 5204 concrepantes}
1054 5122 1360 5204 micat:
1391 5121 1630 5204 regebat.
1664 5122 1857 5204 ἀει-διέντι
2063 5121 2344 5204 “manus
2400 5121 2711 5204 νίιρδυξηὲ-
2833 5120 3453 5204 ίωῗηυιρθτρξειβῄτπιε.
3491 5121 3540 5204 1·
3572 5120 3625 5204 ἓ·

310 5194 404 5267 ξ³⁰⁹
432 5193 679 5267 introivit
707 5193 759 5267 3_.
844 5194 939 5267 “"70;
965 5209 1089 5267 nam
1237 5194 1346 5267 4‘31}
1380 5186 1665 5267 religionis
1689 5192 1740 5245 1.
1766 5193 1821 5247 2.
1898 5193 1990 5226 ¹³¹²
2020 5186 2435 5267 pontificalibus
2464 5192 2518 5246 3.
2576 5191 2693 5267 fa“
2716 5192 3001 5267 satagebat
3040 5191 3093 5267 3:
3128 5264 3140 5267 Α
3170 5193 3260 5267 mf
3287 5186 3457 5267 Moysi
3486 5193 3539 5248 1.
3573 5192 3630 5247 2.

307 5264 361 5321 3.
450 5264 540 5340 ‘3‘“
562 5280 711 5340 nunc
733 5264 790 5340 3.
864 5336 874 5340 _
902 5265 993 5300 ι³¹⁶
1018 5263 1294 5340 antistitis
1303 5265 1364 5340 β.
1393 5334 1411 5340 _
1460 5263 1548 5340 ‘3}?
1581 5264 2069 5340 argumentumed.
2093 5264 2273 5340 Gedan
2295 5269 2347 5318 et
2379 5268 2523 5340 Vars.
2554 5264 2694 5318 deest
2719 5264 2772 5318 1.
2804 5263 2864 5340 2f
2891 5263 2926 5340 3
2967 5334 2992 5340 Α
3053 5263 3495 5340 ¹Ῡξξιιφ1ἰείοὴεγη
3523 5278 3636 5340 non

313 5342 459 5391 recte
484 5335 517 5389 3
593 5334 714 5408 131°
736 5334 1080 5408 Zlesiensem
1099 5334 1151 5390 3.
1233 5335 1323 5408 {#30
1353 5334 1411 5389 af
1428 5336 1602 5408 solum
1630 5335 1787 5408 habet
1814 5335 1865 5390 3.
1884 5396 1897 5401 η,
1920 5334 2007 5368 ¹³²¹
2027 5333 2358 5408 jugglagtes
2379 5334 2563 5407 gladio
2588 5348 2686 5403 pro
2722 5350 2775 5408 g.
2810 5334 2846 5389 i.
2882 5334 3017 5408 με.
3079 5333 3171 5369 1³³³
3198 5333 3476 5405 inscriptio
3505 5336 3633 5408 edit.

312 5411 460 5478 Fers.
500 5422 562 5478 Ap.
584 5403 686 5478 237
713 5406 856 5478 deest
884 5408 939 5478 1ἶ
967 5407 1003 5459 2
1059 5406 1108 5459 3.
1187 5405 1306 5478 7’333
1337 5412 1391 5478 et
1416 5405 1596 5476 primo
1630 5405 1894 5478 pro|0gus
2227 5405 2280 5478 '_l‘_
2342 5403 2578 5478 Ll'rponit
2613 5403 2985 5478 coniungendo
3008 5422 3135 5478 cum
3157 5403 3482 5478 praecedenti
3504 5406 3638 5478 libro

314 5477 367 5533 3.
473 5474 563 5510 '3“
592 5476 716 5547 aliis
817 5476 868 5532 3.
902 5476 993 5512 *3"
1018 5477 1230 5531 deest2.
1324 5474 1843 5547 nm'perergrinosi.
1936 5474 2041 5510 "31"
2073 5474 2128 5528 in
2159 5475 2316 5530 vobis
2354 5477 2504 5547 addit
2528 5476 2593 5547 3.
2696 5474 2794 5547 7””
2823 5474 2973 5547 quod
3026 5477 3077 5531 3.
3157 5474 3281 5514 "3"
3310 5487 3545 5547 ceteros
3581 5476 3634 5528 3.

317 5548 411 5582 ¹³³⁰
440 5547 581 5601 deest
606 5545 661 5601 3.
782 5547 869 5582 ¹³³¹
900 5546 1182 5601 arridendi
1226 5547 1281 5600 2.
1323 5544 1682 5601 audi'endi'3.
1784 5548 1873 5582 1³³³
1902 5553 2139 5602 vestram
2170 5547 2222 5599 1.
2344 5546 2436 5580 ¹³³³
2461 5546 2655 5601 saltem
2685 5546 2721 5600 2
2834 5544 2925 5581 ¹’³³⁵
2943 5548 3085 5602 deest
3112 5547 3165 5604 3.
3271 5549 3363 5583 ¹³³⁵
3403 5544 3642 5601 aialibus

318 5621 520 5722 figunt
549 5618 603 5671 ‘2.
639 5617 691 5673 3.
727 5617 869 5721 0133s
889 5616 1033 5671 fame
1061 5617 1112 5672 3.
1210 5616 1297 5650 εδδ-τ
1327 5617 1374 5670 si
1402 5618 1451 5672 L
1481 5617 1536 5669 2.
1565 5616 1705 5671 deest
1733 5617 1782 5673 3'
1866 5618 1956 5653 asas
1977 5619 2116 5672 deest
2145 5615 2195 5672 3.
2229 5616 2319 5651 ωδε
2347 5627 2503 5687 "oya
2526 5615 2578 5673 3.
2689 5617 2779 5652 isto
2800 5617 3102 5691 quaequa“
3134 5623 3178 5674 ι,
3280 5619 3365 5655 ιειι
3400 5622 3554 5685 troye
3583 5611 3638 5664 3,

322 5690 415 5723 ³³⁸³
445 5702 706 5762 pergama
727 5690 780 5741 2.
