4006 6198
442 300 539 355 941

433 438 604 506 plura
629 434 904 487 clamante
926 432 1301 503 praedicantur
1330 432 1460 500 “‘3;
1494 436 1683 487 Hector
1723 437 1774 486 et
1804 433 2053 484 Priamus
2081 437 2129 500 Α

432 529 555 597 plus
608 529 672 582 in
693 527 913 597 pulvere
940 542 1108 597 quam
1155 530 1216 582 in
1243 529 1399 595 regni
1424 527 1553 581 solio
1579 530 1887 581 recitantur
1938 524 2049 577 ‘3“.

435 616 645 679 Quidde
688 615 994 671 Aleasandro
1017 616 1234 683 Magno,
1256 616 1384 684 quid
1411 614 1474 669 de
1516 616 1792 681 Antiocho,
1841 614 1968 683 quid
1994 613 2058 666 de

437 707 705 763 Medorum
723 713 885 776 atque
914 705 1005 739 ¹³⁸⁵
1025 710 1315 762 Persarum
1341 706 1574 774 regibus,
1606 705 1735 775 quid
1763 705 1827 759 de
1856 710 2050 774 tyran-

436 801 523 854 nis
542 797 900 853 barbarorum
916 812 1271 855 memorarem
1286 798 1312 851 ?
1329 800 1564 861 Quorum
1585 799 1635 852 si
1654 798 1827 851 solum
1845 796 1937 829 ‘3“
1956 810 2051 849 no-

436 889 589 941 mina
599 889 906 953 recitarem,
928 902 1057 956 opus
1075 887 1389 940 hodiernum
1404 888 1465 939 in
1482 885 1624 939 diem
1642 887 1947 939 crastinum
1963 881 2052 916 ‘3"

433 979 827 1048 prolongarem.
849 981 1053 1032 Horum
1068 984 1250 1032 tamen
1264 979 1419 1043 fama
1436 978 1659 1030 interim
1682 983 1941 1032 natorum
1961 975 2052 1009 ista

432 1072 716 1138 preconiis
739 1069 1079 1135 immortalis,
1107 1083 1337 1137 quorum
1387 1070 1499 1121 vita
1529 1082 1640 1124 non
1677 1075 1753 1123 est
1795 1074 2053 1137 perpetua

434 1161 526 1217 sed
544 1161 793 1230 pennalis
824 1159 914 1195 ¹³⁴⁹
944 1166 1079 1213 Nam
1104 1162 1268 1214 sicuti
1301 1158 1393 1194 ¹⁸⁶⁰
1421 1163 1603 1215 sancti
1629 1158 1714 1193 ¹³⁸¹
1756 1162 1863 1214 viri
1901 1159 2050 1214 bonis

436 1252 681 1321 aperibus
707 1257 760 1305 et
778 1252 1057 1307 miraculis
1081 1251 1444 1317 celebrantur,
1478 1254 1558 1306 ita
1594 1252 1869 1306 mundani
1904 1266 2049 1320 reges

435 1346 487 1394 et
508 1339 776 1409 principes
824 1337 970 1393 bellis
1008 1338 1426 1406 triumphalibus
1486 1343 1539 1392 et
1592 1340 1828 1393 victoriis
1873 1338 2046 1392 subli-

434 1439 700 1500 mantur;
733 1438 783 1487 et
809 1434 950 1486 sicut
967 1434 1108 1487 vitas
1134 1438 1449 1488 sanctorum
1477 1437 1529 1485 et
1538 1435 1809 1501 passiones
1833 1433 2048 1499 religio-

433 1540 557 1580 sum
581 1530 659 1580 est
678 1526 738 1578 in
761 1524 989 1580 ecclesiis
1006 1522 1324 1592 praedicare,
1350 1526 1427 1578 ila
1443 1524 1732 1592 gloriosum
1758 1530 1834 1578 est
1854 1527 1910 1577 in
1931 1540 2047 1579 sro-

433 1614 499 1668 lis
524 1613 605 1667 vel
628 1615 688 1666 in
712 1612 932 1683 palatiis
956 1626 1145 1679 regum
1187 1627 1253 1666 ac
1277 1612 1478 1666 ducum
1507 1613 1803 1681 triumphos
1833 1614 1914 1667 vel
1957 1612 2047 1646 ³³⁵³

1705 296 2049 352 CHRONlC/E
2091 295 2509 351 POLONOHUM.

3676 300 3792 355 912

2300 429 2530 496 Explicit
2560 430 2780 497 epistola
2839 427 2948 482 ηδτ.
2992 430 3189 496 Incipit
3234 429 3505 496 epilogum
3532 429 3653 485 ³³⁸⁸.

2157 521 2270 576 Deo
2299 538 2430 577 vero
2458 522 2589 592 _laus
2615 531 2669 576 et
2700 523 2899 588 honor,
2925 537 3180 592 regnum,
3210 521 3408 589 virtus,
3434 523 3619 597 gloria

2158 610 2463 666 Pomorana
2494 611 2823 685 subjugatur
2852 612 3011 682 cujus
3051 611 3154 666 sub
3176 613 3447 681 polentia,

2160 704 2444 760 Bolezlavo
2480 705 2567 739 ’³⁸³
2598 705 2960 776 triumphanti
2990 705 3140 760 salus
3183 706 3275 740 ¹³ῖ⁰
3304 713 3359 761 et
3403 707 3645 765 victoria
3680 710 3797 764 '3".

2156 795 2232 849 Ad
2261 796 2529 850 honorem
2561 795 2692 849 Jesu
2729 794 2928 849 Christi
2964 794 3271 850 referamus
3301 797 3513 864 omnia,

2155 879 2257 942 Qui
2286 880 2558 952 gubernat
2588 888 2760 937 totum
2794 880 3067 937 mundum
3101 898 3203 937 sua
3232 883 3543 954 sapientia;

2152 972 2270 1027 Non
2311 974 2427 1028 haec
2452 972 2577 1027 fecit
2606 973 2688 1027 vis
2712 973 2975 1038 humana,
3004 975 3101 1029 sed
3129 990 3315 1045 neque
3349 976 3569 1031 militia.

2154 1066 2475 1121 Bolezlavus
2511 1066 2804 1122 obsidebat
2834 1075 3075 1123 castrum
3106 1068 3583 1140 antiquissimum,

2152 1158 2311 1224 Viris,
2343 1159 2509 1213 armis
2534 1166 2590 1213 et
2621 1160 2715 1193 ¹³ῖ²
2743 1169 2949 1215 naturae
2981 1160 3089 1215 situ
3128 1161 3589 1229 munitissimum,

2152 1246 2214 1301 Et
2238 1247 2307 1301 ad
2337 1248 2637 1318 dampnum
2666 1247 2753 1301 sui
2782 1249 2937 1323 regni
2970 1249 3527 1318 periculosissimum.

2150 1340 2439 1395 Pomorani
2464 1341 2750 1395 venientes
2778 1341 3021 1397 obsessis
3052 1358 3395 1411 succurrere,

2150 1431 2208 1484 In
2252 1432 2343 1465 ¹³ῖ⁸
2370 1432 2619 1487 incautos
2648 1433 2973 1488 obsessores
3003 1443 3306 1505 properant
3328 1436 3561 1503 irruere,

2150 1519 2257 1573 Sed
2287 1519 2435 1574 inani
2458 1537 2555 1591 Spe
2580 1522 2798 1593 decepti
2834 1522 2925 1556 137‘
2953 1532 3082 1578 sunt
3113 1524 3219 1579 acti
3252 1540 3533 1581 corruere.

2150 1612 2252 1665 Per
2279 1627 2451 1683 Opaca
2483 1613 2571 1647 '37“
2604 1613 2879 1670 deviando
2920 1616 3102 1670 cuncti
3136 1615 3251 1671 fere
3277 1617 3368 1651 ‘37“
3394 1618 3634 1688 pedites,

431 1707 683 1759 victorias
710 1706 977 1766 recitare;
1015 1709 1067 1757 et
1093 1706 1233 1758 sicut
1261 1706 1383 1757 vita:
1408 1709 1723 1757 sanctorum
1751 1705 1832 1758 vel
1851 1708 2049 1773 passio-
2072 1742 2121 1810 Β
2150 1701 2416 1773 Fugiendi
2442 1718 2511 1757 ne
2550 1718 2705 1774 Spem
2733 1710 2940 1773 ponant
2967 1704 3023 1758 in
3054 1704 3283 1759 caballis
3315 1706 3403 1739 ¹³ῖ⁷
3436 1707 3671 1773 milites,

432 1811 527 1852 nes
554 1795 625 1849 ad
665 1795 979 1863 religionem
1006 1800 1211 1849 mentes
1245 1795 1485 1859 ﬁdelium
1525 1798 1809 1850 instruunt
1867 1797 1958 1829 ’³⁵³
1988 1800 2048 1852 in

431 1889 664 1943 ecclesiis
680 1886 1007 1955 prmdieatae,
1030 1888 1109 1939 ita
1135 1887 1348 1940 militia:
1369 1887 1449 1941 vel
1472 1889 1708 1941 victoria:
1736 1887 1829 1921 ¹³³⁴
1858 1904 2043 1957 regum

433 1985 598 2048 atque
617 1979 821 2033 ducum
848 1977 919 2031 ad
935 1979 1194 2033 virtutem
1229 1978 1471 2032 militum
1507 1981 1716 2033 animos
1742 1982 2047 2035 accendunt

434 2072 496 2123 in
521 2067 675 2124 scolis
704 2068 786 2122 vel
813 2067 1077 2136 capitoliis
1108 2066 1198 2101 ⁸³⁵⁵
1229 2071 1487 2123 recitata.
1518 2068 1672 2123 Sicut
1698 2073 1845 2123 enim
1866 2078 2043 2138 pasto-

432 2175 518 2216 res
567 2159 797 2216 ecclesiae
846 2158 938 2193 ¹³⁵⁶
966 2161 1214 2227 fructum
1242 2163 1559 2216 animarum
1596 2177 1833 2231 quaerere
1859 2163 2048 2219 debent

430 2253 794 2322 spiritualem,
822 2254 903 2306 sic
918 2252 1217 2319 defensores
1251 2253 1503 2307 honorem
1518 2256 1715 2324 patria:
1736 2256 2051 2324 famamque

429 2340 663 2396 dilatare
689 2340 908 2396 student
944 2346 995 2395 et
1023 2340 1250 2409 gloriam
1282 2343 1643 2413 temporalem.
1672 2346 1879 2412 Oportet
1907 2347 2051 2399 enim

428 2431 523 2484 Dei
544 2431 821 2483 ministros
849 2429 909 2482 in
947 2428 1049 2483 hiis
1077 2443 1194 2498 qua:
1242 2431 1335 2484 Dei
1383 2436 1514 2484 sunt
1570 2433 1669 2485 Deo
1694 2432 2051 2500 spiritualiler

426 2521 654 2587 obedire,
681 2525 735 2575 et
762 2522 824 2574 in
852 2521 957 2574 hiis
983 2535 1105 2588 quae
1137 2527 1267 2575 sunt
1313 2523 1527 2576 caesaris
1574 2523 1825 2577 honorem
1862 2528 1914 2578 et
1935 2538 2046 2578 ser-

426 2615 624 2669 vitium
642 2612 837 2667 mundi
852 2612 1185 2681 principibus
1214 2612 1475 2667 exhibere.
1505 2614 1640 2676 Quid
1652 2616 1800 2668 enim
1820 2616 2043 2682 mirum,

425 2706 475 2758 si
499 2704 607 2756 viri
636 2701 1051 2770 triumphatores
1078 2706 1133 2755 et
1164 2702 1342 2756 incliti
1367 2704 1581 2768 famam
1608 2710 1660 2758 et
1689 2704 1921 2772 gloriam
1949 2720 2044 2775 ap-

418 2810 451 2864 p
473 2800 617 2849 :tunt
642 2808 711 2849 ea:
731 2797 951 2858 virtute,
979 2808 1106 2848 cum
1124 2796 1291 2849 etiam
1315 2795 1611 2863 Cleopatra,
1631 2799 1934 2865 Cartagini,
1956 2797 2044 2831 1851

423 2893 634 2959 regina,
665 2891 956 2958 imperium
983 2893 1288 2944 Romanum
1314 2890 1475 2944 avida
1506 2890 1596 2924 ¹³⁵⁸
1628 2892 1829 2958 laudis,
1854 2897 2037 2947 trans-

420 2982 535 3048 fere
560 2981 732 3036 voluit
764 2982 913 3034 virili
952 2979 1042 3014 ¹³⁸⁰
1071 2981 1304 3035 audacia
1335 2980 1445 3045 135°,
1492 2996 1601 3036 non
1649 2984 1899 3036 naturali
1931 2986 2040 3037 sive

2148 1791 2219 1844 Ex
2237 1793 2452 1847 occulto
2479 1809 2580 1863 per
2608 1793 2829 1867 ignotos
2855 1811 3132 1850 emersere
3164 1796 3432 1852 tramites.

2151 1881 2468 1939 Bolezlavus
2492 1884 2601 1938 dux
2631 1892 2872 1941 armatus
2896 1902 3019 1942 cum
3045 1888 3241 1958 paucis
3278 1888 3575 1959 militibus,

2145 1971 2510 2027 Scarbimirus
2535 1973 2811 2043 palatinus
2837 1991 2963 2030 cum
2988 1976 3423 2048 collateralibus,

2148 2060 2494 2135 Septingenti
2524 2062 2821 2118 conﬂixere
2852 2080 2975 2119 eum
3003 2065 3229 2139 triginta
3258 2066 3351 2101 ¹³⁷⁶
3371 2067 3622 2125 milibus.

2146 2149 2392 2224 Namque
2412 2160 2573 2207 nocte
2606 2154 2956 2224 praecedente
2979 2153 3223 2212 fecerant
3238 2159 3522 2225 excubias,

2152 2245 2213 2301 Et
2242 2246 2431 2301 audito
2471 2248 2619 2319 quod
2646 2248 2918 2315 venirent,
2950 2250 3215 2306 miserant
3252 2252 3523 2320 insidias;

2148 2339 2236 2394 Sic
2266 2339 2503 2395 habebat
2526 2340 2636 2395 dux
2677 2343 3023 2399 transmissus
3054 2344 3160 2400 huc
3190 2352 3244 2400 et
3274 2346 3407 2402 illuc
3421 2348 3616 2420 copias
3647 2352 3760 2405 ¹³τ⁹.

2151 2430 2231 2485 Illi
2262 2448 2393 2488 vero
2423 2434 2694 2489 recurvati
2726 2435 3123 2493 ordinaverunt
3163 2439 3255 2473 ¹³⁸⁰
3293 2440 3551 2510 proelium
3582 2444 3696 2505 ‘3'".

2149 2522 2328 2578 [lastis
2382 2524 2497 2579 suis
2538 2526 2629 2559 ¹³³²
2680 2527 3111 2600 circumquaque
3160 2529 3469 2600 plectentes
3521 2532 3614 2566 ²³⁸³
3653 2535 3769 2605 vri-

3205 2622 3369 2692 [cium
3394 2624 3485 2658 ιδει
3517 2625 3695 2695 (163).

2147 2707 2256 2763 Nec
2284 2707 2591 2778 procedunt
2618 2709 2711 2745 ¹³⁸⁸
2740 2710 3080 2779 catervatim,
3112 2713 3213 2767 sed
3265 2721 3409 2769 stant
3440 2730 3538 2786 per
3565 2716 3770 2772 circin-

2984 2872 2991 2877 ,
3368 2807 3542 2875 [nium
3580 2808 3696 2865 “3‘.

2140 2889 2459 2946 Bolezlavus
2486 2892 2597 2948 dux
2627 2894 2696 2949 de
2744 2893 2839 2949 tali
2869 2894 2959 2929 ¹³⁸⁷
2988 2911 3152 2950 causa
3182 2898 3318 2952 satis
3365 2898 3602 2956 callidus
3656 2903 3767 2965 ατη,

2136 2982 2540 3057 Transgirando
2577 2986 2742 3041 vertit
2773 3002 2871 3042 eos
2898 3003 3300 3061 usquequaque
3322 2992 3610 3061 providus,

418 3070 656 3136 feminea
681 3068 967 3138 probitate.
1022 3072 1089 3123 Et
1116 3072 1165 3124 si
1210 3070 1419 3135 femina
1453 3085 1698 3139 quazrens
1725 3074 2033 3140 imperium,
2061 3068 2111 3138 C
2142 3072 2207 3129 Ut
2227 3074 2311 3128 vir
2334 3075 2534 3142 audax,
2568 3075 2866 3133 bellicosus
2887 3087 3051 3150 atque
3084 3079 3266 3135 laudis
3294 3081 3509 3139 avidus.

417 3162 607 3215 navali
637 3160 826 3231 prwlio
850 3166 1130 3229 superata,
1172 3167 1340 3215 morte
1393 3161 1620 3215 terribili
1645 3169 1809 3217 semet
1862 3166 2034 3232 ipsam

412 3254 675 3322 perimere
698 3253 897 3307 maluit
918 3267 1086 3321 quam
1122 3253 1337 3319 servire,
1363 3254 1491 3323 quid
1524 3260 1601 3309 est
1629 3256 1836 3310 mirum
1858 3259 1907 3310 si
1939 3272 2035 3326 pa-

418 3347 585 3399 triam
607 3345 689 3400 vel
735 3344 1089 3400 hereditatem
1106 3351 1395 3414 paternam
1421 3347 1760 3414 defendentes
1809 3350 1891 3405 vel
1915 3350 2032 3404 illa-

416 3439 531 3487 tam
550 3434 819 3503 injuriam
840 3440 1231 3503 persequentes,
1264 3436 1324 3489 in
1336 3434 1469 3490 bello
1495 3438 1706 3503 famosa
1734 3453 1844 3493 non
1873 3453 2034 3494 vene-

413 3539 548 3580 nosa
588 3522 675 3559 ¹³⁶¹
705 3530 877 3580 morte
911 3523 1003 3558 ¹³⁶²
1030 3527 1204 3594 magis
1256 3532 1517 3595 appetunt
1572 3528 1815 3592 interire,
1865 3545 2030 3598 quam

413 3619 762 3687 ignominiose
795 3621 908 3673 suis
962 3616 1207 3674 obnoxiis
1244 3619 1452 3674 obedire
1475 3622 1501 3673 ?
1547 3623 1762 3676 Constat
1801 3636 1923 3691 ergo
1965 3638 2034 3677 ea:

411 3710 516 3763 hiis
532 3709 778 3778 superius
810 3708 1118 3779 approbatis
1155 3710 1313 3765 rebus
1350 3713 1508 3779 gestis
1532 3711 1851 3766 Polonorum
1885 3716 2033 3781 prin-

409 3801 591 3867 cipum
612 3800 672 3852 in
694 3813 933 3853 vacuum
961 3813 1068 3854 non
1122 3798 1214 3832 ¹³⁶³
1259 3801 1520 3866 recitatis,
1580 3806 1791 3855 constat
1828 3816 2033 3869 quoque

406 3890 792 3960 vestrojudieio
813 3890 1270 3958 conﬁrmandum,
1293 3905 1415 3946 vero
1434 3890 1524 3925 ³³⁸⁸
1537 3907 1769 3961 praesens
1785 3908 1915 3962 opus
1937 3893 2028 3927 ¹³⁶⁵

407 3983 697 4049 interprete
722 3980 1085 4034 recitandum.
1143 3984 1370 4050 Insuper
1400 3981 1535 4035 illud
1569 3996 1739 4035 causa
1777 3984 1868 4035 Dei
1904 3997 2030 4038 cau-

405 4084 571 4139 saque
600 4069 832 4125 Polonice
875 4070 1150 4138 provideat
1183 4070 1293 4136 '3“,
1333 4076 1519 4124 vestra:
1544 4070 1791 4126 discretio
1835 4073 2023 4141 probi-

408 4160 535 4212 tatis
563 4170 633 4211 ne
660 4158 952 4212 mercedem
970 4159 1115 4212 tanti
1127 4158 1337 4225 laboris
1357 4160 1613 4227 impediat
1630 4160 1711 4213 vel
1738 4161 1923 4215 odium
1944 4164 2026 4217 vel

404 4263 609 4305 occasio
634 4263 768 4303 mea:
809 4249 1094 4319 cujuslibet
1145 4252 1407 4305 vanitatis
1478 4255 1613 4305 Nam
1640 4254 1691 4306 si
1737 4252 1936 4307 bonum
1973 4261 2026 4309 et

404 4346 538 4399 utile
564 4358 747 4400 meum
771 4359 900 4413 opus
929 4344 1119 4399 honori
1157 4345 1353 4414 patriae
1388 4360 1420 4399 a
1447 4346 1776 4415 sapientibus
1811 4348 2025 4416 judica-

405 4440 498 4488 tur
524 4434 813 4503 indignum
835 4439 913 4488 est
941 4439 992 4487 et
1026 4436 1425 4502 inconveniens,
1470 4437 1518 4490 si
1541 4437 1760 4491 consilio
1786 4452 2023 4505 quorun-
2046 4395 2101 4464 D

401 4523 530 4579 dam
549 4523 754 4589 artifici
770 4537 975 4578 merces
1002 4525 1175 4593 operis
1206 4525 1518 4591 auferatur.

2135 3164 2501 3220 Scarbimirus
2532 3182 2597 3221 ex
2634 3167 2866 3223 adverso
2898 3185 2958 3224 se
2975 3170 3187 3225 conlert
3217 3170 3273 3225 in
3294 3174 3536 3242 medios,

2134 3255 2194 3309 Et
2220 3257 2468 3311 hortatur
2493 3264 2548 3313 et
2576 3258 2846 3314 confortat
2874 3260 2944 3315 ad
2971 3262 3327 3334 pugnandum
3354 3266 3575 3321 socios:

2135 3350 2298 3415 Tales,
2340 3348 2541 3419 inquit,
2583 3355 2887 3421 Pomorani,
2915 3368 3027 3408 non
3053 3358 3291 3410 sensistis
3319 3358 3523 3425 gladios
3551 3356 3565 3409 l

2132 3440 2238 3495 Sed
2280 3440 2412 3512 quid
2445 3441 2629 3512 plural
2662 3451 2818 3515 terga
2846 3450 3070 3499 vertunt
3098 3444 3393 3501 Pomorani
3425 3449 3652 3518 proelio,

2132 3532 2322 3602 Neque
2354 3531 2455 3587 fuit
2485 3548 2655 3604 super
2694 3534 2818 3589 illos
2846 3542 2996 3590 tanta
3023 3536 3204 3591 caedes
3234 3536 3341 3593 alio
3375 3539 3488 3604 ιω,

2134 3620 2355 3692 Septem
2387 3629 2564 3677 castra
2594 3622 2927 3693 conquisivit
2956 3623 3065 3678 dux
3096 3624 3165 3679 de
3180 3625 3311 3680 belli
3336 3628 3592 3698 praemio,

2134 3708 2193 3762 In
2224 3708 2333 3763 hiis
2366 3710 2455 3743 ¹³⁹⁰
2483 3710 2864 3765 collaudemus
2888 3712 3059 3767 Deum
3090 3720 3144 3767 et
3182 3721 3436 3770 sanctum
3486 3717 3575 3751 ‘3'“
3612 3717 3756 3773 Lau-

3401 3805 3665 3876 [rentium
3677 3851 3689 3862 .

2130 3893 2226 3947 Die
2247 3894 2403 3965 cujus
2427 3904 2779 3953 sacrosancto
2810 3896 3011 3952 factum
3065 3907 3151 3953 est
3183 3898 3287 3953 hoc
3334 3900 3595 3969 prmlium
3645 3904 3755 3968 ³³³³,

2129 3985 2263 4039 Inde
2294 3985 2400 4039 sibi
2430 3985 2525 4040 fiat
2558 3987 2635 4041 ibi
2667 3989 2896 4063 dignum
2920 3988 3247 4047 aedificium.

2126 4080 2251 4134 Tam
2281 4081 2543 4151 praeclara
2568 4083 2840 4138 Bolezlavi
2870 4085 3147 4155 descripta
3178 4086 3431 4156 victoria,

2126 4172 2448 4242 Assignetur
2464 4189 2588 4228 cum
2620 4182 2852 4247 augusto
2879 4193 2982 4247 pax
3015 4184 3070 4231 et
3097 4176 3359 4243 amicitia,

2126 4259 2509 4331 Conﬁrmetur,
2537 4263 2682 4319 sicut
2713 4264 2893 4332 decet,
2928 4264 3174 4320 fraterna
3200 4266 3521 4322 concordia.

2126 4348 2241 4412 Qua
2265 4347 2333 4404 de
2357 4366 2520 4405 causa
2543 4361 2749 4422 partes,
2776 4360 2991 4408 constat
3022 4353 3133 4421 “93,
3176 4354 3478 4426 imperator
3495 4366 3747 4412 venerat.

2124 4441 2334 4506 Quanto
2377 4442 2538 4510 fastu,
2582 4460 2690 4515 qua
2733 4445 2931 4500 virtute
2985 4462 3217 4519 regnum
3263 4447 3370 4502 hoc
3413 4446 3747 4509 intraverat!

2123 4530 2240 4595 Quo
2267 4531 2492 4602 deponi,
2537 4548 2677 4604 quos
2700 4533 2948 4604 praeponi
2973 4534 3199 4606 jamjam
3232 4534 3321 4569 ‘39‘
3352 4535 3736 4607 disposuerat!

1754 4656 1972 4713 VARIAE
2006 4657 2382 4715 LECTIONES.

474 4758 567 4793 ¹³¹ι⁸
597 4756 912 4829 predicatur
934 4755 986 4810 2.
1014 4756 1081 4829 _3.

400 4846 526 4885 nam
548 4827 612 4884 3.
716 4828 806 4862 ⁸³⁸³
837 4834 968 4882 natu
1003 4827 1059 4881 2.
1092 4843 1260 4881 unum
1304 4827 1490 4882 nat'um
1514 4844 1612 4897 pro
1642 4828 1679 4882 i.
1712 4844 1768 4883 n.
1803 4832 1849 4885 l.
1885 4829 1937 4883 3.

400 4902 489 4935 ¹³τ³¹
520 4906 585 4956 sii
610 4900 662 4955 2.
697 4900 749 4955 3.
864 4899 1021 4954 13“et
1048 4898 1099 4953 3.

401 4972 499 5044 ξδδξ
520 4972 880 5044 ecclesiarum
1050 4970 1136 5044 {357
1170 4970 1508 5044 karthaginis
1527 4969 1580 5027 3.

723 5058 832 5123 ρριι
854 5042 1170 5123 eaeam
1194 5056 1305 5123 ese
1326 5042 1680 5123 aqua.sz
1840 5044 1994 5123 Varg-

399 5113 491 5148 ¹³⁶⁶
510 5112 824 5184 providebit
853 5112 905 5169 3.
1010 5113 1097 5193 “f7
1120 5114 1381 5187 prologue
1405 5114 1456 5169 3.
1545 5113 1635 5195 ¹³ξ⁸
1663 5113 1916 5194 epilogus
1939 5115 1994 5168 3.

399 5183 490 5216 '3"
519 5192 577 5238 et
609 5183 749 5238 deest
788 5184 936 5238 codd.
1017 5184 1260 5238 ’3‘3deest
1311 5185 1460 5238 codd.
1544 5183 1632 5217 ‘3“
1663 5196 1871 5238 recenti
1917 5185 1970 5238 2.

399 5183 490 5216 ian
513 5183 577 5239 κει
609 5183 749 5240 de“;
788 5184 936 5240 codd.
1017 5183 1260 5241 '373deest
1282 5183 1460 5240 'codd.
1544 5183 1632 5217 ¹³⁷⁴
1663 5183 1871 5254 recepti
1917 5185 1970 5239 2.

399 5251 490 5287 ius
515 5251 676 5307 χχιχ
718 5262 773 5311 ιλ
800 5255 854 5311 3,
937 5254 1027 5289 m9
1052 5256 1194 5310 deest
1221 5256 1273 5312 2.
1365 5255 1456 5289 ¹³⁸⁰
1486 5254 1812 5311 ordinavere
1842 5256 1875 5311 3

396 5322 489 5408 3223
509 5323 882 5408 ρτρέρειεξιοε
1178 5327 1407 5408 εξτῑείυηι
1428 5328 1481 5381 3-

397 5393 487 5428 ³³⁸⁸
510 5392 732 5450 callidis
754 5393 807 5451 3.
930 5394 1022 5431 ¹³⁸⁹
1044 5395 1155 5451 Nec
1186 5396 1287 5454 fuit
1318 5405 1472 5453 tanta
1525 5396 1693 5454 cedes
1716 5392 1810 5454 'su

1201 4756 1292 4791 ‘3“
1322 4756 1477 4831 regni
1501 4756 1934 4831 soliorccitatur
1959 4773 2055 4828 pro
2081 4757 2196 4831 _i.r.
2218 4775 2268 4813 ε.
2303 4776 2349 4831 r.
2380 4759 2434 4816 3.

2053 4829 2144 4863 1350

1234 4899 1324 4933 ¹³⁵³
1351 4899 1695 4955 instruuntur
1712 4915 1822 4954 non
1839 4906 1979 4954 recte
2009 4900 2061 4953 1.
2092 4900 2148 4954 2.

1234 4970 1508 5023 .rthaainis
1527 4969 1580 5023 3.
1675 4973 1764 5005 ¹³⁵⁸
1790 4971 1971 5023 avidia
2000 4971 2053 5023 3.
2130 4974 2141 5005 ¹

1720 4986 1764 5005 ’³⁵
1790 4986 1971 5025 δνιαιδ
2000 4986 2053 5026 31.

2022 5046 2267 5112 quamvis
2291 5045 2445 5099 desit.
2486 5046 2531 5098 ι.
2569 5045 2624 5099 2.
2669 5045 2723 5099 3.

2091 5115 2201 5169 ‘36”.
2231 5115 2362 5169 Nam
2425 5116 2746 5171 Boleslavus
2790 5116 2844 5169 2.

2062 5184 2151 5219 ¹³⁷⁸
2181 5201 2359 5257 Opaga
2407 5188 2458 5242 1.
2502 5189 2560 5243 2.

1998 5256 2084 5289 ¹³⁸¹
2117 5256 2309 5326 comas
2335 5260 2431 5313 hoc
2479 5259 2588 5314 loco
2610 5259 2825 5314 demum
2850 5259 2999 5313 addit
3029 5259 3081 5313 3.

1600 5326 1689 5399 {3’5
1716 5327 2021 5399 procedunt
2045 5327 2097 5381 3.

1856 5414 1917 5454 er
1959 5398 2086 5453 illos
2113 5398 2222 5470 alio
2251 5398 2351 5470 pro
2397 5401 2587 5470 Neque
2623 5400 2727 5456 fuit
2756 5398 2828 5441 —'
2858 5402 2968 5456 alio
3024 5403 3077 5457 3.

2535 4761 2625 4795 ‘3“
2648 4761 2776 4816 et3.
2881 4760 2973 4795 ‘3“
2998 4767 3211 4817 tantum
3240 4762 3293 4816 3.
3405 4762 3497 4798 ¹³⁴⁷
3533 4765 3737 4821 crasti-

2173 4829 2386 4901 penalis
2417 4833 2466 4886 1.
2519 4830 2570 4887 2.
2606 4831 2660 4887 3.
2758 4832 2847 4867 ¹³⁵⁰
2887 4832 3055 4887 lectio
3086 4834 3167 4887 ed.
3192 4834 3481 4889 Ged.deest
3505 4835 3560 4889 1.
3591 4836 3627 4889 2
3683 4836 3735 4893 3.

2250 4902 2345 4975 ιξξδξ
2367 4918 2418 4975 vi,
2442 4919 2490 4954 ν,
2525 4904 2720 4975 degunt
2741 4902 2792 4975 3.
2838 4974 2849 4975 ί
2913 4903 3005 4975 ³³⁵⁵7
3032 4904 3285 4974 capitolis
3310 4903 3345 4959 2
3419 4906 3658 4975 palaciis
3687 4907 3740 4961 3.

2527 4974 2617 5008 ¹³⁶⁰
2652 4973 2797 5028 auda
2825 4974 2859 5030 3
2972 4974 3058 5008 ¹³⁶¹
3094 4973 3300 5031 venosa
3323 4976 3379 5029 2.
3421 4973 3435 4975 “
3478 4977 3573 5010 ¹³⁶²
3601 4980 3743 5033 deat

2812 5045 2902 5079 ¹³⁶⁴
2930 5046 3071 5101 deest
3098 5047 3148 5100 3.
3236 5046 3327 5081 ¹³⁶⁶
3358 5062 3488 5102 vero
3503 5050 3657 5103 addit
3686 5051 3743 5104 3.

2951 5116 3044 5149 ¹³ῖ⁰
3064 5117 3160 5171 sal’
3209 5117 3263 5172 2.
3365 5118 3454 5151 ¹³τ¹
3484 5119 3631 5175 victo
3681 5121 3735 5174 2.

2654 5187 2746 5221 1376
2774 5186 2892 5242 fore
2954 5188 3088 5241 1.2.
3120 5188 3172 5242 3.
3278 5188 3628 5244 1"lcabellis
3679 5192 3732 5245 2.

3188 5260 3279 5294 ’3“
3307 5267 3438 5315 sunt
3477 5261 3529 5315 1.
3570 5262 3623 5315 2.
3680 5262 3737 5317 3.

3411 5331 3503 5365 ¹³⁸τ
3536 5331 3647 5386 illis
3674 5333 3730 5389 3.

2130 4972 2219 5006 ¹³⁵⁹
2249 4972 2349 5026 viri
2383 4974 2436 5026 2.

2187 5329 2277 5362 ¹³⁸⁶
2306 5330 2652 5401 cyntinnium
2686 5331 2737 5383 1.
2781 5330 3139 5401 cyncinnium
3168 5330 3221 5385 2.
3256 5330 3309 5386 3.

3188 5401 3278 5437 ¹³⁹⁰
3307 5417 3440 5474 ergo
3492 5403 3643 5458 addit
3677 5404 3729 5458 3.

397 5415 487 5428 ηπ
517 5415 732 5450 caninis
754 5415 807 5451 ο.
934 5415 1155 5451 ""nec
1186 5415 1287 5454 mu
1318 5415 1472 5453 tanta
1525 5415 1693 5454 cenes
1747 5415 1810 5454 su
1856 5415 1917 5454 er
1959 5415 2086 5453 mos
2113 5415 2222 5455 ano
2251 5416 2350 5470 pro
2397 5415 2473 5456 ne
2519 5418 2587 5457 ue
2623 5415 2727 5456 ruit
2756 5431 2825 5441 —
2858 5415 2968 5456 ano
3024 5415 3077 5457 ὅ.
3188 5415 3278 5437 ιουυ
3307 5417 3440 5474 ergo
3492 5415 3643 5458 aitait
3677 5415 3729 5458 3.

395 5462 483 5544 ξ⁸⁹¹
506 5465 652 5544 deest
677 5464 733 5523 3.
820 5465 911 5544 '33”
935 5466 1668 5544 commissumest‘prelium
1689 5486 1787 5539 pro
1875 5485 1926 5525 e.
1960 5470 2016 5525 h.
2049 5486 2103 5540 p.
2128 5468 2181 5526 3.
2252 5471 2344 5505 ¹³⁹³
2373 5474 2452 5527 ita
2564 5473 2599 5526 2
2661 5473 2713 5525 3.
2757 5488 2855 5542 per
2905 5488 3043 5543 quas
3068 5481 3252 5544 partes
3290 5474 3375 5528 ed.
3410 5473 3533 5529 Ged.
3567 5489 3732 5543 quam

1949 5611 2160 5667 ΝΟΤΑἰ.

392 5534 673 5594 lectionem
700 5539 897 5607 recepit
919 5539 1004 5593 ed.
1041 5541 1186 5593 Vars.
1294 5539 1385 5575 ³³⁸⁸
1408 5534 1521 5609 jam
1561 5540 1614 5598 3.

458 5714 608 5786 (163)
638 5715 680 5773 Ι.
709 5730 759 5773 e.
796 5714 981 5769 horret
1014 5711 1442 5771 Pomoranorum
1505 5717 1673 5784 acies,
1701 5719 1756 5772 in
1796 5718 1988 5774 orbem

2101 5725 2325 5788 mutata,
2350 5720 2492 5776 sicut
2532 5719 2755 5789 ericius,
2789 5720 2983 5776 hastis.
3018 5719 3079 5775 Κ.
