4006 6198
308 349 412 404 913

1710 353 1903 408 LIBER
1940 352 2242 409 TERTIUS.

3532 348 3640 402 9M-

307 481 414 537 Sed
445 481 579 552 quid
608 482 752 535 valet
798 492 989 537 contra
1018 485 1186 538 Deum
1213 483 1386 539 virtus
1416 486 1500 539 vel
1531 486 1862 541 consilium?
1950 497 1999 559 Α
2032 488 2094 541 Et
2118 487 2214 559 qui
2241 501 2429 557 parem
2461 484 2706 556 proﬁteri
2735 500 2858 539 sese
2888 486 3067 555 palam
3094 487 3316 554 audeat,

308 573 439 627 Sine
472 574 630 641 cujus
670 579 803 627 nutu
834 573 913 628 nil
944 572 1024 640 tit,
1059 591 1161 630 nee
1192 582 1443 631 movetur
1483 575 1697 640 folium,

310 665 411 729 Qui
444 665 713 720 convertit
748 665 801 719 in
820 666 1119 727 convalles.
1149 668 1196 721 si
1225 668 1362 738 vult,
1399 669 1532 741 juga
1564 669 1854 723 montium.

316 756 634 811 Bolczlavus
662 761 766 811 stat
808 757 861 810 in
917 774 1084 830 regno
1137 776 1370 833 magnus
1400 760 1509 814 dux
1552 767 1606 815 et
1645 760 1925 829 dominus,

317 848 375 901 Et
401 857 624 918 paratus
652 856 734 903 est
769 849 837 903 ad
866 849 1070 904 bellum
1113 850 1255 905 sicut
1284 851 1371 907 leo
1399 851 1671 915 cominus,

310 939 411 1003 Qui
441 939 670 1005 resistit,
697 947 1007 1010 superatur,
1040 940 1154 995 sive
1195 942 1333 1014 fugit
1362 942 1640 1013 protinus.

2029 576 2138 631 Nec
2167 576 2381 631 vicinus
2407 574 2499 646 qui
2532 589 2657 629 cum
2684 588 2751 628 eo
2783 574 2851 628 de
2881 588 3013 643 pace
3047 588 3156 629 non
3188 575 3443 645 gaudeat.

2029 666 2161 721 Nam
2194 667 2249 721 in
2281 667 2467 721 hostes
2502 664 2873 735 triumphator
2897 662 3079 718 existit
3114 664 3377 720 miriﬁcus
3401 666 3512 731 '3",

2029 759 2166 834 Erga
2204 767 2431 814 cunctos
2455 773 2577 812 eum
2601 757 2810 811 honore
2840 754 3000 811 dator
3028 762 3110 811 est
3136 756 3445 821 muniﬁcus.

2029 852 2367 926 Ungarorum
2410 866 2504 906 rex
2535 866 2635 920 per
2661 865 2785 904 eum
2815 847 3069 904 consistit
3090 846 3371 918 paciﬁcus.

2033 942 2149 997 Non
2173 947 2256 995 est
2282 948 2504 1009 tempus
2543 944 2749 1011 quanta
2768 936 2899 992 fecit
2923 935 3217 991 enarrandi
3243 936 3480 1011 singula,

317 1034 715 1089 Bohemienses
744 1036 853 1101 ‘3”,
874 1036 1004 1107 quid
1035 1036 1261 1091 tardatis
1277 1036 1419 1091 colla
1438 1044 1623 1092 vestra
1652 1038 1929 1094 subdere?
2033 1030 2159 1095 Qum
2192 1029 2282 1063 ¹³⁰⁸
2315 1033 2586 1083 noveth
2610 1027 2704 1099 (ἰοί
2727 1035 3023 1081 δθηδθτυηῐ
3049 1041 3297 1082 carceres
3321 1031 3375 1081 θί
3399 1026 3638 1081 Vincula-

311 1121 442 1178 Cum
476 1124 721 1179 cernatis
756 1126 933 1196 ipsum
966 1141 1151 1198 regem
1188 1126 1473 1181 Bolezlavo
1504 1126 1727 1189 cedere,

310 1214 374 1269 Ut
406 1214 497 1249 ¹³⁹⁶
536 1216 746 1281 sciatis,
768 1230 866 1271 vos
896 1232 1005 1271 non
1040 1232 1201 1287 posse
1232 1217 1445 1272 viribus
1473 1217 1750 1281 resistere,

308 1301 425 1357 Non
454 1309 536 1357 est
569 1303 744 1359 hostis
772 1311 921 1360 tanto
954 1306 1080 1361 duci
1110 1306 1372 1379 congredi
1404 1306 1499 1378 qui
1529 1306 1725 1372 valeat,

2033 1122 2142 1178 Nos
2172 1121 2241 1177 ad
2275 1120 2486 1186 laudes,
2530 1135 2641 1175 non
2665 1119 2733 1174 ad
2764 1117 2989 1173 fraudes
3017 1116 3214 1174 damus
3238 1119 3356 1174 haec
3388 1117 3479 1153 ¹³⁹⁹
3508 1133 3639 1173 mu-

3301 1209 3566 1280 [nuscula.

811 1461 1081 1524 INCIPIT
1125 1464 1447 1526 TERTIUS
1493 1464 1713 1527 LIBER
1760 1462 1859 1525 DE
1900 1459 2163 1525 GESTIS
2209 1457 2919 1549 BOLEZLAVITEBTII
2969 1455 3115 1520 “0°.

657 1617 703 1670 l.
755 1619 981 1672 Victoria
1019 1617 1081 1672 de
1127 1621 1436 1672 Pomoranis
1469 1618 1579 1671 “0'.

384 1705 565 1761 Multis
616 1716 671 1760 et
702 1705 1199 1762 innumerabilibus
1248 1708 1515 1762 Bolezlavi
1554 1708 1701 1763 tertii
1756 1709 1926 1781 gestis

313 1795 647 1849 militaribus
724 1795 1094 1849 memorandis
1172 1796 1562 1850 intitulandum
1621 1797 1923 1869 praecipue,

310 1884 552 1956 qualiter
580 1884 753 1938 sancti
786 1884 1063 1939 Laurentii
1091 1884 1181 1938 die
1227 1885 1524 1957 contigerit
1580 1886 1921 1951 Pomoranis,

311 1980 481 2043 utque
531 1989 785 2043 repressa
824 1973 896 2027 sit
955 1973 1029 2027 ira
1092 1973 1329 2037 caesaris,
1384 1981 1541 2028 etut
1598 1974 1923 2045 impetuosis

309 2067 576 2121 obstitum
611 2067 702 2100 ¹³⁰²
745 2067 910 2121 fuerit
949 2067 1285 2121 Alemannis.
1344 2068 1629 2132 Quoddam
1682 2085 1922 2140 namque

314 2164 550 2212 castrum
582 2157 808 2213 nomine
840 2158 1006 2213 Nakel
1038 2159 1093 2213 in
1140 2158 1380 2214 conﬁnio
1436 2160 1675 2215 Polonis:
1714 2176 1778 2215 ac
1832 2162 1923 2195 “03

312 2249 653 2305 Pomoraniaz
700 2250 996 2320 paludibus
1052 2259 1106 2304 et
1180 2266 1350 2321 opere
1401 2250 1617 2306 ﬁrmum
1685 2259 1918 2319 constat,

311 2335 382 2390 ad
437 2336 585 2407 quod
650 2336 981 2407 capiendum
1046 2339 1156 2392 dux
1208 2337 1441 2409 belliger
1496 2355 1621 2394 cum
1680 2341 1925 2396 exercitu

313 2440 414 2479 suo
441 2425 667 2491 sedens,
696 2426 864 2480 armis
904 2436 959 2481 et
995 2426 1265 2481 machinis
1316 2427 1623 2483 laborabat.
1680 2429 1923 2500 Cumque

308 2514 572 2584 oppidani
609 2530 719 2569 non
766 2530 929 2585 posse
969 2521 1131 2569 tanta:
1172 2515 1511 2570 multitudini
1568 2516 1824 2571 resistere
1865 2533 1926 2571 se

309 2607 601 2675 vidissent,
639 2616 693 2663 et
738 2624 861 2663 eum
921 2616 1106 2664 tamen
1155 2626 1187 2664 a
1242 2611 1357 2666 suis
1413 2611 1672 2666 auxilium
1714 2612 1923 2683 princi-

312 2700 477 2769 pibus
532 2708 969 2770 exspectassent,
1030 2701 1283 2757 inducias
1330 2703 1686 2774 quaesierunt,
1745 2705 1921 2761 diem-

308 2805 416 2861 que
443 2800 651 2845 certum
684 2791 1027 2859 indiderunt,
1062 2792 1203 2848 infra
1238 2810 1426 2865 quem,
1472 2794 1517 2848 si
1567 2794 1652 2850 sui
1684 2810 1779 2850 eos
1809 2811 1920 2852 non

1952 1618 2003 1686 Β
2028 1614 2236 1670 Versus
2276 1616 2389 1669 κίε.

2199 1704 2384 1760 Martir
2408 1703 2686 1769 Laurenti,
2730 1702 2933 1774 populo
2951 1716 3210 1758 succurre
3238 1700 3495 1757 merenti.

2025 1798 2163 1862 Quid
2180 1815 2329 1853 nunc
2341 1798 2544 1853 facient
2558 1796 2985 1854 “‘Gehristiani?
3001 1797 3118 1862 Quo
3134 1812 3197 1851 se
3209 1794 3593 1852 vertenturm"
3610 1793 3640 1847 ?

2024 1894 2306 1949 Exercitus
2344 1893 2582 1949 hostium
2623 1891 2975 1964 improvisus,
3017 1890 3167 1948 acies
3191 1890 3488 1947 ordinandi
3522 1905 3635 1945 non

2021 1994 2105 2043 est
2134 1986 2225 2021 ¹⁶¹⁸
2255 1993 2493 2056 tempus,
2528 1984 2631 2056 ipsi
2660 1984 2842 2057 pauci,
2883 1985 3071 2041 hostes
3104 1982 3286 2050 multi,
3326 1982 3456 2057 fuga
3484 1981 3639 2038 tarda

2024 2092 2303 2149 nunquam
2327 2076 2528 2147 placita
2560 2075 2868 2132 Bolezlavo.

2092 2169 2293 2225 Versus
2319 2168 2411 2202 "‘9
2441 2185 2454 2221 :

2167 2258 2353 2315 Martir
2383 2259 2659 2327 Laurenti,
2690 2260 2897 2331 populo
2936 2259 3045 2315 vim
3085 2258 3215 2316 tolle
3259 2257 3490 2316 ferenti!

2026 2353 2197 2425 Igitur
2240 2350 2511 2406 militibus
2539 2358 2814 2423 quotquot
2862 2357 3021 2406 erant
3057 2350 3114 2405 in
3168 2350 3392 2407 duobus
3418 2356 3631 2407 tantum

2025 2441 2336 2515 agminibus
2373 2438 2665 2508 ordinatis,
2693 2438 2923 2495 alterum
2953 2455 3153 2515 agmen
3193 2439 3332 2496 rexit
3369 2440 3489 2512 ipse
3516 2440 3634 2497 bel-

2027 2532 2169 2606 liger
2227 2530 2567 2597 Bolezlavus,
2663 2528 2897 2584 alterum
2977 2544 3109 2585 vero
3176 2529 3410 2605 signifer
3483 2531 3635 2587 Scar-

2025 2621 2271 2676 bimirus.
2287 2620 2417 2674 Nam
2436 2626 2631 2675 cetera
2649 2618 3023 2675 multitudinis
3046 2619 3136 2654 ¹⁴²⁰
3146 2618 3238 2674 alii
3260 2618 3524 2690 pabulum
3541 2622 3630 2656 ¹³²¹

2023 2726 2315 2783 equorum,
2341 2708 2433 2764 alii
2465 2708 2723 2765 victualia
2755 2710 3139 2782 quaeritabant,
3190 2708 3284 2765 alii
3330 2724 3461 2766 vero
3512 2709 3635 2765 vias

2020 2806 2076 2854 et
2094 2798 2348 2854 tramites
2374 2798 2465 2832 ¹⁴²²
2479 2806 2534 2853 et
2552 2798 2850 2854 adventum
2875 2799 3115 2855 hostium
3135 2798 3227 2832 “’3
3242 2797 3629 2855 observabant.

303 2886 583 2951 juvarent,
626 2884 683 2939 in
715 2894 1040 2955 potestatem
1092 2887 1184 2921 “0‘
1216 2887 1453 2943 hostium
1487 2894 1540 2943 et
1568 2888 1833 2959 oppidum
1867 2897 1923 2945 et
1945 2921 1995 2989 Ο
2019 2889 2130 2943 Nec
2160 2904 2311 2944 mora
2351 2886 2668 2944 Bolezlavus
2718 2887 2954 2961 impiger
3008 2888 3195 2944 educit
3256 2886 3499 2965 agmina,
3552 2886 3636 2943 sic

304 2990 366 3028 se
386 2975 601 3029 darent.
636 2976 875 3031 Indueiie
903 2977 1124 3048 quidem
1152 2993 1250 3033 eos
1278 2978 1580 3033 assultandi
1614 2979 1705 3014 ¹⁶⁰⁵
1726 2995 1921 3036 concc-

308 3070 533 3134 duntur,
581 3071 679 3125 sed
726 3077 1023 3141 apparatus
1065 3080 1248 3127 tamen
1304 3074 1655 3149 expugnandi
1694 3075 1921 3130 minime

307 3160 658 3218 differuntur.
685 3163 907 3218 Interim
939 3164 1341 3235 Oppidanorum
1375 3166 1552 3221 nuntii
1582 3166 1923 3223 Pomorano-

311 3266 429 3304 rum
458 3250 758 3307 exercitum
785 3260 1184 3318 convenerunt,
1226 3252 1419 3325 eisque
1446 3254 1757 3324 pactionem
1790 3270 1924 3310 suo-

307 3356 428 3394 rum
479 3338 675 3395 factam
735 3356 860 3396 cum
902 3340 1155 3397 hostibus
1207 3343 1529 3398 retulerunt.
1587 3343 1738 3399 Tunc
1791 3360 1921 3401 vero

307 3431 620 3497 Pomorani,
680 3432 863 3487 audita
938 3433 1217 3508 legatione
1264 3433 1577 3505 stupefacti,
1635 3436 1926 3504 conjurant

306 3520 530 3575 insimul
564 3521 656 3555 “0‘
683 3536 784 3592 pro
808 3521 981 3592 patria
1020 3521 1104 3576 vel
1137 3538 1197 3576 se
1228 3522 1316 3556 “0"
1350 3523 1487 3578 mori
1520 3525 1607 3579 vel
1637 3526 1920 3581 victoriam

307 3613 380 3668 de
431 3613 655 3669 Polonis
695 3614 785 3649 ¹⁸⁰⁸
826 3615 1077 3685 adipisci.
1132 3615 1380 3670 Dimissis
1419 3616 1589 3691 igitur
1629 3619 1811 3689 equis,
1862 3625 1922 3674 ut

304 3702 598 3773 adaequato
653 3702 902 3773 periculo
957 3703 1159 3758 ﬁducia
1200 3705 1413 3759 cunctis
1464 3714 1518 3759 et
1560 3706 1648 3740 ""9
1693 3707 1922 3762 audacia

306 3789 483 3860 major
517 3798 684 3857 esset,
733 3790 937 3845 nullam
969 3792 1112 3845 viam
1152 3792 1238 3846 vel
1281 3793 1534 3847 semitam
1580 3794 1919 3868 gradientes,

304 3878 404 3933 sed
430 3877 667 3933 ferarum
699 3878 867 3934 lustra
896 3880 1288 3952 condensaque
1318 3882 1408 3915 “’0
1437 3881 1694 3937 silvarum
1722 3883 1923 3938 irrum-

305 3974 523 4039 pentes,
556 3984 667 4023 non
723 3968 777 4021 in
828 3968 917 4024 die
942 3977 1149 4026 statuto
1196 3970 1294 4025 sed
1341 3970 1394 4025 in
1436 3972 1611 4027 sancti
1645 3972 1920 4028 Laurentii

309 4060 425 4129 (an.
460 4060 619 4122 1109,
649 4062 794 4128 Aug.
862 4062 944 4133 10)
984 4072 1338 4118 sacrosancto
1385 4064 1469 4098 ¹⁴ί¹
1501 4065 1656 4136 quasi
1714 4066 1923 4121 sorices

306 4148 375 4202 de
419 4146 664 4203 latibulis
715 4160 1080 4216 emerserunt,
1140 4150 1457 4222 indicioque
1515 4168 1615 4207 suo
1666 4153 1756 4187 ¹⁴¹²
1809 4169 1919 4209 non

2020 2976 2205 3033 verbis
2234 2976 2584 3048 paucissimis
2610 2976 3047 3033 commonendo:
3106 2982 3284 3033 Vestra
3306 2978 3543 3049 probitas
3583 2986 3635 3034 et

2021 3069 2357 3123 imminentis
2385 3067 2616 3137 periculi
2642 3070 2930 3124 necessitas
2954 3082 3211 3138 amorque
3240 3071 3438 3138 patria:
3462 3071 3637 3138 magis

2021 3176 2187 3231 quam
2210 3161 2382 3214 oratio
2405 3174 2527 3214 mea
2558 3158 2647 3192 “"
2671 3174 2779 3227 vos,
2810 3161 3151 3216 invictissimi
3168 3162 3415 3229 juvenes,
3438 3161 3635 3216 exhor-

2025 3257 2230 3307 tentur.
2261 3252 2436 3318 Hodie,
2468 3255 2568 3307 Deo
2593 3253 2812 3319 favente
2831 3258 3121 3322 sanctoque
3146 3254 3433 3308 Laurentio
3448 3253 3632 3322 depre-

2022 3349 2194 3399 cante.
2230 3348 2650 3399 Pomoranorum
2676 3344 2944 3413 ydolatria
2989 3360 3056 3401 ac
3081 3345 3337 3401 militaris
3373 3343 3628 3421 superbia

2023 3434 2220 3487 nostris
2257 3433 2472 3488 ensibus
2500 3439 2824 3489 conteretur.
2867 3433 2976 3490 Nec
3002 3433 3160 3506 plura
3188 3433 3431 3503 locutus,
3465 3433 3634 3506 erepit

2026 3521 2213 3575 hostes
2266 3519 2321 3573 in
2376 3520 2611 3575 circuitu
2657 3521 3014 3596 transgirare,
3071 3521 3203 3594 quia
3246 3521 3328 3577 sic
3386 3521 3443 3575 in
3488 3528 3635 3575 terra

2022 3609 2210 3663 hostas
2233 3624 2362 3663 suas
2388 3608 2567 3663 versis
2610 3609 2939 3680 cuspidibus
2991 3610 3047 3665 in
3101 3611 3289 3666 hostes
3325 3610 3636 3677 afﬁxerant,

2020 3714 2258 3770 seseque
2292 3698 2382 3732 “*5
2418 3698 2587 3753 simul
2638 3698 3103 3770 constipaverant,
3144 3698 3293 3770 quod
3325 3699 3508 3754 nullus
3538 3715 3637 3770 po-

2022 3795 2162 3843 terat
2199 3787 2268 3842 ad
2311 3802 2408 3843 eos
2472 3786 2670 3842 virtute
2710 3788 2816 3842 nisi
2864 3803 2988 3843 cum
3045 3786 3274 3862 ingenio
3316 3797 3629 3860 penetrare.

2026 3880 2192 3936 Erant
2220 3879 2391 3946 enim,
2450 3886 2508 3934 ut
2555 3878 2762 3934 dictum
2812 3888 2895 3934 est
2945 3878 3222 3951 superius,
3276 3878 3492 3951 pedites
3521 3879 3633 3935 fere

2023 3970 2231 4037 cuncti,
2262 3985 2364 4025 nec
2408 3968 2476 4023 ad
2519 3967 2773 4040 prmiium
2814 3983 2970 4022 more
3020 3966 3447 4022 christianorum
3488 3966 3635 4023 ordi-

2024 4057 2159 4126 nati,
2204 4058 2304 4113 sed
2341 4055 2618 4126 sicutlupi
2659 4054 2984 4110 insidiantes
3013 4054 3231 4120 ovibus,
3266 4054 3323 4108 in
3364 4062 3510 4109 terra
3541 4054 3634 4089 ³⁸³⁸

2023 4149 2326 4223 peplitibus
2364 4149 2452 4184 “’7
2512 4147 2804 4204 recurvati.
2865 4148 3117 4219 Dumque
3177 4143 3354 4221 magis
3396 4144 3633 4218 impiger

306 4240 543 4294 humana
571 4240 669 4294 sed
700 4256 867 4295 manu
898 4241 1084 4295 divina
1114 4242 1399 4313 perierunt
1427 4244 1597 4313 (164).
1642 4244 1920 4301 Gloriosus
1940 4293 1992 4314 ῃ
2019 4243 2340 4298 Bolezlavus
2386 4242 2812 4314 circumquaque
2869 4239 3098 4296 volitare
3152 4238 3433 4295 videretur
3467 4253 3630 4310 quam

304 4332 449 4386 Deus
483 4331 537 4385 in
570 4332 777 4387 sanctis
822 4333 960 4400 suis,
1007 4334 1335 4389 venerabilis
1378 4335 1527 4389 enim
1567 4335 1688 4390 dies
1734 4338 1909 4392 sancti

305 4420 581 4476 Laurentii
620 4421 860 4476 martiris
880 4423 971 4456 ¹⁶¹³
995 4422 1283 4492 existebat,
1309 4434 1364 4479 et
1395 4424 1447 4479 in
1472 4425 1566 4480 illa
1597 4426 1728 4482 hora
1757 4427 1907 4482 chri-

300 4508 607 4564 stianorum
628 4510 823 4565 concio
853 4511 943 4544 “1‘
965 4510 1034 4565 de
1056 4512 1344 4568 missarum
1363 4513 1689 4585 solempniis
1709 4516 1915 4578 exibat.

302 4609 359 4655 et
389 4616 541 4666 ecce,
580 4602 763 4658 subito
822 4602 1180 4659 barbarorum
1221 4606 1494 4662 exercitus
1543 4607 1616 4661 ibi
1667 4608 1921 4663 cominus

304 4690 647 4747 imminebat.

1936 4293 1994 4361 D

2019 4350 2259 4399 currere,
2292 4332 2621 4389 transversis
2666 4332 2721 4387 in
2774 4348 2901 4388 eum
2942 4330 3217 4387 hostibus.
3262 4329 3632 4385 Scarbimirus

2021 4425 2263 4482 intrandi
2289 4427 2469 4482 locum
2502 4424 2813 4493 inveniens,
2837 4441 2901 4480 ex
2931 4423 3161 4479 adverso
3186 4438 3296 4479 non
3327 4421 3515 4477 differt
3538 4421 3631 4457 ¹⁵²⁸

2022 4519 2077 4573 in
2114 4534 2323 4575 cuneos
2359 4519 2566 4574 diutius
2622 4517 3057 4575 confertissimos
3095 4525 3408 4589 penetrare.
3455 4514 3631 4570 Pene-

2020 4593 2181 4665 tratis
2194 4610 2378 4681 itaque
2404 4608 2650 4663 barbaris
2688 4624 2753 4663 ac
2782 4606 3020 4676 vallatis,
3065 4606 3265 4663 acriter
3315 4606 3406 4640 ¹⁸²⁹
3442 4603 3634 4675 impri-

2021 4698 2127 4753 mis
2156 4698 2436 4764 resistunt,
2477 4697 2572 4753 sed
2607 4697 2781 4753 coacti
2821 4696 3043 4753 tandem
3086 4694 3271 4771 fugam
3301 4699 3513 4765 petunt.
3558 4692 3632 4747 De

1654 4825 1874 4880 VARIIE
1905 4825 2180 4882 LECTION
2186 4826 2281 4881 ES.

377 4928 467 4961 ‘3”
496 4927 874 4983 Bolicmenses
900 4930 954 4982 2.
988 4932 1039 4983 3.

308 5000 452 5073 deest
467 5000 519 5053 3.
560 5070 569 5073 _
617 5000 1131 5073 “o‘uargumentum
1167 5004 1294 5057 edit.
1332 5008 1477 5058 Vars.
1500 5020 1534 5073 p

306 5070 397 5103 “05
427 5070 731 5124 assultandi
764 5071 845 5125 eis
873 5087 968 5141 pro
999 5089 1048 5127 e.
1081 5091 1131 5127 τι.
1161 5073 1212 5129 3.

308 5141 365 5195 Ρ.
398 5141 457 5212 3.
549 5142 639 5175 “09
661 5150 828 5212 atque
858 5147 888 5197 3
1020 5145 1109 5177 “‘0
1138 5151 1192 5197 et
1220 5144 1499 5199 condensa
1530 5145 1581 5200 3.

308 5211 660 5283 totaliterque
680 5211 774 5282 pro
820 5214 855 5267 i.
890 5232 936 5268 s.
971 5215 1023 5269 3.
1113 5216 1361 5270 "mdeest
1399 5216 1449 5272 3.

305 5284 534 5338 indicat.
570 5353 592 5358 _
616 5285 705 5358 “'76
728 5284 865 5347 Quid
888 5287 1042 5358 plura
1070 5286 1175 5358 qui
1204 5286 1405 5340 faciant
1428 5302 1525 5358 pro
1556 5287 1617 5350 Ω.
1644 5305 1696 5342 n.
1732 5288 1768 5342 f.
1803 5291 1857 5344 3.

306 5424 577 5492 mitespro
600 5442 650 5480 e.
678 5433 713 5480 t.
745 5427 795 5481 2.
881 5427 971 5462 ¹⁶²³
999 5429 1139 5483 deest
1174 5430 1223 5482 1.
1257 5428 1308 5485 2.
1398 5430 1486 5463 ¹⁴²⁶
1514 5430 1605 5484 uia
1632 5430 1686 5484 2.

272 5504 280 5511 ”
308 5496 399 5529 ¹⁴²⁸
428 5494 643 5551 differet
666 5498 720 5551 2.
809 5498 897 5533 ¹⁴²⁰
923 5498 1125 5555 acritus
1143 5498 1197 5553 2.

1155 4932 1245 4965 ιδθθ
1275 4932 1364 4987 hic
1388 4932 1440 4986 3.
1523 4933 1609 4966 ιτθτ
1642 4916 1905 4989 miriﬁcus
1923 4936 1975 4991 3.

1578 5003 1703 5060 257.
1735 5007 1874 5061 deest
1908 5007 1955 5060 1.
1982 5005 2033 5060 2.
2065 5006 2115 5063 3.

1316 5073 1408 5162 ¹ξ⁰⁶
1433 5075 1609 5162 velnse
1826 5080 1920 5162 {ioc
1957 5078 2145 5162 loco}
2165 5076 2710 5162 “*W‘velse‘desunt
2729 5077 2782 5131 3.
2845 5076 2936 5162 ¹⁶ξ⁵⁸
2962 5083 3152 5158 contra
3174 5073 3536 5162 Polonos‘pno
3568 5073 3626 5162 ξ.

1551 5148 1581 5199 ι.
1704 5148 1790 5181 ¹⁵¹¹
1822 5148 1913 5203 die
1942 5152 2132 5218 repetit
2164 5149 2214 5205 3.
2300 5149 2392 5182 ¹⁸¹²
2422 5148 2744 5219 inditusque
2772 5156 2904 5202 sunt
2928 5163 3026 5218 pro
3063 5148 3097 5202 i.
3124 5163 3150 5202 s

1551 5218 1638 5251 “'i
1665 5218 1855 5273 censio
1881 5235 2101 5275 erronee
2133 5220 2174 5274 i.
2212 5223 2264 5273 2.
2342 5219 2432 5254 ¹⁴¹¹⁵
2455 5221 2504 5273 ν’
2533 5221 2732 5289 siglum
2759 5220 2852 5275 hoc
2878 5220 2989 5275 loco
3016 5219 3069 5274 1.
3097 5219 3152 5273 2.

1556 5287 1596 5324 ίὶ
1644 5305 1675 5324 n
1732 5288 1757 5324 Γ
1804 5291 1836 5324 Q
1959 5291 2046 5324 ’517
2078 5297 2285 5324 νου-Ιαηο
2317 5291 2350 5324 τὶ
2476 5291 2565 5324 1518
2591 5292 2729 5324 At)an
2758 5288 2791 5324 ρ
2913 5291 3005 5324 11η
3028 5294 3152 5324 {Im

305 5291 534 5338 indicat.
616 5291 705 5318 ’διδ
728 5291 865 5347 Quid
888 5291 1042 5356 plura
1070 5291 1163 5357 qui
1204 5291 1405 5340 faciant
1428 5302 1525 5358 pro
1556 5291 1617 5350 Ω.
1644 5305 1696 5342 n.
1732 5291 1768 5342 f.
1803 5291 1857 5344 3.
1959 5291 2046 5324 "'7
2078 5297 2289 5345 vertant
2317 5291 2369 5344 3.
2476 5291 2565 5325 ⁸⁵³⁸
2590 5292 2715 5347 deest

304 5361 451 5408 nunt
491 5358 535 5407 t.
563 5353 615 5408 2.
651 5357 790 5411 deest
815 5358 867 5410 3.
943 5357 1031 5390 ¹⁴²⁰
1069 5357 1407 5411 multitudini
1451 5363 1499 5412 t.
1532 5359 1586 5412 2.
1617 5366 1859 5415 ceterum
1893 5361 2232 5416 multitudini
2257 5377 2355 5430 pro
2383 5360 2443 5414 N.
2474 5377 2525 5417 c.
2558 5378 2632 5415 m.
2662 5362 2715 5415 3.

306 5424 577 5486 mitespro
600 5442 650 5480 e.
678 5433 713 5480 t.
745 5427 795 5481 2.
881 5427 971 5462 ¹⁶²³
999 5429 1139 5483 deest
1174 5430 1223 5482 1.
1257 5428 1308 5485 2.
1398 5430 1486 5463 ¹⁴²⁶
1514 5430 1605 5484 uia
1632 5430 1686 5484 2.
1779 5432 1868 5466 "’5
1898 5447 2020 5486 sese
2038 5434 2092 5486 2.
2202 5432 2293 5466 ¹⁸²⁶
2323 5438 2520 5486 terram
2548 5433 2602 5486 3.
2673 5432 2714 5465 "

1898 5447 2020 5487 sese
2038 5447 2092 5487 2.

2098 4935 2187 4970 ¹³⁹⁸
2235 4935 2385 5041 quit
2461 4936 2496 4987 2
2554 4934 2642 4969 '3”
2674 4934 2760 4989 hic
2818 4936 2869 4988 1.
2921 4932 2978 4990 3.
3022 4956 3027 4963 ν

2230 5009 2242 5041 ι
2273 5006 2320 5040 os
2346 5013 2622 5041 ηοοοηιιιηι
2652 5005 2684 5041 2
2824 5005 2915 5039 uos
2936 5021 2962 5041 ι.
2997 5003 3027 5041 δ

2230 5003 2320 5041 “0'
2346 5013 2623 5062 ostentum
2652 5005 2705 5061 3.
2824 5005 2915 5039 ¹⁶⁰³
2935 5021 2968 5060 a
2997 5003 3047 5059 2.

3073 4933 3164 4968 ¹⁶⁰⁰
3193 4934 3474 5003 inscriptio
3517 4936 3630 5003 tota

3153 5002 3245 5039 ¹⁵⁰⁴
3272 5008 3546 5074 potestate
3570 5002 3622 5074 3.

2928 5163 3026 5218 pro
3063 5148 3097 5202 i.
3124 5163 3169 5202 s.
3193 5146 3539 5201 nonreetei.
3569 5144 3624 5199 2.

3183 5220 3420 5287 positum
3435 5231 3629 5272 versus

2476 5291 2565 5325 ¹⁴¹⁸
2586 5288 2729 5347 deest
2758 5288 2809 5346 3.
2913 5291 3005 5326 ¹⁸¹⁹
3028 5294 3230 5347 iterum
3258 5288 3505 5360 v‘sigtuni
3527 5301 3627 5358 po-

2804 5360 2891 5395 ¹⁴²¹
2920 5360 3187 5417 babulum
3216 5360 3267 5415 1.
3347 5358 3627 5412 “"intra-

2202 5429 2293 5466 M5
2323 5438 2520 5487 terram
2548 5433 2602 5488 3.
2673 5430 2760 5465 ’⁸³⁷
2789 5432 3097 5502 poblitibus
3124 5434 3150 5487 1
3169 5474 3183 5488 .
3224 5430 3538 5504 poblicibus
3566 5429 3625 5485 2.

1864 5571 2072 5627 NOTAE.

377 5666 526 5732 (164)
556 5667 751 5743 MRecte
804 5678 990 5743 mouet
1028 5670 1120 5743 ed.
1165 5668 1315 5724 Vars.
1376 5671 1648 5727 Romanos
1700 5673 1884 5728 dicere
1938 5687 2181 5728 amasse:
2237 5677 2451 5741 Egomet
2494 5690 2603 5728 meo
2654 5676 2851 5728 indicio
2887 5677 3045 5743 quasi
3089 5688 3245 5729 sorex
3281 5671 3431 5727 hodie
3467 5666 3624 5736 μενέει

313 5735 523 5791 Terram
550 5741 687 5792 Eun.
731 5755 781 5795 ν.
823 5740 987 5802 7,23.
1022 5739 1075 5794 S.
