4006 6198
429 390 534 449 915

1698 392 2047 451 ΕΗΒΟΝΙΟᾹΞ
2088 395 2505 452 POLONORUM.

3677 402 3789 458 916

434 488 873 573 εὶιτίειίεηίέὶὺὶ
924 516 1149 590 quidam
1214 518 1306 553 “3°
1353 518 1513 591 probi
1569 518 1775 575 milites
1824 519 2044 583 cadunt,
2071 522 2397 595 Astigatus.
2430 522 2699 595 Zbigneus
2740 488 2963 595 quoque
3012 539 3274 579 czesarcm
3323 524 3525 581 iratum
3566 541 3638 580 ex
3675 526 3781 583 hoc

434 625 772 683 paganorum
803 624 936 665 vero
962 609 1032 664 de
1056 609 1125 664 ω
1154 610 1383 666 milibus
1410 610 1604 667 decem
1640 610 1789 666 milia
1811 612 1899 667 vix
1928 627 2049 666 eva-

436 702 594 757 dunt.
629 702 821 757 Testor
878 702 1068 767 Deum,
1128 717 1235 773 ope
1280 704 1458 774 cujus,
1495 710 1855 775 sanctumque
1909 704 2049 758 Lau-

435 794 699 858 rentium,
745 809 907 866 prece
956 794 1113 863 cujus
1170 793 1310 850 facta
1343 794 1511 849 fuerit
1569 796 1652 828 “3'
1703 796 1805 849 ista
1844 796 2047 860 caedes,

438 886 855 942 admirabantur
881 886 974 958 qui
1007 886 1257 955 aderant,
1287 887 1566 959 quomodo
1597 888 1686 921 ¹⁴³²
1717 894 1827 943 tam
1863 888 2047 944 subito

440 994 471 1031 a
516 976 788 1032 militibus
827 978 1010 1033 minus
1058 977 1207 1032 mille
1274 984 1495 1049 peracta
1546 977 1712 1033 fuerit
1757 979 1847 1013 “33
1902 985 2050 1034 tanta

440 1076 655 1142 strages
673 1070 788 1137 (an.
814 1068 997 1139 1109.)
1021 1068 1282 1124 Dicuntur
1295 1070 1443 1125 enim
1470 1069 1570 1140 ipsi
1598 1069 2050 1126 Pomoranicerto

444 1176 671 1216 numero
703 1168 1049 1231 computasse
1079 1162 1149 1215 de
1175 1162 1290 1216 suis
1321 1162 1394 1215 ibi
1454 1163 1523 1217 27
1574 1163 1721 1217 milia
1752 1164 2047 1229 corruisse,

441 1253 589 1325 quod
621 1253 674 1306 in
706 1253 1001 1324 paludibus
1047 1254 1394 1321 interessent,
1430 1271 1532 1310 nec
1576 1256 1654 1309 illi
1715 1256 1940 1327 quidem
1972 1256 2052 1309 sic

443 1343 679 1397 evadere
713 1342 1034 1413 potuissent.
1077 1343 1347 1414 Oppidani
1389 1360 1519 1399 vero
1557 1345 1808 1400 videntes
1860 1362 1922 1400 se
1962 1355 2049 1401 to-

446 1443 551 1485 tam
606 1432 693 1466 "3‘
724 1448 877 1502 spem
910 1433 1182 1499 amisisse,
1224 1450 1327 1489 nec
1353 1436 1619 1491 auxilium
1651 1436 1877 1491 aliunde
1910 1438 1993 1491 vel
2024 1454 2054 1490 a

446 1522 695 1594 quolibet
725 1529 1066 1593 exspectare,
1098 1524 1375 1579 civitatem
1416 1525 1524 1580 vita
1560 1526 1763 1580 donata
1794 1527 2052 1581 reddide-

450 1622 589 1667 runt.
652 1613 953 1668 Audientes
983 1620 1163 1668 autem
1219 1615 1337 1669 haec
1379 1615 1448 1668 de
1508 1631 1601 1669 sex
1656 1615 1776 1669 aliis
1817 1616 2055 1671 castellis

443 1703 710 1776 Oppidani
740 1704 852 1770 “35,
875 1701 1166 1759 consilium
1188 1703 1379 1758 itidem
1405 1705 1497 1739 “’6
1526 1704 1787 1773 inierunt,
1816 1722 1877 1760 se
1908 1708 2055 1778 ipsos

449 1796 703 1851 videlicet
735 1796 1184 1866 munitionesque
1217 1797 1579 1852 tradiderunt.

554 1889 607 1943 2.
640 1888 887 1958 Epistola
917 1890 1261 1958 imperatoris
1288 1890 1362 1943 ad
1379 1904 1550 1957 regem
1582 1893 1938 1948 Bolezlavum.

520 1978 655 2032 Dum
700 1977 818 2031 haec
843 1982 1086 2050 aguntur
1123 1977 1235 2041 ³⁸³⁷,
1268 1978 1533 2033 Henricus
1572 1978 1869 2051 imperator
1898 1999 2061 2052 quar-

456 2084 541 2130 tus
589 2075 778 2131 Romae
834 2073 1079 2128 nondum
1136 2083 1432 2129 coronatus
1464 2117 1479 2143 ,
1533 2078 1779 2133 secundo
1835 2077 2059 2148 quidem

455 2182 600 2223 anno
654 2165 1007 2222 coronandus
1061 2166 1227 2237 (165),
1268 2182 1393 2221 cum
1442 2168 1623 2223 verbis
1676 2170 2059 2238 hujuscemodi

459 2255 740 2312 llolezlavo
790 2254 1120 2329 legationem
1159 2255 1449 2327 praemisit,
1497 2273 1619 2311 cum
1670 2260 1913 2314 exercitu
1946 2260 2069 2316 vio-

458 2348 591 2403 lenti
642 2346 924 2403 Poloniam
958 2346 1276 2402 invasurus:
1330 2349 1618 2417 Indignum
1666 2356 1742 2405 est
1794 2354 1936 2407 enim
1979 2354 2068 2387 ¹⁴³⁸

459 2445 772 2515 ἐγηρεναιινί
814 2443 1126 2513 legibusque
1161 2446 1417 2500 Romanis
1449 2446 1742 2501 inhibitum
1774 2447 1884 2513 "3°,
1937 2451 2068 2517 ﬁnes

458 2537 624 2591 hostis
671 2537 1077 2605 pmertimque
1112 2535 1203 2590 sui
1236 2535 1430 2590 militis
1476 2538 1635 2605 prius
1680 2536 1771 2572 ¹⁴⁴⁰
1802 2539 2074 2593 hostiliter

460 2628 704 2693 introire,
743 2640 908 2695 quam
944 2640 1063 2680 eum
1109 2626 1387 2681 sciscitari
1421 2627 1486 2679 de
1527 2642 1679 2696 pace,
1737 2631 1787 2681 si
1841 2629 2067 2683 voluerit

458 2718 694 2783 obedire,
720 2717 804 2772 vel
850 2717 917 2772 de
941 2715 1092 2782 bello,
1119 2718 1169 2771 si
1197 2718 1457 2772 restiterit
1497 2717 1608 2786 “‘1,
1652 2725 1714 2774 ut
1752 2735 1807 2773 se
1831 2735 2068 2789 prmu-

461 2809 601 2863 niret
646 2807 755 2860 'm.
810 2807 1147 2876 Quapropter
1182 2810 1277 2861 aut
1324 2811 1527 2875 oportet
1567 2813 1615 2863 te
1660 2810 1889 2876 fratrem
1920 2813 2070 2863 tuum

462 2901 521 2952 in
547 2898 704 2965 regni
720 2897 1056 2951 medietatem
1086 2896 1179 2929 ¹“³
1197 2898 1452 2965 recipere,
1473 2898 1713 2968 mihique
1727 2897 1832 2955 300
1861 2914 2072 2953 marcas

463 2988 747 3042 annuatim
792 2985 1113 3041 tributarias
1166 2985 1250 3039 vel
1284 2985 1501 3039 totidem
1530 2988 1726 3042 milites
1763 2990 1822 3042 in
1850 2988 2076 3057 expedi-

465 3086 659 3140 tionem
700 3084 853 3149 dare,
895 3082 978 3137 vel
1013 3096 1234 3150 mecum,
1283 3083 1334 3136 si
1374 3082 1541 3148 uales,
1585 3097 1706 3138 ense
1768 3084 2080 3138 Polonorum

465 3189 682 3242 regnum
721 3171 981 3226 diuidere.
1012 3169 1093 3224 Ad
1118 3170 1238 3224 haec
1278 3169 1595 3224 Bolezlavus
1620 3170 1727 3223 dux
1758 3171 2081 3241 septentrio-

2151 612 2321 668 inulto
2362 612 2535 685 magis
2566 613 2847 680 incitabat,
2875 615 3004 686 quia
3046 631 3253 686 paucos
3286 617 3353 672 de
3403 615 3640 672 Polonia
3670 617 3784 678 sibi

2154 702 2408 757 resistere
2436 702 2808 773 promittebat.
2843 704 3075 776 Insuper
3112 706 3274 760 etiam
3304 706 3558 770 Bohemi,
3592 706 3783 762 vivere

2152 792 2354 863 praedis
2382 799 2435 846 et
2466 792 2673 863 rapinis
2703 793 2929 860 assueti,
2960 808 3223 847 caesarem
3244 792 3531 848 Poloniam
3564 793 3781 847 intrare

2151 888 2491 954 animabant,
2525 888 2655 960 quia
2695 904 2753 942 se
2784 888 2926 942 scire
2952 888 3071 942 vias
3115 895 3168 942 ct
3196 888 3447 943 tramites
3479 905 3582 960 per
3612 888 3783 943 silvas

2153 980 2393 1035 Poloniae
2418 980 2745 1048 jactitabant
2786 980 2895 1033 “5‘.
2930 977 3107 1034 Cresae
3137 995 3268 1053 ergo
3320 979 3521 1033 talibus
3548 979 3785 1035 monitis

2154 1077 2209 1124 et
2259 1069 2507 1123 consiliis
2537 1068 2835 1139 superandi
2886 1067 3283 1123 “5’Poloniam
3345 1069 3401 1122 in
3447 1085 3605 1139 spem
3670 1069 3781 1123 du-

2155 1172 2295 1229 ctus,
2328 1164 2670 1237 ingrediens,
2712 1165 3016 1236 Bytomque
3045 1166 3402 1236 perveniens,
3434 1164 3489 1217 in
3522 1164 3635 1218 hiis
3662 1180 3786 1220 om-

2155 1254 2316 1308 nibus
2377 1260 2459 1308 est
2496 1254 2758 1308 seductus
2826 1255 2935 1307 “53.
2994 1254 3239 1326 Namque
3295 1265 3535 1310 castrum
3589 1254 3787 1325 Bytom

2155 1344 2235 1397 sic
2290 1351 2555 1397 armatum
2608 1342 2798 1413 sicque
2862 1342 3140 1396 munitum
3191 1343 3425 1413 aspexit,
3471 1342 3625 1414 quod
3696 1344 3787 1376 "3'-

2154 1436 2450 1506 Zbigneum
2469 1435 2558 1470 "55
2590 1435 2759 1489 iratus
2787 1451 2911 1489 cum
2930 1435 3113 1489 verbis
3145 1435 3547 1509 indignationis
3577 1450 3782 1504 respe-

2156 1529 2363 1591 xit‘m,
2408 1528 2687 1594 Zbignei'e,
2743 1543 2914 1581 caesar
2970 1527 3148 1598 inquit
3198 1528 3307 1592 ηδτ,
3355 1530 3431 1581 sic
3485 1533 3534 1580 te
3595 1528 3794 1584 Polom‘

2148 1638 2251 1691 pro
2278 1622 2489 1674 domino
2512 1625 2891 1687 recognoscant
2918 1624 2945 1673 ?
2973 1624 3049 1675 sic
3069 1623 3298 1687 fratrem
3332 1621 3421 1655 “53
3452 1621 3790 1689 relinquere,

2155 1716 2404 1779 tuumque
2434 1710 2727 1763 dominium
2762 1712 2838 1762 sic
2865 1710 3153 1779 deposcunt
3179 1711 3207 1761 ?
3247 1708 3500 1779 Cumque
3532 1716 3781 1763 castrum

2160 1803 2344 1873 Bytom
2390 1802 2695 1857 munitione
2738 1802 2957 1873 situque
3014 1802 3104 1835 “5°
3148 1807 3353 1855 natura:
3400 1808 3456 1854 et
3501 1816 3776 1871 aquarum

2081 1878 2477 1953 Bcircuitionc
2534 1896 2961 1970 inexpugnabile
3010 1912 3133 1951 cum
3202 1895 3430 1950 aciebus
3502 1895 3784 1950 ordinatis

2163 1986 2440 2057 praeterire
2482 1985 2766 2051 voluisset,
2807 1984 3030 2055 quidam
3062 1985 3130 2039 de
3172 1984 3288 2038 suis
3342 1983 3539 2037 famosi
3577 1984 3793 2037 milites

2163 2076 2229 2129 ad
2265 2083 2499 2129 castrum
2542 2073 2978 2138 declinaverunt,
3019 2073 3271 2127 volentes
3308 2072 3363 2125 in
3405 2070 3643 2125 Polonia
3699 2070 3790 2103 "‘3"

2167 2182 2319 2221 suam
2362 2164 2610 2218 militiam
2641 2162 2999 2232 comprobare
3037 2164 3122 2197 “6'
3162 2161 3417 2232 viresque
3455 2160 3792 2215 Polonorum

2168 2268 2222 2315 et
2277 2258 2562 2314 audaciam
2612 2257 2872 2327 experiri.
2933 2257 2997 2309 At
3048 2263 3239 2310 contra
3277 2251 3567 2308 castellani
3616 2251 3797 2321 portis

2168 2352 2374 2422 apertis
2406 2358 2460 2405 et
2489 2348 2743 2404 extractis
2773 2347 2999 2402 ensibus
3033 2345 3305 2410 exierunt,
3343 2360 3449 2398 nec
3489 2342 3796 2397 multitudi-

2177 2463 2300 2501 nem
2327 2454 2434 2501 tam
2467 2445 2808 2499 diversarum
2839 2441 3085 2515 gentium
3115 2456 3217 2494 nec
3240 2439 3506 2509 impetum
3537 2437 3795 2491 Aleman-

2176 2553 2371 2593 norum
2414 2552 2517 2591 nec
2547 2535 2894 2606 praesentiam
2925 2532 3145 2588 caesaris
3205 2536 3538 2594 metuentes,
3593 2529 3697 2584 sed
3738 2530 3792 2581 in

2176 2629 2449 2685 trontibus
2488 2629 2607 2696 ejus
2636 2628 2726 2662 “5’
2755 2627 3015 2681 audacter
3056 2640 3119 2679 ac
3157 2623 3389 2678 viriliter
3427 2623 3779 2678 resistentes.

2170 2719 2324 2784 Quod
2352 2718 2710 2774 considerans
2745 2716 3060 2786 imperator,
3101 2712 3464 2766 vehementer
3495 2718 3584 2765 est
3617 2711 3783 2765 mira-

2173 2821 2277 2876 tus,
2338 2809 2594 2865 homines
2636 2807 2847 2862 scilicet
2892 2805 2983 2839 ¹⁶⁶³
3041 2804 3220 2859 nudos
3258 2809 3449 2858 contra
3500 2802 3794 2873 clipeatos,

2173 2900 2260 2957 vel
2287 2899 2557 2970 clipeatos
2599 2896 2689 2930 “5‘
2728 2901 2919 2950 contra
2948 2892 3203 2947 loricatos
3241 2891 3407 2946 nudis
3437 2890 3674 2945 ensibus
3701 2891 3798 2945 de-

2182 2998 2414 3056 certare,
2448 2996 2502 3043 et
2531 2994 2640 3042 tam
2680 2985 2932 3040 alacriter
2960 2983 3028 3038 ad
3078 2998 3320 3056 pugnam
3352 2982 3518 3037 velud
3549 2982 3620 3036 ad
3654 2997 3793 3052 epu-

2184 3080 2262 3133 las
2319 3091 2635 3148 propcrare.
2679 3075 2827 3128 Tunc
2882 3071 3041 3144 quasi
3088 3086 3313 3126 suorum
3372 3072 3790 3141 praesumptioni

2182 3166 2417 3221 militum
2462 3164 2780 3237 indignans,
2822 3177 2953 3216 suos
3009 3160 3316 3215 balislarios
3371 3170 3427 3214 et
3484 3160 3799 3234 sagittarios

469 3219 681 3242 πινακη-
722 3219 980 3226 ww---
1012 3219 1093 3224 ---
1120 3219 1234 3224 --ὴν
1279 3219 1592 3224 ηψπ-ν
1626 3219 1727 3223 η--
1758 3219 2055 3241 --τη-η.--
2582 3219 2615 3237 ε,
2769 3219 2778 3227 ,
3548 3219 3583 3234 υ

469 3265 613 3321 nalis
640 3263 953 3336 respondit:
1008 3264 1072 3318 Si
1113 3263 1401 3332 pecuniam
1441 3267 1683 3318 nostram
1726 3265 1805 3318 vel
1858 3266 2079 3321 Polonos
2107 3219 2155 3286 ϐ
2180 3259 2309 3313 illuc
2335 3257 2505 3321 misit,
2533 3271 2766 3327 quorum
2797 3261 3004 3308 terrore
3044 3251 3331 3307 castellani
3371 3251 3555 3305 saltim
3588 3251 3671 3306 sic
3704 3267 3792 3306 ce-

471 3359 664 3411 milites
692 3369 789 3426 pro
828 3355 1029 3409 tributo
1072 3355 1334 3424 requiris,
1385 3356 1435 3409 si
1494 3356 1794 3411 libertatem
1836 3368 2081 3413 nostram

467 3464 569 3503 non
604 3446 963 3515 defendimus,
990 3462 1093 3517 pro
1120 3447 1341 3514 feminis
1369 3462 1465 3502 nos
1517 3448 1805 3504 habeamus
1835 3450 1947 3517 κίοι,
1978 3467 2081 3506 non

464 3558 564 3615 pro
588 3542 743 3596 uiris.
763 3541 1045 3596 Hominem
1072 3554 1195 3594 vero
1222 3538 1536 3594 seditiosum
1561 3542 1811 3609 recipere,
1840 3543 1922 3596 vel
1952 3544 2080 3596 uni-

464 3649 583 3688 cum
628 3630 718 3667 ¹“⁸
746 3646 866 3688 cum
903 3645 960 3684 eo
1006 3643 1230 3697 regnum
1268 3628 1529 3691 dividere.
1562 3644 1668 3684 non
1707 3646 1787 3684 me
1828 3636 1974 3699 coget
1998 3633 2080 3685 ul-

465 3731 570 3783 lius
596 3725 857 3781 violentia
893 3724 1195 3792 potestatis,
1225 3721 1337 3775 nisi
1364 3736 1599 3775 meorum
1638 3736 1911 3776 rommune
1953 3737 2080 3777 con-

461 3824 644 3878 silium
675 3824 725 3875 et
763 3819 1052 3875 arbitrium
1079 3831 1204 3871 meos
1228 3819 1467 3887 propriae
1516 3816 1834 3871 voluntatis.
1877 3817 2081 3884 Quodsi

460 3914 713 3977 bonitate,
760 3923 871 3965 non
920 3908 1199 3975 ferocitate
1223 3908 1509 3976 pecuniam
1544 3907 1626 3960 vel
1653 3907 1851 3960 milites
1882 3908 1940 3960 in
1982 3922 2082 3960 au-

461 4006 663 4060 .cilium
690 4005 942 4059 Romanae
968 4000 1190 4055 ecclesia
1221 3999 1572 4069 postulasses,
1606 4014 1713 4053 non
1751 4001 1933 4053 minus
1974 4015 2080 4052 au-

463 4094 594 4150 xilii
620 4091 703 4146 vel
730 4088 948 4146 consilii
969 4089 1163 4157 forsan
1187 4085 1337 4155 apud
1362 4101 1454 4141 nos
1486 4102 1650 4156 quam
1679 4088 1761 4140 tui
1791 4092 2084 4141 antecesso-

464 4202 549 4243 res
570 4184 719 4256 apud
743 4185 953 4238 nostros
973 4181 1313 4252 impetrasses
1362 4177 1473 4232 5‘“.
1506 4179 1652 4246 Ergo
1677 4178 1965 4248 provideas
1994 4182 2083 4233 cui

460 4277 716 4343 minaris,
748 4272 941 4328 bellum
969 4269 1226 4333 invenies,
1269 4268 1320 4321 si
1348 4266 1565 4322 bellaris
1607 4266 1718 4322 “‘7.

774 4364 826 4422 3.
850 4362 987 4419 Belli
999 4376 1118 4416 cum
1144 4360 1375 4415 Henrico
1401 4360 1621 4414 initium
1651 4360 1761 4415 1⁸η,

538 4450 607 4516 Ex
640 4472 749 4531 qua
791 4450 1161 4525 responsione
1190 4463 1361 4505 caesar
1391 4447 1719 4520 pernimium
1749 4449 1817 4503 ad
1850 4449 2075 4504 iracun-

462 4553 611 4608 diam
661 4549 1009 4621 provocatus,
1071 4540 1198 4596 talia
1256 4546 1440 4594 mente
1476 4540 1739 4611 concipit,
1800 4541 2076 4614 talemque

465 4636 608 4699 viam
659 4634 876 4710 incipit,
914 4633 1064 4691 unde
1102 4633 1193 4667 “‘9
1220 4647 1332 4688 non
1386 4630 1579 4699 exibit,
1620 4648 1802 4704 neque
1849 4632 2069 4695 redibit,

468 4736 575 4792 nisi
614 4748 674 4791 se
706 4733 828 4804 ipso
859 4741 1073 4800 suoque
1124 4725 1364 4796 dampno
1405 4740 1569 4797 quam
1597 4724 1834 4780 maximo
1865 4724 1955 4759 “5°
1980 4740 2072 4780 ca-

2182 3353 2376 3407 derent
2406 3357 2461 3405 et
2498 3349 2551 3402 in
2584 3353 2820 3402 castrum
2849 3360 2972 3400 sese
3013 3343 3327 3413 reciperent
3366 3343 3475 3398 “‘5.
3508 3344 3575 3397 At
3608 3342 3798 3397 Poloni

2184 3446 2295 3518 pila
2320 3445 2404 3499 vel
2451 3443 2675 3515 sagittas
2722 3456 2845 3512 quae
2876 3439 2970 3473 ¹⁴⁶⁶
2999 3436 3245 3508 undique
3294 3436 3601 3492 volitabant
3641 3437 3796 3508 quasi

2184 3535 2364 3589 nivem
2406 3532 2489 3587 vel
2515 3539 2695 3605 guttas
2726 3528 2926 3600 pluvize
2957 3524 3373 3596 computabant.
3411 3525 3487 3578 lbi
3517 3540 3649 3581 vero
3691 3542 3799 3581 cae-

2178 3642 2268 3680 sar
2316 3623 2554 3695 primum
2614 3620 2944 3675 Polonorum
3018 3615 3303 3671 audaciam
3397 3615 3801 3685 comprobavit,

2180 3720 2308 3791 quia
2325 3733 2456 3773 suos
2487 3714 2614 3770 inde
2645 3722 2873 3769 cunctos
2895 3727 3004 3766 non
3038 3710 3349 3765 incolumes
3381 3709 3665 3763 revocavit
3695 3709 3802 3763 “‘7.

2182 3812 2337 3865 Nunc
2368 3814 2550 3863 autem
2601 3804 2889 3877 paulisper
2927 3816 3186 3856 (ta-sarem
3218 3797 3449 3869 spatiari
3486 3813 3590 3868 per
3647 3799 3804 3853 silvas

2180 3901 2423 3963 Polonia:
2474 3897 2875 3969 permittamus,
2909 3894 3087 3947 donec
3142 3890 3441 3945 draconem
3496 3887 3803 3945 ﬂammivo—

2186 4007 2332 4045 mum
2365 3989 2434 4043 de
2470 3985 2793 4043 Pomorania
2828 3984 3173 4037 reducamus.

2505 4078 2556 4130 4.
2590 4075 2893 4130 Bolezlaeus
2920 4076 3089 4142 parat
3122 4070 3326 4125 Bellum
3354 4069 3472 4118 “6”.

2255 4172 2385 4241 (An.
2428 4165 2599 4237 1109.)
2637 4165 2807 4239 Igitur
2834 4163 3069 4237 impiger
3099 4160 3421 4215 Bolezlavus
3453 4158 3511 4211 in
3546 4159 3801 4214 Pomora-

2180 4263 2267 4317 nia
2297 4268 2556 4331 superato
2599 4255 2796 4328 pl‘tBilO
2847 4253 3185 4325 supradicto,
3226 4259 3560 4321 septemque
3602 4252 3799 4305 castel-

2175 4355 2243 4409 lis
2282 4350 2582 4424 acquisitis,
2639 4347 2826 4402 audito
2858 4360 2956 4417 pro
2997 4351 3169 4413 certo,
3215 4344 3361 4414 quod
3401 4357 3577 4398 casar
3633 4342 3795 4396 Polo.

2181 4442 2327 4496 niam
2362 4438 2656 4497 introisset,
2690 4434 2819 4488 viris
2846 4444 2900 4488 ct
2930 4434 3090 4504 equis
3130 4432 3456 4487 obsessione
3483 4430 3702 4485 diutina
3732 4430 3800 4482 la-

2181 4532 2386 4607 tigatis.
2417 4526 2747 4602 quibusdam
2776 4525 3012 4580 militum
3053 4523 3421 4593 interemptis.
3466 4521 3798 4594 quibusdam

2180 4627 2344 4683 etiam
2386 4624 2669 4686 sauciatis,
2700 4621 2934 4691 aliisque
2978 4619 3201 4674 domum
3248 4633 3369 4672 cum
3423 4616 3507 4671 eis
3538 4616 3800 4677 dimissis,

2174 4740 2296 4779 cum
2329 4722 2533 4794 quibus
2581 4718 2760 4791 potuit
2786 4716 3075 4788 equitavit,
3116 4722 3178 4769 et
3221 4713 3517 4769 obstruere
3547 4712 3803 4767 transitus

1809 4854 2027 4910 VARIAE
2069 4852 2441 4909 LECTIONES.

1361 4963 1447 4995 1132

548 4970 638 5005 ίδ³⁰
665 4970 808 5025 (last
828 4966 885 5023 3.
979 4966 1063 4999 “3'
1100 4961 1201 5018 fuit
1226 4962 1277 5016 3.

473 5043 600 5097 dem
631 5039 666 5094 3

1487 4977 1709 5032 quoque
1741 4962 1795 5016 3.

471 5176 541 5239 3.
649 5178 1094 5251 "“impetrarcs
1137 5176 1193 5234 3.
1240 5176 1294 5231 3.

471 5253 714 5358 spatium
741 5265 980 5306 vacuum
997 5251 1334 5318 relinquunt.

477 5323 492 5358 1
521 5324 568 5358 52
590 5336 746 5358 annm
764 5327 884 5358 ulna
921 5318 955 5358 2
1057 5320 1149 5355 1553
1175 5319 1334 5358 vadum

477 5316 568 5359 “5’
590 5336 746 5391 supci
762 5327 885 5391 atus
921 5318 974 5377 3.
1057 5316 1432 5391 “sil—reductus
1467 5316 1523 5370 2-

422 5451 429 5458 ,
474 5408 629 5450 mum
662 5387 821 5461 ponit
850 5389 899 5445 3.
948 5460 953 5461 ί
996 5390 1083 5427 ⁸⁸⁸⁵
1104 5389 1518 5461 Zbigneumque
1547 5403 1701 5442 cesar
1729 5387 1782 5461 3.

473 5467 569 5521 hoc
597 5459 706 5519 too‘o
732 5463 887 5535 me
930 5460 991 5535 ετ
1082 5459 1451 5535 ¹ἒὲἷΖ¹ξίερεεὶ
1478 5461 1666 5535 repeat
1696 5459 1774 5535 -3.

475 5536 561 5572 ¹⁴⁶¹
593 5528 944 5606 comprobari
971 5534 1022 5586 1.
1103 5532 1193 5606 “f’
1224 5528 1386 5606 eis'i.
1420 5528 1474 5587 3.
1536 5528 1645 5564 ί¹⁴⁶³
1673 5531 1813 5606 deest
1842 5528 1895 5585 3-

1421 5245 1510 5280 ””
1538 5261 1704 5300 unum
1736 5246 1785 5298 1.
1830 5245 1882 5300 2.
1907 5247 1958 5299 3.

467 5679 607 5738 deest
636 5678 690 5734 1.
717 5677 775 5733 2.
807 5674 864 5734 3.

1891 4961 1982 4995 ¹⁴³³
2021 4960 2228 5031 peracti
2256 4959 2355 5014 luit
2391 4974 2483 5028 pro
2515 4959 2551 5031 l'.
2595 4976 2645 5031 μ.
2681 4957 2732 5011 3.
2770 4956 2885 5031 Am"
2909 4951 3219 5031 signaddil3

557 5057 600 5108 in
631 5039 666 5094 3
774 5039 868 5073 ¹⁵³⁶
895 5039 1035 5108 deest
1064 5034 1116 5090 3.
1138 5034 1279 5108 “"3"
1310 5032 1440 5088 Cum
1469 5026 1680 5108 li'ecgi'ta
1710 5041 1978 5108 geruntur
2003 5026 2099 5102 pro
2211 5031 2263 5108 h.
2296 5026 2446 5108 θ..ςῇ
2489 5029 2746 5108 "incessi
2766 5026 2815 5108 3.

421 5168 429 5175 ,
471 5095 664 5177 3'7"“
701 5107 1040 5165 resisterit2.
1108 5105 1199 5140 ¹⁴⁴²
1228 5103 1546 5176 premunire
1577 5103 1630 5157 2.
1665 5095 1843 5158 va'leat
1883 5095 2201 5173 premunire
2235 5104 2283 5156 3.
2356 5101 2447 5135 “‘3
2477 5099 2776 5154 medietate
2801 5098 2853 5150 2.
2885 5095 2935 5151 3.

471 5181 522 5230 3-
649 5178 1094 5230 "‘Gimnetrares
1137 5176 1193 5230 3.
1240 5176 1294 5230 3.
1404 5174 1491 5209 “‘7
1512 5174 1728 5230 bellatis
1782 5189 1892 5230 non
1945 5181 2087 5230 recte
2135 5175 2170 5228 2
2311 5172 2400 5206 ’⁸⁸⁸
2431 5186 2629 5230 (trgum
2678 5170 2758 5223 ϐἀ·
2814 5173 2935 5220 Vm“

1624 5182 1728 5230 atis
1782 5189 1892 5230 non
1945 5190 2033 5231 rec

2080 5245 2171 5280 “5°
2205 5243 2438 5298 maxime
2469 5244 2518 5296 3.

1604 5316 1694 5351 ““
1725 5317 1969 5421 Namque
2004 5324 2242 5372 castrum
2272 5346 2340 5355 —
2394 5313 2608 5384 aspexit
2653 5310 2801 5382 quod
2857 5309 3055 5361 omittit
3100 5309 3194 5385 hoc
3236 5307 3363 5367 loco,
3397 5310 3462 5384 ,σε
3506 5305 3661 5368 infra
3718 5303 3804 5381 de-

1604 5403 1701 5421 m...
1729 5387 1761 5421 οὶ
1900 5388 1969 5421 £56
1996 5387 2140 5421 ιιι-ηιξ
2193 5393 2427 5421 nocivum
2486 5385 2671 5421 Rulnm
2704 5381 2781 5421 uin
2822 5389 3089 5421 nrmnlnm
3135 5392 3213 5421 sm
3261 5384 3531 5421 munitum
3564 5380 3799 5421 asrmxnl.

1900 5388 1969 5421 ωδ
1995 5387 2142 5458 quod
2193 5393 2429 5441 castrum
2459 5380 2683 5458 ’Βδηοῐη⁷
2704 5381 2784 5433 sic
2822 5389 3089 5458 armatum
3135 5380 3531 5458 sicumiri‘nitum
3564 5380 3799 5458 ηερξηερ,

1865 5459 1956 5493 ²⁴⁵⁸
1987 5457 2135 5513 tuum
2192 5460 2340 5512 addit
2369 5457 2402 5511 3

1993 5530 2081 5564 ³⁵⁵⁸
2112 5547 2161 5586 v.
2195 5545 2243 5583 c.
2268 5531 2407 5583 deest
2432 5527 2483 5581 3.

468 5606 517 5662 2.
620 5592 963 5661 “neunctos
988 5618 1119 5658 suos
1152 5602 1282 5657 inde
1322 5616 1431 5657 non
1466 5601 1739 5656 revocavit
1792 5600 2100 5656 incolumes
2145 5615 2239 5669 pro
2286 5616 2331 5654 s.
2379 5600 2414 5652 i.
2450 5615 2498 5653 c.
2530 5615 2581 5650 ll.
2633 5596 2666 5648 i.
2713 5611 2756 5649 r.
2804 5592 2853 5646 3.

3320 4950 3409 4983 "3"
3439 4949 3670 5018 quidam
3707 4948 3807 5000 ibi-

2918 5024 3007 5057 ιιδυ
3049 5022 3383 5091 ,ποιιηιίιυιη
3419 5020 3470 5075 3.
3551 5019 3646 5091 m0
3673 5021 3806 5073 deest

3019 5090 3107 5127 ιω
3137 5092 3339 5145 habeas
3364 5092 3415 5145 3.
3505 5090 3598 5124 “‘5
3635 5105 3800 5144 unum

2311 5172 2400 5206 ’⁸⁸⁸
2431 5186 2629 5240 argum
2678 5170 2758 5223 ed.
2814 5173 2957 5220 ναν-ε.
3019 5167 3159 5240 deest
3195 5165 3255 5240 _i.
3288 5162 3376 5240 2..
3416 5161 3464 5217 3.
3510 5166 3608 5240 qui
3637 5175 3801 5240 neque

2634 5241 2720 5274 “5‘
2751 5242 2827 5293 ita
2853 5239 3062 5291 correxi
3105 5236 3153 5288 I'.
3195 5232 3497 5287 incitabant
3561 5234 3605 5283 1.
3657 5235 3711 5285 2.
3751 5231 3800 5284 3.

2508 5442 2596 5489 “59
2626 5453 2858 5522 sinuque
2919 5450 2968 5522 1.
3033 5448 3086 5501 2.
3197 5446 3296 5522 lis"
3328 5441 3702 5522 Po‘loniam_'2_.
3744 5441 3796 5522 3.

2606 5525 2694 5558 “65
2734 5516 2787 5577 et
2829 5521 3142 5589 reciperent
3172 5520 3367 5571 desunt
3395 5517 3447 5571 3.
3541 5516 3634 5549 ¹⁸⁶⁶
3660 5516 3800 5589 ἀςεξί

2957 5590 3045 5625 ¹⁴⁶⁸
3078 5604 3276 5655 argum
3306 5589 3385 5642 ed.
3428 5593 3572 5642 Pars.
3600 5603 3655 5655 p.
3697 5586 3798 5639 26"

2028 5741 2233 5796 ΝΟΤᾹΞ.

536 5822 693 5892 (11³5)
725 5821 887 5876 Anno
916 5812 1069 5871 1111.
1102 5814 1163 5870 Κ.
