  <div class='ocr_page' id='page_1' title='image "/cluster/home/n/w/nwhite01/storage/ocr_20150623/160/uva.x000829802/464.png"; bbox 0 0 4006 6198; ppageno 0'>
   <div class='ocr_carea' id='block_1_1' title="bbox 326 306 434 359">
    <p class='ocr_par' dir='ltr' id='par_1_1' title="bbox 326 306 434 359">
     <span class='ocr_line' id='line_1_1' title="bbox 326 306 434 359; baseline 0 -1"><span class='ocrx_word' id='word_1_1' title='bbox 326 306 434 359; x_wconf 84' lang='lat'><strong>917</strong></span> 
     </span>
    </p>
   </div>
   <div class='ocr_carea' id='block_1_2' title="bbox 1757 269 2285 370">
    <p class='ocr_par' dir='ltr' id='par_1_2' title="bbox 1757 269 2285 370">
     <span class='ocr_line' id='line_1_2' title="bbox 1757 269 2285 370; baseline 0.008 -4"><span class='ocrx_word' id='word_1_2' title='bbox 1757 312 1947 369; x_wconf 71' lang='lat' dir='ltr'><strong>nam</strong></span> <span class='ocrx_word' id='word_1_3' title='bbox 1983 269 2285 370; x_wconf 67' lang='lat' dir='ltr'><strong>ruamus.</strong></span> 
     </span>
    </p>
   </div>
   <div class='ocr_carea' id='block_1_3' title="bbox 3555 321 3663 379">
    <p class='ocr_par' dir='ltr' id='par_1_3' title="bbox 3555 321 3663 379">
     <span class='ocr_line' id='line_1_3' title="bbox 3555 321 3663 379; baseline 0.028 -3"><span class='ocrx_word' id='word_1_4' title='bbox 3555 321 3663 379; x_wconf 77' lang='grc'><strong>918</strong></span> 
     </span>
    </p>
   </div>
   <div class='ocr_carea' id='block_1_4' title="bbox 327 430 3661 513">
    <p class='ocr_par' dir='ltr' id='par_1_4' title="bbox 327 430 3661 513">
     <span class='ocr_line' id='line_1_4' title="bbox 327 430 3661 513; baseline 0.004 -25"><span class='ocrx_word' id='word_1_5' title='bbox 327 439 381 488; x_wconf 89' lang='lat' dir='ltr'><strong>et</strong></span> <span class='ocrx_word' id='word_1_6' title='bbox 410 432 551 489; x_wconf 88' lang='lat' dir='ltr'><strong>vada</strong></span> <span class='ocrx_word' id='word_1_7' title='bbox 592 432 840 487; x_wconf 90' lang='lat' dir='ltr'><strong>ﬂuminis</strong></span> <span class='ocrx_word' id='word_1_8' title='bbox 869 432 1024 489; x_wconf 86' lang='lat' dir='ltr'><strong>Odrae</strong></span> <span class='ocrx_word' id='word_1_9' title='bbox 1063 436 1244 491; x_wconf 90' lang='lat' dir='ltr'><strong>modis</strong></span> <span class='ocrx_word' id='word_1_10' title='bbox 1281 437 1541 493; x_wconf 90' lang='lat' dir='ltr'><strong>omnibus</strong></span> <span class='ocrx_word' id='word_1_11' title='bbox 1570 430 1935 495; x_wconf 85' lang='lat' dir='ltr'><strong>commenda-</strong></span> <span class='ocrx_word' id='word_1_12' title='bbox 1962 443 2013 511; x_wconf 88' lang='grc' dir='ltr'>Α</span> <span class='ocrx_word' id='word_1_13' title='bbox 2038 448 2094 499; x_wconf 88' lang='lat' dir='ltr'><strong>et</strong></span> <span class='ocrx_word' id='word_1_14' title='bbox 2118 442 2355 498; x_wconf 84' lang='lat' dir='ltr'><strong>rivulum</strong></span> <span class='ocrx_word' id='word_1_15' title='bbox 2388 456 2555 513; x_wconf 84' lang='lat' dir='ltr'><strong>super</strong></span> <span class='ocrx_word' id='word_1_16' title='bbox 2584 457 2746 513; x_wconf 89' lang='lat' dir='ltr'><strong>quem</strong></span> <span class='ocrx_word' id='word_1_17' title='bbox 2785 445 2964 499; x_wconf 87' lang='lat' dir='ltr'><strong>stabat</strong></span> <span class='ocrx_word' id='word_1_18' title='bbox 3019 446 3308 502; x_wconf 81' lang='lat' dir='ltr'><strong>arboribus</strong></span> <span class='ocrx_word' id='word_1_19' title='bbox 3365 446 3525 503; x_wconf 65' lang='lat' dir='ltr'><strong>caesis</strong></span> <span class='ocrx_word' id='word_1_20' title='bbox 3553 447 3661 504; x_wconf 90' lang='lat' dir='ltr'><strong>ob-</strong></span> 
     </span>
    </p>
   </div>
   <div class='ocr_carea' id='block_1_5' title="bbox 325 522 1942 602">
    <p class='ocr_par' dir='ltr' id='par_1_5' title="bbox 325 522 1942 602">
     <span class='ocr_line' id='line_1_5' title="bbox 325 522 1942 602; baseline 0.002 -23"><span class='ocrx_word' id='word_1_21' title='bbox 325 523 403 579; x_wconf 86' lang='lat' dir='ltr'><strong>vit</strong></span> <span class='ocrx_word' id='word_1_22' title='bbox 434 523 543 576; x_wconf 70' lang='lat'><strong>“6°.</strong></span> <span class='ocrx_word' id='word_1_23' title='bbox 574 522 837 578; x_wconf 88' lang='lat' dir='ltr'><strong>Obstrusa</strong></span> <span class='ocrx_word' id='word_1_24' title='bbox 867 531 997 578; x_wconf 87' lang='lat' dir='ltr'><strong>sunt</strong></span> <span class='ocrx_word' id='word_1_25' title='bbox 1035 524 1216 596; x_wconf 81' lang='lat' dir='ltr'><strong>itaque</strong></span> <span class='ocrx_word' id='word_1_26' title='bbox 1256 526 1375 581; x_wconf 92' lang='lat' dir='ltr'><strong>loca</strong></span> <span class='ocrx_word' id='word_1_27' title='bbox 1407 543 1773 599; x_wconf 80' lang='lat' dir='ltr'><strong>quaecumque</strong></span> <span class='ocrx_word' id='word_1_28' title='bbox 1835 546 1942 602; x_wconf 84' lang='lat' dir='ltr'><strong>po—</strong></span> 
     </span>
    </p>
   </div>
   <div class='ocr_carea' id='block_1_6' title="bbox 264 617 1950 696">
    <p class='ocr_par' dir='ltr' id='par_1_6' title="bbox 264 617 1950 696">
     <span class='ocr_line' id='line_1_6' title="bbox 264 617 1950 696; baseline 0.005 -22"><span class='ocrx_word' id='word_1_29' title='bbox 264 646 281 665; x_wconf 80' lang='lat'><strong>-</strong></span> <span class='ocrx_word' id='word_1_30' title='bbox 333 625 516 675; x_wconf 88' lang='lat' dir='ltr'><strong>terant</strong></span> <span class='ocrx_word' id='word_1_31' title='bbox 541 619 629 674; x_wconf 89' lang='lat' dir='ltr'><strong>vel</strong></span> <span class='ocrx_word' id='word_1_32' title='bbox 666 618 815 674; x_wconf 90' lang='lat' dir='ltr'><strong>sicco</strong></span> <span class='ocrx_word' id='word_1_33' title='bbox 846 617 1075 674; x_wconf 88' lang='lat' dir='ltr'><strong>ﬂumine</strong></span> <span class='ocrx_word' id='word_1_34' title='bbox 1118 621 1479 689; x_wconf 88' lang='lat' dir='ltr'><strong>transvadari,</strong></span> <span class='ocrx_word' id='word_1_35' title='bbox 1518 623 1606 677; x_wconf 85' lang='lat' dir='ltr'><strong>vel</strong></span> <span class='ocrx_word' id='word_1_36' title='bbox 1636 624 1792 696; x_wconf 80' lang='lat' dir='ltr'><strong>signa</strong></span> <span class='ocrx_word' id='word_1_37' title='bbox 1852 642 1950 696; x_wconf 93' lang='lat' dir='ltr'><strong>po-</strong></span> 
     </span>
    </p>
   </div>
   <div class='ocr_carea' id='block_1_7' title="bbox 332 713 1949 791">
    <p class='ocr_par' dir='ltr' id='par_1_7' title="bbox 332 713 1949 791">
     <span class='ocr_line' id='line_1_7' title="bbox 332 713 1949 791; baseline 0.007 -23"><span class='ocrx_word' id='word_1_38' title='bbox 332 714 609 769; x_wconf 89' lang='lat' dir='ltr'><strong>terantab</strong></span> <span class='ocrx_word' id='word_1_39' title='bbox 641 713 776 783; x_wconf 87' lang='lat' dir='ltr'><strong>ipsis</strong></span> <span class='ocrx_word' id='word_1_40' title='bbox 830 714 1027 770; x_wconf 86' lang='lat' dir='ltr'><strong>incolis</strong></span> <span class='ocrx_word' id='word_1_41' title='bbox 1077 716 1293 771; x_wconf 86' lang='lat' dir='ltr'><strong>occulta</strong></span> <span class='ocrx_word' id='word_1_42' title='bbox 1336 715 1566 772; x_wconf 80' lang='lat' dir='ltr'><strong>forsitan</strong></span> <span class='ocrx_word' id='word_1_43' title='bbox 1615 723 1949 791; x_wconf 88' lang='lat' dir='ltr'><strong>attemptari.</strong></span> 
     </span>
    </p>
   </div>
   <div class='ocr_carea' id='block_1_8' title="bbox 333 806 1946 887">
    <p class='ocr_par' dir='ltr' id='par_1_8' title="bbox 333 806 1946 887">
     <span class='ocr_line' id='line_1_8' title="bbox 333 806 1946 887; baseline 0.007 -28"><span class='ocrx_word' id='word_1_44' title='bbox 333 806 613 873; x_wconf 81' lang='lat' dir='ltr'><strong>Quosdam</strong></span> <span class='ocrx_word' id='word_1_45' title='bbox 645 806 809 861; x_wconf 89' lang='lat' dir='ltr'><strong>etiam</strong></span> <span class='ocrx_word' id='word_1_46' title='bbox 842 808 1048 878; x_wconf 91' lang='lat' dir='ltr'><strong>probos</strong></span> <span class='ocrx_word' id='word_1_47' title='bbox 1078 809 1282 864; x_wconf 80' lang='lat' dir='ltr'><strong>milites</strong></span> <span class='ocrx_word' id='word_1_48' title='bbox 1309 810 1377 866; x_wconf 91' lang='lat' dir='ltr'><strong>ad</strong></span> <span class='ocrx_word' id='word_1_49' title='bbox 1412 811 1503 846; x_wconf 73' lang='lat'><strong>“7°</strong></span> <span class='ocrx_word' id='word_1_50' title='bbox 1532 812 1758 887; x_wconf 81' lang='lat' dir='ltr'><strong>Glogow</strong></span> <span class='ocrx_word' id='word_1_51' title='bbox 1797 822 1851 870; x_wconf 92' lang='lat' dir='ltr'><strong>et</strong></span> <span class='ocrx_word' id='word_1_52' title='bbox 1878 816 1946 871; x_wconf 89' lang='lat' dir='ltr'><strong>ad</strong></span> 
     </span>
    </p>
   </div>
   <div class='ocr_carea' id='block_1_9' title="bbox 332 900 1948 982">
    <p class='ocr_par' dir='ltr' id='par_1_9' title="bbox 332 900 1948 982">
     <span class='ocr_line' id='line_1_9' title="bbox 332 900 1948 982; baseline 0.007 -28"><span class='ocrx_word' id='word_1_53' title='bbox 332 900 425 937; x_wconf 64' lang='lat'><strong>1&quot;“</strong></span> <span class='ocrx_word' id='word_1_54' title='bbox 485 900 729 956; x_wconf 87' lang='lat' dir='ltr'><strong>ﬂuminis</strong></span> <span class='ocrx_word' id='word_1_55' title='bbox 782 903 1047 958; x_wconf 86' lang='lat' dir='ltr'><strong>transitus</strong></span> <span class='ocrx_word' id='word_1_56' title='bbox 1091 903 1468 962; x_wconf 81' lang='lat' dir='ltr'><strong>observandas</strong></span> <span class='ocrx_word' id='word_1_57' title='bbox 1514 908 1804 977; x_wconf 79' lang='lat' dir='ltr'><strong>praemisit,</strong></span> <span class='ocrx_word' id='word_1_58' title='bbox 1854 911 1948 982; x_wconf 92' lang='lat' dir='ltr'>qui</span> 
     </span>
    </p>
   </div>
   <div class='ocr_carea' id='block_1_10' title="bbox 334 991 1948 1068">
    <p class='ocr_par' dir='ltr' id='par_1_10' title="bbox 334 991 1948 1068">
     <span class='ocr_line' id='line_1_10' title="bbox 334 991 1948 1068; baseline 0.006 -22"><span class='ocrx_word' id='word_1_59' title='bbox 334 991 523 1046; x_wconf 85' lang='lat' dir='ltr'><strong>caesari</strong></span> <span class='ocrx_word' id='word_1_60' title='bbox 569 999 675 1047; x_wconf 90' lang='lat' dir='ltr'><strong>tam</strong></span> <span class='ocrx_word' id='word_1_61' title='bbox 706 993 801 1047; x_wconf 92' lang='lat' dir='ltr'><strong>diu</strong></span> <span class='ocrx_word' id='word_1_62' title='bbox 834 994 1177 1061; x_wconf 85' lang='lat' dir='ltr'><strong>resisterent,</strong></span> <span class='ocrx_word' id='word_1_63' title='bbox 1221 996 1423 1058; x_wconf 80' lang='lat' dir='ltr'><strong>donec.</strong></span> <span class='ocrx_word' id='word_1_64' title='bbox 1450 997 1571 1068; x_wconf 91' lang='lat' dir='ltr'><strong>ipso</strong></span> <span class='ocrx_word' id='word_1_65' title='bbox 1595 1007 1948 1056; x_wconf 89' lang='lat' dir='ltr'><strong>succurrente</strong></span> 
     </span>
    </p>
   </div>
   <div class='ocr_carea' id='block_1_11' title="bbox 334 1087 1954 1159">
    <p class='ocr_par' dir='ltr' id='par_1_11' title="bbox 334 1087 1954 1159">
     <span class='ocr_line' id='line_1_11' title="bbox 334 1087 1954 1159; baseline 0.006 -19"><span class='ocrx_word' id='word_1_66' title='bbox 334 1103 503 1157; x_wconf 82' lang='lat' dir='ltr'><strong>super</strong></span> <span class='ocrx_word' id='word_1_67' title='bbox 524 1087 697 1159; x_wconf 89' lang='lat' dir='ltr'><strong>ripam</strong></span> <span class='ocrx_word' id='word_1_68' title='bbox 730 1087 996 1154; x_wconf 88' lang='lat' dir='ltr'><strong>ﬂuminis,</strong></span> <span class='ocrx_word' id='word_1_69' title='bbox 1026 1095 1120 1144; x_wconf 90' lang='lat' dir='ltr'><strong>aut</strong></span> <span class='ocrx_word' id='word_1_70' title='bbox 1155 1091 1382 1147; x_wconf 90' lang='lat' dir='ltr'><strong>omnino</strong></span> <span class='ocrx_word' id='word_1_71' title='bbox 1420 1091 1700 1148; x_wconf 86' lang='lat' dir='ltr'><strong>victoriam</strong></span> <span class='ocrx_word' id='word_1_72' title='bbox 1732 1095 1954 1150; x_wconf 84' lang='lat' dir='ltr'><strong>obtine-</strong></span> 
     </span>
    </p>
   </div>
   <div class='ocr_carea' id='block_1_12' title="bbox 336 1179 1957 1245">
    <p class='ocr_par' dir='ltr' id='par_1_12' title="bbox 336 1179 1957 1245">
     <span class='ocr_line' id='line_1_12' title="bbox 336 1179 1957 1245; baseline 0.006 -14"><span class='ocrx_word' id='word_1_73' title='bbox 336 1184 479 1245; x_wconf 88' lang='lat' dir='ltr'><strong>rent,</strong></span> <span class='ocrx_word' id='word_1_74' title='bbox 519 1185 614 1233; x_wconf 87' lang='lat' dir='ltr'><strong>aut</strong></span> <span class='ocrx_word' id='word_1_75' title='bbox 656 1180 834 1233; x_wconf 89' lang='lat' dir='ltr'><strong>saltim</strong></span> <span class='ocrx_word' id='word_1_76' title='bbox 864 1195 988 1234; x_wconf 90' lang='lat' dir='ltr'><strong>eum</strong></span> <span class='ocrx_word' id='word_1_77' title='bbox 1052 1179 1129 1234; x_wconf 87' lang='lat' dir='ltr'><strong>ibi</strong></span> <span class='ocrx_word' id='word_1_78' title='bbox 1173 1181 1474 1237; x_wconf 91' lang='lat' dir='ltr'><strong>detinendo</strong></span> <span class='ocrx_word' id='word_1_79' title='bbox 1518 1186 1816 1240; x_wconf 86' lang='lat' dir='ltr'><strong>exercitum</strong></span> <span class='ocrx_word' id='word_1_80' title='bbox 1871 1186 1957 1241; x_wconf 91' lang='lat' dir='ltr'><strong>vel</strong></span> 
     </span>
    </p>
   </div>
   <div class='ocr_carea' id='block_1_13' title="bbox 332 1266 1953 1347">
    <p class='ocr_par' dir='ltr' id='par_1_13' title="bbox 332 1266 1953 1347">
     <span class='ocr_line' id='line_1_13' title="bbox 332 1266 1953 1347; baseline 0.006 -28"><span class='ocrx_word' id='word_1_81' title='bbox 332 1266 595 1320; x_wconf 84' lang='lat' dir='ltr'><strong>auxilium</strong></span> <span class='ocrx_word' id='word_1_82' title='bbox 629 1274 999 1338; x_wconf 88' lang='lat' dir='ltr'><strong>expectarent.</strong></span> <span class='ocrx_word' id='word_1_83' title='bbox 1028 1268 1107 1323; x_wconf 91' lang='lat' dir='ltr'><strong>lbi</strong></span> <span class='ocrx_word' id='word_1_84' title='bbox 1126 1285 1257 1325; x_wconf 89' lang='lat' dir='ltr'><strong>vero</strong></span> <span class='ocrx_word' id='word_1_85' title='bbox 1284 1270 1626 1339; x_wconf 85' lang='lat' dir='ltr'><strong>Bolezlavus,</strong></span> <span class='ocrx_word' id='word_1_86' title='bbox 1659 1287 1770 1327; x_wconf 93' lang='lat' dir='ltr'><strong>non</strong></span> <span class='ocrx_word' id='word_1_87' title='bbox 1792 1272 1953 1347; x_wconf 79' lang='lat' dir='ltr'><strong>longe</strong></span> 
     </span>
    </p>
   </div>
   <div class='ocr_carea' id='block_1_14' title="bbox 340 1360 1952 1433">
    <p class='ocr_par' dir='ltr' id='par_1_14' title="bbox 340 1360 1952 1433">
     <span class='ocr_line' id='line_1_14' title="bbox 340 1360 1952 1433; baseline 0.004 -20"><span class='ocrx_word' id='word_1_88' title='bbox 340 1367 635 1414; x_wconf 86' lang='lat' dir='ltr'><strong>rcmotusa</strong></span> <span class='ocrx_word' id='word_1_89' title='bbox 665 1360 909 1433; x_wconf 82' lang='lat' dir='ltr'><strong>Glogow,</strong></span> <span class='ocrx_word' id='word_1_90' title='bbox 942 1377 1064 1416; x_wconf 92' lang='lat' dir='ltr'><strong>cum</strong></span> <span class='ocrx_word' id='word_1_91' title='bbox 1095 1363 1338 1417; x_wconf 88' lang='lat' dir='ltr'><strong>exercitu</strong></span> <span class='ocrx_word' id='word_1_92' title='bbox 1393 1379 1558 1433; x_wconf 92' lang='lat' dir='ltr'><strong>parvo</strong></span> <span class='ocrx_word' id='word_1_93' title='bbox 1607 1363 1806 1432; x_wconf 86' lang='lat' dir='ltr'><strong>stabat,</strong></span> <span class='ocrx_word' id='word_1_94' title='bbox 1855 1381 1952 1420; x_wconf 92' lang='lat' dir='ltr'><strong>ne-</strong></span> 
     </span>
    </p>
   </div>
   <div class='ocr_carea' id='block_1_15' title="bbox 335 1450 1950 1524">
    <p class='ocr_par' dir='ltr' id='par_1_15' title="bbox 335 1450 1950 1524">
     <span class='ocr_line' id='line_1_15' title="bbox 335 1450 1950 1524; baseline 0.009 -26"><span class='ocrx_word' id='word_1_95' title='bbox 335 1465 443 1520; x_wconf 89' lang='lat' dir='ltr'><strong>que</strong></span> <span class='ocrx_word' id='word_1_96' title='bbox 472 1450 563 1484; x_wconf 63' lang='lat'><strong>1&quot;&quot;</strong></span> <span class='ocrx_word' id='word_1_97' title='bbox 588 1450 809 1517; x_wconf 91' lang='lat' dir='ltr'><strong>mirum,</strong></span> <span class='ocrx_word' id='word_1_98' title='bbox 839 1453 970 1524; x_wconf 88' lang='lat' dir='ltr'><strong>quia</strong></span> <span class='ocrx_word' id='word_1_99' title='bbox 1001 1469 1139 1508; x_wconf 90' lang='lat' dir='ltr'><strong>suos</strong></span> <span class='ocrx_word' id='word_1_100' title='bbox 1162 1453 1476 1509; x_wconf 91' lang='lat' dir='ltr'><strong>diutissime</strong></span> <span class='ocrx_word' id='word_1_101' title='bbox 1500 1454 1818 1523; x_wconf 83' lang='lat' dir='ltr'><strong>fatigaverat</strong></span> <span class='ocrx_word' id='word_1_102' title='bbox 1842 1456 1950 1507; x_wconf 71' lang='lat'><strong>“73.</strong></span> 
     </span>
    </p>
   </div>
   <div class='ocr_carea' id='block_1_16' title="bbox 338 1542 1953 1619">
    <p class='ocr_par' dir='ltr' id='par_1_16' title="bbox 338 1542 1953 1619">
     <span class='ocr_line' id='line_1_16' title="bbox 338 1542 1953 1619; baseline 0.005 -25"><span class='ocrx_word' id='word_1_103' title='bbox 338 1542 418 1595; x_wconf 92' lang='lat' dir='ltr'><strong>lbi</strong></span> <span class='ocrx_word' id='word_1_104' title='bbox 452 1558 700 1598; x_wconf 89' lang='lat' dir='ltr'><strong>rumores</strong></span> <span class='ocrx_word' id='word_1_105' title='bbox 740 1551 795 1599; x_wconf 91' lang='lat' dir='ltr'><strong>et</strong></span> <span class='ocrx_word' id='word_1_106' title='bbox 822 1544 1129 1619; x_wconf 81' lang='lat' dir='ltr'><strong>legationes</strong></span> <span class='ocrx_word' id='word_1_107' title='bbox 1160 1546 1443 1611; x_wconf 89' lang='lat' dir='ltr'><strong>audiebat,</strong></span> <span class='ocrx_word' id='word_1_108' title='bbox 1475 1546 1551 1602; x_wconf 92' lang='lat' dir='ltr'><strong>ibi</strong></span> <span class='ocrx_word' id='word_1_109' title='bbox 1593 1564 1750 1602; x_wconf 91' lang='lat' dir='ltr'><strong>suum</strong></span> <span class='ocrx_word' id='word_1_110' title='bbox 1792 1563 1953 1603; x_wconf 90' lang='lat' dir='ltr'><strong>exer-</strong></span> 
     </span>
    </p>
   </div>
   <div class='ocr_carea' id='block_1_17' title="bbox 336 1633 1950 1711">
    <p class='ocr_par' dir='ltr' id='par_1_17' title="bbox 336 1633 1950 1711">
     <span class='ocr_line' id='line_1_17' title="bbox 336 1633 1950 1711; baseline 0.004 -22"><span class='ocrx_word' id='word_1_111' title='bbox 336 1633 503 1689; x_wconf 92' lang='lat' dir='ltr'><strong>citum</strong></span> <span class='ocrx_word' id='word_1_112' title='bbox 555 1636 928 1705; x_wconf 77' lang='lat' dir='ltr'><strong>ex3pcctabat,</strong></span> <span class='ocrx_word' id='word_1_113' title='bbox 972 1637 1102 1692; x_wconf 91' lang='lat' dir='ltr'><strong>inde</strong></span> <span class='ocrx_word' id='word_1_114' title='bbox 1152 1640 1524 1709; x_wconf 76' lang='lat' dir='ltr'><strong>eXploratores</strong></span> <span class='ocrx_word' id='word_1_115' title='bbox 1563 1641 1671 1694; x_wconf 91' lang='lat' dir='ltr'><strong>huc</strong></span> <span class='ocrx_word' id='word_1_116' title='bbox 1709 1639 1950 1711; x_wconf 88' lang='lat' dir='ltr'><strong>illucque</strong></span> 
     </span>
    </p>
   </div>
   <div class='ocr_carea' id='block_1_18' title="bbox 338 1724 1950 1801">
    <p class='ocr_par' dir='ltr' id='par_1_18' title="bbox 338 1724 1950 1801">
     <span class='ocr_line' id='line_1_18' title="bbox 338 1724 1950 1801; baseline 0.006 -24"><span class='ocrx_word' id='word_1_117' title='bbox 338 1724 765 1794; x_wconf 90' lang='lat' dir='ltr'><strong>transmittebat,</strong></span> <span class='ocrx_word' id='word_1_118' title='bbox 804 1727 932 1783; x_wconf 91' lang='lat' dir='ltr'><strong>inde</strong></span> <span class='ocrx_word' id='word_1_119' title='bbox 960 1730 1293 1784; x_wconf 89' lang='lat' dir='ltr'><strong>camerarios</strong></span> <span class='ocrx_word' id='word_1_120' title='bbox 1325 1745 1424 1800; x_wconf 91' lang='lat' dir='ltr'><strong>pro</strong></span> <span class='ocrx_word' id='word_1_121' title='bbox 1453 1730 1569 1786; x_wconf 90' lang='lat' dir='ltr'><strong>suis</strong></span> <span class='ocrx_word' id='word_1_122' title='bbox 1598 1738 1654 1786; x_wconf 90' lang='lat' dir='ltr'><strong>et</strong></span> <span class='ocrx_word' id='word_1_123' title='bbox 1692 1746 1791 1801; x_wconf 90' lang='lat' dir='ltr'><strong>pro</strong></span> <span class='ocrx_word' id='word_1_124' title='bbox 1840 1732 1950 1787; x_wconf 85' lang='lat' dir='ltr'><strong>Ru-</strong></span> 
     </span>
    </p>
   </div>
   <div class='ocr_carea' id='block_1_19' title="bbox 336 1815 1309 1893">
    <p class='ocr_par' dir='ltr' id='par_1_19' title="bbox 336 1815 1309 1893">
     <span class='ocr_line' id='line_1_19' title="bbox 336 1815 1309 1893; baseline 0.006 -24"><span class='ocrx_word' id='word_1_125' title='bbox 336 1815 522 1870; x_wconf 84' lang='lat' dir='ltr'><strong>thenis</strong></span> <span class='ocrx_word' id='word_1_126' title='bbox 549 1822 605 1870; x_wconf 90' lang='lat' dir='ltr'><strong>et</strong></span> <span class='ocrx_word' id='word_1_127' title='bbox 643 1816 975 1874; x_wconf 83' lang='lat' dir='ltr'><strong>Pannonicis</strong></span> <span class='ocrx_word' id='word_1_128' title='bbox 1000 1817 1309 1893; x_wconf 80' lang='lat' dir='ltr'><strong>delegabat.</strong></span> 
     </span>
    </p>
   </div>
   <div class='ocr_carea' id='block_1_20' title="bbox 758 1910 1513 1979">
    <p class='ocr_par' dir='ltr' id='par_1_20' title="bbox 758 1910 1513 1979">
     <span class='ocr_line' id='line_1_20' title="bbox 758 1910 1513 1979; baseline 0.007 -16"><span class='ocrx_word' id='word_1_129' title='bbox 758 1910 807 1963; x_wconf 75' lang='lat'><strong>5.</strong></span> <span class='ocrx_word' id='word_1_130' title='bbox 849 1910 1069 1965; x_wconf 85' lang='lat' dir='ltr'><strong>Obsidio</strong></span> <span class='ocrx_word' id='word_1_131' title='bbox 1109 1911 1376 1979; x_wconf 68' lang='lat' dir='ltr'><strong>Glogovias</strong></span> <span class='ocrx_word' id='word_1_132' title='bbox 1404 1912 1513 1968; x_wconf 64' lang='grc' dir='ltr'><strong>ηπ.</strong></span> 
     </span>
    </p>
   </div>
   <div class='ocr_carea' id='block_1_21' title="bbox 411 1998 1955 2066">
    <p class='ocr_par' dir='ltr' id='par_1_21' title="bbox 411 1998 1955 2066">
     <span class='ocr_line' id='line_1_21' title="bbox 411 1998 1955 2066; baseline 0.005 -14"><span class='ocrx_word' id='word_1_133' title='bbox 411 1998 590 2053; x_wconf 71' lang='lat' dir='ltr'><strong>Caesar</strong></span> <span class='ocrx_word' id='word_1_134' title='bbox 614 2004 797 2054; x_wconf 90' lang='lat' dir='ltr'><strong>autem</strong></span> <span class='ocrx_word' id='word_1_135' title='bbox 834 1998 940 2054; x_wconf 88' lang='lat' dir='ltr'><strong>iter</strong></span> <span class='ocrx_word' id='word_1_136' title='bbox 967 1998 1196 2066; x_wconf 87' lang='lat' dir='ltr'><strong>faciens,</strong></span> <span class='ocrx_word' id='word_1_137' title='bbox 1236 2015 1348 2057; x_wconf 89' lang='lat' dir='ltr'><strong>non</strong></span> <span class='ocrx_word' id='word_1_138' title='bbox 1371 2017 1590 2057; x_wconf 90' lang='lat' dir='ltr'><strong>sursum</strong></span> <span class='ocrx_word' id='word_1_139' title='bbox 1644 2003 1762 2059; x_wconf 87' lang='lat' dir='ltr'><strong>sive</strong></span> <span class='ocrx_word' id='word_1_140' title='bbox 1796 2005 1955 2060; x_wconf 90' lang='lat' dir='ltr'><strong>deor-</strong></span> 
     </span>
    </p>
   </div>
   <div class='ocr_carea' id='block_1_22' title="bbox 340 2090 1949 2162">
    <p class='ocr_par' dir='ltr' id='par_1_22' title="bbox 340 2090 1949 2162">
     <span class='ocr_line' id='line_1_22' title="bbox 340 2090 1949 2162; baseline 0.005 -19"><span class='ocrx_word' id='word_1_141' title='bbox 340 2105 464 2144; x_wconf 90' lang='lat' dir='ltr'><strong>sum</strong></span> <span class='ocrx_word' id='word_1_142' title='bbox 487 2090 627 2145; x_wconf 89' lang='lat' dir='ltr'><strong>vada</strong></span> <span class='ocrx_word' id='word_1_143' title='bbox 655 2090 977 2160; x_wconf 88' lang='lat' dir='ltr'><strong>temptando</strong></span> <span class='ocrx_word' id='word_1_144' title='bbox 1017 2090 1335 2156; x_wconf 88' lang='lat' dir='ltr'><strong>declinavit,</strong></span> <span class='ocrx_word' id='word_1_145' title='bbox 1371 2093 1467 2148; x_wconf 90' lang='lat' dir='ltr'><strong>sed</strong></span> <span class='ocrx_word' id='word_1_146' title='bbox 1491 2093 1645 2162; x_wconf 83' lang='lat' dir='ltr'><strong>juxta</strong></span> <span class='ocrx_word' id='word_1_147' title='bbox 1675 2094 1949 2151; x_wconf 88' lang='lat' dir='ltr'><strong>civitatem</strong></span> 
     </span>
    </p>
   </div>
   <div class='ocr_carea' id='block_1_23' title="bbox 344 2180 1947 2255">
    <p class='ocr_par' dir='ltr' id='par_1_23' title="bbox 344 2180 1947 2255">
     <span class='ocr_line' id='line_1_23' title="bbox 344 2180 1947 2255; baseline -0.001 -17"><span class='ocrx_word' id='word_1_148' title='bbox 344 2180 585 2255; x_wconf 73' lang='lat' dir='ltr'><strong>Glogovv,</strong></span> <span class='ocrx_word' id='word_1_149' title='bbox 608 2197 731 2237; x_wconf 92' lang='lat' dir='ltr'><strong>cum</strong></span> <span class='ocrx_word' id='word_1_150' title='bbox 760 2182 968 2253; x_wconf 89' lang='lat' dir='ltr'><strong>impetu</strong></span> <span class='ocrx_word' id='word_1_151' title='bbox 1004 2198 1102 2254; x_wconf 92' lang='lat' dir='ltr'><strong>per</strong></span> <span class='ocrx_word' id='word_1_152' title='bbox 1138 2183 1316 2238; x_wconf 92' lang='lat' dir='ltr'><strong>locum</strong></span> <span class='ocrx_word' id='word_1_153' title='bbox 1348 2184 1789 2240; x_wconf 77' lang='lat' dir='ltr'><strong>inaestimabilem</strong></span> <span class='ocrx_word' id='word_1_154' title='bbox 1838 2186 1947 2253; x_wconf 67' lang='lat'><strong>“75,</strong></span> 
     </span>
    </p>
   </div>
   <div class='ocr_carea' id='block_1_24' title="bbox 342 2268 1949 2345">
    <p class='ocr_par' dir='ltr' id='par_1_24' title="bbox 342 2268 1949 2345">
     <span class='ocr_line' id='line_1_24' title="bbox 342 2268 1949 2345; baseline 0.004 -23"><span class='ocrx_word' id='word_1_155' title='bbox 342 2268 495 2324; x_wconf 89' lang='lat' dir='ltr'><strong>nullo</strong></span> <span class='ocrx_word' id='word_1_156' title='bbox 556 2269 629 2323; x_wconf 90' lang='lat' dir='ltr'><strong>ibi</strong></span> <span class='ocrx_word' id='word_1_157' title='bbox 688 2269 973 2325; x_wconf 83' lang='lat' dir='ltr'><strong>transitum</strong></span> <span class='ocrx_word' id='word_1_158' title='bbox 1033 2271 1123 2305; x_wconf 67' lang='lat'><strong>“7°</strong></span> <span class='ocrx_word' id='word_1_159' title='bbox 1171 2271 1499 2342; x_wconf 67' lang='lat' dir='ltr'><strong>praesciente</strong></span> <span class='ocrx_word' id='word_1_160' title='bbox 1548 2273 1811 2345; x_wconf 88' lang='lat' dir='ltr'><strong>nulloque</strong></span> <span class='ocrx_word' id='word_1_161' title='bbox 1877 2274 1949 2329; x_wconf 86' lang='lat' dir='ltr'><strong>ibi</strong></span> 
     </span>
    </p>
   </div>
   <div class='ocr_carea' id='block_1_25' title="bbox 344 2365 1951 2442">
    <p class='ocr_par' dir='ltr' id='par_1_25' title="bbox 344 2365 1951 2442">
     <span class='ocr_line' id='line_1_25' title="bbox 344 2365 1951 2442; baseline 0.004 -23"><span class='ocrx_word' id='word_1_162' title='bbox 344 2365 654 2428; x_wconf 87' lang='lat' dir='ltr'><strong>resistente,</strong></span> <span class='ocrx_word' id='word_1_163' title='bbox 689 2381 812 2420; x_wconf 89' lang='lat' dir='ltr'><strong>cum</strong></span> <span class='ocrx_word' id='word_1_164' title='bbox 867 2366 1057 2421; x_wconf 88' lang='lat' dir='ltr'><strong>densis</strong></span> <span class='ocrx_word' id='word_1_165' title='bbox 1085 2367 1399 2442; x_wconf 70' lang='lat' dir='ltr'><strong>agminibus</strong></span> <span class='ocrx_word' id='word_1_166' title='bbox 1436 2375 1490 2424; x_wconf 92' lang='lat' dir='ltr'><strong>et</strong></span> <span class='ocrx_word' id='word_1_167' title='bbox 1539 2370 1784 2435; x_wconf 82' lang='lat' dir='ltr'><strong>armatis,</strong></span> <span class='ocrx_word' id='word_1_168' title='bbox 1838 2386 1951 2426; x_wconf 91' lang='lat' dir='ltr'><strong>non</strong></span> 
     </span>
    </p>
   </div>
   <div class='ocr_carea' id='block_1_26' title="bbox 341 2455 1949 2530">
    <p class='ocr_par' dir='ltr' id='par_1_26' title="bbox 341 2455 1949 2530">
     <span class='ocr_line' id='line_1_26' title="bbox 341 2455 1949 2530; baseline 0.006 -23"><span class='ocrx_word' id='word_1_169' title='bbox 341 2457 661 2525; x_wconf 63' lang='lat' dir='ltr'><strong>praeparatis</strong></span> <span class='ocrx_word' id='word_1_170' title='bbox 683 2455 918 2519; x_wconf 89' lang='lat' dir='ltr'><strong>civibus,</strong></span> <span class='ocrx_word' id='word_1_171' title='bbox 962 2457 1329 2512; x_wconf 86' lang='lat' dir='ltr'><strong>transvadavit</strong></span> <span class='ocrx_word' id='word_1_172' title='bbox 1367 2458 1537 2529; x_wconf 83' lang='lat'><strong>(166),</strong></span> <span class='ocrx_word' id='word_1_173' title='bbox 1560 2474 1660 2530; x_wconf 90' lang='lat' dir='ltr'><strong>per</strong></span> <span class='ocrx_word' id='word_1_174' title='bbox 1679 2459 1833 2515; x_wconf 87' lang='lat' dir='ltr'><strong>illum</strong></span> <span class='ocrx_word' id='word_1_175' title='bbox 1860 2460 1949 2516; x_wconf 91' lang='lat' dir='ltr'><strong>lo-</strong></span> 
     </span>
    </p>
   </div>
   <div class='ocr_carea' id='block_1_27' title="bbox 340 2548 1951 2623">
    <p class='ocr_par' dir='ltr' id='par_1_27' title="bbox 340 2548 1951 2623">
     <span class='ocr_line' id='line_1_27' title="bbox 340 2548 1951 2623; baseline 0.002 -20"><span class='ocrx_word' id='word_1_176' title='bbox 340 2563 488 2615; x_wconf 91' lang='lat' dir='ltr'><strong>cum,</strong></span> <span class='ocrx_word' id='word_1_177' title='bbox 524 2564 805 2620; x_wconf 88' lang='lat' dir='ltr'><strong>nunquam</strong></span> <span class='ocrx_word' id='word_1_178' title='bbox 848 2548 1163 2604; x_wconf 89' lang='lat' dir='ltr'><strong>castellanis</strong></span> <span class='ocrx_word' id='word_1_179' title='bbox 1210 2548 1620 2620; x_wconf 88' lang='lat' dir='ltr'><strong>dubitantibus,</strong></span> <span class='ocrx_word' id='word_1_180' title='bbox 1670 2567 1774 2606; x_wconf 90' lang='lat' dir='ltr'><strong>nec</strong></span> <span class='ocrx_word' id='word_1_181' title='bbox 1820 2567 1951 2623; x_wconf 90' lang='lat' dir='ltr'><strong>spe-</strong></span> 
     </span>
    </p>
   </div>
   <div class='ocr_carea' id='block_1_28' title="bbox 341 2636 1953 2695">
    <p class='ocr_par' dir='ltr' id='par_1_28' title="bbox 341 2636 1953 2695">
     <span class='ocr_line' id='line_1_28' title="bbox 341 2636 1953 2695; baseline 0.002 -5"><span class='ocrx_word' id='word_1_182' title='bbox 341 2636 592 2692; x_wconf 89' lang='lat' dir='ltr'><strong>rantibus</strong></span> <span class='ocrx_word' id='word_1_183' title='bbox 621 2637 1007 2693; x_wconf 86' lang='lat' dir='ltr'><strong>dubitandum.</strong></span> <span class='ocrx_word' id='word_1_184' title='bbox 1041 2636 1165 2692; x_wconf 85' lang='lat' dir='ltr'><strong>Erat</strong></span> <span class='ocrx_word' id='word_1_185' title='bbox 1192 2637 1339 2692; x_wconf 91' lang='lat' dir='ltr'><strong>enim</strong></span> <span class='ocrx_word' id='word_1_186' title='bbox 1362 2638 1536 2694; x_wconf 90' lang='lat' dir='ltr'><strong>sancti</strong></span> <span class='ocrx_word' id='word_1_187' title='bbox 1571 2639 1953 2695; x_wconf 72' lang='lat' dir='ltr'><strong>Bartholomiei</strong></span> 
     </span>
    </p>
   </div>
   <div class='ocr_carea' id='block_1_29' title="bbox 339 2728 1946 2801">
    <p class='ocr_par' dir='ltr' id='par_1_29' title="bbox 339 2728 1946 2801">
     <span class='ocr_line' id='line_1_29' title="bbox 339 2728 1946 2801; baseline 0.002 -19"><span class='ocrx_word' id='word_1_188' title='bbox 339 2728 572 2799; x_wconf 85' lang='lat' dir='ltr'><strong>apostoli</strong></span> <span class='ocrx_word' id='word_1_189' title='bbox 611 2730 731 2785; x_wconf 91' lang='lat' dir='ltr'><strong>dies</strong></span> <span class='ocrx_word' id='word_1_190' title='bbox 771 2728 941 2785; x_wconf 84' lang='lat' dir='ltr'><strong>festus</strong></span> <span class='ocrx_word' id='word_1_191' title='bbox 987 2731 1147 2797; x_wconf 74' lang='lat' dir='ltr'><strong>(Aug.</strong></span> <span class='ocrx_word' id='word_1_192' title='bbox 1198 2729 1313 2801; x_wconf 67' lang='lat'><strong>24),</strong></span> <span class='ocrx_word' id='word_1_193' title='bbox 1363 2730 1585 2801; x_wconf 89' lang='lat' dir='ltr'><strong>quando</strong></span> <span class='ocrx_word' id='word_1_194' title='bbox 1625 2746 1798 2786; x_wconf 61' lang='lat' dir='ltr'><strong>caesar</strong></span> <span class='ocrx_word' id='word_1_195' title='bbox 1848 2729 1946 2786; x_wconf 91' lang='lat' dir='ltr'><strong>ﬂu-</strong></span> 
     </span>
    </p>
   </div>
   <div class='ocr_carea' id='block_1_30' title="bbox 336 2819 1949 2894">
    <p class='ocr_par' dir='ltr' id='par_1_30' title="bbox 336 2819 1949 2894">
     <span class='ocr_line' id='line_1_30' title="bbox 336 2819 1949 2894; baseline 0.004 -21"><span class='ocrx_word' id='word_1_196' title='bbox 336 2819 487 2875; x_wconf 88' lang='lat' dir='ltr'><strong>vium</strong></span> <span class='ocrx_word' id='word_1_197' title='bbox 521 2822 842 2890; x_wconf 89' lang='lat' dir='ltr'><strong>transiebat,</strong></span> <span class='ocrx_word' id='word_1_198' title='bbox 885 2830 939 2877; x_wconf 91' lang='lat' dir='ltr'><strong>et</strong></span> <span class='ocrx_word' id='word_1_199' title='bbox 967 2829 1097 2877; x_wconf 91' lang='lat' dir='ltr'><strong>tunc</strong></span> <span class='ocrx_word' id='word_1_200' title='bbox 1127 2827 1272 2878; x_wconf 88' lang='lat' dir='ltr'><strong>totus</strong></span> <span class='ocrx_word' id='word_1_201' title='bbox 1311 2822 1548 2878; x_wconf 89' lang='lat' dir='ltr'><strong>civitatis</strong></span> <span class='ocrx_word' id='word_1_202' title='bbox 1600 2823 1838 2894; x_wconf 89' lang='lat' dir='ltr'><strong>populus</strong></span> <span class='ocrx_word' id='word_1_203' title='bbox 1862 2824 1949 2879; x_wconf 89' lang='lat' dir='ltr'><strong>di-</strong></span> 
     </span>
    </p>
   </div>
   <div class='ocr_carea' id='block_1_31' title="bbox 338 2910 1951 2983">
    <p class='ocr_par' dir='ltr' id='par_1_31' title="bbox 338 2910 1951 2983">
     <span class='ocr_line' id='line_1_31' title="bbox 338 2910 1951 2983; baseline 0.003 -21"><span class='ocrx_word' id='word_1_204' title='bbox 338 2910 527 2966; x_wconf 91' lang='lat' dir='ltr'><strong>vinum</strong></span> <span class='ocrx_word' id='word_1_205' title='bbox 569 2910 813 2967; x_wconf 82' lang='lat' dir='ltr'><strong>ofﬁcium</strong></span> <span class='ocrx_word' id='word_1_206' title='bbox 853 2911 1130 2967; x_wconf 88' lang='lat' dir='ltr'><strong>audiebat.</strong></span> <span class='ocrx_word' id='word_1_207' title='bbox 1176 2911 1331 2966; x_wconf 90' lang='lat' dir='ltr'><strong>Unde</strong></span> <span class='ocrx_word' id='word_1_208' title='bbox 1359 2919 1595 2972; x_wconf 87' lang='lat' dir='ltr'><strong>constat.</strong></span> <span class='ocrx_word' id='word_1_209' title='bbox 1634 2913 1762 2983; x_wconf 90' lang='lat' dir='ltr'><strong>quia</strong></span> <span class='ocrx_word' id='word_1_210' title='bbox 1789 2928 1951 2969; x_wconf 89' lang='lat' dir='ltr'><strong>secu-</strong></span> 
     </span>
    </p>
   </div>
   <div class='ocr_carea' id='block_1_32' title="bbox 337 3003 1951 3077">
    <p class='ocr_par' dir='ltr' id='par_1_32' title="bbox 337 3003 1951 3077">
     <span class='ocr_line' id='line_1_32' title="bbox 337 3003 1951 3077; baseline -0.001 -14"><span class='ocrx_word' id='word_1_211' title='bbox 337 3024 434 3063; x_wconf 90' lang='lat' dir='ltr'><strong>rus</strong></span> <span class='ocrx_word' id='word_1_212' title='bbox 472 3013 527 3061; x_wconf 90' lang='lat' dir='ltr'><strong>et</strong></span> <span class='ocrx_word' id='word_1_213' title='bbox 552 3005 673 3060; x_wconf 90' lang='lat' dir='ltr'><strong>sine</strong></span> <span class='ocrx_word' id='word_1_214' title='bbox 712 3003 963 3076; x_wconf 86' lang='lat' dir='ltr'><strong>periculo</strong></span> <span class='ocrx_word' id='word_1_215' title='bbox 999 3004 1365 3074; x_wconf 84' lang='lat' dir='ltr'><strong>pertransivit,</strong></span> <span class='ocrx_word' id='word_1_216' title='bbox 1413 3006 1764 3077; x_wconf 62' lang='lat' dir='ltr'><strong>praedamque</strong></span> <span class='ocrx_word' id='word_1_217' title='bbox 1808 3006 1951 3061; x_wconf 90' lang='lat' dir='ltr'><strong>mul-</strong></span> 
     </span>
    </p>
   </div>
   <div class='ocr_carea' id='block_1_33' title="bbox 340 3096 1949 3169">
    <p class='ocr_par' dir='ltr' id='par_1_33' title="bbox 340 3096 1949 3169">
     <span class='ocr_line' id='line_1_33' title="bbox 340 3096 1949 3169; baseline -0.001 -15"><span class='ocrx_word' id='word_1_218' title='bbox 340 3108 451 3156; x_wconf 86' lang='lat' dir='ltr'><strong>tam</strong></span> <span class='ocrx_word' id='word_1_219' title='bbox 483 3106 538 3154; x_wconf 92' lang='lat' dir='ltr'><strong>et</strong></span> <span class='ocrx_word' id='word_1_220' title='bbox 592 3097 845 3153; x_wconf 91' lang='lat' dir='ltr'><strong>homines</strong></span> <span class='ocrx_word' id='word_1_221' title='bbox 901 3102 956 3152; x_wconf 90' lang='lat' dir='ltr'><strong>et</strong></span> <span class='ocrx_word' id='word_1_222' title='bbox 985 3096 1148 3151; x_wconf 89' lang='lat' dir='ltr'><strong>etiam</strong></span> <span class='ocrx_word' id='word_1_223' title='bbox 1197 3097 1437 3152; x_wconf 91' lang='lat' dir='ltr'><strong>tentoria</strong></span> <span class='ocrx_word' id='word_1_224' title='bbox 1490 3098 1635 3153; x_wconf 90' lang='lat' dir='ltr'><strong>circa</strong></span> <span class='ocrx_word' id='word_1_225' title='bbox 1680 3098 1949 3169; x_wconf 84' lang='lat' dir='ltr'><strong>Oppidum</strong></span> 
     </span>
    </p>
   </div>
   <div class='ocr_carea' id='block_1_34' title="bbox 334 3186 1943 3260">
    <p class='ocr_par' dir='ltr' id='par_1_34' title="bbox 334 3186 1943 3260">
     <span class='ocr_line' id='line_1_34' title="bbox 334 3186 1943 3260; baseline -0.001 -16"><span class='ocrx_word' id='word_1_226' title='bbox 334 3187 646 3260; x_wconf 88' lang='lat' dir='ltr'><strong>acquisivit.</strong></span> <span class='ocrx_word' id='word_1_227' title='bbox 696 3187 892 3242; x_wconf 89' lang='lat' dir='ltr'><strong>Eorum</strong></span> <span class='ocrx_word' id='word_1_228' title='bbox 948 3200 1171 3257; x_wconf 87' lang='lat' dir='ltr'><strong>quoque</strong></span> <span class='ocrx_word' id='word_1_229' title='bbox 1230 3186 1471 3256; x_wconf 90' lang='lat' dir='ltr'><strong>plurimi,</strong></span> <span class='ocrx_word' id='word_1_230' title='bbox 1548 3186 1643 3259; x_wconf 91' lang='lat' dir='ltr'><strong>qui</strong></span> <span class='ocrx_word' id='word_1_231' title='bbox 1708 3196 1943 3243; x_wconf 88' lang='lat' dir='ltr'><strong>castrum</strong></span> 
     </span>
    </p>
   </div>
   <div class='ocr_carea' id='block_1_35' title="bbox 341 3278 1947 3341">
    <p class='ocr_par' dir='ltr' id='par_1_35' title="bbox 341 3278 1947 3341">
     <span class='ocr_line' id='line_1_35' title="bbox 341 3278 1947 3341; baseline -0.001 -7"><span class='ocrx_word' id='word_1_232' title='bbox 341 3279 643 3335; x_wconf 85' lang='lat' dir='ltr'><strong>defendere</strong></span> <span class='ocrx_word' id='word_1_233' title='bbox 677 3283 960 3341; x_wconf 88' lang='lat' dir='ltr'><strong>venerant,</strong></span> <span class='ocrx_word' id='word_1_234' title='bbox 1016 3282 1070 3331; x_wconf 92' lang='lat' dir='ltr'><strong>et</strong></span> <span class='ocrx_word' id='word_1_235' title='bbox 1111 3285 1264 3332; x_wconf 89' lang='lat' dir='ltr'><strong>extra</strong></span> <span class='ocrx_word' id='word_1_236' title='bbox 1318 3284 1555 3333; x_wconf 91' lang='lat' dir='ltr'><strong>castrum</strong></span> <span class='ocrx_word' id='word_1_237' title='bbox 1597 3278 1651 3333; x_wconf 90' lang='lat' dir='ltr'><strong>in</strong></span> <span class='ocrx_word' id='word_1_238' title='bbox 1695 3278 1947 3334; x_wconf 89' lang='lat' dir='ltr'><strong>tentoriis</strong></span> 
     </span>
    </p>
   </div>
   <div class='ocr_carea' id='block_1_36' title="bbox 316 3369 1947 3443">
    <p class='ocr_par' dir='ltr' id='par_1_36' title="bbox 316 3369 1947 3443">
     <span class='ocr_line' id='line_1_36' title="bbox 316 3369 1947 3443; baseline 0 -16"><span class='ocrx_word' id='word_1_239' title='bbox 316 3369 678 3436; x_wconf 67' lang='lat' dir='ltr'><strong>residebant,</strong></span> <span class='ocrx_word' id='word_1_240' title='bbox 711 3385 742 3424; x_wconf 89' lang='lat' dir='ltr'><strong>a</strong></span> <span class='ocrx_word' id='word_1_241' title='bbox 786 3384 987 3424; x_wconf 58' lang='lat' dir='ltr'><strong>caesare</strong></span> <span class='ocrx_word' id='word_1_242' title='bbox 1042 3369 1131 3403; x_wconf 72' lang='lat'><strong>“&quot;7</strong></span> <span class='ocrx_word' id='word_1_243' title='bbox 1160 3377 1399 3424; x_wconf 90' lang='lat' dir='ltr'><strong>castrum</strong></span> <span class='ocrx_word' id='word_1_244' title='bbox 1427 3381 1557 3426; x_wconf 91' lang='lat' dir='ltr'><strong>sunt</strong></span> <span class='ocrx_word' id='word_1_245' title='bbox 1585 3372 1790 3427; x_wconf 89' lang='lat' dir='ltr'><strong>intrare</strong></span> <span class='ocrx_word' id='word_1_246' title='bbox 1819 3387 1947 3443; x_wconf 89' lang='lat' dir='ltr'><strong>pro-</strong></span> 
     </span>
    </p>
   </div>
   <div class='ocr_carea' id='block_1_37' title="bbox 340 3460 1943 3534">
    <p class='ocr_par' dir='ltr' id='par_1_37' title="bbox 340 3460 1943 3534">
     <span class='ocr_line' id='line_1_37' title="bbox 340 3460 1943 3534; baseline 0.001 -16"><span class='ocrx_word' id='word_1_247' title='bbox 340 3462 521 3529; x_wconf 90' lang='lat' dir='ltr'><strong>hibiti,</strong></span> <span class='ocrx_word' id='word_1_248' title='bbox 556 3461 780 3533; x_wconf 88' lang='lat' dir='ltr'><strong>quidam</strong></span> <span class='ocrx_word' id='word_1_249' title='bbox 812 3460 890 3515; x_wconf 94' lang='lat' dir='ltr'><strong>ibi</strong></span> <span class='ocrx_word' id='word_1_250' title='bbox 923 3460 1108 3516; x_wconf 90' lang='lat' dir='ltr'><strong>subito</strong></span> <span class='ocrx_word' id='word_1_251' title='bbox 1156 3461 1353 3516; x_wconf 88' lang='lat' dir='ltr'><strong>retenti</strong></span> <span class='ocrx_word' id='word_1_252' title='bbox 1396 3462 1508 3527; x_wconf 63' lang='grc' dir='ltr'><strong>ηπ,</strong></span> <span class='ocrx_word' id='word_1_253' title='bbox 1540 3463 1763 3534; x_wconf 90' lang='lat' dir='ltr'><strong>quidam</strong></span> <span class='ocrx_word' id='word_1_254' title='bbox 1813 3480 1943 3519; x_wconf 91' lang='lat' dir='ltr'><strong>vero</strong></span> 
     </span>
    </p>
   </div>
   <div class='ocr_carea' id='block_1_38' title="bbox 334 3552 1946 3629">
    <p class='ocr_par' dir='ltr' id='par_1_38' title="bbox 334 3552 1946 3629">
     <span class='ocr_line' id='line_1_38' title="bbox 334 3552 1946 3629; baseline 0.001 -20"><span class='ocrx_word' id='word_1_255' title='bbox 334 3555 466 3629; x_wconf 83' lang='lat' dir='ltr'><strong>fuga</strong></span> <span class='ocrx_word' id='word_1_256' title='bbox 510 3553 599 3588; x_wconf 68' lang='lat'><strong>“79</strong></span> <span class='ocrx_word' id='word_1_257' title='bbox 654 3552 1022 3608; x_wconf 87' lang='lat' dir='ltr'><strong>subveniente</strong></span> <span class='ocrx_word' id='word_1_258' title='bbox 1077 3552 1170 3586; x_wconf 67' lang='lat'><strong>“3°</strong></span> <span class='ocrx_word' id='word_1_259' title='bbox 1217 3552 1434 3608; x_wconf 88' lang='lat' dir='ltr'><strong>liberati</strong></span> <span class='ocrx_word' id='word_1_260' title='bbox 1507 3554 1746 3619; x_wconf 83' lang='lat' dir='ltr'><strong>Quorum</strong></span> <span class='ocrx_word' id='word_1_261' title='bbox 1802 3572 1946 3611; x_wconf 90' lang='lat' dir='ltr'><strong>unus</strong></span> 
     </span>
    </p>
   </div>
   <div class='ocr_carea' id='block_1_39' title="bbox 335 3641 1947 3717">
    <p class='ocr_par' dir='ltr' id='par_1_39' title="bbox 335 3641 1947 3717">
     <span class='ocr_line' id='line_1_39' title="bbox 335 3641 1947 3717; baseline 0.002 -20"><span class='ocrx_word' id='word_1_262' title='bbox 335 3642 623 3699; x_wconf 87' lang='lat' dir='ltr'><strong>Bolezlavo</strong></span> <span class='ocrx_word' id='word_1_263' title='bbox 652 3641 868 3717; x_wconf 84' lang='lat' dir='ltr'><strong>fugiens</strong></span> <span class='ocrx_word' id='word_1_264' title='bbox 897 3642 1159 3710; x_wconf 86' lang='lat' dir='ltr'><strong>obviavit,</strong></span> <span class='ocrx_word' id='word_1_265' title='bbox 1191 3643 1283 3715; x_wconf 92' lang='lat' dir='ltr'><strong>qui</strong></span> <span class='ocrx_word' id='word_1_266' title='bbox 1314 3650 1512 3699; x_wconf 91' lang='lat' dir='ltr'><strong>cuncta</strong></span> <span class='ocrx_word' id='word_1_267' title='bbox 1538 3661 1662 3716; x_wconf 84' lang='lat' dir='ltr'><strong>quae</strong></span> <span class='ocrx_word' id='word_1_268' title='bbox 1696 3646 1947 3716; x_wconf 74' lang='lat' dir='ltr'><strong>contige-</strong></span> 
     </span>
    </p>
   </div>
   <div class='ocr_carea' id='block_1_40' title="bbox 334 3731 1946 3791">
    <p class='ocr_par' dir='ltr' id='par_1_40' title="bbox 334 3731 1946 3791">
     <span class='ocr_line' id='line_1_40' title="bbox 334 3731 1946 3791; baseline 0.002 -3"><span class='ocrx_word' id='word_1_269' title='bbox 334 3743 457 3788; x_wconf 90' lang='lat' dir='ltr'><strong>rant</strong></span> <span class='ocrx_word' id='word_1_270' title='bbox 480 3732 770 3787; x_wconf 88' lang='lat' dir='ltr'><strong>enarravit.</strong></span> <span class='ocrx_word' id='word_1_271' title='bbox 812 3731 963 3787; x_wconf 90' lang='lat' dir='ltr'><strong>Tunc</strong></span> <span class='ocrx_word' id='word_1_272' title='bbox 986 3747 1116 3788; x_wconf 89' lang='lat' dir='ltr'><strong>vero</strong></span> <span class='ocrx_word' id='word_1_273' title='bbox 1171 3732 1488 3789; x_wconf 86' lang='lat' dir='ltr'><strong>Bolezlavus</strong></span> <span class='ocrx_word' id='word_1_274' title='bbox 1528 3750 1639 3790; x_wconf 89' lang='lat' dir='ltr'><strong>non</strong></span> <span class='ocrx_word' id='word_1_275' title='bbox 1680 3734 1823 3791; x_wconf 92' lang='lat' dir='ltr'><strong>sicut</strong></span> <span class='ocrx_word' id='word_1_276' title='bbox 1867 3735 1946 3791; x_wconf 90' lang='lat' dir='ltr'><strong>le-</strong></span> 
     </span>
    </p>
   </div>
   <div class='ocr_carea' id='block_1_41' title="bbox 336 3824 1950 3895">
    <p class='ocr_par' dir='ltr' id='par_1_41' title="bbox 336 3824 1950 3895">
     <span class='ocr_line' id='line_1_41' title="bbox 336 3824 1950 3895; baseline 0.001 -16"><span class='ocrx_word' id='word_1_277' title='bbox 336 3841 442 3895; x_wconf 88' lang='lat' dir='ltr'><strong>pus</strong></span> <span class='ocrx_word' id='word_1_278' title='bbox 472 3824 859 3880; x_wconf 89' lang='lat' dir='ltr'><strong>formidolosus</strong></span> <span class='ocrx_word' id='word_1_279' title='bbox 888 3824 1129 3889; x_wconf 89' lang='lat' dir='ltr'><strong>evanuit,</strong></span> <span class='ocrx_word' id='word_1_280' title='bbox 1171 3825 1270 3881; x_wconf 90' lang='lat' dir='ltr'><strong>scd</strong></span> <span class='ocrx_word' id='word_1_281' title='bbox 1299 3841 1429 3881; x_wconf 92' lang='lat' dir='ltr'><strong>suos</strong></span> <span class='ocrx_word' id='word_1_282' title='bbox 1465 3826 1607 3881; x_wconf 88' lang='lat' dir='ltr'><strong>sicut</strong></span> <span class='ocrx_word' id='word_1_283' title='bbox 1643 3826 1804 3882; x_wconf 86' lang='lat' dir='ltr'><strong>miles</strong></span> <span class='ocrx_word' id='word_1_284' title='bbox 1833 3828 1950 3881; x_wconf 87' lang='lat' dir='ltr'><strong>ani-</strong></span> 
     </span>
    </p>
   </div>
   <div class='ocr_carea' id='block_1_42' title="bbox 345 3914 1950 3990">
    <p class='ocr_par' dir='ltr' id='par_1_42' title="bbox 345 3914 1950 3990">
     <span class='ocr_line' id='line_1_42' title="bbox 345 3914 1950 3990; baseline 0 -19"><span class='ocrx_word' id='word_1_285' title='bbox 345 3931 527 3971; x_wconf 80' lang='lat' dir='ltr'><strong>mosus</strong></span> <span class='ocrx_word' id='word_1_286' title='bbox 555 3914 886 3970; x_wconf 89' lang='lat' dir='ltr'><strong>ammonuit:</strong></span> <span class='ocrx_word' id='word_1_287' title='bbox 949 3915 992 3971; x_wconf 94' lang='lat' dir='ltr'><strong>O</strong></span> <span class='ocrx_word' id='word_1_288' title='bbox 1050 3917 1345 3983; x_wconf 77' lang='lat' dir='ltr'><strong>fortissimi</strong></span> <span class='ocrx_word' id='word_1_289' title='bbox 1397 3918 1616 3983; x_wconf 80' lang='lat' dir='ltr'><strong>milites,</strong></span> <span class='ocrx_word' id='word_1_290' title='bbox 1665 3917 1950 3990; x_wconf 81' lang='lat' dir='ltr'><strong>inquiens,</strong></span> 
     </span>
    </p>
   </div>
   <div class='ocr_carea' id='block_1_43' title="bbox 340 4005 1948 4079">
    <p class='ocr_par' dir='ltr' id='par_1_43' title="bbox 340 4005 1948 4079">
     <span class='ocr_line' id='line_1_43' title="bbox 340 4005 1948 4079; baseline 0.002 -18"><span class='ocrx_word' id='word_1_291' title='bbox 340 4010 399 4061; x_wconf 87' lang='lat' dir='ltr'><strong>in</strong></span> <span class='ocrx_word' id='word_1_292' title='bbox 427 4007 612 4061; x_wconf 85' lang='lat' dir='ltr'><strong>multis</strong></span> <span class='ocrx_word' id='word_1_293' title='bbox 658 4021 857 4060; x_wconf 86' lang='lat' dir='ltr'><strong>mecum</strong></span> <span class='ocrx_word' id='word_1_294' title='bbox 917 4005 1067 4061; x_wconf 80' lang='lat' dir='ltr'><strong>bellis</strong></span> <span class='ocrx_word' id='word_1_295' title='bbox 1117 4011 1167 4062; x_wconf 90' lang='lat' dir='ltr'><strong>et</strong></span> <span class='ocrx_word' id='word_1_296' title='bbox 1216 4008 1649 4078; x_wconf 70' lang='lat' dir='ltr'><strong>expeditionibus</strong></span> <span class='ocrx_word' id='word_1_297' title='bbox 1699 4011 1948 4079; x_wconf 82' lang='lat' dir='ltr'><strong>fatigati,</strong></span> 
     </span>
    </p>
   </div>
   <div class='ocr_carea' id='block_1_44' title="bbox 340 4098 1953 4168">
    <p class='ocr_par' dir='ltr' id='par_1_44' title="bbox 340 4098 1953 4168">
     <span class='ocr_line' id='line_1_44' title="bbox 340 4098 1953 4168; baseline 0.001 -16"><span class='ocrx_word' id='word_1_298' title='bbox 340 4113 480 4152; x_wconf 79' lang='lat' dir='ltr'><strong>nunc</strong></span> <span class='ocrx_word' id='word_1_299' title='bbox 518 4112 725 4168; x_wconf 85' lang='lat' dir='ltr'><strong>quoque</strong></span> <span class='ocrx_word' id='word_1_300' title='bbox 760 4111 965 4151; x_wconf 87' lang='lat' dir='ltr'><strong>mecum</strong></span> <span class='ocrx_word' id='word_1_301' title='bbox 993 4100 1153 4152; x_wconf 88' lang='lat' dir='ltr'><strong>estote</strong></span> <span class='ocrx_word' id='word_1_302' title='bbox 1197 4113 1303 4168; x_wconf 89' lang='lat' dir='ltr'><strong>pro</strong></span> <span class='ocrx_word' id='word_1_303' title='bbox 1333 4098 1577 4154; x_wconf 81' lang='lat' dir='ltr'><strong>libertate</strong></span> <span class='ocrx_word' id='word_1_304' title='bbox 1609 4100 1844 4154; x_wconf 80' lang='lat' dir='ltr'><strong>Polonue</strong></span> <span class='ocrx_word' id='word_1_305' title='bbox 1870 4101 1953 4155; x_wconf 77' lang='lat' dir='ltr'><strong>vel</strong></span> 
     </span>
    </p>
   </div>
   <div class='ocr_carea' id='block_1_45' title="bbox 336 4189 1953 4261">
    <p class='ocr_par' dir='ltr' id='par_1_45' title="bbox 336 4189 1953 4261">
     <span class='ocr_line' id='line_1_45' title="bbox 336 4189 1953 4261; baseline 0.001 -16"><span class='ocrx_word' id='word_1_306' title='bbox 336 4191 477 4245; x_wconf 84' lang='lat' dir='ltr'><strong>mori</strong></span> <span class='ocrx_word' id='word_1_307' title='bbox 530 4189 614 4243; x_wconf 84' lang='lat' dir='ltr'><strong>vel</strong></span> <span class='ocrx_word' id='word_1_308' title='bbox 660 4190 839 4243; x_wconf 81' lang='lat' dir='ltr'><strong>vivere</strong></span> <span class='ocrx_word' id='word_1_309' title='bbox 873 4190 1177 4259; x_wconf 74' lang='lat' dir='ltr'><strong>praeparati</strong></span> <span class='ocrx_word' id='word_1_310' title='bbox 1231 4189 1341 4242; x_wconf 62' lang='lat'><strong>“&#39;3&#39;.</strong></span> <span class='ocrx_word' id='word_1_311' title='bbox 1397 4193 1511 4258; x_wconf 89' lang='lat' dir='ltr'><strong>Ego</strong></span> <span class='ocrx_word' id='word_1_312' title='bbox 1557 4192 1775 4261; x_wconf 83' lang='lat' dir='ltr'><strong>quidem</strong></span> <span class='ocrx_word' id='word_1_313' title='bbox 1831 4191 1953 4261; x_wconf 85' lang='lat' dir='ltr'><strong>jam</strong></span> 
     </span>
    </p>
   </div>
   <div class='ocr_carea' id='block_1_46' title="bbox 336 4276 1949 4347">
    <p class='ocr_par' dir='ltr' id='par_1_46' title="bbox 336 4276 1949 4347">
     <span class='ocr_line' id='line_1_46' title="bbox 336 4276 1949 4347; baseline 0.002 -16"><span class='ocrx_word' id='word_1_314' title='bbox 336 4293 455 4332; x_wconf 87' lang='lat' dir='ltr'><strong>cum</strong></span> <span class='ocrx_word' id='word_1_315' title='bbox 489 4276 579 4310; x_wconf 71' lang='grc' dir='ltr'><strong>¹¹ο⁸¹</strong></span> <span class='ocrx_word' id='word_1_316' title='bbox 619 4280 728 4331; x_wconf 87' lang='lat' dir='ltr'><strong>tam</strong></span> <span class='ocrx_word' id='word_1_317' title='bbox 756 4292 936 4346; x_wconf 85' lang='lat' dir='ltr'><strong>parua</strong></span> <span class='ocrx_word' id='word_1_318' title='bbox 966 4292 1131 4332; x_wconf 82' lang='lat' dir='ltr'><strong>manu</strong></span> <span class='ocrx_word' id='word_1_319' title='bbox 1152 4279 1404 4347; x_wconf 69' lang='lat' dir='ltr'><strong>praelium</strong></span> <span class='ocrx_word' id='word_1_320' title='bbox 1433 4279 1598 4333; x_wconf 88' lang='lat' dir='ltr'><strong>libens</strong></span> <span class='ocrx_word' id='word_1_321' title='bbox 1636 4284 1825 4335; x_wconf 86' lang='lat' dir='ltr'><strong>contra</strong></span> <span class='ocrx_word' id='word_1_322' title='bbox 1850 4296 1949 4335; x_wconf 64' lang='lat' dir='ltr'><strong>car-</strong></span> 
     </span>
    </p>
   </div>
   <div class='ocr_carea' id='block_1_47' title="bbox 334 4373 1946 4443">
    <p class='ocr_par' dir='ltr' id='par_1_47' title="bbox 334 4373 1946 4443">
     <span class='ocr_line' id='line_1_47' title="bbox 334 4373 1946 4443; baseline 0.002 -17"><span class='ocrx_word' id='word_1_323' title='bbox 334 4386 512 4426; x_wconf 84' lang='lat' dir='ltr'><strong>sarem</strong></span> <span class='ocrx_word' id='word_1_324' title='bbox 542 4373 753 4437; x_wconf 85' lang='lat' dir='ltr'><strong>inirem,</strong></span> <span class='ocrx_word' id='word_1_325' title='bbox 798 4373 849 4425; x_wconf 89' lang='lat' dir='ltr'><strong>si</strong></span> <span class='ocrx_word' id='word_1_326' title='bbox 886 4374 1078 4426; x_wconf 79' lang='lat' dir='ltr'><strong>scirem</strong></span> <span class='ocrx_word' id='word_1_327' title='bbox 1119 4388 1221 4442; x_wconf 89' lang='lat' dir='ltr'><strong>pro</strong></span> <span class='ocrx_word' id='word_1_328' title='bbox 1250 4376 1414 4439; x_wconf 87' lang='lat' dir='ltr'><strong>certo,</strong></span> <span class='ocrx_word' id='word_1_329' title='bbox 1461 4373 1606 4443; x_wconf 89' lang='lat' dir='ltr'><strong>quod</strong></span> <span class='ocrx_word' id='word_1_330' title='bbox 1633 4376 1800 4429; x_wconf 86' lang='lat' dir='ltr'><strong>etiam</strong></span> <span class='ocrx_word' id='word_1_331' title='bbox 1848 4376 1946 4443; x_wconf 75' lang='lat' dir='ltr'><strong>ibi,</strong></span> 
     </span>
    </p>
   </div>
   <div class='ocr_carea' id='block_1_48' title="bbox 1966 1814 2017 1883">
    <p class='ocr_par' dir='ltr' id='par_1_48' title="bbox 1966 1814 2017 1883">
     <span class='ocr_line' id='line_1_48' title="bbox 1966 1814 2017 1883; baseline 0 0"><span class='ocrx_word' id='word_1_332' title='bbox 1966 1814 2017 1883; x_wconf 90' lang='grc' dir='ltr'><strong>Β</strong></span> 
     </span>
    </p>
   </div>
   <div class='ocr_carea' id='block_1_49' title="bbox 2051 530 2473 604">
    <p class='ocr_par' dir='ltr' id='par_1_49' title="bbox 2051 530 2473 604">
     <span class='ocr_line' id='line_1_49' title="bbox 2051 530 2473 604; baseline 0.002 -19"><span class='ocrx_word' id='word_1_333' title='bbox 2051 536 2266 587; x_wconf 89' lang='lat' dir='ltr'><strong>struere</strong></span> <span class='ocrx_word' id='word_1_334' title='bbox 2286 530 2473 604; x_wconf 86' lang='lat' dir='ltr'><strong>coepit.</strong></span> 
     </span>
    </p>
   </div>
   <div class='ocr_carea' id='block_1_50' title="bbox 2386 624 3312 692">
    <p class='ocr_par' dir='ltr' id='par_1_50' title="bbox 2386 624 3312 692">
     <span class='ocr_line' id='line_1_50' title="bbox 2386 624 3312 692; baseline 0.001 -13"><span class='ocrx_word' id='word_1_335' title='bbox 2386 624 2439 679; x_wconf 87' lang='lat'><strong>6.</strong></span> <span class='ocrx_word' id='word_1_336' title='bbox 2470 625 2703 680; x_wconf 68' lang='lat' dir='ltr'><strong>Inducia:</strong></span> <span class='ocrx_word' id='word_1_337' title='bbox 2742 625 3172 692; x_wconf 80' lang='lat' dir='ltr'><strong>Glogouiensium</strong></span> <span class='ocrx_word' id='word_1_338' title='bbox 3202 624 3312 680; x_wconf 67' lang='grc'><strong>³⁸⁸³.</strong></span> 
     </span>
    </p>
   </div>
   <div class='ocr_carea' id='block_1_51' title="bbox 2129 718 3661 793">
    <p class='ocr_par' dir='ltr' id='par_1_51' title="bbox 2129 718 3661 793">
     <span class='ocr_line' id='line_1_51' title="bbox 2129 718 3661 793; baseline 0 -20"><span class='ocrx_word' id='word_1_339' title='bbox 2129 719 2351 774; x_wconf 85' lang='lat' dir='ltr'><strong>[nterim</strong></span> <span class='ocrx_word' id='word_1_340' title='bbox 2400 733 2531 775; x_wconf 89' lang='lat' dir='ltr'><strong>vero</strong></span> <span class='ocrx_word' id='word_1_341' title='bbox 2586 734 2758 774; x_wconf 67' lang='lat' dir='ltr'><strong>caesar</strong></span> <span class='ocrx_word' id='word_1_342' title='bbox 2810 734 2840 773; x_wconf 91' lang='lat' dir='ltr'><strong>a</strong></span> <span class='ocrx_word' id='word_1_343' title='bbox 2896 718 3358 793; x_wconf 76' lang='lat' dir='ltr'><strong>Glogoviensibus</strong></span> <span class='ocrx_word' id='word_1_344' title='bbox 3436 719 3661 775; x_wconf 88' lang='lat' dir='ltr'><strong>obsides</strong></span> 
     </span>
    </p>
   </div>
   <div class='ocr_carea' id='block_1_52' title="bbox 2055 805 3658 881">
    <p class='ocr_par' dir='ltr' id='par_1_52' title="bbox 2055 805 3658 881">
     <span class='ocr_line' id='line_1_52' title="bbox 2055 805 3658 881; baseline 0.004 -22"><span class='ocrx_word' id='word_1_345' title='bbox 2055 805 2148 862; x_wconf 88' lang='lat' dir='ltr'><strong>tali</strong></span> <span class='ocrx_word' id='word_1_346' title='bbox 2201 808 2295 843; x_wconf 65' lang='lat'><strong>“3‘</strong></span> <span class='ocrx_word' id='word_1_347' title='bbox 2348 807 2667 864; x_wconf 90' lang='lat' dir='ltr'><strong>conditione</strong></span> <span class='ocrx_word' id='word_1_348' title='bbox 2715 808 2820 863; x_wconf 91' lang='lat' dir='ltr'><strong>sub</strong></span> <span class='ocrx_word' id='word_1_349' title='bbox 2871 807 3235 877; x_wconf 85' lang='lat' dir='ltr'><strong>jurejurando</strong></span> <span class='ocrx_word' id='word_1_350' title='bbox 3282 807 3492 877; x_wconf 91' lang='lat' dir='ltr'><strong>recepit</strong></span> <span class='ocrx_word' id='word_1_351' title='bbox 3546 807 3658 881; x_wconf 62' lang='grc' dir='ltr'><strong>ωδ,</strong></span> 
     </span>
    </p>
   </div>
   <div class='ocr_carea' id='block_1_53' title="bbox 2050 897 3662 973">
    <p class='ocr_par' dir='ltr' id='par_1_53' title="bbox 2050 897 3662 973">
     <span class='ocr_line' id='line_1_53' title="bbox 2050 897 3662 973; baseline -0.003 -17"><span class='ocrx_word' id='word_1_352' title='bbox 2050 901 2197 972; x_wconf 90' lang='lat' dir='ltr'><strong>quod</strong></span> <span class='ocrx_word' id='word_1_353' title='bbox 2227 901 2274 955; x_wconf 87' lang='lat' dir='ltr'><strong>si</strong></span> <span class='ocrx_word' id='word_1_354' title='bbox 2305 915 2497 971; x_wconf 91' lang='lat' dir='ltr'><strong>pacem</strong></span> <span class='ocrx_word' id='word_1_355' title='bbox 2531 900 2614 956; x_wconf 90' lang='lat' dir='ltr'><strong>vel</strong></span> <span class='ocrx_word' id='word_1_356' title='bbox 2644 898 2887 973; x_wconf 88' lang='lat' dir='ltr'><strong>aliquam</strong></span> <span class='ocrx_word' id='word_1_357' title='bbox 2920 899 3229 971; x_wconf 88' lang='lat' dir='ltr'><strong>pactionem</strong></span> <span class='ocrx_word' id='word_1_358' title='bbox 3256 897 3400 953; x_wconf 82' lang='lat' dir='ltr'><strong>infra</strong></span> <span class='ocrx_word' id='word_1_359' title='bbox 3424 898 3662 969; x_wconf 88' lang='lat' dir='ltr'><strong>spatium</strong></span> 
     </span>
    </p>
   </div>
   <div class='ocr_carea' id='block_1_54' title="bbox 2055 993 3663 1072">
    <p class='ocr_par' dir='ltr' id='par_1_54' title="bbox 2055 993 3663 1072">
     <span class='ocr_line' id='line_1_54' title="bbox 2055 993 3663 1072; baseline 0.001 -23"><span class='ocrx_word' id='word_1_360' title='bbox 2055 994 2305 1067; x_wconf 89' lang='lat' dir='ltr'><strong>quinque</strong></span> <span class='ocrx_word' id='word_1_361' title='bbox 2360 994 2573 1050; x_wconf 91' lang='lat' dir='ltr'><strong>dierum</strong></span> <span class='ocrx_word' id='word_1_362' title='bbox 2629 996 2794 1051; x_wconf 89' lang='lat' dir='ltr'><strong>missa</strong></span> <span class='ocrx_word' id='word_1_363' title='bbox 2830 996 3108 1072; x_wconf 78' lang='lat' dir='ltr'><strong>legatione</strong></span> <span class='ocrx_word' id='word_1_364' title='bbox 3156 996 3303 1052; x_wconf 89' lang='lat' dir='ltr'><strong>cives</strong></span> <span class='ocrx_word' id='word_1_365' title='bbox 3356 993 3663 1063; x_wconf 81' lang='lat' dir='ltr'><strong>efﬁcerent,</strong></span> 
     </span>
    </p>
   </div>
   <div class='ocr_carea' id='block_1_55' title="bbox 2055 1084 3666 1158">
    <p class='ocr_par' dir='ltr' id='par_1_55' title="bbox 2055 1084 3666 1158">
     <span class='ocr_line' id='line_1_55' title="bbox 2055 1084 3666 1158; baseline 0.002 -20"><span class='ocrx_word' id='word_1_366' title='bbox 2055 1084 2269 1138; x_wconf 88' lang='lat' dir='ltr'><strong>reddita</strong></span> <span class='ocrx_word' id='word_1_367' title='bbox 2295 1084 2658 1156; x_wconf 88' lang='lat' dir='ltr'><strong>responsione</strong></span> <span class='ocrx_word' id='word_1_368' title='bbox 2680 1085 2769 1141; x_wconf 90' lang='lat' dir='ltr'><strong>vel</strong></span> <span class='ocrx_word' id='word_1_369' title='bbox 2801 1085 2894 1122; x_wconf 66' lang='lat'><strong>“3‘</strong></span> <span class='ocrx_word' id='word_1_370' title='bbox 2921 1102 3056 1158; x_wconf 89' lang='lat' dir='ltr'><strong>pace</strong></span> <span class='ocrx_word' id='word_1_371' title='bbox 3087 1086 3397 1158; x_wconf 84' lang='lat' dir='ltr'><strong>composita</strong></span> <span class='ocrx_word' id='word_1_372' title='bbox 3422 1086 3509 1140; x_wconf 91' lang='lat' dir='ltr'><strong>vel</strong></span> <span class='ocrx_word' id='word_1_373' title='bbox 3542 1101 3666 1157; x_wconf 92' lang='lat' dir='ltr'><strong>pro-</strong></span> 
     </span>
    </p>
   </div>
   <div class='ocr_carea' id='block_1_56' title="bbox 2056 1172 3667 1231">
    <p class='ocr_par' dir='ltr' id='par_1_56' title="bbox 2056 1172 3667 1231">
     <span class='ocr_line' id='line_1_56' title="bbox 2056 1172 3667 1231; baseline 0.002 -4"><span class='ocrx_word' id='word_1_374' title='bbox 2056 1172 2234 1229; x_wconf 86' lang='lat' dir='ltr'><strong>hibita</strong></span> <span class='ocrx_word' id='word_1_375' title='bbox 2272 1174 2420 1230; x_wconf 90' lang='lat' dir='ltr'><strong>cives</strong></span> <span class='ocrx_word' id='word_1_376' title='bbox 2453 1181 2635 1230; x_wconf 87' lang='lat' dir='ltr'><strong>tamen</strong></span> <span class='ocrx_word' id='word_1_377' title='bbox 2671 1190 2802 1231; x_wconf 87' lang='lat' dir='ltr'><strong>suos</strong></span> <span class='ocrx_word' id='word_1_378' title='bbox 2825 1175 3050 1231; x_wconf 89' lang='lat' dir='ltr'><strong>obsides</strong></span> <span class='ocrx_word' id='word_1_379' title='bbox 3087 1175 3435 1231; x_wconf 88' lang='lat' dir='ltr'><strong>rehaberent.</strong></span> <span class='ocrx_word' id='word_1_380' title='bbox 3471 1175 3531 1229; x_wconf 87' lang='lat' dir='ltr'><strong>Et</strong></span> <span class='ocrx_word' id='word_1_381' title='bbox 3560 1174 3667 1231; x_wconf 91' lang='lat' dir='ltr'><strong>hoc</strong></span> 
     </span>
    </p>
   </div>
   <div class='ocr_carea' id='block_1_57' title="bbox 2054 1266 3665 1343">
    <p class='ocr_par' dir='ltr' id='par_1_57' title="bbox 2054 1266 3665 1343">
     <span class='ocr_line' id='line_1_57' title="bbox 2054 1266 3665 1343; baseline -0.001 -21"><span class='ocrx_word' id='word_1_382' title='bbox 2054 1269 2245 1338; x_wconf 91' lang='lat' dir='ltr'><strong>utique</strong></span> <span class='ocrx_word' id='word_1_383' title='bbox 2286 1282 2384 1338; x_wconf 90' lang='lat' dir='ltr'><strong>per</strong></span> <span class='ocrx_word' id='word_1_384' title='bbox 2427 1266 2713 1343; x_wconf 84' lang='lat' dir='ltr'><strong>ingenium</strong></span> <span class='ocrx_word' id='word_1_385' title='bbox 2763 1266 2962 1323; x_wconf 84' lang='lat' dir='ltr'><strong>factum</strong></span> <span class='ocrx_word' id='word_1_386' title='bbox 3014 1267 3141 1323; x_wconf 91' lang='lat' dir='ltr'><strong>fuit.</strong></span> <span class='ocrx_word' id='word_1_387' title='bbox 3200 1267 3279 1323; x_wconf 90' lang='lat' dir='ltr'><strong>Ob</strong></span> <span class='ocrx_word' id='word_1_388' title='bbox 3336 1267 3442 1323; x_wconf 85' lang='lat' dir='ltr'><strong>hoc</strong></span> <span class='ocrx_word' id='word_1_389' title='bbox 3474 1267 3665 1338; x_wconf 90' lang='lat' dir='ltr'><strong>utique</strong></span> 
     </span>
    </p>
   </div>
   <div class='ocr_carea' id='block_1_58' title="bbox 2055 1354 3666 1427">
    <p class='ocr_par' dir='ltr' id='par_1_58' title="bbox 2055 1354 3666 1427">
     <span class='ocr_line' id='line_1_58' title="bbox 2055 1354 3666 1427; baseline -0.001 -16"><span class='ocrx_word' id='word_1_390' title='bbox 2055 1371 2227 1411; x_wconf 83' lang='lat' dir='ltr'><strong>caesar</strong></span> <span class='ocrx_word' id='word_1_391' title='bbox 2255 1356 2483 1411; x_wconf 90' lang='lat' dir='ltr'><strong>obsides</strong></span> <span class='ocrx_word' id='word_1_392' title='bbox 2507 1371 2631 1411; x_wconf 91' lang='lat' dir='ltr'><strong>cum</strong></span> <span class='ocrx_word' id='word_1_393' title='bbox 2655 1355 2973 1425; x_wconf 86' lang='lat' dir='ltr'><strong>juramento</strong></span> <span class='ocrx_word' id='word_1_394' title='bbox 3014 1354 3244 1427; x_wconf 86' lang='lat' dir='ltr'><strong>recepit,</strong></span> <span class='ocrx_word' id='word_1_395' title='bbox 3275 1354 3407 1427; x_wconf 88' lang='lat' dir='ltr'><strong>quia</strong></span> <span class='ocrx_word' id='word_1_396' title='bbox 3445 1370 3543 1425; x_wconf 88' lang='lat' dir='ltr'><strong>per</strong></span> <span class='ocrx_word' id='word_1_397' title='bbox 3570 1369 3666 1410; x_wconf 89' lang='lat' dir='ltr'><strong>eos</strong></span> 
     </span>
    </p>
   </div>
   <div class='ocr_carea' id='block_1_59' title="bbox 2055 1445 3662 1520">
    <p class='ocr_par' dir='ltr' id='par_1_59' title="bbox 2055 1445 3662 1520">
     <span class='ocr_line' id='line_1_59' title="bbox 2055 1445 3662 1520; baseline -0.001 -18"><span class='ocrx_word' id='word_1_398' title='bbox 2055 1448 2334 1503; x_wconf 80' lang='lat' dir='ltr'><strong>civitatem</strong></span> <span class='ocrx_word' id='word_1_399' title='bbox 2366 1448 2494 1504; x_wconf 89' lang='lat' dir='ltr'><strong>licet</strong></span> <span class='ocrx_word' id='word_1_400' title='bbox 2535 1463 2659 1503; x_wconf 91' lang='lat' dir='ltr'><strong>cum</strong></span> <span class='ocrx_word' id='word_1_401' title='bbox 2694 1448 2936 1519; x_wconf 87' lang='lat' dir='ltr'><strong>perjurio</strong></span> <span class='ocrx_word' id='word_1_402' title='bbox 2975 1448 3244 1520; x_wconf 90' lang='lat' dir='ltr'><strong>consequi</strong></span> <span class='ocrx_word' id='word_1_403' title='bbox 3286 1462 3345 1503; x_wconf 89' lang='lat' dir='ltr'><strong>se</strong></span> <span class='ocrx_word' id='word_1_404' title='bbox 3374 1445 3662 1518; x_wconf 88' lang='lat' dir='ltr'><strong>reputavit.</strong></span> 
     </span>
    </p>
   </div>
   <div class='ocr_carea' id='block_1_60' title="bbox 2055 1539 3663 1614">
    <p class='ocr_par' dir='ltr' id='par_1_60' title="bbox 2055 1539 3663 1614">
     <span class='ocr_line' id='line_1_60' title="bbox 2055 1539 3663 1614; baseline 0 -18"><span class='ocrx_word' id='word_1_405' title='bbox 2055 1540 2132 1598; x_wconf 89' lang='lat' dir='ltr'><strong>Ob</strong></span> <span class='ocrx_word' id='word_1_406' title='bbox 2182 1544 2287 1598; x_wconf 91' lang='lat' dir='ltr'><strong>hoc</strong></span> <span class='ocrx_word' id='word_1_407' title='bbox 2325 1541 2492 1598; x_wconf 90' lang='lat' dir='ltr'><strong>etiam</strong></span> <span class='ocrx_word' id='word_1_408' title='bbox 2534 1541 2624 1577; x_wconf 69' lang='lat'><strong>“3&quot;</strong></span> <span class='ocrx_word' id='word_1_409' title='bbox 2666 1540 3062 1614; x_wconf 76' lang='lat' dir='ltr'><strong>Glogovienses</strong></span> <span class='ocrx_word' id='word_1_410' title='bbox 3120 1540 3247 1596; x_wconf 93' lang='lat' dir='ltr'><strong>illos</strong></span> <span class='ocrx_word' id='word_1_411' title='bbox 3290 1539 3517 1596; x_wconf 90' lang='lat' dir='ltr'><strong>obsides</strong></span> <span class='ocrx_word' id='word_1_412' title='bbox 3556 1554 3663 1612; x_wconf 81' lang='lat' dir='ltr'><strong>po-</strong></span> 
     </span>
    </p>
   </div>
   <div class='ocr_carea' id='block_1_61' title="bbox 2053 1634 3667 1709">
    <p class='ocr_par' dir='ltr' id='par_1_61' title="bbox 2053 1634 3667 1709">
     <span class='ocr_line' id='line_1_61' title="bbox 2053 1634 3667 1709; baseline -0.002 -16"><span class='ocrx_word' id='word_1_413' title='bbox 2053 1644 2306 1704; x_wconf 86' lang='lat' dir='ltr'><strong>suerunt,</strong></span> <span class='ocrx_word' id='word_1_414' title='bbox 2347 1635 2476 1709; x_wconf 88' lang='lat' dir='ltr'><strong>quia</strong></span> <span class='ocrx_word' id='word_1_415' title='bbox 2509 1634 2631 1691; x_wconf 90' lang='lat' dir='ltr'><strong>loca</strong></span> <span class='ocrx_word' id='word_1_416' title='bbox 2657 1635 2896 1692; x_wconf 87' lang='lat' dir='ltr'><strong>civitatis</strong></span> <span class='ocrx_word' id='word_1_417' title='bbox 2946 1634 3170 1692; x_wconf 89' lang='lat' dir='ltr'><strong>interim</strong></span> <span class='ocrx_word' id='word_1_418' title='bbox 3216 1639 3487 1691; x_wconf 86' lang='lat' dir='ltr'><strong>vetustate</strong></span> <span class='ocrx_word' id='word_1_419' title='bbox 3532 1649 3667 1691; x_wconf 91' lang='lat' dir='ltr'><strong>con-</strong></span> 
     </span>
    </p>
   </div>
   <div class='ocr_carea' id='block_1_62' title="bbox 2051 1726 2638 1801">
    <p class='ocr_par' dir='ltr' id='par_1_62' title="bbox 2051 1726 2638 1801">
     <span class='ocr_line' id='line_1_62' title="bbox 2051 1726 2638 1801; baseline -0.007 -18"><span class='ocrx_word' id='word_1_420' title='bbox 2051 1734 2270 1801; x_wconf 90' lang='lat' dir='ltr'><strong>sumpta</strong></span> <span class='ocrx_word' id='word_1_421' title='bbox 2299 1726 2638 1780; x_wconf 89' lang='lat' dir='ltr'><strong>munierunt.</strong></span> 
     </span>
    </p>
   </div>
   <div class='ocr_carea' id='block_1_63' title="bbox 2435 1815 3265 1886">
    <p class='ocr_par' dir='ltr' id='par_1_63' title="bbox 2435 1815 3265 1886">
     <span class='ocr_line' id='line_1_63' title="bbox 2435 1815 3265 1886; baseline 0.001 -16"><span class='ocrx_word' id='word_1_422' title='bbox 2435 1816 2485 1870; x_wconf 90' lang='lat'><strong>7.</strong></span> <span class='ocrx_word' id='word_1_423' title='bbox 2517 1815 2758 1871; x_wconf 71' lang='lat' dir='ltr'><strong>Inducia:</strong></span> <span class='ocrx_word' id='word_1_424' title='bbox 2798 1819 3125 1886; x_wconf 85' lang='lat' dir='ltr'><strong>rumpuntur</strong></span> <span class='ocrx_word' id='word_1_425' title='bbox 3156 1815 3265 1871; x_wconf 78' lang='lat'><strong>“”.</strong></span> 
     </span>
    </p>
   </div>
   <div class='ocr_carea' id='block_1_64' title="bbox 2132 1907 3669 1982">
    <p class='ocr_par' dir='ltr' id='par_1_64' title="bbox 2132 1907 3669 1982">
     <span class='ocr_line' id='line_1_64' title="bbox 2132 1907 3669 1982; baseline -0.004 -13"><span class='ocrx_word' id='word_1_426' title='bbox 2132 1917 2196 1971; x_wconf 83' lang='lat' dir='ltr'><strong>At</strong></span> <span class='ocrx_word' id='word_1_427' title='bbox 2225 1912 2545 1970; x_wconf 87' lang='lat' dir='ltr'><strong>Bolezlavus</strong></span> <span class='ocrx_word' id='word_1_428' title='bbox 2570 1909 2758 1966; x_wconf 89' lang='lat' dir='ltr'><strong>audita</strong></span> <span class='ocrx_word' id='word_1_429' title='bbox 2786 1909 3061 1982; x_wconf 76' lang='lat' dir='ltr'><strong>legatione</strong></span> <span class='ocrx_word' id='word_1_430' title='bbox 3100 1909 3169 1965; x_wconf 92' lang='lat' dir='ltr'><strong>de</strong></span> <span class='ocrx_word' id='word_1_431' title='bbox 3195 1908 3337 1964; x_wconf 91' lang='lat' dir='ltr'><strong>datis</strong></span> <span class='ocrx_word' id='word_1_432' title='bbox 3374 1907 3669 1964; x_wconf 89' lang='lat' dir='ltr'><strong>obsidibus</strong></span> 
     </span>
    </p>
   </div>
   <div class='ocr_carea' id='block_1_65' title="bbox 2057 2000 3667 2082">
    <p class='ocr_par' dir='ltr' id='par_1_65' title="bbox 2057 2000 3667 2082">
     <span class='ocr_line' id='line_1_65' title="bbox 2057 2000 3667 2082; baseline -0.004 -20"><span class='ocrx_word' id='word_1_433' title='bbox 2057 2008 2397 2082; x_wconf 76' lang='lat' dir='ltr'><strong>indignatus,</strong></span> <span class='ocrx_word' id='word_1_434' title='bbox 2458 2021 2677 2061; x_wconf 89' lang='lat' dir='ltr'><strong>crucem</strong></span> <span class='ocrx_word' id='word_1_435' title='bbox 2727 2003 2965 2071; x_wconf 91' lang='lat' dir='ltr'><strong>civibus,</strong></span> <span class='ocrx_word' id='word_1_436' title='bbox 3011 2002 3057 2057; x_wconf 92' lang='lat' dir='ltr'><strong>si</strong></span> <span class='ocrx_word' id='word_1_437' title='bbox 3110 2008 3337 2074; x_wconf 82' lang='lat' dir='ltr'><strong>pmpter</strong></span> <span class='ocrx_word' id='word_1_438' title='bbox 3384 2001 3475 2036; x_wconf 71' lang='grc'><strong>1⁵⁸⁸</strong></span> <span class='ocrx_word' id='word_1_439' title='bbox 3516 2000 3667 2072; x_wconf 89' lang='lat' dir='ltr'><strong>ipsos</strong></span> 
     </span>
    </p>
   </div>
   <div class='ocr_carea' id='block_1_66' title="bbox 2054 2089 3665 2163">
    <p class='ocr_par' dir='ltr' id='par_1_66' title="bbox 2054 2089 3665 2163">
     <span class='ocr_line' id='line_1_66' title="bbox 2054 2089 3665 2163; baseline -0.005 -10"><span class='ocrx_word' id='word_1_440' title='bbox 2054 2106 2293 2153; x_wconf 90' lang='lat' dir='ltr'><strong>castrum</strong></span> <span class='ocrx_word' id='word_1_441' title='bbox 2324 2094 2691 2163; x_wconf 89' lang='lat' dir='ltr'><strong>reddiderint,</strong></span> <span class='ocrx_word' id='word_1_442' title='bbox 2709 2100 2794 2151; x_wconf 86' lang='lat' dir='ltr'><strong>est</strong></span> <span class='ocrx_word' id='word_1_443' title='bbox 2820 2093 3084 2160; x_wconf 92' lang='lat' dir='ltr'><strong>minatus,</strong></span> <span class='ocrx_word' id='word_1_444' title='bbox 3114 2091 3385 2162; x_wconf 87' lang='lat' dir='ltr'><strong>adjicicns</strong></span> <span class='ocrx_word' id='word_1_445' title='bbox 3425 2107 3550 2146; x_wconf 90' lang='lat' dir='ltr'><strong>esse</strong></span> <span class='ocrx_word' id='word_1_446' title='bbox 3572 2089 3665 2125; x_wconf 75' lang='lat'><strong>“&#39;0</strong></span> 
     </span>
    </p>
   </div>
   <div class='ocr_carea' id='block_1_67' title="bbox 2054 2180 3660 2254">
    <p class='ocr_par' dir='ltr' id='par_1_67' title="bbox 2054 2180 3660 2254">
     <span class='ocr_line' id='line_1_67' title="bbox 2054 2180 3660 2254; baseline -0.004 -12"><span class='ocrx_word' id='word_1_447' title='bbox 2054 2188 2253 2243; x_wconf 90' lang='lat' dir='ltr'><strong>melius</strong></span> <span class='ocrx_word' id='word_1_448' title='bbox 2299 2192 2355 2241; x_wconf 91' lang='lat' dir='ltr'><strong>et</strong></span> <span class='ocrx_word' id='word_1_449' title='bbox 2399 2185 2683 2241; x_wconf 89' lang='lat' dir='ltr'><strong>honestius</strong></span> <span class='ocrx_word' id='word_1_450' title='bbox 2713 2191 2767 2240; x_wconf 89' lang='lat' dir='ltr'><strong>et</strong></span> <span class='ocrx_word' id='word_1_451' title='bbox 2792 2184 2944 2240; x_wconf 91' lang='lat' dir='ltr'><strong>cives</strong></span> <span class='ocrx_word' id='word_1_452' title='bbox 2982 2190 3038 2239; x_wconf 91' lang='lat' dir='ltr'><strong>et</strong></span> <span class='ocrx_word' id='word_1_453' title='bbox 3065 2182 3293 2238; x_wconf 89' lang='lat' dir='ltr'><strong>obsides</strong></span> <span class='ocrx_word' id='word_1_454' title='bbox 3343 2180 3530 2254; x_wconf 81' lang='lat' dir='ltr'><strong>gladio</strong></span> <span class='ocrx_word' id='word_1_455' title='bbox 3560 2195 3660 2251; x_wconf 93' lang='lat' dir='ltr'><strong>pro</strong></span> 
     </span>
    </p>
   </div>
   <div class='ocr_carea' id='block_1_68' title="bbox 2052 2270 3664 2349">
    <p class='ocr_par' dir='ltr' id='par_1_68' title="bbox 2052 2270 3664 2349">
     <span class='ocr_line' id='line_1_68' title="bbox 2052 2270 3664 2349; baseline -0.004 -18"><span class='ocrx_word' id='word_1_456' title='bbox 2052 2277 2227 2349; x_wconf 91' lang='lat' dir='ltr'><strong>patria</strong></span> <span class='ocrx_word' id='word_1_457' title='bbox 2266 2276 2580 2341; x_wconf 91' lang='lat' dir='ltr'><strong>morituros,</strong></span> <span class='ocrx_word' id='word_1_458' title='bbox 2636 2288 2801 2344; x_wconf 89' lang='lat' dir='ltr'><strong>quam</strong></span> <span class='ocrx_word' id='word_1_459' title='bbox 2852 2272 2992 2329; x_wconf 86' lang='lat' dir='ltr'><strong>facta</strong></span> <span class='ocrx_word' id='word_1_460' title='bbox 3031 2270 3317 2327; x_wconf 91' lang='lat' dir='ltr'><strong>deditione</strong></span> <span class='ocrx_word' id='word_1_461' title='bbox 3368 2270 3535 2325; x_wconf 86' lang='lat' dir='ltr'><strong>vitam</strong></span> <span class='ocrx_word' id='word_1_462' title='bbox 3576 2270 3664 2325; x_wconf 89' lang='lat' dir='ltr'><strong>in-</strong></span> 
     </span>
    </p>
   </div>
   <div class='ocr_carea' id='block_1_69' title="bbox 2054 2360 3661 2438">
    <p class='ocr_par' dir='ltr' id='par_1_69' title="bbox 2054 2360 3661 2438">
     <span class='ocr_line' id='line_1_69' title="bbox 2054 2360 3661 2438; baseline -0.003 -17"><span class='ocrx_word' id='word_1_463' title='bbox 2054 2368 2336 2424; x_wconf 90' lang='lat' dir='ltr'><strong>honestam</strong></span> <span class='ocrx_word' id='word_1_464' title='bbox 2365 2360 2726 2431; x_wconf 89' lang='lat' dir='ltr'><strong>redimentes,</strong></span> <span class='ocrx_word' id='word_1_465' title='bbox 2781 2362 2980 2419; x_wconf 89' lang='lat' dir='ltr'><strong>alienis</strong></span> <span class='ocrx_word' id='word_1_466' title='bbox 3020 2362 3282 2438; x_wconf 83' lang='lat' dir='ltr'><strong>gentibus</strong></span> <span class='ocrx_word' id='word_1_467' title='bbox 3336 2361 3661 2417; x_wconf 85' lang='lat' dir='ltr'><strong>servituros.</strong></span> 
     </span>
    </p>
   </div>
   <div class='ocr_carea' id='block_1_70' title="bbox 2053 2456 3657 2532">
    <p class='ocr_par' dir='ltr' id='par_1_70' title="bbox 2053 2456 3657 2532">
     <span class='ocr_line' id='line_1_70' title="bbox 2053 2456 3657 2532; baseline -0.004 -15"><span class='ocrx_word' id='word_1_468' title='bbox 2053 2462 2297 2532; x_wconf 83' lang='lat' dir='ltr'><strong>Recepta</strong></span> <span class='ocrx_word' id='word_1_469' title='bbox 2340 2458 2704 2530; x_wconf 89' lang='lat' dir='ltr'><strong>responsione</strong></span> <span class='ocrx_word' id='word_1_470' title='bbox 2757 2456 2871 2524; x_wconf 67' lang='lat'><strong>“9&#39;,</strong></span> <span class='ocrx_word' id='word_1_471' title='bbox 2903 2456 3052 2512; x_wconf 89' lang='lat' dir='ltr'><strong>cives</strong></span> <span class='ocrx_word' id='word_1_472' title='bbox 3082 2456 3429 2512; x_wconf 88' lang='lat' dir='ltr'><strong>Bolezlavum</strong></span> <span class='ocrx_word' id='word_1_473' title='bbox 3470 2471 3657 2526; x_wconf 87' lang='lat' dir='ltr'><strong>pacem</strong></span> 
     </span>
    </p>
   </div>
   <div class='ocr_carea' id='block_1_71' title="bbox 2052 2546 3664 2621">
    <p class='ocr_par' dir='ltr' id='par_1_71' title="bbox 2052 2546 3664 2621">
     <span class='ocr_line' id='line_1_71' title="bbox 2052 2546 3664 2621; baseline -0.005 -12"><span class='ocrx_word' id='word_1_474' title='bbox 2052 2554 2131 2609; x_wconf 91' lang='lat' dir='ltr'><strong>sic</strong></span> <span class='ocrx_word' id='word_1_475' title='bbox 2158 2551 2281 2608; x_wconf 88' lang='lat' dir='ltr'><strong>fieri</strong></span> <span class='ocrx_word' id='word_1_476' title='bbox 2312 2549 2460 2607; x_wconf 91' lang='lat' dir='ltr'><strong>nolle</strong></span> <span class='ocrx_word' id='word_1_477' title='bbox 2490 2548 2757 2615; x_wconf 85' lang='lat' dir='ltr'><strong>referunt,</strong></span> <span class='ocrx_word' id='word_1_478' title='bbox 2785 2546 3123 2621; x_wconf 89' lang='lat' dir='ltr'><strong>obsidesque</strong></span> <span class='ocrx_word' id='word_1_479' title='bbox 3155 2562 3307 2615; x_wconf 90' lang='lat' dir='ltr'><strong>suos,</strong></span> <span class='ocrx_word' id='word_1_480' title='bbox 3340 2548 3485 2607; x_wconf 88' lang='lat' dir='ltr'><strong>sicut</strong></span> <span class='ocrx_word' id='word_1_481' title='bbox 3507 2547 3664 2617; x_wconf 89' lang='lat' dir='ltr'><strong>jura-</strong></span> 
     </span>
    </p>
   </div>
   <div class='ocr_carea' id='block_1_72' title="bbox 2051 2639 3663 2715">
    <p class='ocr_par' dir='ltr' id='par_1_72' title="bbox 2051 2639 3663 2715">
     <span class='ocr_line' id='line_1_72' title="bbox 2051 2639 3663 2715; baseline -0.005 -14"><span class='ocrx_word' id='word_1_482' title='bbox 2051 2651 2266 2710; x_wconf 87' lang='lat' dir='ltr'><strong>verant,</strong></span> <span class='ocrx_word' id='word_1_483' title='bbox 2299 2642 2591 2715; x_wconf 89' lang='lat' dir='ltr'><strong>requirunt</strong></span> <span class='ocrx_word' id='word_1_484' title='bbox 2621 2642 2730 2709; x_wconf 89' lang='lat' dir='ltr'><strong>(an.</strong></span> <span class='ocrx_word' id='word_1_485' title='bbox 2751 2640 2930 2708; x_wconf 82' lang='lat'><strong>1109).</strong></span> <span class='ocrx_word' id='word_1_486' title='bbox 2964 2639 3043 2694; x_wconf 83' lang='lat' dir='ltr'><strong>Ad</strong></span> <span class='ocrx_word' id='word_1_487' title='bbox 3072 2640 3192 2694; x_wconf 70' lang='lat' dir='ltr'><strong>haec</strong></span> <span class='ocrx_word' id='word_1_488' title='bbox 3221 2654 3395 2694; x_wconf 65' lang='lat' dir='ltr'><strong>cmsar</strong></span> <span class='ocrx_word' id='word_1_489' title='bbox 3426 2654 3663 2710; x_wconf 88' lang='lat' dir='ltr'><strong>respon-</strong></span> 
     </span>
    </p>
   </div>
   <div class='ocr_carea' id='block_1_73' title="bbox 2046 2729 3661 2805">
    <p class='ocr_par' dir='ltr' id='par_1_73' title="bbox 2046 2729 3661 2805">
     <span class='ocr_line' id='line_1_73' title="bbox 2046 2729 3661 2805; baseline -0.005 -12"><span class='ocrx_word' id='word_1_490' title='bbox 2046 2738 2155 2793; x_wconf 89' lang='lat' dir='ltr'><strong>dit:</strong></span> <span class='ocrx_word' id='word_1_491' title='bbox 2192 2736 2414 2793; x_wconf 79' lang='lat' dir='ltr'><strong>Obsides</strong></span> <span class='ocrx_word' id='word_1_492' title='bbox 2451 2734 2691 2805; x_wconf 82' lang='lat' dir='ltr'><strong>quidem,</strong></span> <span class='ocrx_word' id='word_1_493' title='bbox 2729 2734 2782 2788; x_wconf 90' lang='lat' dir='ltr'><strong>si</strong></span> <span class='ocrx_word' id='word_1_494' title='bbox 2819 2733 2959 2787; x_wconf 83' lang='lat' dir='ltr'><strong>mihi</strong></span> <span class='ocrx_word' id='word_1_495' title='bbox 3005 2736 3242 2787; x_wconf 78' lang='lat' dir='ltr'><strong>castrum</strong></span> <span class='ocrx_word' id='word_1_496' title='bbox 3284 2729 3661 2796; x_wconf 84' lang='lat' dir='ltr'><strong>reddideritis,</strong></span> 
     </span>
    </p>
   </div>
   <div class='ocr_carea' id='block_1_74' title="bbox 2047 2820 3662 2894">
    <p class='ocr_par' dir='ltr' id='par_1_74' title="bbox 2047 2820 3662 2894">
     <span class='ocr_line' id='line_1_74' title="bbox 2047 2820 3662 2894; baseline -0.006 -10"><span class='ocrx_word' id='word_1_497' title='bbox 2047 2844 2152 2885; x_wconf 86' lang='lat' dir='ltr'><strong>non</strong></span> <span class='ocrx_word' id='word_1_498' title='bbox 2193 2827 2395 2894; x_wconf 86' lang='lat' dir='ltr'><strong>tenebo,</strong></span> <span class='ocrx_word' id='word_1_499' title='bbox 2425 2826 2517 2880; x_wconf 89' lang='lat' dir='ltr'><strong>sed</strong></span> <span class='ocrx_word' id='word_1_500' title='bbox 2571 2826 2621 2879; x_wconf 91' lang='lat' dir='ltr'><strong>si</strong></span> <span class='ocrx_word' id='word_1_501' title='bbox 2664 2823 2882 2878; x_wconf 83' lang='lat' dir='ltr'><strong>rebelles</strong></span> <span class='ocrx_word' id='word_1_502' title='bbox 2910 2823 3149 2890; x_wconf 73' lang='lat' dir='ltr'><strong>fueritis,</strong></span> <span class='ocrx_word' id='word_1_503' title='bbox 3207 2826 3256 2876; x_wconf 76' lang='grc' dir='ltr'><em>τι</em></span> <span class='ocrx_word' id='word_1_504' title='bbox 3310 2835 3406 2877; x_wconf 85' lang='lat' dir='ltr'><strong>vos</strong></span> <span class='ocrx_word' id='word_1_505' title='bbox 3452 2820 3662 2876; x_wconf 85' lang='lat' dir='ltr'><strong>obsides</strong></span> 
     </span>
    </p>
   </div>
   <div class='ocr_carea' id='block_1_75' title="bbox 2041 2913 3666 2995">
    <p class='ocr_par' dir='ltr' id='par_1_75' title="bbox 2041 2913 3666 2995">
     <span class='ocr_line' id='line_1_75' title="bbox 2041 2913 3666 2995; baseline -0.007 -16"><span class='ocrx_word' id='word_1_506' title='bbox 2041 2922 2325 2995; x_wconf 79' lang='lat' dir='ltr'><strong>jugulabo.</strong></span> <span class='ocrx_word' id='word_1_507' title='bbox 2362 2918 2561 2973; x_wconf 85' lang='lat' dir='ltr'><strong>Contra</strong></span> <span class='ocrx_word' id='word_1_508' title='bbox 2589 2914 2874 2973; x_wconf 83' lang='lat' dir='ltr'><strong>castellani</strong></span> <span class='ocrx_word' id='word_1_509' title='bbox 2907 2914 3024 2968; x_wconf 71' lang='lat'><strong>“9’:</strong></span> <span class='ocrx_word' id='word_1_510' title='bbox 3086 2916 3166 2969; x_wconf 87' lang='lat' dir='ltr'><strong>Tu</strong></span> <span class='ocrx_word' id='word_1_511' title='bbox 3205 2914 3420 2985; x_wconf 81' lang='lat' dir='ltr'><strong>quidem</strong></span> <span class='ocrx_word' id='word_1_512' title='bbox 3465 2915 3525 2968; x_wconf 89' lang='lat' dir='ltr'><strong>in</strong></span> <span class='ocrx_word' id='word_1_513' title='bbox 3567 2913 3666 2968; x_wconf 88' lang='lat' dir='ltr'><strong>ob-</strong></span> 
     </span>
    </p>
   </div>
   <div class='ocr_carea' id='block_1_76' title="bbox 2050 3004 3663 3078">
    <p class='ocr_par' dir='ltr' id='par_1_76' title="bbox 2050 3004 3663 3078">
     <span class='ocr_line' id='line_1_76' title="bbox 2050 3004 3663 3078; baseline -0.008 -9"><span class='ocrx_word' id='word_1_514' title='bbox 2050 3013 2259 3070; x_wconf 85' lang='lat' dir='ltr'><strong>sidibus</strong></span> <span class='ocrx_word' id='word_1_515' title='bbox 2287 3013 2337 3064; x_wconf 83' lang='lat' dir='ltr'><strong>et</strong></span> <span class='ocrx_word' id='word_1_516' title='bbox 2386 3007 2698 3078; x_wconf 86' lang='lat' dir='ltr'><strong>perjurium</strong></span> <span class='ocrx_word' id='word_1_517' title='bbox 2726 3007 2927 3074; x_wconf 85' lang='lat' dir='ltr'><strong>poteris</strong></span> <span class='ocrx_word' id='word_1_518' title='bbox 2977 3008 3027 3058; x_wconf 84' lang='lat' dir='ltr'><strong>et</strong></span> <span class='ocrx_word' id='word_1_519' title='bbox 3067 3004 3418 3059; x_wconf 81' lang='lat' dir='ltr'><strong>homicidium</strong></span> <span class='ocrx_word' id='word_1_520' title='bbox 3468 3017 3663 3074; x_wconf 82' lang='lat' dir='ltr'><strong>perpe-</strong></span> 
     </span>
    </p>
   </div>
   <div class='ocr_carea' id='block_1_77' title="bbox 2051 3094 3663 3168">
    <p class='ocr_par' dir='ltr' id='par_1_77' title="bbox 2051 3094 3663 3168">
     <span class='ocr_line' id='line_1_77' title="bbox 2051 3094 3663 3168; baseline -0.006 -11"><span class='ocrx_word' id='word_1_521' title='bbox 2051 3109 2213 3164; x_wconf 84' lang='lat' dir='ltr'><strong>trare.</strong></span> <span class='ocrx_word' id='word_1_522' title='bbox 2241 3099 2335 3155; x_wconf 89' lang='lat' dir='ltr'><strong>sed</strong></span> <span class='ocrx_word' id='word_1_523' title='bbox 2360 3113 2457 3168; x_wconf 80' lang='lat' dir='ltr'><strong>per</strong></span> <span class='ocrx_word' id='word_1_524' title='bbox 2488 3095 2579 3131; x_wconf 68' lang='lat'><strong>“93</strong></span> <span class='ocrx_word' id='word_1_525' title='bbox 2598 3098 2744 3166; x_wconf 87' lang='lat' dir='ltr'><strong>ipsos</strong></span> <span class='ocrx_word' id='word_1_526' title='bbox 2765 3094 2911 3165; x_wconf 88' lang='lat' dir='ltr'><strong>quod</strong></span> <span class='ocrx_word' id='word_1_527' title='bbox 2932 3094 3172 3165; x_wconf 75' lang='lat' dir='ltr'><strong>requiris</strong></span> <span class='ocrx_word' id='word_1_528' title='bbox 3199 3095 3340 3148; x_wconf 83' lang='lat' dir='ltr'><strong>scias</strong></span> <span class='ocrx_word' id='word_1_529' title='bbox 3356 3096 3407 3148; x_wconf 86' lang='lat' dir='ltr'><strong>te</strong></span> <span class='ocrx_word' id='word_1_530' title='bbox 3426 3094 3663 3148; x_wconf 86' lang='lat' dir='ltr'><strong>nullate-</strong></span> 
     </span>
    </p>
   </div>
   <div class='ocr_carea' id='block_1_78' title="bbox 2046 3194 2488 3262">
    <p class='ocr_par' dir='ltr' id='par_1_78' title="bbox 2046 3194 2488 3262">
     <span class='ocr_line' id='line_1_78' title="bbox 2046 3194 2488 3262; baseline -0.014 -14"><span class='ocrx_word' id='word_1_531' title='bbox 2046 3206 2150 3249; x_wconf 81' lang='lat' dir='ltr'><strong>nus</strong></span> <span class='ocrx_word' id='word_1_532' title='bbox 2178 3194 2488 3262; x_wconf 83' lang='lat' dir='ltr'><strong>impetrare.</strong></span> 
     </span>
    </p>
   </div>
   <div class='ocr_carea' id='block_1_79' title="bbox 2258 3277 3445 3354">
    <p class='ocr_par' dir='ltr' id='par_1_79' title="bbox 2258 3277 3445 3354">
     <span class='ocr_line' id='line_1_79' title="bbox 2258 3277 3445 3354; baseline -0.004 -14"><span class='ocrx_word' id='word_1_533' title='bbox 2258 3283 2312 3341; x_wconf 92' lang='lat'><strong>8.</strong></span> <span class='ocrx_word' id='word_1_534' title='bbox 2345 3282 2687 3354; x_wconf 87' lang='lat' dir='ltr'><strong>Oppugnatio</strong></span> <span class='ocrx_word' id='word_1_535' title='bbox 2715 3281 2885 3335; x_wconf 84' lang='lat' dir='ltr'><strong>castri</strong></span> <span class='ocrx_word' id='word_1_536' title='bbox 2934 3277 3301 3348; x_wconf 81' lang='lat' dir='ltr'><strong>Glogoviensis</strong></span> <span class='ocrx_word' id='word_1_537' title='bbox 3329 3279 3445 3335; x_wconf 73' lang='grc'><strong>¹⁸⁹⁸.</strong></span> 
     </span>
    </p>
   </div>
   <div class='ocr_carea' id='block_1_80' title="bbox 2122 3369 3660 3441">
    <p class='ocr_par' dir='ltr' id='par_1_80' title="bbox 2122 3369 3660 3441">
     <span class='ocr_line' id='line_1_80' title="bbox 2122 3369 3660 3441; baseline -0.002 -11"><span class='ocrx_word' id='word_1_538' title='bbox 2122 3374 2212 3430; x_wconf 85' lang='lat' dir='ltr'><strong>His</strong></span> <span class='ocrx_word' id='word_1_539' title='bbox 2241 3373 2421 3437; x_wconf 87' lang='lat' dir='ltr'><strong>dictis,</strong></span> <span class='ocrx_word' id='word_1_540' title='bbox 2454 3389 2623 3428; x_wconf 65' lang='lat' dir='ltr'><strong>caesar</strong></span> <span class='ocrx_word' id='word_1_541' title='bbox 2643 3371 3014 3427; x_wconf 87' lang='lat' dir='ltr'><strong>instrumenta</strong></span> <span class='ocrx_word' id='word_1_542' title='bbox 3042 3369 3185 3437; x_wconf 84' lang='lat' dir='ltr'><strong>ﬁeri,</strong></span> <span class='ocrx_word' id='word_1_543' title='bbox 3225 3386 3378 3426; x_wconf 90' lang='lat' dir='ltr'><strong>arma</strong></span> <span class='ocrx_word' id='word_1_544' title='bbox 3407 3371 3553 3441; x_wconf 89' lang='lat' dir='ltr'><strong>capi,</strong></span> <span class='ocrx_word' id='word_1_545' title='bbox 3582 3372 3660 3427; x_wconf 90' lang='lat' dir='ltr'><strong>le-</strong></span> 
     </span>
    </p>
   </div>
   <div class='ocr_carea' id='block_1_81' title="bbox 2048 3458 3661 3539">
    <p class='ocr_par' dir='ltr' id='par_1_81' title="bbox 2048 3458 3661 3539">
     <span class='ocr_line' id='line_1_81' title="bbox 2048 3458 3661 3539; baseline -0.001 -22"><span class='ocrx_word' id='word_1_546' title='bbox 2048 3463 2247 3539; x_wconf 80' lang='lat' dir='ltr'><strong>giones</strong></span> <span class='ocrx_word' id='word_1_547' title='bbox 2277 3461 2473 3529; x_wconf 90' lang='lat' dir='ltr'><strong>dividi,</strong></span> <span class='ocrx_word' id='word_1_548' title='bbox 2509 3460 2786 3516; x_wconf 88' lang='lat' dir='ltr'><strong>civitatem</strong></span> <span class='ocrx_word' id='word_1_549' title='bbox 2826 3458 3356 3531; x_wconf 69' lang='lat' dir='ltr'><strong>vallari,signiferos</strong></span> <span class='ocrx_word' id='word_1_550' title='bbox 3397 3459 3548 3515; x_wconf 89' lang='lat' dir='ltr'><strong>tubis</strong></span> <span class='ocrx_word' id='word_1_551' title='bbox 3576 3476 3661 3516; x_wconf 90' lang='lat' dir='ltr'><strong>ca-</strong></span> 
     </span>
    </p>
   </div>
   <div class='ocr_carea' id='block_1_82' title="bbox 2046 3553 3661 3630">
    <p class='ocr_par' dir='ltr' id='par_1_82' title="bbox 2046 3553 3661 3630">
     <span class='ocr_line' id='line_1_82' title="bbox 2046 3553 3661 3630; baseline -0.003 -15"><span class='ocrx_word' id='word_1_552' title='bbox 2046 3575 2177 3615; x_wconf 86' lang='lat' dir='ltr'><strong>nere</strong></span> <span class='ocrx_word' id='word_1_553' title='bbox 2227 3556 2512 3630; x_wconf 64' lang='lat' dir='ltr'><strong>praecepit,</strong></span> <span class='ocrx_word' id='word_1_554' title='bbox 2567 3565 2623 3610; x_wconf 92' lang='lat' dir='ltr'><strong>et</strong></span> <span class='ocrx_word' id='word_1_555' title='bbox 2680 3555 2871 3610; x_wconf 89' lang='lat' dir='ltr'><strong>urbem</strong></span> <span class='ocrx_word' id='word_1_556' title='bbox 2904 3554 3154 3625; x_wconf 88' lang='lat' dir='ltr'><strong>undique</strong></span> <span class='ocrx_word' id='word_1_557' title='bbox 3192 3553 3362 3620; x_wconf 87' lang='lat' dir='ltr'><strong>ferro,</strong></span> <span class='ocrx_word' id='word_1_558' title='bbox 3417 3553 3661 3620; x_wconf 86' lang='lat' dir='ltr'><strong>ﬂamma,</strong></span> 
     </span>
    </p>
   </div>
   <div class='ocr_carea' id='block_1_83' title="bbox 2046 3648 3663 3724">
    <p class='ocr_par' dir='ltr' id='par_1_83' title="bbox 2046 3648 3663 3724">
     <span class='ocr_line' id='line_1_83' title="bbox 2046 3648 3663 3724; baseline -0.002 -15"><span class='ocrx_word' id='word_1_559' title='bbox 2046 3652 2319 3710; x_wconf 86' lang='lat' dir='ltr'><strong>machinis</strong></span> <span class='ocrx_word' id='word_1_560' title='bbox 2357 3665 2671 3724; x_wconf 78' lang='lat' dir='ltr'><strong>expugnare</strong></span> <span class='ocrx_word' id='word_1_561' title='bbox 2702 3651 2891 3720; x_wconf 86' lang='lat' dir='ltr'><strong>coepit.</strong></span> <span class='ocrx_word' id='word_1_562' title='bbox 2927 3648 3156 3704; x_wconf 86' lang='lat' dir='ltr'><strong>Econtra</strong></span> <span class='ocrx_word' id='word_1_563' title='bbox 3185 3648 3276 3683; x_wconf 69' lang='lat'><strong>“’5</strong></span> <span class='ocrx_word' id='word_1_564' title='bbox 3305 3648 3453 3705; x_wconf 91' lang='lat' dir='ltr'><strong>cives</strong></span> <span class='ocrx_word' id='word_1_565' title='bbox 3480 3666 3543 3705; x_wconf 89' lang='lat' dir='ltr'><strong>se</strong></span> <span class='ocrx_word' id='word_1_566' title='bbox 3570 3649 3663 3686; x_wconf 66' lang='lat'><strong>“9°</strong></span> 
     </span>
    </p>
   </div>
   <div class='ocr_carea' id='block_1_84' title="bbox 2048 3737 3663 3815">
    <p class='ocr_par' dir='ltr' id='par_1_84' title="bbox 2048 3737 3663 3815">
     <span class='ocr_line' id='line_1_84' title="bbox 2048 3737 3663 3815; baseline -0.004 -16"><span class='ocrx_word' id='word_1_567' title='bbox 2048 3744 2200 3815; x_wconf 92' lang='lat' dir='ltr'><strong>ipsos</strong></span> <span class='ocrx_word' id='word_1_568' title='bbox 2230 3758 2330 3814; x_wconf 93' lang='lat' dir='ltr'><strong>per</strong></span> <span class='ocrx_word' id='word_1_569' title='bbox 2367 3745 2552 3812; x_wconf 91' lang='lat' dir='ltr'><strong>portas</strong></span> <span class='ocrx_word' id='word_1_570' title='bbox 2590 3743 2645 3793; x_wconf 92' lang='lat' dir='ltr'><strong>et</strong></span> <span class='ocrx_word' id='word_1_571' title='bbox 2698 3745 2880 3793; x_wconf 89' lang='lat' dir='ltr'><strong>turres</strong></span> <span class='ocrx_word' id='word_1_572' title='bbox 2925 3737 3198 3803; x_wconf 89' lang='lat' dir='ltr'><strong>dividunt,</strong></span> <span class='ocrx_word' id='word_1_573' title='bbox 3248 3740 3663 3811; x_wconf 78' lang='lat' dir='ltr'><strong>prepugnacula</strong></span> 
     </span>
    </p>
   </div>
   <div class='ocr_carea' id='block_1_85' title="bbox 2048 3825 3664 3899">
    <p class='ocr_par' dir='ltr' id='par_1_85' title="bbox 2048 3825 3664 3899">
     <span class='ocr_line' id='line_1_85' title="bbox 2048 3825 3664 3899; baseline -0.004 -11"><span class='ocrx_word' id='word_1_574' title='bbox 2048 3832 2326 3899; x_wconf 89' lang='lat' dir='ltr'><strong>muniunt,</strong></span> <span class='ocrx_word' id='word_1_575' title='bbox 2363 3829 2733 3885; x_wconf 86' lang='lat' dir='ltr'><strong>instrumenta</strong></span> <span class='ocrx_word' id='word_1_576' title='bbox 2773 3832 2992 3898; x_wconf 86' lang='lat' dir='ltr'><strong>parant,</strong></span> <span class='ocrx_word' id='word_1_577' title='bbox 3031 3825 3245 3896; x_wconf 89' lang='lat' dir='ltr'><strong>lapides</strong></span> <span class='ocrx_word' id='word_1_578' title='bbox 3264 3833 3319 3881; x_wconf 87' lang='lat' dir='ltr'><strong>et</strong></span> <span class='ocrx_word' id='word_1_579' title='bbox 3345 3842 3544 3898; x_wconf 86' lang='lat' dir='ltr'><strong>aquam</strong></span> <span class='ocrx_word' id='word_1_580' title='bbox 3570 3844 3664 3883; x_wconf 89' lang='lat' dir='ltr'><strong>su-</strong></span> 
     </span>
    </p>
   </div>
   <div class='ocr_carea' id='block_1_86' title="bbox 2052 3914 3660 3994">
    <p class='ocr_par' dir='ltr' id='par_1_86' title="bbox 2052 3914 3660 3994">
     <span class='ocr_line' id='line_1_86' title="bbox 2052 3914 3660 3994; baseline -0.004 -16"><span class='ocrx_word' id='word_1_581' title='bbox 2052 3939 2150 3994; x_wconf 91' lang='lat' dir='ltr'><strong>per</strong></span> <span class='ocrx_word' id='word_1_582' title='bbox 2180 3928 2368 3994; x_wconf 91' lang='lat' dir='ltr'><strong>portas</strong></span> <span class='ocrx_word' id='word_1_583' title='bbox 2406 3925 2461 3974; x_wconf 92' lang='lat' dir='ltr'><strong>et</strong></span> <span class='ocrx_word' id='word_1_584' title='bbox 2506 3924 2687 3972; x_wconf 90' lang='lat' dir='ltr'><strong>turres</strong></span> <span class='ocrx_word' id='word_1_585' title='bbox 2745 3920 3108 3987; x_wconf 86' lang='lat' dir='ltr'><strong>comportant.</strong></span> <span class='ocrx_word' id='word_1_586' title='bbox 3152 3914 3300 3968; x_wconf 90' lang='lat' dir='ltr'><strong>Tunc</strong></span> <span class='ocrx_word' id='word_1_587' title='bbox 3338 3914 3660 3986; x_wconf 88' lang='lat' dir='ltr'><strong>imperator,</strong></span> 
     </span>
    </p>
   </div>
   <div class='ocr_carea' id='block_1_87' title="bbox 2051 4006 3658 4081">
    <p class='ocr_par' dir='ltr' id='par_1_87' title="bbox 2051 4006 3658 4081">
     <span class='ocr_line' id='line_1_87' title="bbox 2051 4006 3658 4081; baseline -0.005 -10"><span class='ocrx_word' id='word_1_588' title='bbox 2051 4015 2253 4071; x_wconf 91' lang='lat' dir='ltr'><strong>civium</strong></span> <span class='ocrx_word' id='word_1_589' title='bbox 2292 4012 2505 4068; x_wconf 87' lang='lat' dir='ltr'><strong>animos</strong></span> <span class='ocrx_word' id='word_1_590' title='bbox 2534 4008 2738 4081; x_wconf 90' lang='lat' dir='ltr'><strong>pietate</strong></span> <span class='ocrx_word' id='word_1_591' title='bbox 2762 4006 3001 4063; x_wconf 85' lang='lat' dir='ltr'><strong>ﬁliorum</strong></span> <span class='ocrx_word' id='word_1_592' title='bbox 3028 4014 3084 4062; x_wconf 90' lang='lat' dir='ltr'><strong>et</strong></span> <span class='ocrx_word' id='word_1_593' title='bbox 3111 4006 3411 4062; x_wconf 89' lang='lat' dir='ltr'><strong>amicorum</strong></span> <span class='ocrx_word' id='word_1_594' title='bbox 3470 4007 3658 4063; x_wconf 80' lang='lat' dir='ltr'><strong>existi-</strong></span> 
     </span>
    </p>
   </div>
   <div class='ocr_carea' id='block_1_88' title="bbox 2051 4095 3661 4175">
    <p class='ocr_par' dir='ltr' id='par_1_88' title="bbox 2051 4095 3661 4175">
     <span class='ocr_line' id='line_1_88' title="bbox 2051 4095 3661 4175; baseline -0.005 -14"><span class='ocrx_word' id='word_1_595' title='bbox 2051 4120 2208 4161; x_wconf 88' lang='lat' dir='ltr'><strong>mans</strong></span> <span class='ocrx_word' id='word_1_596' title='bbox 2237 4117 2401 4175; x_wconf 90' lang='lat' dir='ltr'><strong>posse</strong></span> <span class='ocrx_word' id='word_1_597' title='bbox 2430 4101 2520 4136; x_wconf 71' lang='lat'><strong>“&#39;7</strong></span> <span class='ocrx_word' id='word_1_598' title='bbox 2551 4098 2723 4164; x_wconf 88' lang='lat' dir='ltr'><strong>ﬂecti,</strong></span> <span class='ocrx_word' id='word_1_599' title='bbox 2755 4095 3015 4169; x_wconf 67' lang='lat' dir='ltr'><strong>praecepit</strong></span> <span class='ocrx_word' id='word_1_600' title='bbox 3051 4095 3358 4153; x_wconf 89' lang='lat' dir='ltr'><strong>nobiliores</strong></span> <span class='ocrx_word' id='word_1_601' title='bbox 3408 4112 3476 4152; x_wconf 86' lang='lat' dir='ltr'><strong>ex</strong></span> <span class='ocrx_word' id='word_1_602' title='bbox 3506 4098 3661 4154; x_wconf 84' lang='lat' dir='ltr'><strong>obsi-</strong></span> 
     </span>
    </p>
   </div>
   <div class='ocr_carea' id='block_1_89' title="bbox 2054 4183 3657 4262">
    <p class='ocr_par' dir='ltr' id='par_1_89' title="bbox 2054 4183 3657 4262">
     <span class='ocr_line' id='line_1_89' title="bbox 2054 4183 3657 4262; baseline -0.004 -13"><span class='ocrx_word' id='word_1_603' title='bbox 2054 4194 2215 4250; x_wconf 88' lang='lat' dir='ltr'><strong>dibus</strong></span> <span class='ocrx_word' id='word_1_604' title='bbox 2245 4191 2336 4227; x_wconf 68' lang='lat'><strong>“9°</strong></span> <span class='ocrx_word' id='word_1_605' title='bbox 2364 4188 2538 4262; x_wconf 89' lang='lat' dir='ltr'><strong>ipsius</strong></span> <span class='ocrx_word' id='word_1_606' title='bbox 2582 4188 2818 4243; x_wconf 88' lang='lat' dir='ltr'><strong>civitatis</strong></span> <span class='ocrx_word' id='word_1_607' title='bbox 2847 4192 2904 4241; x_wconf 91' lang='lat' dir='ltr'><strong>et</strong></span> <span class='ocrx_word' id='word_1_608' title='bbox 2950 4185 3043 4221; x_wconf 77' lang='grc'><strong>¹⁴⁹⁹</strong></span> <span class='ocrx_word' id='word_1_609' title='bbox 3089 4183 3258 4240; x_wconf 86' lang='lat' dir='ltr'><strong>filiam</strong></span> <span class='ocrx_word' id='word_1_610' title='bbox 3300 4185 3520 4243; x_wconf 90' lang='lat' dir='ltr'><strong>comitis</strong></span> <span class='ocrx_word' id='word_1_611' title='bbox 3557 4203 3657 4243; x_wconf 88' lang='lat' dir='ltr'><strong>su-</strong></span> 
     </span>
    </p>
   </div>
   <div class='ocr_carea' id='block_1_90' title="bbox 2055 4274 3661 4357">
    <p class='ocr_par' dir='ltr' id='par_1_90' title="bbox 2055 4274 3661 4357">
     <span class='ocr_line' id='line_1_90' title="bbox 2055 4274 3661 4357; baseline -0.004 -17"><span class='ocrx_word' id='word_1_612' title='bbox 2055 4301 2153 4357; x_wconf 89' lang='lat' dir='ltr'><strong>per</strong></span> <span class='ocrx_word' id='word_1_613' title='bbox 2182 4282 2464 4338; x_wconf 90' lang='lat' dir='ltr'><strong>machinas</strong></span> <span class='ocrx_word' id='word_1_614' title='bbox 2499 4277 2771 4354; x_wconf 82' lang='lat' dir='ltr'><strong>colligari,</strong></span> <span class='ocrx_word' id='word_1_615' title='bbox 2816 4277 2897 4332; x_wconf 89' lang='lat' dir='ltr'><strong>sic</strong></span> <span class='ocrx_word' id='word_1_616' title='bbox 2922 4282 3209 4348; x_wconf 87' lang='lat' dir='ltr'><strong>reputans,</strong></span> <span class='ocrx_word' id='word_1_617' title='bbox 3240 4274 3347 4332; x_wconf 88' lang='lat' dir='ltr'><strong>sibi</strong></span> <span class='ocrx_word' id='word_1_618' title='bbox 3384 4277 3506 4333; x_wconf 88' lang='lat' dir='ltr'><strong>sine</strong></span> <span class='ocrx_word' id='word_1_619' title='bbox 3536 4294 3661 4334; x_wconf 91' lang='lat' dir='ltr'><strong>san-</strong></span> 
     </span>
    </p>
   </div>
   <div class='ocr_carea' id='block_1_91' title="bbox 2049 4368 3659 4453">
    <p class='ocr_par' dir='ltr' id='par_1_91' title="bbox 2049 4368 3659 4453">
     <span class='ocr_line' id='line_1_91' title="bbox 2049 4368 3659 4453; baseline -0.004 -19"><span class='ocrx_word' id='word_1_620' title='bbox 2049 4379 2217 4453; x_wconf 81' lang='lat' dir='ltr'><strong>guine</strong></span> <span class='ocrx_word' id='word_1_621' title='bbox 2247 4375 2523 4434; x_wconf 88' lang='lat' dir='ltr'><strong>civitatem</strong></span> <span class='ocrx_word' id='word_1_622' title='bbox 2555 4372 2779 4444; x_wconf 87' lang='lat' dir='ltr'><strong>aperiri.</strong></span> <span class='ocrx_word' id='word_1_623' title='bbox 2814 4373 2881 4425; x_wconf 80' lang='lat' dir='ltr'><strong>At</strong></span> <span class='ocrx_word' id='word_1_624' title='bbox 2907 4368 3189 4426; x_wconf 85' lang='lat' dir='ltr'><strong>castellani</strong></span> <span class='ocrx_word' id='word_1_625' title='bbox 3222 4385 3332 4425; x_wconf 89' lang='lat' dir='ltr'><strong>non</strong></span> <span class='ocrx_word' id='word_1_626' title='bbox 3372 4371 3497 4443; x_wconf 90' lang='lat' dir='ltr'><strong>plus</strong></span> <span class='ocrx_word' id='word_1_627' title='bbox 3531 4371 3659 4428; x_wconf 75' lang='lat' dir='ltr'><strong>filiis</strong></span> 
     </span>
    </p>
   </div>
   <div class='ocr_carea' id='block_1_92' title="bbox 337 4459 3661 4551">
    <p class='ocr_par' dir='ltr' id='par_1_92' title="bbox 337 4459 3661 4551">
     <span class='ocr_line' id='line_1_92' title="bbox 337 4459 3661 4551; baseline 0.001 -36"><span class='ocrx_word' id='word_1_628' title='bbox 337 4477 418 4516; x_wconf 91' lang='lat' dir='ltr'><strong>me</strong></span> <span class='ocrx_word' id='word_1_629' title='bbox 438 4463 718 4527; x_wconf 83' lang='lat' dir='ltr'><strong>moriente,</strong></span> <span class='ocrx_word' id='word_1_630' title='bbox 749 4460 1041 4516; x_wconf 81' lang='lat' dir='ltr'><strong>discrimen</strong></span> <span class='ocrx_word' id='word_1_631' title='bbox 1065 4466 1265 4532; x_wconf 84' lang='lat' dir='ltr'><strong>patrice</strong></span> <span class='ocrx_word' id='word_1_632' title='bbox 1307 4464 1629 4535; x_wconf 74' lang='lat' dir='ltr'><strong>dif/inirem.</strong></span> <span class='ocrx_word' id='word_1_633' title='bbox 1666 4465 1773 4521; x_wconf 88' lang='lat' dir='ltr'><strong>Sed</strong></span> <span class='ocrx_word' id='word_1_634' title='bbox 1818 4482 1951 4536; x_wconf 88' lang='lat' dir='ltr'><strong>quo-</strong></span> <span class='ocrx_word' id='word_1_635' title='bbox 1974 4481 2035 4551; x_wconf 82' lang='lat' dir='ltr'><strong>D</strong></span> <span class='ocrx_word' id='word_1_636' title='bbox 2053 4467 2138 4523; x_wconf 85' lang='lat' dir='ltr'><strong>vel</strong></span> <span class='ocrx_word' id='word_1_637' title='bbox 2168 4464 2495 4539; x_wconf 88' lang='lat' dir='ltr'><strong>propinquis</strong></span> <span class='ocrx_word' id='word_1_638' title='bbox 2527 4478 2691 4535; x_wconf 90' lang='lat' dir='ltr'><strong>quam</strong></span> <span class='ocrx_word' id='word_1_639' title='bbox 2724 4460 2980 4518; x_wconf 88' lang='lat' dir='ltr'><strong>Bohemis</strong></span> <span class='ocrx_word' id='word_1_640' title='bbox 3008 4459 3095 4516; x_wconf 88' lang='lat' dir='ltr'><strong>vel</strong></span> <span class='ocrx_word' id='word_1_641' title='bbox 3120 4459 3437 4551; x_wconf 82' lang='lat' dir='ltr'><strong>Alamannis</strong></span> <span class='ocrx_word' id='word_1_642' title='bbox 3464 4475 3661 4533; x_wconf 84' lang='lat' dir='ltr'><strong>parce-</strong></span> 
     </span>
    </p>
   </div>
   <div class='ocr_carea' id='block_1_93' title="bbox 337 4559 1944 4632">
    <p class='ocr_par' dir='ltr' id='par_1_93' title="bbox 337 4559 1944 4632">
     <span class='ocr_line' id='line_1_93' title="bbox 337 4559 1944 4632; baseline 0.004 -20"><span class='ocrx_word' id='word_1_643' title='bbox 337 4562 487 4613; x_wconf 88' lang='lat' dir='ltr'><strong>niam</strong></span> <span class='ocrx_word' id='word_1_644' title='bbox 515 4559 591 4613; x_wconf 87' lang='lat' dir='ltr'><strong>ad</strong></span> <span class='ocrx_word' id='word_1_645' title='bbox 614 4575 780 4613; x_wconf 87' lang='lat' dir='ltr'><strong>unum</strong></span> <span class='ocrx_word' id='word_1_646' title='bbox 807 4560 872 4612; x_wconf 88' lang='lat' dir='ltr'><strong>de</strong></span> <span class='ocrx_word' id='word_1_647' title='bbox 920 4562 1120 4615; x_wconf 87' lang='lat' dir='ltr'><strong>nostris</strong></span> <span class='ocrx_word' id='word_1_648' title='bbox 1168 4565 1376 4615; x_wconf 80' lang='lat' dir='ltr'><strong>restant</strong></span> <span class='ocrx_word' id='word_1_649' title='bbox 1416 4562 1482 4615; x_wconf 87' lang='lat' dir='ltr'><strong>de</strong></span> <span class='ocrx_word' id='word_1_650' title='bbox 1528 4562 1769 4617; x_wconf 84' lang='lat' dir='ltr'><strong>hostibus</strong></span> <span class='ocrx_word' id='word_1_651' title='bbox 1819 4564 1944 4632; x_wconf 82' lang='lat' dir='ltr'><strong>plus</strong></span> 
     </span>
    </p>
   </div>
   <div class='ocr_carea' id='block_1_94' title="bbox 337 4654 1948 4727">
    <p class='ocr_par' dir='ltr' id='par_1_94' title="bbox 337 4654 1948 4727">
     <span class='ocr_line' id='line_1_94' title="bbox 337 4654 1948 4727; baseline 0.004 -20"><span class='ocrx_word' id='word_1_652' title='bbox 337 4670 503 4724; x_wconf 88' lang='lat' dir='ltr'><strong>quam</strong></span> <span class='ocrx_word' id='word_1_653' title='bbox 532 4658 759 4718; x_wconf 86' lang='lat' dir='ltr'><strong>centum,</strong></span> <span class='ocrx_word' id='word_1_654' title='bbox 790 4654 876 4708; x_wconf 85' lang='lat' dir='ltr'><strong>hic</strong></span> <span class='ocrx_word' id='word_1_655' title='bbox 913 4658 989 4708; x_wconf 87' lang='lat' dir='ltr'><strong>est</strong></span> <span class='ocrx_word' id='word_1_656' title='bbox 1041 4656 1314 4711; x_wconf 84' lang='lat' dir='ltr'><strong>honestius</strong></span> <span class='ocrx_word' id='word_1_657' title='bbox 1366 4658 1740 4725; x_wconf 84' lang='lat' dir='ltr'><strong>resistendum,</strong></span> <span class='ocrx_word' id='word_1_658' title='bbox 1784 4674 1948 4727; x_wconf 87' lang='lat' dir='ltr'><strong>quam</strong></span> 
     </span>
    </p>
   </div>
   <div class='ocr_carea' id='block_1_95' title="bbox 337 4746 1941 4817">
    <p class='ocr_par' dir='ltr' id='par_1_95' title="bbox 337 4746 1941 4817">
     <span class='ocr_line' id='line_1_95' title="bbox 337 4746 1941 4817; baseline 0.003 -18"><span class='ocrx_word' id='word_1_659' title='bbox 337 4746 466 4799; x_wconf 85' lang='lat' dir='ltr'><strong>illuc</strong></span> <span class='ocrx_word' id='word_1_660' title='bbox 492 4760 610 4799; x_wconf 88' lang='lat' dir='ltr'><strong>cum</strong></span> <span class='ocrx_word' id='word_1_661' title='bbox 653 4748 841 4815; x_wconf 86' lang='lat' dir='ltr'><strong>paucis</strong></span> <span class='ocrx_word' id='word_1_662' title='bbox 867 4746 1041 4801; x_wconf 87' lang='lat' dir='ltr'><strong>eundo</strong></span> <span class='ocrx_word' id='word_1_663' title='bbox 1086 4752 1509 4817; x_wconf 77' lang='lat' dir='ltr'><strong>prcesumptuose</strong></span> <span class='ocrx_word' id='word_1_664' title='bbox 1558 4750 1941 4814; x_wconf 84' lang='lat' dir='ltr'><strong>moriendum;</strong></span> 
     </span>
    </p>
   </div>
   <div class='ocr_carea' id='block_1_96' title="bbox 334 4837 1945 4911">
    <p class='ocr_par' dir='ltr' id='par_1_96' title="bbox 334 4837 1945 4911">
     <span class='ocr_line' id='line_1_96' title="bbox 334 4837 1945 4911; baseline 0.004 -20"><span class='ocrx_word' id='word_1_665' title='bbox 334 4838 423 4891; x_wconf 83' lang='lat' dir='ltr'><strong>hic</strong></span> <span class='ocrx_word' id='word_1_666' title='bbox 465 4839 608 4892; x_wconf 89' lang='lat' dir='ltr'><strong>enim</strong></span> <span class='ocrx_word' id='word_1_667' title='bbox 645 4837 798 4892; x_wconf 83' lang='lat' dir='ltr'><strong>nobis</strong></span> <span class='ocrx_word' id='word_1_668' title='bbox 821 4839 1205 4905; x_wconf 83' lang='lat' dir='ltr'><strong>resistentibus,</strong></span> <span class='ocrx_word' id='word_1_669' title='bbox 1260 4841 1440 4909; x_wconf 84' lang='lat' dir='ltr'><strong>eisque</strong></span> <span class='ocrx_word' id='word_1_670' title='bbox 1488 4842 1780 4896; x_wconf 84' lang='lat' dir='ltr'><strong>transitum</strong></span> <span class='ocrx_word' id='word_1_671' title='bbox 1814 4857 1945 4911; x_wconf 86' lang='lat' dir='ltr'><strong>pro-</strong></span> 
     </span>
    </p>
   </div>
   <div class='ocr_carea' id='block_1_97' title="bbox 335 4926 1943 4996">
    <p class='ocr_par' dir='ltr' id='par_1_97' title="bbox 335 4926 1943 4996">
     <span class='ocr_line' id='line_1_97' title="bbox 335 4926 1943 4996; baseline 0.001 -16"><span class='ocrx_word' id='word_1_672' title='bbox 335 4926 641 4980; x_wconf 83' lang='lat' dir='ltr'><strong>hibentibus</strong></span> <span class='ocrx_word' id='word_1_673' title='bbox 671 4927 803 4980; x_wconf 86' lang='lat' dir='ltr'><strong>satis</strong></span> <span class='ocrx_word' id='word_1_674' title='bbox 839 4940 939 4994; x_wconf 81' lang='lat' dir='ltr'><strong>pro</strong></span> <span class='ocrx_word' id='word_1_675' title='bbox 963 4927 1191 4980; x_wconf 80' lang='lat' dir='ltr'><strong>victoria</strong></span> <span class='ocrx_word' id='word_1_676' title='bbox 1239 4928 1594 4996; x_wconf 81' lang='lat' dir='ltr'><strong>reputabitur.</strong></span> <span class='ocrx_word' id='word_1_677' title='bbox 1631 4928 1754 4983; x_wconf 73' lang='lat' dir='ltr'><strong>Haec</strong></span> <span class='ocrx_word' id='word_1_678' title='bbox 1784 4928 1943 4995; x_wconf 85' lang='lat' dir='ltr'><strong>dixit,</strong></span> 
     </span>
    </p>
   </div>
   <div class='ocr_carea' id='block_1_98' title="bbox 2053 4550 3660 4628">
    <p class='ocr_par' dir='ltr' id='par_1_98' title="bbox 2053 4550 3660 4628">
     <span class='ocr_line' id='line_1_98' title="bbox 2053 4550 3660 4628; baseline -0.006 -12"><span class='ocrx_word' id='word_1_679' title='bbox 2053 4561 2203 4628; x_wconf 88' lang='lat' dir='ltr'><strong>bant,</strong></span> <span class='ocrx_word' id='word_1_680' title='bbox 2234 4558 2333 4615; x_wconf 90' lang='lat' dir='ltr'><strong>sed</strong></span> <span class='ocrx_word' id='word_1_681' title='bbox 2372 4572 2469 4613; x_wconf 92' lang='lat' dir='ltr'><strong>eos</strong></span> <span class='ocrx_word' id='word_1_682' title='bbox 2512 4554 2810 4611; x_wconf 90' lang='lat' dir='ltr'><strong>abscedere</strong></span> <span class='ocrx_word' id='word_1_683' title='bbox 2858 4569 2891 4609; x_wconf 87' lang='lat' dir='ltr'><strong>a</strong></span> <span class='ocrx_word' id='word_1_684' title='bbox 2936 4565 3096 4608; x_wconf 86' lang='lat' dir='ltr'><strong>muro</strong></span> <span class='ocrx_word' id='word_1_685' title='bbox 3138 4550 3421 4622; x_wconf 83' lang='lat' dir='ltr'><strong>lapidibus</strong></span> <span class='ocrx_word' id='word_1_686' title='bbox 3459 4558 3515 4608; x_wconf 91' lang='lat' dir='ltr'><strong>et</strong></span> <span class='ocrx_word' id='word_1_687' title='bbox 3567 4552 3660 4588; x_wconf 71' lang='grc'><strong>¹⁵⁰⁰</strong></span> 
     </span>
    </p>
   </div>
   <div class='ocr_carea' id='block_1_99' title="bbox 2016 4645 3656 4717">
    <p class='ocr_par' dir='ltr' id='par_1_99' title="bbox 2016 4645 3656 4717">
     <span class='ocr_line' id='line_1_99' title="bbox 2016 4645 3656 4717; baseline -0.005 -8"><span class='ocrx_word' id='word_1_688' title='bbox 2016 4653 2218 4709; x_wconf 82' lang='lat' dir='ltr'><strong>armis</strong></span> <span class='ocrx_word' id='word_1_689' title='bbox 2254 4650 2602 4708; x_wconf 88' lang='lat' dir='ltr'><strong>coercebant.</strong></span> <span class='ocrx_word' id='word_1_690' title='bbox 2635 4646 2842 4704; x_wconf 87' lang='lat' dir='ltr'><strong>Videns</strong></span> <span class='ocrx_word' id='word_1_691' title='bbox 2897 4652 3080 4702; x_wconf 88' lang='lat' dir='ltr'><strong>autem</strong></span> <span class='ocrx_word' id='word_1_692' title='bbox 3140 4645 3458 4717; x_wconf 88' lang='lat' dir='ltr'><strong>imperator,</strong></span> <span class='ocrx_word' id='word_1_693' title='bbox 3507 4646 3656 4717; x_wconf 90' lang='lat' dir='ltr'><strong>quod</strong></span> 
     </span>
    </p>
   </div>
   <div class='ocr_carea' id='block_1_100' title="bbox 2048 4735 3656 4813">
    <p class='ocr_par' dir='ltr' id='par_1_100' title="bbox 2048 4735 3656 4813">
     <span class='ocr_line' id='line_1_100' title="bbox 2048 4735 3656 4813; baseline -0.007 -13"><span class='ocrx_word' id='word_1_694' title='bbox 2048 4742 2143 4800; x_wconf 89' lang='lat' dir='ltr'><strong>tali</strong></span> <span class='ocrx_word' id='word_1_695' title='bbox 2174 4756 2451 4813; x_wconf 88' lang='lat' dir='ltr'><strong>nunquam</strong></span> <span class='ocrx_word' id='word_1_696' title='bbox 2484 4737 2710 4813; x_wconf 78' lang='lat' dir='ltr'><strong>ingenio</strong></span> <span class='ocrx_word' id='word_1_697' title='bbox 2761 4735 3039 4791; x_wconf 88' lang='lat' dir='ltr'><strong>civitatem</strong></span> <span class='ocrx_word' id='word_1_698' title='bbox 3071 4741 3379 4804; x_wconf 88' lang='lat' dir='ltr'><strong>superaret,</strong></span> <span class='ocrx_word' id='word_1_699' title='bbox 3410 4749 3515 4790; x_wconf 87' lang='lat' dir='ltr'><strong>nec</strong></span> <span class='ocrx_word' id='word_1_700' title='bbox 3555 4751 3656 4789; x_wconf 65' lang='lat' dir='ltr'><strong>uno</strong></span> 
     </span>
    </p>
   </div>
   <div class='ocr_carea' id='block_1_101' title="bbox 2048 4828 3657 4912">
    <p class='ocr_par' dir='ltr' id='par_1_101' title="bbox 2048 4828 3657 4912">
     <span class='ocr_line' id='line_1_101' title="bbox 2048 4828 3657 4912; baseline -0.006 -18"><span class='ocrx_word' id='word_1_701' title='bbox 2048 4855 2213 4912; x_wconf 91' lang='lat' dir='ltr'><strong>quam</strong></span> <span class='ocrx_word' id='word_1_702' title='bbox 2241 4854 2272 4892; x_wconf 92' lang='lat' dir='ltr'><strong>a</strong></span> <span class='ocrx_word' id='word_1_703' title='bbox 2299 4835 2582 4908; x_wconf 92' lang='lat' dir='ltr'><strong>proposito</strong></span> <span class='ocrx_word' id='word_1_704' title='bbox 2610 4831 2813 4888; x_wconf 90' lang='lat' dir='ltr'><strong>civium</strong></span> <span class='ocrx_word' id='word_1_705' title='bbox 2840 4831 3057 4886; x_wconf 91' lang='lat' dir='ltr'><strong>animos</strong></span> <span class='ocrx_word' id='word_1_706' title='bbox 3097 4834 3404 4893; x_wconf 86' lang='lat' dir='ltr'><strong>revocaret,</strong></span> <span class='ocrx_word' id='word_1_707' title='bbox 3444 4828 3657 4885; x_wconf 86' lang='lat' dir='ltr'><strong>viribus</strong></span> 
     </span>
    </p>
   </div>
   <div class='ocr_carea' id='block_1_102' title="bbox 2046 4919 3654 4995">
    <p class='ocr_par' dir='ltr' id='par_1_102' title="bbox 2046 4919 3654 4995">
     <span class='ocr_line' id='line_1_102' title="bbox 2046 4919 3654 4995; baseline -0.004 -12"><span class='ocrx_word' id='word_1_708' title='bbox 2046 4935 2103 4983; x_wconf 88' lang='lat' dir='ltr'><strong>et</strong></span> <span class='ocrx_word' id='word_1_709' title='bbox 2131 4926 2298 4982; x_wconf 89' lang='lat' dir='ltr'><strong>armis</strong></span> <span class='ocrx_word' id='word_1_710' title='bbox 2340 4924 2594 4981; x_wconf 88' lang='lat' dir='ltr'><strong>obtinere</strong></span> <span class='ocrx_word' id='word_1_711' title='bbox 2636 4921 2846 4987; x_wconf 89' lang='lat' dir='ltr'><strong>nititur,</strong></span> <span class='ocrx_word' id='word_1_712' title='bbox 2887 4919 3034 4994; x_wconf 89' lang='lat' dir='ltr'><strong>quod</strong></span> <span class='ocrx_word' id='word_1_713' title='bbox 3065 4919 3291 4995; x_wconf 71' lang='lat' dir='ltr'><strong>ingenio</strong></span> <span class='ocrx_word' id='word_1_714' title='bbox 3329 4919 3654 4994; x_wconf 72' lang='lat' dir='ltr'><strong>denegatur.</strong></span> 
     </span>
    </p>
   </div>
   <div class='ocr_carea' id='block_1_103' title="bbox 1684 5049 2325 5105">
    <p class='ocr_par' dir='ltr' id='par_1_103' title="bbox 1684 5049 2325 5105">
     <span class='ocr_line' id='line_1_103' title="bbox 1684 5049 2325 5105; baseline 0 -3"><span class='ocrx_word' id='word_1_715' title='bbox 1684 5049 1906 5104; x_wconf 64' lang='lat' dir='ltr'><strong>VARI/{‘3</strong></span> <span class='ocrx_word' id='word_1_716' title='bbox 1933 5050 2325 5105; x_wconf 82' lang='lat' dir='ltr'><strong>LECTIONES.‘</strong></span> 
     </span>
    </p>
   </div>
   <div class='ocr_carea' id='block_1_104' title="bbox 408 5142 1403 5198">
    <p class='ocr_par' dir='ltr' id='par_1_104' title="bbox 408 5142 1403 5198">
     <span class='ocr_line' id='line_1_104' title="bbox 408 5142 1403 5198; baseline 0.004 -4"><span class='ocrx_word' id='word_1_717' title='bbox 408 5143 499 5178; x_wconf 67' lang='lat'><strong>“5°</strong></span> <span class='ocrx_word' id='word_1_718' title='bbox 530 5142 888 5197; x_wconf 89' lang='lat' dir='ltr'><strong>demandavit</strong></span> <span class='ocrx_word' id='word_1_719' title='bbox 916 5144 968 5195; x_wconf 90' lang='lat'><strong>3.</strong></span> <span class='ocrx_word' id='word_1_720' title='bbox 1059 5142 1153 5177; x_wconf 69' lang='lat'><strong>“7°</strong></span> <span class='ocrx_word' id='word_1_721' title='bbox 1182 5144 1327 5198; x_wconf 85' lang='lat' dir='ltr'><strong>deest</strong></span> <span class='ocrx_word' id='word_1_722' title='bbox 1351 5145 1403 5197; x_wconf 90' lang='lat'><strong>2.</strong></span> 
     </span>
    </p>
   </div>
   <div class='ocr_carea' id='block_1_105' title="bbox 335 5213 1155 5275">
    <p class='ocr_par' dir='ltr' id='par_1_105' title="bbox 335 5213 1155 5275">
     <span class='ocr_line' id='line_1_105' title="bbox 335 5213 1155 5275; baseline -0.001 -9"><span class='ocrx_word' id='word_1_723' title='bbox 335 5217 418 5275; x_wconf 76' lang='lat' dir='ltr'><strong>ed.</strong></span> <span class='ocrx_word' id='word_1_724' title='bbox 492 5215 640 5269; x_wconf 79' lang='lat' dir='ltr'><strong>Vars.</strong></span> <span class='ocrx_word' id='word_1_725' title='bbox 697 5213 843 5269; x_wconf 83' lang='lat' dir='ltr'><strong>deest</strong></span> <span class='ocrx_word' id='word_1_726' title='bbox 892 5215 947 5268; x_wconf 90' lang='lat'><strong>1.</strong></span> <span class='ocrx_word' id='word_1_727' title='bbox 1007 5213 1060 5269; x_wconf 85' lang='lat'><strong>2.</strong></span> <span class='ocrx_word' id='word_1_728' title='bbox 1103 5213 1155 5267; x_wconf 92' lang='lat'><strong>3.</strong></span> 
     </span>
    </p>
   </div>
   <div class='ocr_carea' id='block_1_106' title="bbox 331 5354 895 5412">
    <p class='ocr_par' dir='ltr' id='par_1_106' title="bbox 331 5354 895 5412">
     <span class='ocr_line' id='line_1_106' title="bbox 331 5354 895 5412; baseline -0.005 0"><span class='ocrx_word' id='word_1_729' title='bbox 331 5358 389 5412; x_wconf 94' lang='lat'><strong>2.</strong></span> <span class='ocrx_word' id='word_1_730' title='bbox 424 5357 477 5410; x_wconf 92' lang='grc'><strong>3.</strong></span> <span class='ocrx_word' id='word_1_731' title='bbox 523 5354 546 5358; x_wconf 54' lang='grc'><strong>’⁷</strong></span> <span class='ocrx_word' id='word_1_732' title='bbox 572 5355 663 5390; x_wconf 60' lang='grc'>³⁸⁸⁸</span> <span class='ocrx_word' id='word_1_733' title='bbox 689 5372 812 5410; x_wconf 93' lang='lat' dir='ltr'><strong>cum</strong></span> <span class='ocrx_word' id='word_1_734' title='bbox 843 5354 895 5409; x_wconf 90' lang='lat'><strong>3.</strong></span> 
     </span>
    </p>
   </div>
   <div class='ocr_carea' id='block_1_107' title="bbox 336 5426 1068 5498">
    <p class='ocr_par' dir='ltr' id='par_1_107' title="bbox 336 5426 1068 5498">
     <span class='ocr_line' id='line_1_107' title="bbox 336 5426 1068 5498; baseline 0 -17"><span class='ocrx_word' id='word_1_735' title='bbox 336 5428 426 5463; x_wconf 65' lang='lat'><strong>“3°</strong></span> <span class='ocrx_word' id='word_1_736' title='bbox 449 5442 548 5498; x_wconf 90' lang='lat' dir='ltr'><strong>per</strong></span> <span class='ocrx_word' id='word_1_737' title='bbox 566 5426 621 5481; x_wconf 85' lang='lat'><strong>3.</strong></span> <span class='ocrx_word' id='word_1_738' title='bbox 731 5427 821 5461; x_wconf 70' lang='lat'><strong>&quot;9°</strong></span> <span class='ocrx_word' id='word_1_739' title='bbox 851 5436 997 5482; x_wconf 86' lang='lat' dir='ltr'><strong>esset</strong></span> <span class='ocrx_word' id='word_1_740' title='bbox 1018 5426 1068 5483; x_wconf 89' lang='lat'><strong>3.</strong></span> 
     </span>
    </p>
   </div>
   <div class='ocr_carea' id='block_1_108' title="bbox 330 5500 1083 5565">
    <p class='ocr_par' dir='ltr' id='par_1_108' title="bbox 330 5500 1083 5565">
     <span class='ocr_line' id='line_1_108' title="bbox 330 5500 1083 5565; baseline -0.001 -11"><span class='ocrx_word' id='word_1_741' title='bbox 330 5501 451 5554; x_wconf 83' lang='lat' dir='ltr'><strong>dem</strong></span> <span class='ocrx_word' id='word_1_742' title='bbox 489 5514 657 5553; x_wconf 87' lang='lat' dir='ltr'><strong>manu</strong></span> <span class='ocrx_word' id='word_1_743' title='bbox 676 5502 732 5551; x_wconf 85' lang='lat' dir='ltr'><strong>in</strong></span> <span class='ocrx_word' id='word_1_744' title='bbox 759 5502 1004 5565; x_wconf 79' lang='lat' dir='ltr'><strong>margine</strong></span> <span class='ocrx_word' id='word_1_745' title='bbox 1032 5500 1083 5553; x_wconf 77' lang='lat'><strong>2.</strong></span> 
     </span>
    </p>
   </div>
   <div class='ocr_carea' id='block_1_109' title="bbox 334 5569 1081 5639">
    <p class='ocr_par' dir='ltr' id='par_1_109' title="bbox 334 5569 1081 5639">
     <span class='ocr_line' id='line_1_109' title="bbox 334 5569 1081 5639; baseline 0 -14"><span class='ocrx_word' id='word_1_746' title='bbox 334 5575 409 5625; x_wconf 87' lang='lat' dir='ltr'><strong>est</strong></span> <span class='ocrx_word' id='word_1_747' title='bbox 440 5570 495 5624; x_wconf 90' lang='lat'><strong>3.</strong></span> <span class='ocrx_word' id='word_1_748' title='bbox 589 5569 677 5603; x_wconf 71' lang='grc'><strong>¹⁵⁹⁸</strong></span> <span class='ocrx_word' id='word_1_749' title='bbox 703 5569 1003 5639; x_wconf 87' lang='lat' dir='ltr'><strong>oppidibus</strong></span> <span class='ocrx_word' id='word_1_750' title='bbox 1027 5570 1081 5625; x_wconf 83' lang='lat'><strong>2.</strong></span> 
     </span>
    </p>
   </div>
   <div class='ocr_carea' id='block_1_110' title="bbox 1159 5428 1686 5486">
    <p class='ocr_par' dir='ltr' id='par_1_110' title="bbox 1159 5428 1686 5486">
     <span class='ocr_line' id='line_1_110' title="bbox 1159 5428 1686 5486; baseline -0.002 -3"><span class='ocrx_word' id='word_1_751' title='bbox 1159 5428 1244 5461; x_wconf 69' lang='lat'><strong>“9&#39;</strong></span> <span class='ocrx_word' id='word_1_752' title='bbox 1289 5429 1602 5484; x_wconf 81' lang='lat' dir='ltr'><strong>reversione</strong></span> <span class='ocrx_word' id='word_1_753' title='bbox 1634 5429 1686 5486; x_wconf 91' lang='lat'><strong>3.</strong></span> 
     </span>
    </p>
   </div>
   <div class='ocr_carea' id='block_1_111' title="bbox 1501 5145 2230 5201">
    <p class='ocr_par' dir='ltr' id='par_1_111' title="bbox 1501 5145 2230 5201">
     <span class='ocr_line' id='line_1_111' title="bbox 1501 5145 2230 5201; baseline 0 -2"><span class='ocrx_word' id='word_1_754' title='bbox 1501 5146 1584 5179; x_wconf 68' lang='lat'><strong>“&quot;1</strong></span> <span class='ocrx_word' id='word_1_755' title='bbox 1610 5145 1753 5199; x_wconf 83' lang='lat' dir='ltr'><strong>deest</strong></span> <span class='ocrx_word' id='word_1_756' title='bbox 1781 5146 1835 5200; x_wconf 86' lang='lat'><strong>‘2.</strong></span> <span class='ocrx_word' id='word_1_757' title='bbox 1920 5146 2010 5181; x_wconf 59' lang='lat' dir='ltr'><strong>1i&quot;</strong></span> <span class='ocrx_word' id='word_1_758' title='bbox 2038 5162 2141 5201; x_wconf 91' lang='lat' dir='ltr'><strong>nec</strong></span> <span class='ocrx_word' id='word_1_759' title='bbox 2176 5146 2230 5200; x_wconf 88' lang='lat'><strong>2.</strong></span> 
     </span>
    </p>
   </div>
   <div class='ocr_carea' id='block_1_112' title="bbox 1147 5214 2880 5295">
    <p class='ocr_par' dir='ltr' id='par_1_112' title="bbox 1147 5214 2880 5295">
     <span class='ocr_line' id='line_1_112' title="bbox 1147 5214 2880 5295; baseline -0.018 -19"><span class='ocrx_word' id='word_1_760' title='bbox 1147 5254 1157 5294; x_wconf 66' lang='grc' dir='ltr'>ε</span> <span class='ocrx_word' id='word_1_761' title='bbox 1248 5215 1672 5295; x_wconf 51' lang='lat' dir='ltr'><strong>‘fliinestjabile</strong></span> <span class='ocrx_word' id='word_1_762' title='bbox 1719 5215 1771 5269; x_wconf 88' lang='lat'><strong>3.</strong></span> <span class='ocrx_word' id='word_1_763' title='bbox 1858 5218 1948 5295; x_wconf 63' lang='lat' dir='ltr'><strong>“7f</strong></span> <span class='ocrx_word' id='word_1_764' title='bbox 1974 5215 2347 5295; x_wconf 62' lang='lat' dir='ltr'><strong>facientevel</strong></span> <span class='ocrx_word' id='word_1_765' title='bbox 2707 5214 2880 5270; x_wconf 69' lang='lat' dir='ltr'><strong>1min</strong></span> 
     </span>
    </p>
   </div>
   <div class='ocr_carea' id='block_1_113' title="bbox 336 5283 1971 5358">
    <p class='ocr_par' dir='ltr' id='par_1_113' title="bbox 336 5283 1971 5358">
     <span class='ocr_line' id='line_1_113' title="bbox 336 5283 1971 5358; baseline 0.001 -19"><span class='ocrx_word' id='word_1_766' title='bbox 336 5284 723 5358; x_wconf 7' lang='lat' dir='ltr'><strong>“79fugamq3.</strong></span> <span class='ocrx_word' id='word_1_767' title='bbox 809 5283 900 5358; x_wconf 64' lang='lat' dir='ltr'><strong>“f0</strong></span> <span class='ocrx_word' id='word_1_768' title='bbox 926 5284 1353 5358; x_wconf 81' lang='lat' dir='ltr'><strong>subvenienti2</strong></span> <span class='ocrx_word' id='word_1_769' title='bbox 1452 5286 1537 5322; x_wconf 65' lang='lat'><strong>1““</strong></span> <span class='ocrx_word' id='word_1_770' title='bbox 1574 5296 1867 5357; x_wconf 89' lang='lat' dir='ltr'><strong>preparate</strong></span> <span class='ocrx_word' id='word_1_771' title='bbox 1918 5289 1971 5342; x_wconf 88' lang='lat'><strong>2.</strong></span> 
     </span>
    </p>
   </div>
   <div class='ocr_carea' id='block_1_114' title="bbox 1005 5356 2647 5484">
    <p class='ocr_par' dir='ltr' id='par_1_114' title="bbox 1005 5356 2647 5484">
     <span class='ocr_line' id='line_1_114' title="bbox 1005 5356 2646 5429; baseline 0.001 -19"><span class='ocrx_word' id='word_1_772' title='bbox 1005 5356 1095 5391; x_wconf 68' lang='lat'><strong>“85</strong></span> <span class='ocrx_word' id='word_1_773' title='bbox 1125 5357 1340 5426; x_wconf 90' lang='lat' dir='ltr'><strong>accepit</strong></span> <span class='ocrx_word' id='word_1_774' title='bbox 1367 5359 1401 5411; x_wconf 91' lang='lat'><strong>3</strong></span> <span class='ocrx_word' id='word_1_775' title='bbox 1508 5358 1599 5392; x_wconf 67' lang='lat'><strong>“35</strong></span> <span class='ocrx_word' id='word_1_776' title='bbox 1624 5356 1750 5412; x_wconf 88' lang='lat' dir='ltr'><strong>cum</strong></span> <span class='ocrx_word' id='word_1_777' title='bbox 1776 5358 1810 5415; x_wconf 92' lang='lat'><strong>3</strong></span> <span class='ocrx_word' id='word_1_778' title='bbox 1891 5358 1979 5394; x_wconf 77' lang='grc'><strong>¹¹⁶⁸⁷</strong></span> <span class='ocrx_word' id='word_1_779' title='bbox 2010 5360 2155 5414; x_wconf 86' lang='lat' dir='ltr'><strong>deest</strong></span> <span class='ocrx_word' id='word_1_780' title='bbox 2192 5358 2245 5412; x_wconf 89' lang='lat'><strong>3.</strong></span> <span class='ocrx_word' id='word_1_781' title='bbox 2337 5359 2646 5429; x_wconf 2' lang='lat' dir='ltr'><strong>“aspargum</strong></span> 
     </span>
     <span class='ocr_line' id='line_1_115' title="bbox 1018 5426 2647 5484; baseline -0.001 -1"><span class='ocrx_word' id='word_1_782' title='bbox 1018 5426 1068 5483; x_wconf 90' lang='lat'><strong>3.</strong></span> <span class='ocrx_word' id='word_1_783' title='bbox 1159 5428 1244 5461; x_wconf 69' lang='lat'><strong>“9&#39;</strong></span> <span class='ocrx_word' id='word_1_784' title='bbox 1289 5429 1602 5484; x_wconf 81' lang='lat' dir='ltr'><strong>reversione</strong></span> <span class='ocrx_word' id='word_1_785' title='bbox 1634 5429 1686 5484; x_wconf 91' lang='lat'><strong>3.</strong></span> <span class='ocrx_word' id='word_1_786' title='bbox 1783 5431 1873 5465; x_wconf 68' lang='lat'><strong>“9&#39;</strong></span> <span class='ocrx_word' id='word_1_787' title='bbox 1909 5431 2196 5484; x_wconf 89' lang='lat' dir='ltr'><strong>castellum</strong></span> <span class='ocrx_word' id='word_1_788' title='bbox 2231 5445 2340 5484; x_wconf 86' lang='lat' dir='ltr'><strong>non</strong></span> <span class='ocrx_word' id='word_1_789' title='bbox 2365 5434 2502 5484; x_wconf 84' lang='lat' dir='ltr'><strong>recte</strong></span> <span class='ocrx_word' id='word_1_790' title='bbox 2528 5428 2581 5483; x_wconf 89' lang='lat'><strong>1.</strong></span> <span class='ocrx_word' id='word_1_791' title='bbox 2612 5427 2647 5481; x_wconf 90' lang='lat'><strong>2</strong></span> 
     </span>
    </p>
   </div>
   <div class='ocr_carea' id='block_1_115' title="bbox 1179 5434 2667 5571">
    <p class='ocr_par' dir='ltr' id='par_1_115' title="bbox 1179 5434 2667 5571">
     <span class='ocr_line' id='line_1_116' title="bbox 1181 5434 2667 5499; baseline -0.007 -9"><span class='ocrx_word' id='word_1_792' title='bbox 1181 5434 1244 5461; x_wconf 61' lang='grc' dir='ltr'><strong>δυ’</strong></span> <span class='ocrx_word' id='word_1_793' title='bbox 1289 5434 1602 5484; x_wconf 77' lang='lat' dir='ltr'><strong>reversione</strong></span> <span class='ocrx_word' id='word_1_794' title='bbox 1634 5434 1686 5486; x_wconf 91' lang='lat'><strong>3.</strong></span> <span class='ocrx_word' id='word_1_795' title='bbox 1780 5434 1873 5499; x_wconf 52' lang='lat'><strong>1‘”</strong></span> <span class='ocrx_word' id='word_1_796' title='bbox 1909 5434 2196 5486; x_wconf 88' lang='lat' dir='ltr'><strong>castellum</strong></span> <span class='ocrx_word' id='word_1_797' title='bbox 2231 5445 2340 5484; x_wconf 86' lang='lat' dir='ltr'><strong>non</strong></span> <span class='ocrx_word' id='word_1_798' title='bbox 2365 5434 2502 5486; x_wconf 84' lang='lat' dir='ltr'><strong>recte</strong></span> <span class='ocrx_word' id='word_1_799' title='bbox 2528 5434 2581 5483; x_wconf 91' lang='lat'><strong>1.</strong></span> <span class='ocrx_word' id='word_1_800' title='bbox 2612 5434 2667 5481; x_wconf 86' lang='lat'><strong>2.</strong></span> 
     </span>
     <span class='ocr_line' id='line_1_117' title="bbox 1179 5498 2667 5571; baseline -0.013 -2"><span class='ocrx_word' id='word_1_801' title='bbox 1179 5498 1502 5571; x_wconf 48' lang='lat' dir='ltr'><strong>titiargum.</strong></span> <span class='ocrx_word' id='word_1_802' title='bbox 1545 5501 1628 5555; x_wconf 85' lang='lat' dir='ltr'><strong>ed.</strong></span> <span class='ocrx_word' id='word_1_803' title='bbox 1670 5502 1827 5556; x_wconf 84' lang='lat' dir='ltr'><strong>Vars.</strong></span> <span class='ocrx_word' id='word_1_804' title='bbox 1856 5518 1917 5571; x_wconf 73' lang='grc' dir='ltr'><strong>ρ.</strong></span> <span class='ocrx_word' id='word_1_805' title='bbox 1955 5502 2063 5558; x_wconf 85' lang='lat'><strong>266</strong></span> <span class='ocrx_word' id='word_1_806' title='bbox 2090 5503 2237 5558; x_wconf 86' lang='lat' dir='ltr'><strong>deest</strong></span> <span class='ocrx_word' id='word_1_807' title='bbox 2263 5501 2315 5556; x_wconf 76' lang='grc'><strong>1.</strong></span> <span class='ocrx_word' id='word_1_808' title='bbox 2350 5500 2407 5556; x_wconf 79' lang='lat'><strong>2.</strong></span> <span class='ocrx_word' id='word_1_809' title='bbox 2448 5500 2499 5556; x_wconf 87' lang='lat'><strong>3.</strong></span> <span class='ocrx_word' id='word_1_810' title='bbox 2615 5498 2667 5533; x_wconf 72' lang='grc' dir='ltr'><strong>ιιί</strong></span> 
     </span>
    </p>
   </div>
   <div class='ocr_carea' id='block_1_116' title="bbox 1170 5570 2030 5629">
    <p class='ocr_par' dir='ltr' id='par_1_116' title="bbox 1170 5570 2030 5629">
     <span class='ocr_line' id='line_1_118' title="bbox 1170 5570 2030 5629; baseline 0.006 -5"><span class='ocrx_word' id='word_1_811' title='bbox 1170 5570 1258 5603; x_wconf 74' lang='grc'>¹⁸⁹⁹</span> <span class='ocrx_word' id='word_1_812' title='bbox 1280 5571 1423 5626; x_wconf 85' lang='lat' dir='ltr'><strong>deest</strong></span> <span class='ocrx_word' id='word_1_813' title='bbox 1452 5573 1503 5624; x_wconf 89' lang='lat'><strong>1.</strong></span> <span class='ocrx_word' id='word_1_814' title='bbox 1535 5571 1590 5625; x_wconf 88' lang='lat'><strong>2.</strong></span> <span class='ocrx_word' id='word_1_815' title='bbox 1617 5570 1668 5627; x_wconf 89' lang='lat'><strong>3.</strong></span> <span class='ocrx_word' id='word_1_816' title='bbox 1753 5572 1841 5607; x_wconf 78' lang='grc'><strong>¹⁵⁰⁰</strong></span> <span class='ocrx_word' id='word_1_817' title='bbox 1858 5570 1954 5629; x_wconf 26' lang='grc' dir='ltr'><strong>ίνθι</strong></span> <span class='ocrx_word' id='word_1_818' title='bbox 1976 5572 2030 5629; x_wconf 89' lang='lat'><strong>3.</strong></span> 
     </span>
    </p>
   </div>
   <div class='ocr_carea' id='block_1_117' title="bbox 3316 5110 3652 5209">
    <p class='ocr_par' dir='ltr' id='par_1_117' title="bbox 3316 5110 3652 5209">
     <span class='ocr_line' id='line_1_119' title="bbox 3316 5110 3652 5209; baseline 0.006 -37"><span class='ocrx_word' id='word_1_819' title='bbox 3316 5110 3414 5203; x_wconf 58' lang='lat' dir='ltr'><strong>ius</strong></span> <span class='ocrx_word' id='word_1_820' title='bbox 3432 5156 3652 5209; x_wconf 45' lang='lat' dir='ltr'><strong>amm-</strong></span> 
     </span>
    </p>
   </div>
   <div class='ocr_carea' id='block_1_118' title="bbox 3250 5209 3652 5278">
    <p class='ocr_par' dir='ltr' id='par_1_118' title="bbox 3250 5209 3652 5278">
     <span class='ocr_line' id='line_1_120' title="bbox 3250 5209 3652 5278; baseline 0.007 -13"><span class='ocrx_word' id='word_1_821' title='bbox 3250 5209 3342 5246; x_wconf 69' lang='lat'><strong>1‘&quot;</strong></span> <span class='ocrx_word' id='word_1_822' title='bbox 3362 5211 3572 5278; x_wconf 80' lang='lat' dir='ltr'><strong>detenti</strong></span> <span class='ocrx_word' id='word_1_823' title='bbox 3596 5214 3652 5270; x_wconf 81' lang='lat'><strong>3.</strong></span> 
     </span>
    </p>
   </div>
   <div class='ocr_carea' id='block_1_119' title="bbox 3297 5282 3654 5345">
    <p class='ocr_par' dir='ltr' id='par_1_119' title="bbox 3297 5282 3654 5345">
     <span class='ocr_line' id='line_1_121' title="bbox 3297 5282 3654 5345; baseline 0.014 -9"><span class='ocrx_word' id='word_1_824' title='bbox 3297 5282 3654 5345; x_wconf 67' lang='lat' dir='ltr'><strong>264deest1.</strong></span> 
     </span>
    </p>
   </div>
   <div class='ocr_carea' id='block_1_120' title="bbox 3260 5354 3653 5421">
    <p class='ocr_par' dir='ltr' id='par_1_120' title="bbox 3260 5354 3653 5421">
     <span class='ocr_line' id='line_1_122' title="bbox 3260 5354 3653 5421; baseline 0.003 -14"><span class='ocrx_word' id='word_1_825' title='bbox 3260 5354 3403 5410; x_wconf 83' lang='lat' dir='ltr'><strong>deest</strong></span> <span class='ocrx_word' id='word_1_826' title='bbox 3434 5354 3487 5410; x_wconf 89' lang='lat'><strong>1.</strong></span> <span class='ocrx_word' id='word_1_827' title='bbox 3512 5354 3573 5421; x_wconf 66' lang='lat'><strong>,2.</strong></span> <span class='ocrx_word' id='word_1_828' title='bbox 3594 5354 3653 5417; x_wconf 77' lang='lat'><strong>3.</strong></span> 
     </span>
    </p>
   </div>
   <div class='ocr_carea' id='block_1_121' title="bbox 3309 5426 3658 5549">
    <p class='ocr_par' dir='ltr' id='par_1_121' title="bbox 3309 5426 3658 5549">
     <span class='ocr_line' id='line_1_123' title="bbox 3309 5426 3658 5549; baseline 0.014 -20"><span class='ocrx_word' id='word_1_829' title='bbox 3309 5426 3658 5549; x_wconf 57' lang='lat' dir='ltr'><strong>rem:</strong></span> 
     </span>
    </p>
   </div>
   <div class='ocr_carea' id='block_1_122' title="bbox 2323 5141 3225 5226">
    <p class='ocr_par' dir='ltr' id='par_1_122' title="bbox 2323 5141 3225 5226">
     <span class='ocr_line' id='line_1_124' title="bbox 2323 5141 3225 5226; baseline 0.002 0"><span class='ocrx_word' id='word_1_830' title='bbox 2323 5145 2411 5226; x_wconf 61' lang='lat'><strong>{&quot;3</strong></span> <span class='ocrx_word' id='word_1_831' title='bbox 2442 5142 2858 5226; x_wconf 44' lang='lat' dir='ltr'><strong>tetigerat}-</strong></span> <span class='ocrx_word' id='word_1_832' title='bbox 2892 5141 3144 5226; x_wconf 61' lang='lat' dir='ltr'><strong>fatissre}</strong></span> <span class='ocrx_word' id='word_1_833' title='bbox 3167 5141 3225 5195; x_wconf 82' lang='lat'><strong>3-</strong></span> 
     </span>
    </p>
   </div>
   <div class='ocr_carea' id='block_1_123' title="bbox 2075 5211 3255 5411">
    <p class='ocr_par' dir='ltr' id='par_1_123' title="bbox 2075 5211 3255 5411">
     <span class='ocr_line' id='line_1_125' title="bbox 2082 5211 3255 5271; baseline -0.003 0"><span class='ocrx_word' id='word_1_834' title='bbox 2082 5226 2211 5271; x_wconf 88' lang='lat' dir='ltr'><strong>ente</strong></span> <span class='ocrx_word' id='word_1_835' title='bbox 2262 5218 2347 5271; x_wconf 92' lang='lat' dir='ltr'><strong>vel</strong></span> <span class='ocrx_word' id='word_1_836' title='bbox 2387 5211 2625 5271; x_wconf 53' lang='lat' dir='ltr'><strong>addit&#39;3.</strong></span> <span class='ocrx_word' id='word_1_837' title='bbox 2707 5214 2796 5250; x_wconf 72' lang='lat'><strong>“77</strong></span> <span class='ocrx_word' id='word_1_838' title='bbox 2820 5215 2880 5270; x_wconf 91' lang='lat' dir='ltr'><strong>in</strong></span> <span class='ocrx_word' id='word_1_839' title='bbox 2901 5211 3059 5269; x_wconf 81' lang='lat' dir='ltr'><strong>addit</strong></span> <span class='ocrx_word' id='word_1_840' title='bbox 3094 5211 3149 5269; x_wconf 87' lang='lat'><strong>3.</strong></span> <span class='ocrx_word' id='word_1_841' title='bbox 3250 5215 3255 5246; x_wconf 71' lang='grc'>³</span> 
     </span>
     <span class='ocr_line' id='line_1_126' title="bbox 2075 5285 3255 5411; baseline -0.005 -68"><span class='ocrx_word' id='word_1_842' title='bbox 2075 5288 2166 5322; x_wconf 69' lang='grc'><strong>¹³⁸²</strong></span> <span class='ocrx_word' id='word_1_843' title='bbox 2195 5288 2337 5343; x_wconf 82' lang='lat' dir='ltr'><strong>deest</strong></span> <span class='ocrx_word' id='word_1_844' title='bbox 2373 5288 2426 5343; x_wconf 91' lang='lat'><strong>3.</strong></span> <span class='ocrx_word' id='word_1_845' title='bbox 2508 5285 2600 5320; x_wconf 81' lang='grc'><strong>¹⁴⁸³</strong></span> <span class='ocrx_word' id='word_1_846' title='bbox 2623 5301 2832 5354; x_wconf 77' lang='lat' dir='ltr'><strong>argum.</strong></span> <span class='ocrx_word' id='word_1_847' title='bbox 2864 5285 2948 5341; x_wconf 90' lang='lat' dir='ltr'><strong>ed.</strong></span> <span class='ocrx_word' id='word_1_848' title='bbox 3002 5285 3255 5411; x_wconf 52' lang='lat' dir='ltr'><strong>Varsisg.</strong></span> 
     </span>
     <span class='ocr_line' id='line_1_127' title="bbox 2076 5357 3087 5411; baseline -0.001 0"><span class='ocrx_word' id='word_1_849' title='bbox 2076 5363 2155 5411; x_wconf 88' lang='lat' dir='ltr'><strong>est</strong></span> <span class='ocrx_word' id='word_1_850' title='bbox 2192 5358 2245 5411; x_wconf 88' lang='lat'><strong>3.</strong></span> <span class='ocrx_word' id='word_1_851' title='bbox 2337 5359 2427 5393; x_wconf 73' lang='grc'><strong>¹⁸⁸⁸</strong></span> <span class='ocrx_word' id='word_1_852' title='bbox 2452 5372 2666 5411; x_wconf 78' lang='lat' dir='ltr'><strong>aruum.</strong></span> <span class='ocrx_word' id='word_1_853' title='bbox 2697 5357 2783 5411; x_wconf 88' lang='lat' dir='ltr'><strong>ed.</strong></span> <span class='ocrx_word' id='word_1_854' title='bbox 2832 5359 2997 5411; x_wconf 84' lang='lat' dir='ltr'><strong>Vars.</strong></span> <span class='ocrx_word' id='word_1_855' title='bbox 3028 5372 3087 5411; x_wconf 78' lang='grc' dir='ltr'><strong>υ.</strong></span> 
     </span>
    </p>
   </div>
   <div class='ocr_carea' id='block_1_124' title="bbox 2452 5357 3307 5484">
    <p class='ocr_par' dir='ltr' id='par_1_124' title="bbox 2452 5357 3307 5484">
     <span class='ocr_line' id='line_1_128' title="bbox 2452 5357 3307 5484; baseline -0.004 0"><span class='ocrx_word' id='word_1_856' title='bbox 2452 5372 2667 5484; x_wconf 51' lang='grc' dir='ltr'><strong>ἵζ’ῗῖ</strong></span> <span class='ocrx_word' id='word_1_857' title='bbox 2697 5357 3090 5484; x_wconf 61' lang='grc' dir='ltr'><strong>θίῖἰοῖἓέἓέιίὲῖ</strong></span> <span class='ocrx_word' id='word_1_858' title='bbox 3118 5357 3307 5484; x_wconf 47' lang='lat' dir='ltr'><strong>illi?</strong></span> 
     </span>
    </p>
   </div>
   <div class='ocr_carea' id='block_1_125' title="bbox 2615 5488 3339 5568">
    <p class='ocr_par' dir='ltr' id='par_1_125' title="bbox 2615 5488 3339 5568">
     <span class='ocr_line' id='line_1_129' title="bbox 2615 5488 3339 5568; baseline -0.003 -16"><span class='ocrx_word' id='word_1_859' title='bbox 2615 5498 2921 5568; x_wconf 65' lang='lat' dir='ltr'><strong>1mcontra</strong></span> <span class='ocrx_word' id='word_1_860' title='bbox 2947 5497 2993 5553; x_wconf 84' lang='grc' dir='ltr'><strong>Ι.</strong></span> <span class='ocrx_word' id='word_1_861' title='bbox 3099 5497 3189 5533; x_wconf 68' lang='grc' dir='ltr'><strong>ίδοδ</strong></span> <span class='ocrx_word' id='word_1_862' title='bbox 3209 5495 3256 5552; x_wconf 93' lang='lat' dir='ltr'><strong>si</strong></span> <span class='ocrx_word' id='word_1_863' title='bbox 3285 5488 3339 5551; x_wconf 79' lang='lat'><strong>2.</strong></span> 
     </span>
    </p>
   </div>
   <div class='ocr_carea' id='block_1_126' title="bbox 1892 5669 2099 5726">
    <p class='ocr_par' dir='ltr' id='par_1_126' title="bbox 1892 5669 2099 5726">
     <span class='ocr_line' id='line_1_130' title="bbox 1892 5669 2099 5726; baseline 0.01 -2"><span class='ocrx_word' id='word_1_864' title='bbox 1892 5669 2099 5726; x_wconf 68' lang='lat' dir='ltr'><strong>NOTAE.</strong></span> 
     </span>
    </p>
   </div>
   <div class='ocr_carea' id='block_1_127' title="bbox 409 5737 1154 5810">
    <p class='ocr_par' dir='ltr' id='par_1_127' title="bbox 409 5737 1154 5810">
     <span class='ocr_line' id='line_1_131' title="bbox 409 5737 1154 5810; baseline -0.005 -15"><span class='ocrx_word' id='word_1_865' title='bbox 409 5738 553 5810; x_wconf 59' lang='lat' dir='ltr'><strong>(ltiti)</strong></span> <span class='ocrx_word' id='word_1_866' title='bbox 587 5737 831 5806; x_wconf 77' lang='lat' dir='ltr'><strong>Cosmus,</strong></span> <span class='ocrx_word' id='word_1_867' title='bbox 864 5754 942 5805; x_wconf 90' lang='lat' dir='ltr'><strong>Ill,</strong></span> <span class='ocrx_word' id='word_1_868' title='bbox 973 5738 1060 5795; x_wconf 87' lang='lat'><strong>27.</strong></span> <span class='ocrx_word' id='word_1_869' title='bbox 1096 5738 1154 5792; x_wconf 85' lang='grc' dir='ltr'><strong>Κ.</strong></span> 
     </span>
    </p>
   </div>
  </div>
