4006 6198
389 260 493 314 919
1643 257 1989 314 CHRONlC/E
2027 256 2453 313 POLONORUM.

3613 256 3725 314 920

395 391 561 465 Igitur
588 388 834 463 undique
884 399 1119 445 castrum
1161 389 1460 461 appetitur,
1503 396 1557 442 et
1594 388 1872 461 utrimque
1915 387 2001 424 ¹⁵⁰¹
2030 390 2081 461 Α
2109 388 2224 454 bat,
2257 393 2311 441 et
2357 387 2402 442 si
2444 386 2740 459 quisquam
2797 388 2886 422 ³⁵³³
2942 388 3011 443 de
3049 387 3340 443 ordinibus
3396 388 3591 444 exibat
3645 390 3734 424 ¹⁶²⁸

393 488 600 541 clamor
656 488 853 563 ingens
904 484 1190 542 attollitur.
1243 481 1569 538 Tbeutonici
1629 482 1721 517 ¹⁵⁰²
1767 488 2003 537 castrum
2108 482 2375 537 redeundi
2406 480 2590 537 statim
2623 482 2950 537 memoriam
2982 483 3290 550 amittebat,
3331 489 3389 538 et
3433 483 3478 537 si
3533 499 3735 554 quam-

396 580 686 652 impetunt,
734 578 925 635 l‘oloni
974 593 1033 632 se
1072 574 1398 640 defendunt,
1434 573 1681 645 undique
1736 580 2007 629 tormenta
2108 591 2270 647 quam
2305 574 2512 646 plures,
2572 574 2831 629 victualia
2873 576 2958 630 vel
3002 574 3266 646 pabulum
3320 575 3413 612 ¹δ²⁵
3455 590 3732 646 equorum

396 667 573 724 moles
599 666 881 733 emittunt,
916 665 1132 720 balistae
1163 670 1413 734 crepant,
1439 662 1624 731 jacula
1655 662 1765 730 ³⁵0³,
1796 662 2007 736 sagitta:
2108 673 2444 741 quaerentes,
2477 667 2599 723 freti
2630 668 3009 735 multitudine,
3050 668 3271 742 mugius
3316 685 3348 723 ε
3378 669 3576 725 castris
3600 685 3735 741 pm-

398 773 498 828 per
526 772 655 812 aera
679 756 887 823 volant,
919 753 1082 825 clipei
1111 750 1477 825 perferantur,
1496 750 1681 806 loricae
1713 758 2011 822 penetran-

2133 761 2387 817 :edebant
2414 761 2559 815 inter
2585 775 2682 816 eos
2729 767 2783 816 et
2812 760 3116 816 exercitum
3153 761 3471 817 Bolezlavus
3531 778 3595 816 se
3624 767 3738 816 sta-

397 854 488 904 tur
519 846 631 917 “0‘,
667 846 840 921 galeae
868 851 1312 917 conquassantur
1341 843 1451 908 1505,
1492 843 1694 899 mortui
1725 852 2009 906 corruunt,
2116 851 2211 906 tim
2254 850 2596 920 apponebat.
2635 858 2692 903 et
2747 849 2827 905 sic
2878 850 3117 920 praedam
3169 850 3464 921 cupientes
3507 851 3603 886 im
3632 850 3739 921 ipsi

400 936 671 994 vulnerati
704 936 927 1001 cedunt,
960 950 1149 989 eorum
1183 933 1304 988 loco
1332 932 1449 989 sani
1477 933 1802 989 succedunt.
1836 934 2016 990 Tbeu-
2121 953 2342 1011 quoque
2374 938 2649 994 Bolezlavi
2689 938 2874 1009 praeda
2914 938 3123 994 fiebant
3153 939 3262 994 ‘5".
3317 939 3476 995 Unde
3534 947 3748 994 tantum

402 1026 573 1083 tonici
604 1025 827 1080 balistae
875 1022 1288 1094 intorquebant,
1340 1020 1532 1078 Poloni
1582 1029 1858 1079 tormenta
1896 1040 2019 1080 cum
2122 1048 2185 1087 ac
2222 1032 2312 1067 15“
2354 1032 2518 1087 talem
2571 1030 2871 1086 exercitum
2912 1031 2980 1086 ad
3024 1039 3234 1088 tantum
3283 1047 3543 1102 pavorem
3586 1031 3755 1087 rede-

405 1114 621 1170 balistis
679 1112 845 1183 (167'),
907 1110 1231 1166 Tbeutonici
1298 1110 1547 1185 sagittas,
1600 1112 1792 1169 Poloni
1839 1114 2023 1185 jacula

404 1220 529 1259 cum
557 1200 803 1276 sagittis;
844 1198 1175 1255 Tbeutonici
1229 1198 1428 1254 fundas
1468 1216 1592 1255 cum
1622 1200 1902 1272 lapidibus
1937 1218 2025 1259 ro-

408 1294 616 1361 tabant,
657 1291 849 1350 Poloni
890 1291 1104 1363 lapides
1151 1292 1389 1348 molares
1440 1309 1565 1348 cum
1596 1293 1827 1350 sudibus
1876 1312 2023 1366 pra:-

406 1382 609 1449 acutis;
640 1380 963 1437 Tbeutonici
997 1379 1250 1436 trabibus
1278 1381 1368 1416 ¹⁵⁰⁶
1397 1381 1628 1453 protecti
1655 1400 1871 1438 murum
1893 1385 2027 1439 sub-

409 1471 489 1528 ire
526 1472 871 1544 temptabant
905 1470 1015 1538 ίδοτ,
1068 1470 1261 1527 Poloni
1292 1486 1424 1527 vero
1466 1471 1651 1546 ignem
1698 1473 2030 1529 comburen-

408 1571 517 1618 tem
547 1575 859 1634 aquamque
890 1558 1196 1615 ferventem
1228 1560 1336 1616 illis
1386 1560 1477 1595 ¹δ⁰⁸
1518 1577 1618 1632 pro
1648 1562 1850 1618 balneo
1881 1570 2025 1619 tem-

409 1652 711 1726 perabant;
764 1652 1091 1708 Tbeutonici
1122 1652 1323 1708 arietes
1354 1652 1564 1709 ferreos
1596 1656 1837 1711 turribus
1891 1656 2023 1711 sub-

409 1743 709 1809 ducebant,
750 1740 941 1797 Poloni
975 1756 1107 1797 vero
1134 1748 1281 1798 rotas
1327 1741 1508 1799 calibe
1542 1744 1630 1778 ¹⁵⁰⁹
1660 1744 1901 1800 stellatas
1927 1746 2025 1801 de-

410 1832 668 1905 superius
704 1830 793 1865 ιδίο
844 1828 1203 1897 evolvebant;
1235 1830 1562 1886 Tbeutonici
1609 1833 1773 1887 scalis
1825 1835 2026 1890 erectis

413 1923 669 1998 superius
699 1922 1097 1990 ascendebant,
1129 1921 1320 1980 Poloni
1353 1940 1477 1980 cum
1498 1925 1655 1982 uncis
1680 1927 1875 1985 affixos
1915 1928 2021 1983 fer-

415 2017 527 2075 reis
555 2031 651 2073 eos
676 2015 732 2070 in
759 2030 887 2070 aera
916 2015 1353 2088 suspendebant.

486 2131 540 2187 9.
607 2131 852 2186 Vulnera
888 2134 939 2183 et
967 2130 1232 2185 cadavera
1263 2131 1573 2187 Allemanni
1606 2148 1707 2201 pro
1755 2135 1956 2188 tributo

1033 2203 1289 2269 auferunt
1311 2203 1393 2236 '5“
1407 2244 1419 2255 .

493 2294 710 2350 Interea
738 2293 1059 2350 Bolezlavus
1085 2294 1174 2349 die
1206 2300 1484 2367 noctuque
1508 2296 1598 2330 ¹δ¹²
1620 2312 1731 2353 non
1760 2298 2029 2363 cessabat,

416 2387 517 2441 sed
548 2402 916 2459 quoscunque
949 2387 1039 2421 “"3
1070 2387 1138 2442 de
1170 2386 1364 2442 castris
1391 2396 1658 2444 exeuntes
1692 2404 1789 2459 pro
1816 2390 2031 2445 victua-

420 2474 567 2531 libus
593 2473 855 2550 agitabat,
898 2476 1221 2549 frequenter
1244 2475 1411 2531 etiam
1459 2477 1637 2548 ipsius
1661 2486 1840 2534 castra
1865 2497 2034 2536 cresa-

423 2571 498 2626 ris
536 2569 836 2639 territabat,
880 2570 1045 2627 modo
1085 2572 1193 2627 huc
1232 2570 1400 2627 modo
1446 2571 1576 2628 illuc
1634 2574 2037 2644 praedatoribus

422 2666 509 2723 vel
551 2666 998 2724 combustoribus
1061 2666 1377 2722 insidiando
1440 2668 1759 2724 cursitabat.
1816 2670 2039 2727 Talibus

423 2775 556 2835 ergo
589 2759 770 2817 modis
797 2776 970 2816 caesar
994 2760 1293 2833 multisque
1324 2760 1525 2816 diebus
1565 2762 1842 2820 civitatem
1894 2763 2035 2819 nite-

426 2849 588 2904 batur
643 2864 865 2921 capere,
895 2864 999 2905 nec
1049 2848 1203 2904 aliud
1253 2864 1417 2920 quam
1477 2865 1696 2906 carnem
1744 2853 2038 2910 humanam

426 2953 651 2995 suorum
682 2937 910 2994 cottidie
965 2939 1055 2973 ‘5“
1093 2944 1373 2995 recentem
1424 2938 1757 2996 lucrabatur.
1804 2941 2040 2998 Cottidie

2125 1130 2301 1194 gerat,
2335 1121 2483 1193 quod
2510 1120 2674 1175 etiam
2700 1120 2851 1191 ipsos
2884 1122 3177 1186 Bobemos,
3213 1121 3541 1177 naturaliter
3565 1128 3755 1193 rapto-

2128 1228 2238 1280 res,
2270 1212 2355 1266 vel
2388 1227 2486 1266 sua
2520 1212 2611 1245 ¹⁵²⁹
2662 1212 2998 1267 manducare
3048 1212 3137 1267 vel
3186 1213 3445 1280 jejunare
3494 1219 3761 1287 coegerat

2131 1303 2239 1371 (an.
2275 1301 2461 1368 1109).
2493 1300 2685 1355 Nullus
2717 1300 2864 1356 enim
2884 1302 3038 1355 exire
3069 1301 3138 1355 de
3161 1301 3357 1357 castris
3377 1300 3621 1356 audebat
3645 1300 3762 1364 ³⁵³⁸,

2130 1388 2313 1444 nullus
2344 1389 2582 1463 armiger
2609 1388 2840 1443 herbam
2886 1389 3172 1463 colligere,
3232 1389 3419 1444 nullus
3464 1390 3635 1444 etiam
3697 1390 3768 1443 ad

2131 1491 2377 1536 ventrem
2434 1481 2783 1554 purgandum
2839 1481 2918 1536 ire
2961 1482 3048 1515 “‘3‘
3082 1482 3227 1536 ultra
3285 1481 3619 1538 constitutas
3667 1497 3765 1535 cu-

2132 1572 2351 1626 stodum
2383 1571 2531 1626 acies
2558 1572 2949 1642 praesumebat.
2985 1571 3082 1627 Die
3114 1577 3394 1642 noctuque
3445 1572 3536 1606 ¹⁵³²
3577 1571 3769 1626 Bolez-

2127 1663 2280 1718 lavus
2309 1663 2622 1729 timebatur,
2657 1663 2726 1717 ab
2769 1663 3030 1719 omnibus
3086 1664 3142 1717 in
3191 1664 3463 1720 memoria
3503 1664 3762 1719 habeba-

2128 1767 2232 1823 tur,
2264 1758 2575 1812 Bolezlauus
2603 1774 2712 1813 non
2756 1759 2847 1793 ¹⁶³³
2873 1760 3139 1814 dormiens
3192 1759 3514 1815 vocabatur.
3566 1760 3623 1814 Si
3664 1761 3764 1814 sil-

2125 1850 2271 1917 vula,
2317 1850 2363 1904 si
2405 1849 2699 1905 frutectum
2757 1860 2877 1907 erat
2929 1853 3040 1917 '5’“,
3085 1853 3225 1909 Cave
3268 1854 3384 1919 tibi,
3416 1855 3496 1907 ibi
3538 1854 3760 1908 latitat!

2126 1941 2483 1998 clamabatur.
2518 1942 2637 1996 Non
2687 1948 2805 1996 erat
2835 1942 2990 1996 locus
3044 1943 3138 1996 ubi
3182 1958 3293 1997 non
3329 1950 3627 2014 putaretur
3658 1944 3765 1999 Bo-

2126 2033 2383 2088 lezlavus.
2416 2034 2619 2088 Taliter
2671 2049 2769 2088 eos
2795 2034 3019 2089 assidue
3066 2034 3351 2109 fatigabat,
3414 2036 3759 2107 quandoque

2128 2131 2197 2184 de
2224 2130 2426 2200 capite,
2459 2129 2803 2201 quandoque
2835 2130 2905 2185 de
2949 2130 3125 2186 cauda
3152 2132 3297 2187 sicut
3351 2131 3518 2203 lupus
3546 2132 3767 2203 aliquos

2132 2218 2401 2290 rapiebat,
2424 2219 2759 2291 quandoque
2789 2220 2879 2254 ί⁵³⁵
2908 2234 3033 2274 vera
3074 2235 3106 2274 a
3132 2219 3397 2275 lateribus
3442 2219 3756 2275 insistebat.

2134 2310 2332 2381 Sicque
2363 2310 2564 2364 milites
2593 2308 2784 2363 armati
2843 2308 3073 2364 cottidie
3100 2309 3500 2380 procedebant,
3528 2316 3585 2364 et
3614 2310 3753 2365 assi-

2138 2399 2246 2454 due
2274 2398 2620 2455 Bolezlavum
2666 2397 2823 2469 quasi
2868 2404 3197 2469 praesentem
3230 2398 3647 2469 exspectabant.
3705 2399 3763 2452 ln

2137 2492 2297 2541 nocte
2328 2501 2553 2559 quoque
2589 2487 2773 2543 cuncti
2804 2485 3018 2541 loricati
3047 2485 3420 2553 dormiebant,
3450 2487 3541 2542 vel
3575 2487 3633 2541 in
3656 2494 3763 2542 sta-

2139 2577 2382 2633 tionibus
2413 2577 2762 2643 resistebant,
2805 2576 2897 2630 alii
2929 2577 3148 2651 vigilias
3178 2576 3475 2644 faciebant,
3529 2578 3627 2632 alii
3673 2595 3763 2633 ca-

2137 2677 2307 2725 strum
2340 2671 2431 2705 ¹⁵³⁶
2462 2677 2625 2727 nocte
2653 2669 2915 2726 continua
2942 2669 3276 2733 circuibant,
3321 2669 3445 2724 alii:
3504 2672 3761 2739 Vigilate,

2139 2764 2316 2815 cavete
2356 2760 2467 2825 ¹⁵³⁷,
2499 2757 2791 2814 custodite!
2845 2758 3176 2823 clamabant,
3209 2759 3300 2814 alii
3347 2759 3660 2816 cantilenas
3696 2762 3763 2816 de

2142 2848 2411 2905 Bolezlavi
2444 2847 2714 2919 probitate
2762 2847 3135 2902 decantabant
3166 2847 3254 2882 ¹⁵³³
3288 2848 3393 2903 hoc
3440 2848 3612 2904 modo
3654 2850 3763 2903 ‘5”.

2146 2941 2230 2995 11.
2266 2941 2552 2998 Cantilena
2589 2940 2989 2994 Allemanorum
3022 2943 3082 2994 in
3113 2940 3324 2994 Iaudem
3353 2942 3629 2996 Bolezlaui
3658 2943 3765 2995 ¹⁶³⁰.

428 3045 668 3103 namque
694 3030 797 3086 viri
850 3029 1067 3086 nobiles
1097 3029 1171 3085 ibi
1203 3030 1640 3102 perimebantur,
1682 3033 1777 3104 qui
1814 3034 2037 3090 visceri-
2063 3042 2112 3111 Ο
2138 3034 2433 3100 Bolezlave,
2461 3033 2755 3098 Bolezlave,
2778 3032 2894 3086 dum
2924 3033 3325 3100 gloriosissime,

429 3122 533 3177 bus
559 3121 838 3188 extractis,
868 3121 983 3176 sale
1011 3121 1098 3177 vel
1137 3122 1478 3177 aromatibus
1515 3122 1726 3178 conditi
1764 3125 1821 3179 in
1872 3126 2041 3182 Bava-

429 3216 562 3271 riam
603 3216 673 3270 ab
700 3215 1037 3288 imperatore
1072 3216 1162 3251 ¹⁵¹⁵
1193 3215 1278 3270 vel
1330 3216 1385 3270 in
1426 3218 1522 3251 ¹⁵¹⁶
1564 3218 1853 3274 Saxoniam
1902 3238 2036 3292 por-

430 3305 604 3372 tandi,
662 3320 760 3375 pro
821 3302 1027 3359 tributo
1081 3302 1323 3359 Polouia:
1370 3304 1460 3338 ¹⁵¹⁷
1516 3306 1767 3363 curribus
1828 3312 2041 3366 onustis

427 3400 806 3455 servabantur.

434 3508 515 3565 l0.
554 3511 742 3565 Terror
761 3509 995 3582 punicas
1019 3506 1457 3582 Allemaunorum
1478 3512 1542 3564 de
1569 3516 1746 3582 capite
1781 3519 1832 3568 et
1861 3517 2036 3570 cauda

976 3580 1339 3635 lacessitorum
1377 3582 1486 3636 ‘5“.

498 3677 740 3747 Cumque
779 3673 1008 3730 vidisset
1044 3690 1238 3741 caesar,
1288 3674 1420 3747 quia
1451 3692 1552 3732 nec
1582 3678 1672 3712 ¹⁵¹⁹
1709 3679 1880 3734 armis
1933 3696 2033 3734 nec

424 3766 591 3822 minis
623 3781 726 3822 nec
754 3763 1085 3819 muneribus
1131 3780 1235 3821 nec
1265 3765 1554 3836 promissis
1596 3765 1746 3823 cives
1788 3766 2032 3834 ﬂectere,

422 3872 525 3913 nec
552 3855 761 3911 diutius
790 3854 866 3909 ibi
896 3855 1093 3911 stando
1120 3854 1424 3927 quidquam
1483 3854 1753 3927 proficere
1805 3857 1896 3891 ¹⁸²⁰
1934 3872 2036 3927 p0-

427 3949 642 4014 tuisset,
672 3948 809 4005 inito
856 3947 1092 4005 consilio
1141 3956 1332 4005 contra
1388 3948 1885 4004 Wratislaviensem
1938 3965 2032 4005 ur-

2145 3126 2224 3178 Tu
2253 3123 2501 3190 defendis
2535 3126 2742 3175 terram
2772 3125 2920 3176 tuam
2951 3136 3114 3190 quam
3134 3121 3553 3188 studiosissime,

2144 3214 2223 3267 Tu
2248 3228 2354 3267 non
2385 3212 2613 3276 dormis,
2642 3226 2733 3266 nec
2761 3213 3031 3279 permittis
3071 3226 3164 3265 nos
3195 3210 3435 3265 dormire
3449 3213 3761 3280 paululum,

2140 3306 2244 3361 Nec
2258 3320 2357 3374 per
2385 3304 2548 3369 diem,
2580 3318 2673 3357 nec
2696 3317 2796 3372 per
2825 3305 3026 3356 noctem
3057 3317 3149 3356 nec
3185 3302 3271 3335 ‘5“
3325 3318 3428 3371 per
3454 3302 3763 3358 diluculum

2144 3397 2210 3453 Et
2234 3415 2353 3453 cum
2381 3414 2475 3453 nos
2514 3403 2563 3451 te
2584 3402 2896 3467 putaremus
2931 3397 3019 3430 '5“
3048 3397 3112 3449 de
3131 3400 3277 3449 terra
3305 3398 3632 3465 pmpellere,

2145 3492 2219 3544 Tu
2237 3506 2332 3544 nos
2352 3493 2494 3544 tenes
2517 3491 2599 3543 ita
2627 3490 2788 3558 quasi
2824 3487 3096 3541 conclusos
3126 3488 3185 3539 in.
3213 3501 3444 3539 carcere.

2142 3583 2285 3637 Talis
2296 3584 2549 3653 princeps
2565 3581 2715 3635 debet
2737 3595 2961 3647 regnum
2986 3583 3145 3648 atque
3172 3582 3376 3632 terram
3406 3592 3615 3646 regere.

2136 3674 2242 3740 Qui
2264 3687 2383 3727 cum
2408 3672 2599 3742 paucis
2629 3674 2704 3724 tot
2742 3675 2791 3723 et
2821 3674 2997 3723 tantos
3034 3671 3115 3721 ita
3143 3670 3244 3722 scit
3277 3670 3574 3734 corrigere.

2136 3761 2280 3828 Quid
2303 3760 2413 3827 “‘3,
2436 3763 2483 3815 si
2508 3762 2649 3827 forte
2667 3775 2787 3813 suos
2815 3772 2992 3812 omnes
3023 3757 3184 3811 simul
3215 3762 3652 3824 congregaverit,

2137 3853 2427 3921 Nunquam
2456 3865 2625 3904 caesar
2653 3848 2757 3902 sibi
2798 3848 2930 3901 bello
2960 3849 3211 3900 resistere
3234 3848 3454 3915 poterit.

2139 3944 2316 3999 Talem
2340 3944 2519 3996 virum
2547 3940 2850 3996 condeceret
2886 3953 3108 4005 regnum
3137 3942 3187 3991 et
3224 3938 3515 4006 imperium
3547 3957 3563 4001 ;

423 4038 548 4093 bern
579 4043 757 4094 castra
785 4038 979 4103 movit,
1011 4034 1104 4090 ubi
1164 4036 1251 4070 ¹⁵²¹
1300 4050 1520 4108 quoque
1559 4035 1704 4091 vires
1764 4035 2031 4092 Bolezlavi
2132 4035 2377 4100 Quicum
2400 4033 2591 4100 paucis
2616 4033 2693 4085 sic
2718 4029 2971 4083 domabat
3010 4032 3086 4082 tot
3126 4031 3369 4081 catervas
3395 4028 3637 4083 hostium
3670 4049 3683 4087 :

421 4134 478 4183 et
522 4126 808 4202 ingenium
840 4125 1180 4199 recognovit.
1216 4123 1349 4180 Nam
1401 4140 1751 4197 quocumque
1781 4139 1950 4180 caesar
1974 4142 2031 4181 se

422 4214 688 4284 vertebat,
711 4214 799 4271 vel
825 4213 1143 4287 ubicunque
1158 4220 1337 4269 castra
1368 4213 1453 4270 vel
1488 4213 1756 4269 stationes
1783 4213 2035 4280 faciebat,

424 4307 743 4366 Bolezlavus
780 4322 1027 4381 quoque,
1081 4321 1412 4379 quamquam
1474 4306 1769 4378 posterius,
1815 4304 2040 4361 incede-

2136 4131 2202 4183 Et
2229 4142 2347 4181 cum
2374 4126 2613 4181 nondum
2642 4127 2912 4178 recreatus
2938 4124 3010 4176 sit
3035 4122 3101 4175 de
3128 4123 3467 4188 Pomorauia,

2139 4222 2226 4276 Sic
2249 4235 2348 4290 per
2370 4234 2488 4274 eum
2513 4218 2791 4285 fatigatur
2812 4219 3000 4270 nostra
3019 4214 3357 4268 contumacia
3389 4230 3404 4277 ;

2143 4314 2213 4369 Et
2242 4328 2368 4368 cum
2386 4312 2475 4365 illi
2501 4325 2622 4364 cum
2642 4308 2917 4379 triumpho
2943 4309 3016 4361 sit
3044 4306 3282 4361 eundum
3310 4306 3548 4361 obviam.

424 4356 742 4366 --α-η.--
784 4356 1027 4381 ,πη-η
1086 4356 1412 4379 remrem
1474 4356 1769 4378 τμη-η-.
1816 4356 2006 4361 --_--_-
2143 4356 2211 4369 μ,
2243 4356 2472 4368 -.-η
2505 4356 2912 4379 -....--.

422 4402 535 4469 bat,
584 4415 923 4473 semperque
951 4397 1164 4455 vicinus
1213 4398 1439 4455 stationi
1491 4400 1711 4455 CtBSlll‘lS
1767 4400 2035 4471 persiste-
2059 4356 2116 4426 D
2140 4405 2248 4459 Nos
2281 4401 2368 4435 '5“
2395 4415 2423 4454 e
2447 4402 2637 4454 contra
2660 4398 2960 4465 cogitamus
2984 4409 3295 4462 expugnare
3314 4396 3584 4463 patrium.

423 4495 517 4551 bat
550 4495 661 4551 ‘3”.
703 4493 947 4568 Cumque
977 4509 1149 4550 caesar
1178 4494 1282 4549 iter
1335 4492 1544 4549 faciens
1602 4510 1701 4549 sua
1745 4501 1921 4551 castra
1954 4494 2042 4549 di-

425 4587 700 4657 movebat,
732 4586 1054 4645 Bolczlavus
1084 4600 1308 4659 quoque
1362 4601 1547 4642 comes
1580 4585 1793 4641 itineris
1839 4586 2041 4642 existe-

2142 4495 2260 4563 Ipse
2294 4491 2506 4561 quidem
2542 4503 2660 4543 cum
2687 4488 2920 4556 paganis
2952 4485 3088 4540 bella
3124 4486 3266 4551 gerit
3305 4485 3479 4539 licita.

2146 4584 2250 4640 Sed
2275 4597 2371 4637 nos
2400 4585 2589 4637 contra
2614 4579 2940 4633 christianos
2969 4579 3201 4644 gerimus
3231 4576 3453 4641 illicita,

1766 4717 1985 4773 VARIA'J
2026 4713 2405 4771 LECTIONES.

500 4844 584 4918 uol
614 4846 757 4918 ξηιρτ
796 4851 1060 4918 uirosque
1085 4845 1163 4918 ζμ
1246 4844 1337 4918 ίῗν⁰²
1361 4844 1642 4918 'fhetonici
1692 4847 1741 4900 1.
1772 4844 1825 4899 2.

428 4915 519 4953 ¹⁸⁰⁶
546 4916 818 4973 tractibus
846 4917 898 4971 1.
927 4914 985 4970 2.
1079 4916 1165 4951 ¹⁶⁰⁷
1197 4914 1600 4988 subreptabant
1621 4932 1722 4987 pro

428 4987 521 5059 ml
546 5003 762 5056 argum.
803 4988 889 5043 ed.
947 4989 1107 5044 Vars.
1135 5003 1196 5059 p.
1235 4988 1343 5044 269
1366 4987 1508 5043 deest
1533 4989 1669 5059 1.72.
1717 4988 1751 5043 3

418 5056 616 5131 j‘ariam
646 5056 1156 5131 adimperatorem—
1171 5075 1272 5130 pro
1303 5061 1360 5115 Β.
1394 5060 1464 5113 ab
1511 5058 1634 5131 i.73.

424 5127 525 5183 271
548 5128 690 5184 deest
716 5130 768 5185 1.
795 5127 848 5185 2.
879 5131 934 5185 3.
1037 5130 1129 5166 ²⁸¹⁹
1150 5127 1263 5187 non
1292 5131 1344 5186 3.

426 5213 535 5272 que
558 5199 613 5255 2.
713 5200 803 5235 ¹⁶²⁴
820 5200 1036 5257 exiebat
1059 5202 1113 5257 2.
1144 5202 1197 5259 3.

427 5269 649 5342 pientes
668 5275 786 5327 erat
809 5276 1071 5345 scriptum
1094 5274 1149 5328 2.

1304 5203 1395 5238 ηπ
1414 5201 1675 5257 babulum
1715 5202 1769 5255 2.

426 5411 679 5470 ’Νώρα
702 5414 757 5471 3.
852 5414 942 5452 ¹⁸³³
967 5416 1268 5474 aliquando
1293 5417 1345 5474 3.

423 5492 569 5550 cum.
612 5486 695 5542 ed.
732 5486 890 5544 Vars.
918 5503 973 5558 p.
1006 5485 1114 5542 274
1139 5488 1285 5544 deest
1316 5490 1366 5543 1.
1398 5489 1452 5545 2.
1481 5489 1535 5546 3.
1620 5488 1705 5525 ¹⁵⁴¹
1741 5501 1925 5557 neque
1951 5485 2004 5542 3.

1926 4844 2018 4879 ¹⁵⁰³
2049 4843 2156 4898 tela
2196 4848 2253 4898 et
2297 4841 2347 4896 3.

1749 4932 1796 4971 s.
1835 4923 1871 4970 t.
1904 4917 1959 4971 2.
2036 4914 2126 4950 ¹⁵⁰⁸
2155 4913 2293 4985 ipsis
2318 4912 2384 4985 _3.
2471 4903 2930 4985 'Ff’f’icalliberatas
2954 4908 3238 4985 nonut-ficte
3263 4903 3313 4985 3.

1759 5031 1770 5043 .
1888 4987 1979 5022 ¹⁵¹²
2009 4983 2281 5057 nocteque
2309 4983 2362 5057 3.

1740 5058 1831 5093 ¹⁵¹⁶
1859 5059 2005 5113 deest
2055 5057 2109 5112 Ξ.
2155 5057 2209 5112 3.

1444 5130 1536 5166 ¹δ²⁰
1557 5130 1633 5185 ibi
1658 5129 1923 5202 perficere
1947 5131 2145 5202 repetit
2176 5130 2228 5183 3-

1868 5201 1961 5236 ‘3”
1989 5199 2278 5271 cupientes

1242 5273 1332 5309 ³⁸³⁷
1358 5272 1639 5329 faciebant
1665 5286 1884 5328 erronee
1921 5274 1962 5326 l.
2005 5272 2059 5326 2.

422 5345 720 5415 perpositis
748 5342 978 5401 notavit.
1010 5346 1276 5401 Bandtkie
1301 5346 1429 5415 legit
1452 5345 1618 5402 bona.
1697 5344 1790 5379 ¹⁵³⁰
1827 5342 2092 5399 audiebat
2121 5343 2173 5398 1.
2207 5342 2261 5415 2.

1472 5416 1564 5452 ¹⁸³⁶
1592 5423 1769 5473 castra
1796 5414 1850 5469 3.
1932 5414 2021 5450 ¹⁸³⁷
2048 5414 2192 5469 deest
2222 5413 2275 5468 3.

2096 5486 2188 5520 '5"
2220 5488 2480 5556 putemus
2501 5479 2553 5536 3.
2639 5478 2731 5515 ¹⁶⁴⁸
2761 5476 2862 5540 Ουὶ
2892 5475 2946 5529 3·
3023 5474 3114 5509 ¹⁵“
3135 5473 3245 5529 Nec
3276 5473 3328 5528 3-

3225 4834 3237 4865 1
3246 4832 3314 4867 603

2446 4839 2535 4873 ιθθι
2557 4841 3023 4907 perpenetrantur
3052 4833 3103 4887 3.
3225 4833 3314 4907 “‘95
3345 4842 3683 4907 quassantur
3707 4834 3758 4907 2.

3422 4904 3518 4937 ¹⁵¹⁰
3532 4905 3682 4959 deest
3706 4905 3757 4958 3.

3537 4975 3631 5009 13ιό
3660 4975 3761 5030 Bo.

2335 5054 2422 5089 ίθιτ
2453 5046 2676 5107 Polonis
2702 5046 2759 5103 Ξ.
2789 5049 2840 5104 3.
2961 5047 3049 5081 ¹⁵¹⁸
3075 5062 3288 5112 argum.
3347 5046 3433 5101 ed.
3485 5047 3648 5100 Vars.
3699 5062 3757 5116 p.

2326 5126 2412 5161 ¹⁵²¹
2444 5123 2521 5179 ibi
2543 5124 2594 5177 3.
2720 5121 2810 5155 ‘5"
2837 5117 3172 5190 presistebat
3194 5116 3246 5173 3.
3362 5118 3455 5152 ¹⁵²³
3480 5116 3760 5188 quiscum-

2306 5199 2491 5273 poAsuit
2518 5189 3067 5273 immargiue’neadem
3094 5189 3177 5273 vel
3203 5203 3392 5273 cornua
3421 5204 3644 5273 manus,
3675 5203 3757 5244 ca-

2168 5270 2258 5306 ¹⁶²⁸
2280 5261 2335 5325 εἰ
2362 5269 2410 5323 3.
2518 5265 2608 5300 ¹⁵²⁰
2630 5265 2702 5320 bo
2731 5263 2891 5317 addit
2917 5261 2969 5314 2.
3014 5261 3160 5331 quod
3195 5264 3376 5314 tamen
3414 5264 3632 5330 punctis
3659 5276 3756 5314 su-

2168 5386 2173 5392 .
2207 5342 2261 5392 2.
2361 5340 2449 5375 "531
2481 5338 2625 5392 deest
2653 5337 2705 5390 3.
2799 5334 2888 5368 ¹⁵³²
2916 5341 3190 5392 nocteque
3228 5331 3280 5384 3.
3400 5331 3494 5366 ¹⁸³³
3521 5331 3670 5386 enim
3702 5331 3752 5384 2.

2365 5409 2455 5447 ⁸⁸³⁸
2487 5408 2783 5463 cantabant
2808 5404 2860 5462 3.

2489 4980 2578 5061 ¹³ξ³
2603 4977 2864 5061 quque}.
2899 4976 3151 5061 3._m'm
3179 4975 3325 5029 deest
3349 4975 3403 5053 3.

2799 5334 2888 5368 ίδ³²
2916 5341 3190 5402 nocteque
3228 5331 3280 5384 3.
3393 5331 3494 5402 7"”
3521 5331 3670 5386 enim
3702 5331 3752 5384 2.

2952 5403 3041 5437 ³⁵³³
3060 5401 3167 5456 etc.
3200 5402 3355 5457 addit
3382 5401 3435 5457 3.
3544 5402 3751 5455 “War-

1980 5591 2189 5649 ΝΟΤᾸΞ.

496 5664 638 5741 (167)
662 5665 742 5725 Cf.
768 5663 928 5734 Salo”,
955 5666 1080 5735 Jug.
1120 5665 1208 5723 57.
1244 5665 1406 5723 Catil.
1443 5665 1528 5722 56.
1552 5665 1621 5719 'S.
