4006 6198
282 325 380 381 921

286 452 436 507 Unde
458 454 597 508 Deus
635 459 711 509 est
740 469 857 509 eum
895 470 950 510 eo
986 457 1190 522 faciens
1227 459 1532 525 victoriam,

284 542 449 598 Nobis
470 557 593 598 vero
625 543 777 612 juste
804 544 987 599 reddit
1016 546 1248 600 inlatam
1280 547 1368 580 ³5³³
1406 546 1689 615 injuriam.

425 634 512 687 12.
545 636 846 705 Imperator
871 651 1059 705 pacem
1088 638 1380 707 implorare
1402 644 1614 694 coactus
1648 639 1758 691 ωδ.

356 722 584 787 Quidam
608 739 735 779 vero
756 724 857 778 viri
899 725 1118 780 nobiles
1157 733 1211 781 et
1251 726 1476 782 discreti
1519 728 1637 782 haec
1667 728 1901 783 audien-

285 821 384 878 tes,
440 812 780 867 mirabantur
811 814 954 868 inter
998 830 1058 870 se
1091 814 1394 871 referentes
1434 817 1552 870 ‘5":
1595 819 1714 873 Nisi
1767 820 1901 873 Deus

282 905 422 958 hunc
451 905 723 961 hominem
745 907 1057 977 adjuverat,
1088 924 1369 979 nunquam
1401 915 1609 966 tantam
1638 912 1702 965 de
1726 927 1904 981 paga-

279 998 367 1051 nis
386 1001 675 1054 materiam
702 1003 753 1054 ei
778 1002 953 1069 daret,
981 1018 1150 1072 neque
1174 1003 1325 1058 nobis
1352 1006 1431 1057 ita
1456 1006 1690 1059 viriliter
1718 1009 1904 1059 contra

280 1094 469 1144 staret.
502 1093 571 1146 Et
623 1094 684 1147 ni
712 1096 854 1149 Deus
908 1110 1026 1149 eum
1067 1097 1147 1149 ita
1191 1098 1559 1165 potentialiter
1614 1098 1899 1162 exultaret,

279 1195 557 1249 nunquam
585 1196 703 1235 eum
734 1191 910 1237 noster
937 1184 1172 1254 pepulus
1212 1187 1289 1240 sic
1321 1186 1587 1240 laudaret.
1624 1186 1731 1241 Sed
1760 1186 1900 1241 Deus

280 1275 494 1324 secreto
517 1268 702 1325 forsan
726 1272 958 1328 consilio
979 1274 1096 1328 hinc
1119 1275 1210 1308 ³⁵⁸⁸
1234 1274 1452 1348 agebat,
1477 1276 1573 1347 qui
1595 1276 1785 1330 laudes
1808 1276 1898 1309 ³⁵³9

280 1361 500 1416 caesaris
537 1362 607 1416 ad
648 1364 991 1420 Bolezlavum
1039 1367 1426 1432 transferebat,
1476 1384 1577 1424 vox
1618 1369 1762 1422 enim
1798 1384 1896 1439 po-

281 1448 396 1518 puli
437 1466 657 1521 semper
697 1452 838 1507 solet
878 1454 998 1508 voci
1031 1455 1323 1511 dominicas
1354 1457 1673 1511 convenire.
1722 1458 1896 1512 Unum

277 1548 515 1606 constat,
552 1543 646 1597 Dei
686 1543 951 1599 voluntati
994 1546 1256 1617 populum
1285 1553 1597 1603 cantantem
1639 1549 1889 1605 obedire.

277 1634 474 1688 Caesari
506 1650 637 1690 vero
686 1637 962 1692 cantilena
1012 1639 1199 1709 pepuli
1244 1640 1594 1710 displicebat,
1651 1658 1890 1713 namque

274 1729 484 1783 cantari
526 1729 617 1764 ¹δ⁵⁰
655 1732 963 1802 saepissime
994 1734 1345 1804 prohibebat,
1378 1737 1476 1790 sed
1508 1752 1574 1791 eo
1607 1738 1783 1809 magis
1822 1738 1887 1793 ad

1674 332 1866 388 LIBER
1905 330 2199 386 TERTIUS.

1924 465 1979 531 Α
2003 460 2130 513 teris
2159 458 2321 512 vilem
2347 456 2438 489 ¹δ⁶⁶
2458 455 2673 508 ebulum
2701 457 2956 509 invenire.
3008 456 3151 510 Malo
3177 455 3315 508 enim
3345 452 3418 506 ad
3452 451 3621 506 hone-

3500 322 3613 378 922

2000 569 2111 607 rem
2138 567 2363 619 regnum
2392 550 2622 604 Peleniea
2653 550 2741 583 ¹⁵⁶⁷
2768 550 2923 603 salva
2949 550 3202 603 libertate
3243 548 3332 581 ¹⁵⁶⁸
3366 546 3614 617 perdere,

2002 663 2165 716 quam
2189 661 2395 715 semper
2432 646 2653 714 paciﬁca
2682 659 2799 697 cum
2823 643 3059 709 infamia
3088 644 3329 695 retinere.

2074 740 2162 792 15.
2200 739 2379 795 Caesar
2407 737 2618 791 rediens
2649 752 2709 861 ate
2734 733 3084 839 promtg‘ibute
3127 734 3391 786 cadavera
3418 747 3549 802 per.
3584 806 3589 811 '

2700 823 2801 860 ans
2853 820 2872 839 δ)
2928 846 2941 859 .

2700 823 2801 860 ans
2833 820 2941 859 ι’)υυ.

2075 902 2185 956 Hiis
2214 901 2417 956 auditis
2442 916 2613 955 caesar
2649 898 2842 953 urbem
2871 895 3376 951 Wratislavienscm
3424 892 3622 961 adivit,

2005 996 2097 1049 ubi
2139 995 2308 1050 nichil
2341 996 2445 1049 nisi
2483 995 2550 1049 de
2578 994 2719 1049 vivis
2742 1000 2987 1048 mortuos
3027 988 3338 1062 acquisivit.
3372 988 3620 1059 Cumque

2002 1088 2211 1143 diutius
2241 1088 2319 1143 ire
2351 1104 2408 1142 se
2433 1087 2652 1142 Cracow
2685 1084 3022 1152 simulando,
3064 1084 3174 1137 huc
3204 1082 3446 1153 illucque
3476 1081 3622 1136 circa

2002 1180 2227 1233 ﬂuvium
2288 1179 2670 1234 circumviarct
2718 1176 2828 1243 "'70,
2874 1183 2927 1230 et
2983 1174 3267 1229 Bolezlavo
3311 1173 3392 1227 sic
3447 1180 3622 1227 terro-

2002 1289 2112 1328 rem
2151 1274 2234 1307 ¹⁵⁷¹
2267 1274 2517 1328 incutere
2546 1272 2776 1343 ejusque
2806 1271 2896 1305 ¹δτ²
2911 1270 3152 1324 animum
3182 1282 3439 1323 revocare
3466 1266 3623 1338 cogi-

2002 1371 2136 1419 taret
2186 1364 2502 1419 Bolezlavus
2543 1364 2670 1418 ideo
2702 1364 2792 1396 1‘73
2824 1360 2993 1416 nichil
3047 1358 3276 1415 omnino
3306 1357 3617 1419 diffidebat,

2000 1474 2104 1511 nec
2129 1458 2279 1512 aliud
2303 1459 2497 1532 legatis
2519 1474 2681 1528 quam
2701 1455 2963 1526 superius
2984 1452 3381 1524 respondebat.
3414 1451 3617 1505 Videns

1994 1565 2127 1622 ergo
2156 1566 2327 1604 caesar
2347 1550 2439 1603 diu
2463 1549 2660 1603 stando
2695 1548 2799 1602 sibi
2826 1547 3009 1617 potius
3033 1547 3330 1615 dampnum
3352 1549 3406 1598 et
3437 1542 3614 1597 dede-

1993 1656 2090 1694 cus
2123 1656 2285 1710 quam
2342 1640 2608 1694 honorem
2649 1638 2733 1691 vel
2793 1637 2882 1670 "’7"
2941 1634 3241 1705 proficuum
3304 1633 3618 1697 imminere,

1995 1729 2269 1799 disposuit
2310 1745 2406 1799 pro
2438 1729 2644 1783 tributo
2700 1727 2866 1782 nichil
2924 1732 3150 1796 portans
3206 1724 3311 1779 nisi
3346 1725 3617 1779 cadavera

279 1829 480 1876 tantam
508 1789 894 1892 procacitatem
924 1789 1189 1896 populum
1232 1829 1321 1861 ¹⁵⁵¹
1372 1789 1732 1899 ραι-ηῑονθὺειῗ
1776 1832 1888 1884 ιδδε.
1926 1789 1970 1854 Β
1994 1837 2052 1876 se
2086 1822 2286 1876 redire.
2325 1821 2476 1875 Unde
2515 1821 2644 1892 quia
2676 1820 2824 1890 prius
2854 1818 3095 1889 superbe
3140 1833 3393 1890 magnam
3448 1833 3614 1886 pecu-

278 1912 457 1967 Caasar
480 1929 611 1970 vero
631 1916 899 1986 exemplis
928 1924 982 1972 et
1006 1918 1270 1989 cperibus
1300 1935 1727 1994 recognoscens,
1762 1923 1893 1994 quia

281 1999 483 2055 frustra
503 2001 805 2060 laborando
829 2006 1097 2077 pepulum
1128 2006 1429 2079 afﬂigebat,
1451 2025 1553 2065 nec
1575 2010 1776 2066 divinae
1802 2028 1894 2066 vo-

279 2090 507 2145 luntatis
532 2091 789 2148 resistere
815 2095 1053 2160 valebat,
1077 2096 1223 2151 aliud
1252 2097 1518 2153 secretius
1535 2100 1812 2174 cogitavit,
1839 2110 1893 2155 et

281 2177 431 2232 aliud
469 2194 529 2233 se
583 2178 852 2236 facturum
885 2183 1160 2238 simulavit
1201 2185 1307 2238 “>53.
1356 2185 1739 2256 Perpendebat
1785 2187 1893 2241 uti-

277 2283 388 2338 que
421 2268 532 2335 "55‘,
560 2269 691 2341 quia
723 2276 906 2326 tantus
936 2273 1173 2344 pepulus
1198 2274 1318 2329 sine
1352 2276 1537 2345 praeda
1569 2275 1783 2330 diutius
1812 2277 1901 2311 “553

280 2357 467 2413 vivere
507 2359 794 2432 nequibat,
846 2368 899 2416 et
925 2363 1053 2434 quia
1082 2364 1399 2420 Bolezlavus
1428 2381 1525 2422 eos
1564 2368 1656 2400 ‘55“
1682 2368 1903 2421 assidue

279 2448 422 2503 sicut
451 2448 537 2504 leo
585 2451 812 2526 rugiens
838 2452 1125 2509 circuibat.
1192 2456 1325 2527 Equi
1372 2456 1770 2523 moriebantur,
1804 2459 1901 2513 viri

282 2539 515 2614 vigiliis,
547 2541 760 2612 labore,
785 2543 927 2600 fame
959 2546 1364 2614 cruciabantur,
1398 2549 1546 2604 silvae
1585 2550 1901 2615 condensae,

284 2634 514 2705 paludes
556 2643 802 2708 tenaces,
841 2656 1042 2695 muscae
1075 2648 1409 2715 pungentes,
1442 2644 1660 2716 sagitta:
1705 2651 1902 2711 acutm,

286 2726 478 2782 rustici
519 2729 808 2786 mordaces
858 2733 1124 2804 compleri
1172 2734 1512 2805 prepositum
1584 2753 1692 2791 non
1745 2737 1903 2792 sine-

287 2816 424 2871 bant
453 2818 564 2872 ¹⁵⁵⁷.
613 2818 768 2875 Unde
797 2836 857 2876 se
893 2820 1111 2877 Cracow
1141 2822 1412 2878 simulans
1444 2825 1523 2879 ire
1550 2825 1714 2893 velle,
1746 2827 1902 2901 lega-

284 2917 373 2962 tos
403 2905 472 2963 de
508 2925 642 2980 pace
677 2911 963 2968 Bolezlavo
989 2914 1161 2981 misit,
1194 2923 1250 2970 et
1277 2916 1593 2986 pecuniam,
1641 2934 1755 2974 non
1790 2925 1910 2973 tan-

286 3002 400 3049 tum
436 3005 678 3053 nectam
721 3000 963 3071 superbe
1004 3002 1145 3058 sicut
1184 3003 1334 3073 prius
1372 3006 1667 3076 qumsierat
1706 3007 1761 3062 in
1792 3009 1909 3063 haec

292 3082 464 3137 verba
497 3085 589 3119 “‘53
633 3102 646 3138 :

396 3171 483 3226 13.
515 3175 763 3243 Epistela
792 3180 1007 3231 cessaris
1037 3180 1109 3232 ad
1134 3195 1315 3246 regem
1335 3182 1645 3237 Pelenicum
1680 3185 1787 3237 '559.

367 3266 498 3334 (An.
532 3266 718 3336 1109.)
778 3270 957 3327 Ctesar
1009 3273 1286 3329 Belezlave
1313 3276 1460 3347 {duci
1498 3278 1728 3332 Pelonim
1780 3295 1910 3346 gra-

295 3362 430 3413 tiam
483 3365 537 3415 et
569 3361 811 3416 salutem.
865 3365 978 3417 Tua
1025 3366 1293 3434 probitate
1329 3374 1613 3439 comperta,
1673 3386 1912 3425 meorum

288 3452 607 3520 principum
653 3453 892 3507 consiliis
925 3457 1221 3524 acquiesco,
1263 3460 1312 3510 et
1351 3456 1454 3511 300
1501 3474 1717 3513 marcas
1772 3463 1914 3515 reci-

284 3541 467 3608 piens,
500 3541 624 3595 hinc
658 3544 880 3611 paciﬁca
916 3544 1177 3597 remeabo.
1211 3544 1323 3599 Hoc
1360 3547 1500 3600 mihi
1534 3550 1669 3601 satis
1708 3551 1914 3618 sufﬁcit

296 3635 374 3689 ad
402 3635 673 3703 honorem,
708 3639 757 3691 si
770 3652 959 3706 pacem
981 3639 1142 3693 simul
1173 3640 1262 3673 ¹⁵⁶⁰
1305 3641 1655 3697 habuerimus
1684 3648 1733 3697 et
1758 3659 1913 3698 ame-

297 3740 445 3791 rem;
476 3729 564 3781 sin
592 3732 768 3782 autem
798 3729 893 3783 hoc
922 3729 1026 3784 tibi
1061 3745 1168 3784 non
1196 3732 1462 3800 placuerit
1504 3735 1830 3803 approbare,
1858 3736 1915 3789 in

297 3818 422 3873 sede
456 3821 562 3874 cito
593 3821 926 3876 Craceviensi
953 3837 1033 3876 me
1054 3826 1256 3893 poteris
1289 3830 1594 3894 exspectare
1626 3826 1734 3879 ίδδι.

608 3910 692 3963 14.
735 3912 1069 3980 Rescriptum
1098 3912 1172 3966 ad
1203 3928 1454 3967 cessarem
1490 3914 1596 3967 “‘6’.

370 4001 446 4053 Ad
491 4001 607 4056 haec
634 4001 726 4036 ¹⁵⁶³
755 4002 863 4057 dux
916 4004 1369 4075 septentrionalis
1410 4006 1753 4062 remandavit
1806 4024 1916 4062 cae-

295 4091 402 4144 sari
451 4108 464 4143 :
521 4093 832 4147 Bolezlavus
884 4095 999 4147 dun
1075 4096 1399 4176 Polenprum
1450 4114 1638 4167 pacem
1699 4100 1916 4168 quidem

296 4184 414 4238 vult
449 4184 555 4250 ’5‘“,
581 4186 674 4239 sed
692 4202 799 4240 non
835 4187 898 4242 in
920 4202 1013 4256 spe
1036 4188 1403 4245 denariorum.
1455 4193 1655 4247 Vestra:
1700 4194 1917 4262 quidem

298 4288 543 4328 cresarea:
566 4276 850 4343 potestatis
892 4278 977 4330 ire
1005 4280 1252 4333 consistit
1279 4281 1361 4334 vel
1404 4281 1600 4348 redire,
1633 4282 1726 4337 sed
1770 4283 1919 4351 apud

1999 1912 2141 1967 niam
2212 1912 2522 1984 requisivit,
2583 1912 2650 1965 ad
2708 1918 3016 1965 extremum
3098 1924 3269 1977 pauca
3331 1922 3618 1977 qumrens,

1999 2017 2178 2072 neque
2236 2002 2325 2035 ¹⁵⁷⁵
2373 2000 2663 2055 denarium
2708 1998 3019 2071 acquisivit.
3068 1997 3129 2050 Et
3187 1995 3447 2067 quoniam
3509 1994 3619 2057 ⁸⁵⁷⁵,

1997 2091 2237 2159 superbe
2257 2090 2563 2145 libertatem
2597 2090 2878 2159 antiquam
2907 2087 3148 2142 Polonia:
3177 2085 3435 2159 subigere
3469 2082 3620 2154 cogi-

2001 2180 2152 2245 tavit,
2180 2181 2363 2251 justus
2390 2180 2563 2233 Judex
2600 2178 2735 2232 illud
2768 2177 3063 2233 consilium
3108 2176 3355 2241 fatuavit,
3383 2181 3438 2229 et
3470 2173 3619 2241 inju-

2008 2268 2141 2322 riam
2185 2270 2236 2322 in
2286 2268 2639 2338 Swathopole
2670 2265 3044 2321 consiliarium
3092 2271 3147 2318 et
3185 2263 3331 2317 illam
3365 2269 3418 2317 et
3456 2260 3619 2316 aliam

2009 2359 2306 2414 vindicavit
2333 2359 2441 2411 '5".

2296 2454 2377 2507 16.
2414 2453 2503 2487 ³⁵η
2540 2457 2612 2508 De
2649 2456 2817 2507 morte
2856 2452 3195 2521 Swantepele
3226 2450 3336 2502 ηπ.

2080 2541 2142 2595 Et
2169 2542 2298 2613 quia
2332 2542 2469 2597 forte
2498 2542 2810 2612 Swatopole
2841 2541 2909 2594 ad
2929 2537 3248 2592 memoriam
3279 2551 3625 2602 revocamus,

2006 2650 2189 2705 operte
2212 2634 2448 2705 pretium
2473 2644 2577 2701 est,
2608 2641 2666 2689 ut
2692 2633 2901 2705 aliquid
2933 2633 3001 2686 de
3030 2631 3139 2685 vita
3169 2636 3223 2684 et
3252 2639 3427 2685 morte
3450 2629 3625 2700 ipsius

2007 2730 2072 2783 ad
2132 2730 2532 2785 correctionem
2582 2729 2813 2785 aliorum
2872 2727 3221 2782 inducamus.
3279 2725 3447 2799 Igitur
3470 2724 3623 2778 Swa-

2010 2817 2232 2889 thOpole
2287 2819 2395 2872 dux
2453 2818 2810 2873 Moraviensis
2875 2814 3243 2871 hercditarius
3310 2813 3399 2847 ¹⁵⁸⁰
3476 2812 3627 2883 prius

2012 2918 2212 2985 extitit,
2245 2925 2439 2990 postea
2464 2934 2597 2974 vero
2630 2918 2885 2973 ducatum
2914 2914 3196 2972 Bohemire
3230 2913 3459 2984 Borivoy
3512 2913 3621 2976 ἐπ’,

2012 3030 2113 3069 suo
2170 3014 2396 3069 domine
2440 3014 2549 3079 ‘5‘”,
2610 3013 2809 3083 plenus
2869 3011 3171 3066 ambitione
3230 3007 3623 3079 subplantavit,

1946 3156 1972 3176 Α,
2006 3122 2211 3181 genere
2250 3105 2473 3176 quidem
2510 3104 2734 3171 nobilis,
2777 3113 2973 3159 natura
3011 3102 3185 3162 ferox,
3220 3100 3417 3154 militia
3444 3107 3622 3154 stren-

1926 3157 1974 3223 (ἶ

2008 3215 2166 3259 nuus.
2215 3200 2311 3253 sed
2349 3198 2578 3253 modicae
2610 3197 2739 3252 fidei
2793 3205 2848 3252 et
2886 3196 3110 3271 ingenio
3149 3198 3402 3249 versutus
3456 3193 3626 3264 Hujus

2010 3288 2156 3343 enim
2186 3288 2422 3343 consilio
2473 3304 2643 3343 caesar
2673 3288 2956 3344 Poloniam
3002 3285 3241 3351 intravit,
3297 3283 3392 3353 qui
3441 3282 3626 3337 Bolez-

2014 3380 2149 3432 lawo
2170 3394 2279 3432 non
2303 3377 2473 3431 semel
2507 3378 2604 3431 sed
2632 3377 2951 3447 frequenter
2970 3375 3269 3443 juraverat,
3297 3372 3473 3443 quise
3503 3387 3625 3425 cum

2010 3465 2298 3520 Bolezlavo
2346 3481 2518 3518 unum
2568 3469 2784 3519 scutum
2842 3463 3225 3531 conjunxerat,
3278 3458 3372 3530 qui
3430 3459 3627 3512 virtute

2017 3554 2355 3608 Bolezlaviet
2387 3554 2592 3608 auxilio
2626 3569 2859 3627 regnum
2891 3550 3244 3605 Bohemicum
3274 3547 3624 3618 acquisierat.

2015 3645 2396 3715 Numquamne
2436 3644 2525 3677 ¹⁵⁸³
2564 3643 2883 3698 Bolezlavus
2934 3656 3035 3711 pro
3092 3638 3400 3709 Swatopole
3443 3638 3627 3710 Praga:

2018 3733 2277 3804 ponendo
2313 3733 2401 3767 ¹⁸⁸⁴
2441 3748 2564 3786 cum
2599 3748 2727 3802 rege
2761 3731 3097 3805 Ungarerum
3130 3728 3466 3782 Columanno
3503 3726 3625 3783 Mo-

2019 3822 2220 3875 raviam
2249 3821 2492 3887 intravit,
2529 3820 2694 3874 silvas
2716 3818 2993 3874 Bohemiae
3017 3832 3145 3889 rege
3163 3814 3431 3869 redeunte
3454 3825 3624 3881 pene-

2019 3911 2226 3966 travit?
2279 3910 2471 3982 Utique
2500 3908 2658 3964 fecit!
2706 3909 2814 3963 Nec
2861 3908 2941 3962 sic
2994 3906 3123 3960 inde
3179 3909 3469 3967 remearet,
3513 3899 3620 3953 nisi

2020 4006 2292 4066 Boruwoii
2329 4005 2416 4038 ¹δε⁵
2444 4012 2680 4057 castrum
2734 4002 3005 4055 Kamencz
3060 3998 3212 4069 (168)
3245 4011 3341 4068 pro
3372 3993 3625 4066 pactione

2017 4101 2124 4157 sibi
2155 4099 2328 4152 daret.
2388 4094 2620 4165 Insuper
2668 4093 2832 4148 etiam
2887 4091 3204 4147 Bolezlavus
3260 4089 3328 4142 de
3374 4083 3632 4142 Bohemia

2020 4190 2220 4247 multos
2249 4186 2317 4241 ad
2349 4186 2527 4256 ipsum
2554 4184 2668 4255 jam
2700 4183 2971 4257 fugientes
3000 4176 3630 4251 praeoccupaturoslgra-

2022 4285 2172 4349 tiam,
2221 4282 2403 4352 ipsum
2434 4280 2629 4334 ducem
2677 4278 2794 4333 fore
2832 4281 3136 4348 sperantes,
3170 4282 3226 4327 et
3256 4268 3530 4327 retinebat
3578 4275 3632 4324 et

298 4382 382 4423 me
406 4370 584 4421 tamen
607 4382 709 4436 pre
739 4370 930 4423 timere
956 4370 1038 4424 vel
1066 4371 1366 4426 conditione
1390 4388 1481 4427 nec
1500 4374 1669 4428 ultum
1692 4375 1782 4408 ¹⁵⁶δ
1805 4390 1915 4444 po-
1940 4354 1999 4422 D
2021 4371 2300 4443 pascebat,
2333 4369 2463 4440 quia
2492 4367 2784 4438 Svatopole
2817 4380 3038 4437 parvam
3072 4372 3273 4418 terram
3325 4372 3629 4430 parvasque

1656 4505 1870 4559 VARUE
1901 4503 2273 4559 LECTIONES.

376 4602 466 4637 1555
498 4601 701 4656 illatam
730 4603 783 4655 3.
870 4604 961 4637 ‘5‘“
986 4620 1203 4671 argum.
1234 4606 1317 4659 ed.
1359 4607 1515 4661 Vars.

1553 4621 1613 4675 p.
1644 4605 1751 4659 276
1787 4607 1927 4660 deest
1954 4606 2005 4658 1.
2038 4606 2092 4659 2.
2126 4605 2178 4657 3.

2281 4602 2367 4636 ¹⁵⁴⁷
2400 4602 2648 4656 dicentes
2679 4599 2731 4657 3.
2831 4598 2919 4632 '5'”
2944 4598 3045 4651 hoc
3074 4597 3123 4651 3.
3209 4593 3296 4627 ’⁵⁵³
3327 4591 3543 4646 lavdem
3571 4591 3625 4643 ἓν

303 4673 396 4746 ¹⁵εή⁰
411 4672 671 4746 cantanti
701 4674 750 4746 1.
781 4673 836 4727 2.
909 4674 992 4707 ¹⁵⁵¹
1028 4662 1218 4746 populi
1256 4679 1520 4746 scriptum
1553 4662 1666 4731 csse
1701 4679 1918 4732 videtur
1945 4677 1998 4730 2.
2073 4676 2163 4709 ³⁵⁵³
2194 4670 2902 4746 populiprocominovebat
2929 4683 3114 4746 pre‘p.
3145 4684 3200 4746 ρἐ
3229 4662 3441 4746 3....Ἧίδδξδ
3469 4669 3525 4716 et
3556 4662 3623 4746 ad

300 4745 380 4801 sci
404 4744 549 4800 fetur
576 4744 868 4799 simulatur

898 4760 997 4819 pro
1105 4743 1159 4802 ξι.
1190 4763 1238 4819 γε.
1264 4746 1301 4802 f.
1325 4743 1453 4819 s.'3.
1518 4749 1607 4782 ‘3‘“
1635 4748 1824 4819 itaque
1853 4748 1908 4801 3.
1978 4748 2068 4819 1555
2098 4743 2239 4800 deeSt
2268 4746 2320 4799 3.
2357 4744 2482 4819 _‘55“_
2504 4744 2648 4819 deest
2676 4743 2728 4796 3.

2804 4742 2892 4776 1⁵⁵⁷
2919 4733 3225 4793 sinebat—2.
3262 4735 3351 4769 ¹⁵⁵⁵⁸
3378 4742 3465 4788 etc
3527 4733 3631 4788 ad-

302 4818 387 4871 dit
405 4816 457 4870 3.
494 4815 546 4869 h.
586 4816 675 4890 ‘55?
699 4808 992 4890 [tenacti/it
1013 4817 1069 4890 3,
1100 4818 1205 4890 γ¹δ⁶⁰
1226 4819 1369 4874 deest
1398 4818 1450 4874 3.
1498 4819 1580 4853 "’6'
1617 4808 2043 4890 non'placuerit,
2067 4833 2156 4871 me
2188 4814 2610 4890 poteriscicius
2638 4831 2701 4890 ex
2725 4820 2841 4890 tare
2867 4826 2970 4881 pre
2998 4808 3633 4890 placueritfexpeclar'e

303 4892 553 4957 corrupte
574 4884 794 4941 exhibet
813 4887 866 4941 3.
981 4888 1071 4922 ¹⁶⁶²
1100 4889 1157 4944 R.
1195 4906 1249 4943 a.
1291 4906 1340 4944 c.
1367 4890 1559 4944 desunt
1581 4890 1632 4943 3.

303 4959 435 5016 Ged.
526 4958 621 4992 ‘5“
647 4972 818 5011 unum
849 4957 1072 5029 quidem
1103 4961 1154 5013 3.
1258 4961 1351 4995 ³⁵⁸⁸
1389 4961 1532 5015 deest
1563 4960 1613 5016 3.

302 5030 393 5063 155°
418 5044 631 5096 argum.
665 5030 745 5082 ed.
786 5031 946 5083 Vars.
976 5046 1013 5098 p
1062 5031 1168 5085 280
1196 5032 1337 5086 deest
1369 5034 1414 5087 1.
1439 5033 1491 5086 2.
1522 5033 1573 5085 3.

306 5100 395 5134 ¹⁵⁷⁴
427 5106 481 5154 ct
521 5100 575 5153 3.
678 5099 766 5133 1575
800 5116 902 5155 nec
956 5100 1008 5154 2.

302 5187 405 5240 pro
431 5177 487 5225 et
511 5170 1142 5239 injuriam—viudicavit
1171 5172 1222 5228 3.

301 5234 679 5316 narrationem
706 5243 809 5295 tali
833 5242 1204 5316 additamente
1229 5234 1535 5314 abrumpit:
1598 5247 1700 5298 [ste
1759 5234 2534 5316 Boleilavus_cegnomi_natus
2575 5248 2658 5316 est
2702 5234 3208 5316 Krzywousty,__qui

1752 4888 1843 4924 ¹⁵⁶³
1867 4888 2188 4945 Bolezlavus
2217 4888 2269 4941 3.

1732 4961 1818 5035 ιδθῖ
1844 4960 1999 5035 regni
2030 4958 2394 5035 Pelquiepre
2415 4974 2469 5035 _r.
2506 4956 2561 5010 l’.
2591 4956 2649 5009 2.

1651 5033 1740 5066 ¹³⁷⁰
1771 5028 2104 5087 circiiiuaret
2143 5029 2200 5084 3.
2269 5029 2353 5063 ‘5“
2390 5028 2639 5081 timorem
2690 5028 2751 5100 3._
2824 5028 2915 5100 l5“
2946 5031 3001 5077 et
3028 5028 3149 5100 ejus
3178 5028 3231 5076 3.
3288 5028 3403 5100 ,ιω
3435 5032 3544 5072 imo
3576 5028 3605 5099 ἐξ

1113 5103 1203 5137 ¹⁵⁷⁶
1229 5107 1358 5173 quia
1405 5104 1457 5157 3.
1537 5103 1625 5136 “’77
1658 5103 1788 5173 quia
1832 5119 1987 5157 cesar
2019 5117 2142 5157 cum
2194 5100 2325 5157 satis
2365 5098 2590 5168 copiosa
2621 5098 2948 5173 confusione
2992 5094 3084 5173 ad
3113 5094 3338 5173 prepria
3369 5094 3635 5173 remeavit

1329 5174 1418 5207 ‘57“
1449 5175 1575 5239 Qum
1602 5160 1796 5227 abinrle
1834 5190 2002 5243 usque
2036 5174 2110 5226 ad
2146 5175 2306 5241 ﬁnem
2333 5160 2531 5243 nostra:
2580 5169 2831 5243 editionis
2864 5160 3159 5236 sequuntur
3195 5160 3396 5243 desunt
3426 5160 3636 5243 ‘3.__qtti

3052 4883 3097 4934 it
3120 4880 3203 4933 ed.
3252 4879 3412 4933 Vars.
3453 4892 3520 4930 ea:
3546 4876 3629 4929 ed.

3303 4963 3406 5017 pre
3435 4961 3479 5001 s.
3506 4946 3541 4999 Ι.
3577 4945 3629 5002 3.

3312 5018 3403 5053 ³⁵⁷³
3435 5017 3544 5072 imo
3576 5018 3628 5072 3.

2366 4886 2455 4919 “‘6‘
2480 4886 2622 4939 deest
2643 4886 2692 4938 1.
2720 4885 2774 4937 2.
2806 4882 2857 4939 3.
2898 4883 3097 4950 recepit
3120 4882 3203 4933 ed.
3252 4882 3278 4933 ι

2366 4972 2394 5005 ο
2424 4974 2469 5005 r.
2506 4956 2561 5005 1³-
2591 4956 2649 5005 2.
2687 4955 2741 5005 3.
2851 4953 2941 4987 ¹⁵⁶⁸
2970 4952 3278 5005 libertatem

2853 4968 2941 4987 ιυυο
2972 4968 3231 5005 ιιορνιειιει

2824 5024 2915 5060 ¹δ⁷²
2946 5031 3001 5077 et
3028 5024 3149 5093 ejus
3178 5022 3231 5076 3.

3260 5236 3382 5305 pest
3426 5231 3632 5305 bellum

304 5313 455 5384 quod
495 5312 689 5385 habuit
729 5312 1122 5385 cum_llcnrico
1147 5331 1352 5375 cesare.
1390 5302 1581 5385 pbstea
1610 5332 1735 5369 cum
1770 5316 2045 5380 Bobemis,
2077 5302 2398 5385 Pomoranis
2420 5310 2773 5385 etggRuthenis
2788 5302 3638 5385 jnultabellaprosperengessit

305 5382 472 5455 atque
501 5383 779 5455 gloriosus
810 5382 1186 5453 triumphavit.

304 5454 480 5510 minio
506 5454 557 5509 1.
588 5455 642 5508 2.
716 5454 807 5488 ³⁵³³
837 5457 916 5509 ita
936 5459 1150 5509 correxi
1188 5459 1243 5512 P.
1279 5456 1450 5529 Nuq’o
1481 5472 1592 5511 non
1622 5454 1675 5511 1.
1706 5458 1761 5512 2.

1278 5386 1368 5420 ¹⁵⁷⁹
1397 5386 1751 5455 Swathopole
1788 5387 1842 5441 2.
1877 5401 2098 5455 semper.

1871 5459 1960 5492 ’δεῖ
1987 5452 2278 5527 pronendo
2309 5454 2361 5509 2.
2394 5452 2769 5524 promovendo
2800 5452 2854 5504 3.

2918 5380 3005 5413 “‘31
3040 5373 3275 5433 Borivou
3307 5373 3359 5427 1.
3406 5373 3499 5410 ’5“
3537 5373 3635 5427 do-

2943 5451 3042 5485 ιδ⁸δ
3078 5445 3333 5504 Borivveii
3366 5450 3419 5499 2.

2192 5384 2283 5418 ’⁵⁸0
2314 5383 2658 5438 hereditarce
2689 5382 2741 5435 1.
2783 5379 2835 5435 2.

1866 5557 2076 5616 NOT/E.

376 5655 517 5732 (133)
546 5653 793 5732 _Steilnaun
812 5654 879 5705 ad
914 5652 1131 5718 0dram,
1168 5656 1308 5732 inter
1353 5657 1536 5732 biibeu
1595 5666 1650 5732 et
1697 5660 1915 5732 Winzig

309 5722 617 5780 iu'Silesia.
651 5722 728 5779 Cf.
761 5724 1005 5791 Cosmas,
1049 5741 1126 5791 ιιι,
1172 5729 1223 5780 ιι.
1258 5728 1311 5782 S.
1358 5728 1592 5781 Kamenz
1626 5722 1977 5801 liaud‘proi.‘

2016 5657 2103 5712 cuI
2137 5673 2167 5711 a
2208 5656 2601 5711 Frankenstein
2646 5670 2713 5707 ex
2761 5651 3036 5707 sententia
3074 5646 3333 5706 Stenzelii
3370 5644 3464 5698 SS.
3495 5641 3631 5694 Bcr.

1978 5796 1993 5809 _
2017 5730 2175 5784 Siles.
2206 5745 2245 5798 ι,
2273 5728 2364 5783 80.
2390 5727 2452 5781 Κ.
