4006 6198
444 357 549 409 923

1730 346 1805 400 CH
1818 340 2076 400 RONICIE
2115 337 2535 393 POLONORUM.

3689 340 3796 394 9‘24

446 485 665 538 divitias
698 491 825 538 tunc
850 482 1107 537 habebat.
1152 482 1188 535 Ε
1214 488 1405 536 contra
1445 477 1735 548 Svatopolc
1767 473 2050 531 Bolezlavo
2078 472 2126 541 Α
2154 467 2526 540 congregatis,
2574 468 2713 520 sicut
2765 481 2950 520 mures
3024 464 3095 520 de
3173 464 3420 519 latibulis
3487 472 3789 530 exeuntes,

440 574 662 641 juravit.
706 574 836 644 quia
875 573 919 626 si
951 572 1058 625 dux
1110 572 1469 625 Bohemorum
1514 580 1844 639 quocunque
1889 562 2053 617 modo

447 666 532 717 vel
568 680 900 735 quocunque
960 663 1183 736 ingenio
1239 661 1572 732 quandoque
1629 658 1803 720 fieret,
1842 669 2058 724 semper

451 753 591 808 fidus
620 754 739 822 ejus
769 754 977 807 amicus
1023 768 1305 822 unumque
1338 759 1551 805 scutum
1602 747 1893 817 utriusque
1932 760 2057 814 per-

448 848 688 912 sisteret,
722 857 898 901 castra
929 848 996 901 de
1029 845 1270 901 confinio
1304 845 1457 918 regni
1502 845 1584 897 vel
1620 841 1901 896 Bolezlavo
1934 840 2059 893 red-

450 936 609 990 deret
640 937 720 990 vel
751 936 975 990 omnino
1012 936 1345 988 destrueret.
1378 933 1482 985 Sed
1516 933 1773 985 ducatum
1802 929 2056 997 adeptus,

454 1042 555 1077 nec
604 1024 764 1077 fidem
810 1024 984 1078 tenuit
1008 1022 1188 1090 jurata
1219 1021 1497 1085 violando,
1548 1035 1649 1073 nec
1682 1019 1847 1071 Deum
1878 1015 2060 1070 timuit

455 1113 748 1165 homicidia
790 1110 1180 1181 perpetrando.
1243 1109 1392 1163 [inde
1451 1110 1591 1162 Deus
1621 1107 1687 1160 ad
1746 1104 2056 1174 exemplum

450 1203 680 1255 aliorum
729 1202 832 1255 sibi
880 1202 1101 1273 dignam
1151 1218 1248 1272 pro
1290 1201 1444 1255 factis
1494 1196 2056 1268 recompensationem

451 1292 718 1357 exhibuit,
753 1309 876 1346 cum
908 1309 1154 1357 securus,
1181 1293 1429 1357 inermis,
1465 1293 1519 1345 in
1553 1292 1696 1344 mula
1727 1289 1977 1342 residens
2006 1287 2058 1339 in

454 1379 636 1432 medio
663 1394 910 1445 suorum,
953 1381 1020 1432 ab
1056 1397 1165 1433 uno
1192 1380 1284 1434 vili
1316 1380 1486 1433 milite
1520 1378 1793 1433 venabulo
1825 1375 2062 1446 perfora-

455 1479 539 1523 tus
567 1472 829 1526 occubuit
875 1476 988 1525 (an.
1049 1473 1192 1542 Srpt.
1247 1474 1360 1537 20),
1402 1489 1504 1526 nec
1547 1472 1690 1524 ullus
1730 1485 1952 1523 suorum
1993 1466 2059 1519 ad

453 1580 576 1616 eum
626 1563 1019 1618 vindicandum
1083 1581 1277 1617 manus
1329 1564 1583 1616 adhibuit
1640 1564 1809 1629 (Ititl).
1864 1561 2063 1615 Taliter

453 1675 623 1712 cresar
679 1660 745 1713 de
795 1660 1019 1714 Polonia
1074 1661 1292 1713 rediens
1361 1659 1740 1730 triumphavit,
1805 1657 2067 1711 videlicet

457 1748 661 1804 luctum
689 1766 784 1818 pro
817 1752 1043 1823 gaudio,
1077 1761 1414 1805 mortuorum
1444 1752 1709 1804 cadavera
1740 1766 1837 1818 pro
1861 1748 2064 1803 tributo

458 1841 850 1895 memorialitcr
875 1842 1189 1912 reportavit.
1227 1842 1540 1896 Bolezlavus
1570 1857 1697 1895 vero
1756 1841 1861 1893 dux
1896 1839 2063 1893 Polo-

464 1950 657 1988 norum
695 1952 887 2005 parum
924 1944 1268 2005 prarsentem,
1303 1937 1399 1990 sed
1424 1937 1606 1989 minus
1637 1935 1917 1989 absentem
1949 1948 2067 2003 pro-

458 2026 545 2079 cul
578 2026 749 2081 dubio
776 2027 1088 2081 formidavit
1118 2029 1226 2081 ³⁵⁸⁵.

958 2119 1042 2171 1'7.
1089 2118 1269 2173 “mlle
1318 2118 1568 2171 Bohemis.

531 2208 660 2273 (An.
699 2208 871 2270 1109.)
925 2208 1095 2281 Igitur
1133 2217 1254 2278 post
1286 2215 1492 2262 tantum
1520 2208 1763 2261 laborem
1812 2207 1919 2260 dux
1954 2222 2075 2277 sep-

457 2294 806 2349 tentrionalis
837 2296 1239 2367 aliquantulum
1276 2303 1575 2359 recreatus,
1616 2312 1782 2366 super
1806 2296 2078 2349 Bohemos

459 2388 707 2459 equitare
750 2405 859 2443 non
893 2390 1103 2444 diutius
1142 2397 1224 2443 est
1278 2390 1586 2445 retardatus
1629 2390 1739 2443 ηδε.
1798 2388 2081 2463 Cogitabat

457 2477 603 2530 enim
629 2486 683 2532 et
702 2494 853 2532 suam
881 2479 1135 2549 injuriam
1153 2480 1220 2533 de
1246 2480 1500 2535 Bohemis
1516 2479 1799 2533 vindicare
1830 2486 1884 2533 et
1911 2495 2072 2532 suum

457 2570 692 2626 amicum
710 2572 939 2643 Borivoy
973 2574 1024 2626 in
1046 2574 1174 2627 sede
1204 2574 1554 2643 subplantata
1586 2581 1911 2628 restaurare.
1938 2573 2074 2627 Dum

457 2671 639 2718 autem
672 2665 773 2720 iter
802 2664 1010 2720 faciens
1040 2667 1095 2720 in
1136 2667 1322 2721 medio
1354 2667 1611 2720 silvarum
1661 2682 1783 2721 cum
1820 2666 2076 2721 Bohemis

457 2755 809 2811 obviantibus
862 2757 1055 2827 proelio
1111 2759 1404 2812 commisso
1454 2758 1739 2812 victoriam
1777 2759 2073 2825 obtineret,

451 2844 678 2914 jamque
704 2861 829 2915 pars
856 2845 1129 2899 exercitus
1157 2846 1207 2899 in
1239 2846 1448 2915 campis
1482 2846 1759 2900 Bohemize
1786 2846 2075 2909 resideret,

462 2932 692 3003 Borivoy
723 2950 754 2987 a
803 2934 1061 2989 Bohemis
1097 2936 1207 3003 jam
1254 2944 1530 3007 receptus,
1563 2943 1747 3012 grates
1790 2935 2074 2991 Bolezlavo

461 3039 558 3093 pro
600 3023 708 3078 fide
732 3031 878 3080 tanta
908 3026 1096 3081 retulit
1122 3034 1176 3081 et
1207 3027 1414 3093 labore,
1457 3035 1512 3082 et
1542 3027 1620 3082 sic
1652 3027 1890 3101 impiger
1919 3028 2073 3083 Bole-

2093 1794 2144 1861 Β

2157 556 2360 610 ibidem
2419 556 2563 625 capti
2625 555 2713 610 vel
2762 553 2962 609 mortui
3043 559 3455 619 remanserunt,
3536 553 3790 624 exceptis

2160 648 2370 718 paucis,
2395 647 2489 719 qui
2515 647 2682 713 silvae,
2708 646 2981 702 latronum
3013 647 3227 714 amicaz,
3256 644 3573 701 subsidium
3603 645 3785 717 petie-

2159 749 2306 797 runt.

2478 832 2566 886 20.
2603 834 2692 867 ¹⁵⁹³
2724 837 2795 888 De
2832 834 3033 899 fraude
3081 834 3453 888 Bohcmorum.

2234 922 2398 977 Paulo
2413 923 2669 994 superius
2692 924 2920 979 memini
2946 940 3034 977 me
3051 924 3278 992 dixisse,
3293 926 3572 980 Bohemos
3586 924 3642 978 in
3655 924 3787 979 sede

2159 1033 2218 1070 su
2230 1016 2509 1087 pplantata
2536 1017 2763 1086 Borivoy
2792 1016 2992 1071 ducem
3014 1016 3313 1085 recepisse,
3334 1017 3577 1089 ideoque
3604 1017 3698 1051 "9‘
3721 1017 3789 1071 de

2164 1105 2423 1159 Bohemia
2472 1104 2817 1160 Bolezlavum
2876 1106 2949 1159 ita
2981 1104 3163 1160 subito
3210 1105 3473 1160 redivisse
3503 1105 3619 1159 “’5.
3679 1103 3790 1158 Sed

2160 1194 2288 1264 quia
2320 1194 2457 1248 ﬁdes
2491 1194 2782 1248 Bohemica
2810 1194 3066 1248 volubilis
3097 1202 3180 1248 est
3200 1194 3343 1248 sicut
3373 1203 3513 1260 rota,
3546 1193 3791 1265 qualiter

2162 1287 2311 1356 prius
2340 1287 2572 1357 Borivoy
2603 1287 2929 1356 expellendo
2971 1287 3253 1342 traditoris
3277 1287 3645 1358 deceperunt,
3666 1287 3788 1341 tali-

2163 1386 2350 1447 terque
2383 1377 2577 1430 iterum
2614 1376 2899 1446 decepturi
2946 1376 3229 1431 traditorie
3284 1384 3626 1446 receperunt
3674 1376 3787 1429 ‘5".

2163 1474 2294 1541 (.tn.
2328 1472 2503 1543 1110.)
2546 1473 2676 1526 Nam
2704 1473 2855 1527 brevi
2905 1481 3149 1544 tempore
3191 1489 3303 1528 non
3348 1473 3529 1527 solum
3565 1474 3784 1528 honore

2164 1564 2340 1618 caruit
2392 1581 2423 1618 a
2474 1564 2635 1618 fratre
2697 1564 2877 1619 medio
2935 1563 3081 1635 (170)
3127 1564 3531 1634 subplantatus,
3592 1579 3786 1617 verum

2168 1656 2329 1708 etiam
2362 1655 2683 1726 acquirendi
2725 1654 3035 1710 facultatem
3074 1656 3280 1721 amisit,
3334 1656 3403 1709 ab
3445 1654 3784 1725 imperatore

2168 1747 2484 1816 captivatus.
2517 1747 2758 1801 Tertium
2800 1762 3023 1817 quoque
3064 1746 3283 1800 fratrem
3343 1746 3585 1800 habebat
3616 1746 3787 1815 (171),

2167 1841 2557 1912 zetatequidem
2590 1842 2858 1895 minorem
2886 1841 2997 1905 ποτ,
3032 1840 3305 1911 probitate
3339 1855 3467 1895 vero
3499 1854 3615 1894 non
3647 1838 3787 1893 infe-

2172 1934 2393 1999 riorem,
2455 1949 2618 2004 quem
2678 1932 2786 1989 dux
2841 1933 3161 1988 Bolezlavus
3230 1932 3286 1985 in
3357 1931 3630 1987 fidelitate
3686 1930 3795 1985 fra-

2172 2023 2268 2075 tris
2307 2022 2694 2092 persistentem
2749 2022 2803 2075 in
2846 2020 3076 2076 Polonia
3124 2020 3419 2087 retinebat,
3480 2020 3651 2091 eique
3702 2035 3796 2073 ca-

2176 2116 2520 2185 Iumpniandi
2577 2115 2802 2184 majoris
2846 2113 3025 2168 fratris
3088 2114 3357 2169 honorem
3404 2121 3461 2170 et
3520 2112 3791 2167 auxilium

2177 2207 2555 2279 impendebat.

2310 2296 2398 2352 2|.
2437 2298 2526 2331 “‘9‘
2555 2302 2626 2353 De
2658 2300 2787 2353 bello
2813 2302 2860 2352 et
2888 2300 3117 2353 victoria
3145 2302 3341 2353 contra
3368 2298 3648 2353 Bohemos.

2256 2385 2384 2441 Inde
2447 2385 2681 2457 belliger
2750 2386 3087 2453 Bolezlavus,
3146 2385 3377 2443 collecta
3432 2384 3795 2440 multitudine

2176 2476 2420 2541 militari,
2472 2492 2667 2531 novam
2727 2478 2870 2531 viam
2927 2476 3143 2547 aperuit
3181 2476 3234 2529 in
3281 2475 3631 2542 Bohemiam,
3684 2488 3793 2544 quo

2178 2573 2357 2635 potest
2388 2565 2636 2620 Hanibali
2664 2565 2806 2621 facto
2840 2565 3079 2620 mirabili
3127 2565 3454 2636 comparari.
3491 2564 3627 2619 Nam
3655 2564 3800 2619 sicut

2178 2656 2268 2711 ille
2302 2657 2528 2711 Romam
2553 2658 2977 2729 impugnaturus
2999 2672 3097 2728 per
3123 2663 3365 2711 montem
3394 2656 3548 2711 Jovrs
3577 2654 3795 2726 primus

2176 2749 2319 2803 viam
2380 2749 2530 2819 fecit,
2579 2751 2653 2805 ita
2703 2750 3019 2806 Bolezlavus
3079 2764 3175 2819 per
3219 2750 3400 2805 locum
3456 2748 3791 2805 horribilem

2177 2841 2560 2911 intemptatum
2602 2842 2754 2912 prius
2784 2842 2893 2908 '5”,
2937 2840 3254 2897 Bohemiam
3290 2840 3587 2895 invasurus
3622 2856 3794 2911 pene-

2176 2938 2356 2993 travit.
2394 2937 2490 2992 Ille
2517 2944 2762 2992 montem
2791 2953 2960 2992 unum
2990 2935 3267 2992 laboriose
3296 2936 3648 2991 transeundo
3677 2943 3795 2991 tan-

2172 3038 2280 3086 tam
2330 3030 2527 3085 famam
2586 3036 2641 3085 et
2696 3028 3017 3085 memoriam
3093 3028 3405 3099 acquisivit,
3463 3026 3792 3083 Bolezlavus

459 3113 645 3166 zlavus
672 3112 917 3183 dupplici
949 3113 1016 3167 de
1046 3114 1309 3169 Bohemia
1347 3132 1467 3170 cum
1504 3117 1712 3171 honore
1738 3116 1899 3170 rediit
1926 3118 2067 3188 (Dec.
2099 3148 2148 3216 Ο
2172 3136 2302 3175 vero
2318 3135 2429 3174 non
2459 3136 2628 3175 unum
2651 3119 2749 3174 sed
2774 3119 2961 3190 plures
2991 3117 3275 3173 nubiferos
3311 3117 3469 3189 quasi
3505 3116 3786 3188 sappinus

458 3205 571 3273 24).
607 3204 713 3258 Sed
748 3204 881 3275 quid
923 3205 1146 3259 rediens
1185 3206 1361 3281 egerit
1387 3208 1695 3273 audiamus,
1729 3214 1785 3261 ut
1817 3208 2071 3279 exemplo
2104 3204 2440 3265 “ascendit.
2492 3210 2588 3263 Ille
2646 3208 2995 3264 solummodo
3051 3207 3297 3263 cavendo
3353 3214 3624 3274 montem,
3693 3222 3788 3262 co-

463 3292 751 3362 probitatis
790 3300 951 3348 tanta:
975 3293 1212 3349 fructum
1246 3294 1484 3365 aliquem
1521 3296 1819 3365 capiamus.

860 3388 944 3443 18.
983 3388 1072 3421 ‘5”
1112 3390 1186 3443 De
1219 3392 1528 3445 Pomoranis
1560 3391 1667 3445 ‘59”.

533 3476 648 3530 Non
682 3476 828 3529 enim
879 3478 1065 3532 statim
1106 3458 1402 3533 exercitum
1451 3487 1600 3535 tanto
1642 3480 1839 3536 itinere
1870 3481 2069 3556 fatiga-

462 3574 575 3621 tum
594 3566 670 3621 ire
709 3567 930 3622 domum
952 3569 1220 3639 permisit,
1264 3586 1365 3625 nec
1398 3572 1633 3642 ipsemet
1659 3572 1713 3626 in
1746 3572 1960 3627 deliciis
1985 3572 2069 3627 vel

463 3657 516 3710 in
551 3658 817 3713 conviviis
846 3661 1141 3730 asperitate
1171 3663 1348 3733 yemis
1381 3663 1619 3718 irruente
1660 3665 1743 3698 ‘5‘“
1776 3664 2071 3735 requievit,

461 3747 559 3800 sed
587 3754 785 3802 terram
837 3748 1265 3806 Pomoranorum
1321 3768 1444 3807 cum
1490 3754 1682 3809 electis
1735 3755 1802 3809 de
1830 3754 2073 3808 exercitu

464 3838 732 3893 militibus
765 3841 1068 3911 requisivit.
1120 3843 1386 3906 Quamdiu
1417 3844 1492 3898 ibi
1522 3844 1733 3899 steterit
1771 3845 1857 3900 vel
1908 3860 2079 3916 quan-

465 3937 571 3983 tam
596 3945 693 4000 per
732 3937 928 3987 terram
968 3933 1226 3989 incendia
1252 3937 1336 3989 vel
1381 3936 1595 4005 praedas
1622 3936 1832 4001 fecerit,
1862 3952 1972 3991 non
1998 3943 2082 3990 est

458 4035 599 4088 opus
620 4036 717 4088 per
740 4020 959 4091 singula
974 4023 1344 4093 scriptitando
1359 4024 1657 4092 demorari,
1690 4025 1787 4080 sed
1804 4041 2073 4081 summam

462 4106 538 4161 rei
562 4108 720 4163 nobis
749 4110 817 4163 ad
850 4111 1056 4181 majora
1089 4111 1476 4166 festinantibus
1502 4112 1740 4168 sufﬁciat
1769 4115 2069 4183 explanari.

463 4194 556 4248 Illa
613 4212 850 4268 namque
907 4199 1027 4254 vice
1084 4200 1401 4255 Bolezlavus
1457 4201 1512 4255 in
1589 4201 1916 4258 Pomorania
1970 4203 2075 4258 tria

459 4290 684 4344 castella
714 4292 882 4363 cepit,
935 4292 1141 4364 quibus
1170 4294 1474 4350 combustis
1520 4303 1573 4351 ct
1615 4297 1932 4369 coaequatis,
1980 4314 2074 4354 so-

462 4376 745 4435 lummodo
774 4381 1013 4451 praedam
1062 4389 1114 4437 et
1154 4382 1398 4452 captivos
1424 4384 1660 4455 excepit.
1716 4385 1912 4442 Postea
1941 4402 2071 4443 vero

2170 3296 2442 3367 aequando
2462 3295 2719 3366 sCOpulos
2749 3295 2838 3329 ¹⁶⁰⁰
2864 3295 3168 3361 laborabat,
3197 3295 3302 3350 iste
3331 3301 3560 3350 truncos
3576 3305 3633 3349 et
3654 3310 3786 3350 saxo

2173 3387 2462 3451 volvendo,
2488 3394 2703 3443 montes
2731 3386 3087 3441 ascendendo
3115 3386 3317 3441 arduos
3348 3386 3460 3451 ¹⁰⁰¹,
3492 3402 3594 3456 per
3625 3387 3790 3441 silvas

2172 3479 2493 3534 tenebrosas
2532 3480 2638 3535 iter
2663 3478 2986 3549 aperiendo,
3039 3479 3094 3532 in
3132 3477 3427 3549 paludibus
3487 3478 3791 3549 profundis

2173 3585 2367 3647 pontes
2399 3576 2649 3632 faciendo
2703 3591 2810 3631 non
2843 3574 3114 3630 cessabat.
3157 3574 3330 3629 Tanto
3380 3573 3568 3645 itaque
3598 3566 3788 3629 labore

2176 3668 2492 3725 Bolezlavus
2548 3684 2646 3738 pro
2681 3668 2895 3737 jvustitia
2935 3667 3167 3738 Borivoy
3206 3673 3260 3722 et
3325 3666 3573 3721 amicitia
3616 3666 3793 3721 tribus

2177 3758 2378 3813 diebus
2408 3766 2463 3813 et
2505 3758 2761 3813 noctibus
2791 3758 2897 3812 iter
2936 3756 3162 3821 faciens,
3206 3756 3482 3830 fatigatus,
3518 3755 3630 3810 tale
3662 3755 3789 3827 quid

2181 3851 2234 3904 in
2264 3850 2529 3905 Bohemia
2561 3849 2709 3913 fecit,
2752 3849 2898 3904 unde
2930 3864 3153 3920 semper
3189 3848 3294 3903 erit
3333 3848 3658 3918 triumphali
3692 3863 3797 3901 me-

2181 3939 2355 3993 moria
2411 3938 2747 3993 recordatus.
2808 3937 3098 4009 Postquam
3171 3935 3392 3990 tandem
3478 3936 3796 3991 Bolezlavus

2182 4036 2333 4084 tanto
2380 4028 2699 4083 discrimine
2774 4026 3092 4081 Bohemiam
3165 4034 3250 4079 est
3307 4025 3614 4096 ingressus,
3682 4039 3787 4079 non

2175 4124 2356 4172 statim
2421 4117 2663 4187 przedam
2730 4116 2937 4171 faciens
2986 4122 3043 4170 ut
3099 4114 3323 4170 Bohemi
3392 4113 3788 4177 de“Polonia,

2175 4207 2333 4279 quasi
2382 4206 2543 4277 lupus
2582 4206 2803 4277 rapiens
2841 4212 2924 4261 est
2972 4220 3277 4278 regressus,
3332 4219 3516 4275 ymmo
3583 4205 3794 4259 vexillis

2177 4299 2414 4363 erectis,
2469 4298 2615 4352 tubis
2674 4297 3006 4352 canentibus
3039 4338 3052 4363 ,
3101 4296 3416 4368 agminibus
3469 4296 3743 4351 ordinatis
3774 4336 3788 4359 ,

2175 4388 2435 4459 timpanis
2462 4386 2867 4454 resonantibus,
2910 4385 3170 4457 paulatim
3205 4402 3303 4455 per
3347 4400 3577 4456 campos
3618 4386 3789 4441 Bohe-

462 4471 583 4526 sinc
650 4471 798 4528 bello
876 4474 1193 4531 Bolezlavus
1274 4477 1671 4549 aliquantulum
1744 4463 2301 4551 repausavit,Dmia3
2356 4487 2608 4551 patentes
2662 4479 2869 4535 bellum
2914 4495 3169 4550 quaerens
3222 4484 3277 4533 et
3330 4491 3441 4532 non
3502 4476 3794 4531 inveniens

463 4577 703 4634 suasque
734 4563 986 4620 civitates
1016 4566 1259 4633 interim,
1289 4567 1383 4621 ubi
1414 4583 1584 4623 caesar
1623 4568 1817 4634 fuerat,
1854 4570 2082 4643 inexpu-

460 4650 769 4722 gnabiliter
796 4656 1145 4724 praeparavit.

820 4746 905 4800 19.
944 4747 1035 4781 ‘5"
1064 4751 1137 4803 De
1157 4749 1402 4805 Bohemis
1423 4755 1473 4805 et
1498 4752 1727 4807 Polonis.

536 4835 666 4891 Cum
713 4845 894 4899 autem
920 4839 1242 4897 Bolezlavus
1265 4841 1541 4898 civitatem
1569 4843 1791 4916 Glogow
1818 4844 2079 4900 muniens

362 4992 367 4997 η
467 4928 543 4981 ibi
592 4946 716 4984 cum
772 4931 1015 4986 exercitu
1060 4931 1348 5000 resideret,
1380 4932 1583 4989 milites
1632 4932 1896 5009 Zbignevi
1952 4952 2077 4991 cum

469 5018 724 5077 Bohemis
752 5022 1058 5094 depraedari
1088 5041 1188 5096 per
1216 5025 1495 5081 Poloniam
1527 5025 1812 5091 exierunt;
1845 5027 1940 5098 qui
1962 5035 2079 5083 sta-

467 5106 588 5175 tim,
629 5110 914 5170 Bolezlavo
964 5114 1271 5182 nesciente,
1324 5114 1501 5186 ipsius
1537 5113 1645 5170 loci
1690 5116 2080 5173 machio’nibus

2184 4573 2499 4638 incedebat,
2541 4587 2643 4627 nec
2684 4571 2926 4642 praedam
2983 4586 3087 4626 nec
3116 4569 3374 4625 incendia
3416 4568 3576 4639 prius
3630 4584 3791 4639 quam

2184 4663 2349 4719 finem
2393 4662 2541 4718 bello
2591 4661 2710 4716 ﬁeri
2754 4660 3031 4730 cupiebat.
3100 4660 3294 4728 (Sept)
3325 4657 3554 4712 Interim
3613 4658 3791 4712 Boheo

2181 4753 2256 4807 mi
2314 4768 2413 4823 per
2467 4758 2670 4806 turmas
2735 4748 3068 4820 aliquotiens
3108 4747 3469 4819 apparebant,
3535 4746 3637 4800 sed
3695 4752 3795 4799 sta-

2178 4841 2277 4897 tim
2336 4841 2557 4897 Polonis
2633 4838 2972 4894 irruentibus
3050 4852 3213 4891 cursu
3280 4842 3550 4906 perpetue
3624 4833 3797 4909 fugie-

2179 4934 2311 4988 bant
2367 4934 2475 4999 (an.
2540 4928 2723 4996 1110.)
2790 4929 2866 4982 De
2928 4926 3172 4983 castellis
3234 4941 3455 4997 quoque
3518 4923 3796 4996 contiguis

2181 5023 2337 5079 multi
2370 5022 2572 5077 milites
2622 5020 2904 5084 exiebant,
2935 5018 3029 5090 qui
3070 5017 3290 5073 Polonis
3331 5014 3675 5070 irruentibus
3706 5030 3795 5069 re-

2182 5116 2419 5171 deuntes
2439 5110 2784 5168 occasionem
2806 5107 3077 5163 suburbia
3102 5104 3468 5162 comburendi
3496 5103 3796 5172 faciebant.

1804 5212 2023 5267 VARI/ﬁ
2070 5210 2444 5268 LECTIONES.

540 5275 631 5308 ¹⁵⁸⁶
653 5279 737 5332 ita
774 5283 987 5336 correxi
1025 5284 1088 5337 P.
1124 5282 1395 5338 dubitavit
1423 5283 1475 5337 1.
1502 5282 1555 5337 2.

470 5357 751 5404 recreatus
780 5351 806 5404 1
863 5352 915 5405 2.

468 5419 612 5493 deest
648 5422 701 5493 1‘.
745 5420 797 5475 2.
913 5424 1003 5457 “9"
1033 5427 1313 5493 inscriptio
1359 5428 1467 5481 haec
1502 5426 1647 5480 deest
1687 5426 1737 5479 1.
1795 5425 1847 5480 2.

1001 5353 1091 5387 ’5”
1132 5354 1310 5408 XVIII.
1341 5355 1486 5409 deest
1520 5355 1567 5408 1.
1623 5354 1678 5408 (1.
1709 5354 1894 5408 XVIII.
1934 5357 2129 5411 desunt
2157 5356 2213 5409 2.

1001 5427 1313 5481 ‘inscriptio
1359 5428 1467 5481 haec
1502 5426 1647 5480 deest
1687 5426 1737 5479 1.
1795 5425 1847 5480 2.
1955 5428 2044 5461 "’9‘
2076 5428 2202 5481 ideo
2239 5425 2274 5479 2

1976 5440 2044 5461 °"”
2076 5440 2202 5481 IdCO
2239 5440 2292 5479 Ζ.

1653 5282 1743 5317 ¹⁵⁸τ
1760 5286 1956 5339 omisso
1981 5287 2151 5339 solum
2170 5298 2389 5339 numero
2407 5281 2811 5349 inscriptionem
2836 5278 3051 5349 sistunt
3070 5277 3122 5349 1.
3148 5275 3206 5328 2.
3271 5274 3359 5349 ¹Ῠ⁸⁸
3382 5276 3471 5349 fta
3491 5274 3788 5349 Cogitat?!-

2993 5347 3079 5381 ¹⁵³¹
3111 5345 3336 5399 irruerit
3375 5345 3411 5398 2
3543 5346 3637 5378 ‘5"
3664 5342 3790 5397 XIX.

2314 5351 2469 5405 '5900
2519 5346 2589 5405 ΡῘ
2632 5350 2824 5404 desunt
2851 5346 2905 5401 2.

2410 5423 2571 5475 ιδθδίη
2623 5421 2871 5488 margine
2911 5420 2959 5473 1.
3017 5418 3176 5472 addit
3223 5418 3395 5471 colore
3438 5415 3789 5488 rubrozﬂlio.

470 5483 1288 5566 taliterque—freceperunt
1313 5498 1504 5551 desunt
1528 5497 1581 5551 εξ.
1645 5498 1732 5531 ¹⁵⁰⁷
1761 5496 2107 5553 Sobieslaum
2143 5496 2390 5559 nomine,
2432 5493 2685 5566 cniditjin
2714 5483 2964 5566 niargine
2994 5505 3159 5543 manu
3178 5490 3282 5543 XV
3308 5487 3496 5542 swcuii
3535 5488 3578 5540 Ι.
3630 5483 3790 5539 πεπρ.

468 5556 600 5614 XXI.
624 5556 817 5619 desunt
854 5570 898 5619 l.
925 5565 979 5619 2.

1068 5568 1158 5601 '59”
1191 5568 1399 5636 primus
1428 5568 1481 5622 2.
1564 5568 1654 5602 ¹⁶⁰⁰
1682 5568 1937 5639 scapulos
1971 5585 2074 5624 non
2108 5571 2232 5624 bene
2260 5566 2317 5623 2.

2403 5564 2488 5599 ¹⁶⁰¹
2521 5564 2721 5618 arduas
2744 5562 2796 5616 2.

2022 5639 2230 5697 NOTAE.

540 5704 686 5774 (169)
726 5706 967 5774 Cosmas,
1002 5723 1084 5776 ιιι,
1113 5708 1202 5774 27,
1225 5708 1316 5765 28.
1351 5708 1410 5763 K.

538 5776 690 5849 (170)
724 5778 1045 5839 Wladizlao.
1071 5779 1315 5848 Cosmas,
1334 5795 1412 5847 ιιι,
1438 5778 1646 5854 305qq.
1665 5781 1727 5839 Κ.

2258 5708 2403 5779 (171)
2434 5705 2779 5763 Sobezlaum.
2812 5705 2873 5761 Κ.
