4006 6198
320 391 425 446 925

1724 395 1916 451 LIBER
1953 395 2252 451 TERTIUS.

3547 393 3654 448 926

322 517 508 572 Frater
570 531 701 571 vero
775 517 1007 589 Borivoy
1088 518 1384 584 minimus,
1454 535 1617 591 quem
1689 521 1936 591 prazdixi,
1967 532 2017 598 Α
2044 521 2232 575 bellum
2255 521 2367 574 illis
2397 521 2639 574 omnibus
2671 522 3006 586 congregatis
3035 526 3087 576 et
3123 523 3470 589 prcesentibus
3510 524 3650 574 inve-

324 605 538 677 praedas
592 605 737 678 capi,
772 605 1036 662 incendia
1075 606 1196 663 fieri
1256 616 1457 664 terram
1509 609 1720 665 destrui
1780 612 1941 667 Bole-

324 699 480 754 zlavo
498 698 822 770 supplicans
854 699 1208 770 prohibebat,
1241 701 1371 772 quia
1398 717 1625 776 regnum
1651 702 1940 774 acquirere

324 788 448 842 sine
479 787 628 843 bello
654 787 852 859 puerili
873 787 1230 858 simplicitate
1261 789 1445 845 verbis
1474 789 1794 846 traditorum
1817 791 1939 845 sine

319 880 569 936 victoriis
605 896 665 936 se
717 881 994 936 credebat.
1025 881 1268 954 Cumque
1295 882 1407 951 jam
1457 884 1550 937 diu
1595 890 1789 955 quarto
1849 883 1938 918 ¹⁶⁰²

321 973 526 1026 bellum
602 980 930 1044 exspectans
991 973 1304 1028 Bolezlavus
1360 974 1429 1028 ad
1493 991 1732 1049 pugnam
1786 982 1938 1030 recto

324 1065 539 1120 tramite
569 1073 915 1136 prOperarct,
958 1064 1238 1136 ﬂuvioque
1291 1066 1531 1135 cuidam,
1588 1082 1696 1121 non
1743 1082 1941 1140 magno

324 1152 552 1224 quidem
575 1153 675 1207 sed
703 1151 916 1208 difficili
942 1153 1194 1218 transitu,
1229 1153 1648 1225 prepinquaret,
1678 1172 1743 1210 ex
1773 1155 1942 1209 altera

325 1253 480 1314 parte
514 1243 761 1300 ﬂuminis
790 1244 1036 1299 exercitu
1069 1252 1403 1318 congregato
1432 1245 1540 1300 dux
1573 1246 1938 1300 Bohemorum

327 1331 626 1397 residebat,
675 1331 768 1402 qui
819 1332 1162 1389 Bolezlavum
1221 1331 1320 1399 ibi,
1380 1348 1490 1388 non
1551 1349 1718 1388 ausus
1783 1333 1934 1399 alibi,

323 1422 650 1478 difficultate
712 1423 815 1478 loci
873 1423 1140 1490 confisus,
1211 1423 1500 1478 transitum
1558 1425 1935 1494 prohibiturus

326 1514 743 1584 exspectabant.
776 1515 840 1568 At
871 1514 1196 1570 Bolezlavus
1233 1515 1464 1586 repertis
1519 1516 1768 1570 hostibus
1799 1531 1936 1588 quos

323 1603 636 1674 quierebat,
683 1603 842 1674 quasi
898 1603 984 1659 leo
1058 1603 1176 1658 visa
1222 1603 1410 1674 prazda
1455 1604 1627 1674 septis
1674 1605 1934 1659 conclusa

322 1692 789 1758 stomachabatur,
823 1691 952 1764 quia
985 1694 1268 1767 pugnandi
1298 1692 1514 1764 copiam
1539 1709 1648 1748 non
1672 1694 1931 1752 habebat.

2042 613 2202 664 uisse.
2239 611 2438 665 lterum
2471 608 2562 664 alii
2597 608 2887 663 dicebant:
2914 608 3134 663 Judicia
3168 609 3261 662 Uei
3288 625 3418 662 cera
3455 613 3577 663 sunt
3606 615 3655 663 et

2041 699 2344 752 hominibus
2375 699 2598 752 occulta.
2634 699 2772 752 Bene
2786 697 3146 766 processimus
3168 711 3334 764 usque
3365 697 3536 763 modo,
3558 699 3652 750 sed

2038 793 2089 844 si
2133 791 2340 844 diutius
2369 792 2728 844 immoramur
2769 788 2857 822 ¹⁶⁰⁸
2898 789 2961 842 in
3009 788 3172 841 dubio
3205 787 3423 856 pendet,
3455 802 3560 855 quo
3601 804 3654 841 se

2037 886 2272 938 cererint
2307 886 2417 938 ista
2471 886 2613 950 fata.
2673 883 2900 938 Econtra
2956 880 3271 936 Bolezlavus
3320 887 3374 934 et
3421 879 3655 948 juvenes

2039 976 2320 1030 seniorum
2369 975 2599 1030 consilia
2639 975 3064 1045 postponebant,
3115 980 3167 1027 et
3197 971 3279 1026 ire
3322 971 3654 1045 Pragamﬁut

2043 1066 2097 1120 in
2155 1074 2317 1121 antea
2366 1066 2768 1122 collaudabant.
2846 1066 2906 1120 Et
2963 1082 3091 1120 vere
3164 1063 3387 1119 vicisset
3467 1061 3653 1117 senio-

2043 1176 2161 1214 rum
2245 1159 2476 1214 consilia
2546 1158 2837 1214 consilium
2921 1158 3214 1226 juvenile,
3296 1155 3402 1209 nisi
3490 1155 3651 1226 panis

2041 1254 2352 1321 defecisset,
2394 1253 2487 1326 qui
2523 1253 2644 1322 plus
2695 1261 2884 1324 posset
2915 1269 3078 1324 quam
3121 1250 3298 1322 possit
3347 1250 3526 1304 facere
3561 1249 3654 1320 jus

2040 1342 2220 1398 civile.
2284 1341 2598 1396 Collaudato
2658 1343 2743 1395 vix
2800 1343 2984 1412 itaque
3044 1340 3278 1394 consilio
3334 1337 3654 1393 Bolezlavus

2040 1433 2327 1497 redeundi,
2361 1431 2643 1486 redeundo
2692 1431 3055 1486 comburendi
3105 1430 3260 1485 dedit
3289 1428 3566 1484 licentiam
3600 1436 3653 1481 ct

2038 1523 2341 1593 praedandi.
2384 1524 2502 1593 Ipse
2542 1538 2671 1577 vero
2730 1540 2952 1594 semper
3013 1521 3278 1577 ordinatis
3332 1519 3651 1574 ehoortibus

2037 1615 2351 1678 incedebat,
2386 1615 2712 1685 plerumque
2740 1631 2862 1668 cum
2913 1613 3175 1667 extremis
3205 1611 3519 1685 agminibus
3551 1627 3650 1680 pro

2035 1706 2286 1761 subsidio
2317 1705 2679 1760 subsistebat.
2724 1704 2972 1759 llabebat
3021 1704 3182 1758 etiam
3216 1703 3362 1758 acies
3416 1701 3647 1756 militum

323 1785 455 1837 Nam
505 1784 650 1840 sicut
709 1783 901 1840 Poloni
961 1784 1123 1839 modo
1177 1801 1392 1839 sursum
1452 1785 1618 1840 modo
1671 1779 2335 1901 ileorsumBordinatas,
2393 1797 2485 1867 qui
2520 1796 2967 1850 combustoribus
2999 1802 3052 1849 et
3109 1792 3510 1865 praedatoribus
3551 1809 3649 1846 an-

324 1879 551 1901 .___.__!___
584 1879 910 1901 ..-..--ι-ι--..ι
946 1896 1003 1901 ---
1041 1880 1200 1901 _ln-__
1249 1887 1397 1901 _.__n-
1428 1880 1671 1901 Δ--με..ε-
1726 1880 1795 1901 ΞΑ-
1832 1881 1897 1901 n-
2036 1895 2046 1901 .
2095 1885 2104 1895 ο
2221 1892 2232 1901 .
2362 1893 2371 1901 ι
2510 1885 2541 1901 ιι
2588 1887 2598 1901 ι
2722 1885 2731 1894 ·
3035 1900 3038 1901 ,
3101 1884 3140 1901 '-
3169 1882 3250 1901 _.!l
3278 1898 3334 1901 Α--
3379 1881 3614 1901 __,--____:.l-

324 1879 556 1935 transire.
583 1879 912 1952 reputabant
941 1896 1005 1934 ex
1037 1880 1206 1935 altera
1248 1887 1401 1952 parte
1428 1880 1694 1946 ﬂuminis,
1726 1880 1802 1934 ita
1832 1881 1931 1934 Bo-

325 1972 468 2026 hemi
501 1979 688 2027 contra
751 1971 988 2026 stabant.
1041 1971 1163 2026 Erat
1221 1971 1371 2026 enim
1420 1971 1640 2039 ﬂuvius,
1679 1971 1934 2027 Bohemis

320 2059 414 2130 qui
447 2076 570 2115 cum
593 2077 658 2116 eo
685 2068 841 2116 erant
880 2060 1278 2116 mentientibus
1306 2062 1416 2129 “‘03,
1458 2061 1779 2133 paludosus,
1813 2071 1937 2116 tan-

325 2159 392 2206 tae
424 2151 797 2208 multitudinis
827 2153 978 2208 nullo
1019 2153 1310 2208 resistente
1340 2154 1700 2225 periculosus.
1733 2154 1936 2208 Videas

323 2253 512 2301 autem
559 2247 900 2314 Bolezlavus,
931 2248 1079 2319 quod
1126 2248 1206 2302 sic
1252 2265 1423 2322 agens
1470 2256 1688 2320 tempus
1743 2249 1799 2303 in
1842 2266 1932 2304 va-

283 2399 290 2407 _
324 2354 488 2394 cuum
520 2339 889 2410 expendebat,
914 2347 968 2394 et
997 2341 1142 2411 quod
1168 2341 1288 2396 dies
1315 2341 1430 2396 sole
1453 2342 1508 2395 in
1529 2357 1783 2398 occasum
1804 2358 1934 2396 ver-

323 2435 491 2503 gente
521 2429 864 2497 declinabat,
895 2429 1226 2486 electionem
1259 2431 1500 2486 audacia:
1529 2431 1781 2486 militaris
1810 2432 1936 2485 duci

325 2520 620 2576 Bohemico
670 2521 949 2593 preponit,
1000 2521 1277 2588 videlicet,
1332 2531 1426 2577 aut
1474 2523 1789 2579 Bolezlavus
1828 2521 1935 2577 sibi

324 2612 504 2668 locum
537 2613 690 2668 dabit
721 2621 781 2669 ut
818 2621 1076 2679 transeat,
1128 2615 1211 2669 vel
1245 2615 1374 2670 illuc
1429 2615 1682 2670 transibit
1725 2617 1769 2670 si
1825 2616 1934 2671 dux

322 2705 652 2760 Bohemicus
706 2707 826 2762 loco
867 2707 1046 2773 cedat,
1093 2722 1349 2762 asserens
1389 2708 1576 2774 etiam,
1625 2709 1932 2778 occupandi

320 2811 486 2850 causa
525 2796 712 2852 sedem
743 2813 803 2852 se
842 2797 1192 2852 Bohemicam
1226 2813 1335 2853 non
1366 2799 1607 2863 venisse,
1641 2800 1741 2854 sed
1783 2815 1933 2855 more

318 2883 480 2940 solito
501 2885 769 2954 justitiam
803 2885 1153 2957 fugitivorum
1197 2902 1529 2960 causamque
1583 2890 1930 2957 miserorum,

321 2975 465 3031 sicut
489 2977 727 3048 quodam
759 2977 867 3031 sibi
897 2977 1563 3045 fecerat,',defendendam
1597 2983 1930 3052 suscepisse.

275 3068 664 3137 -Quapropter
711 3071 804 3120 aut
841 3082 1000 3122 suum
1045 3066 1264 3122 fratrem
1307 3067 1363 3121 in
1417 3077 1566 3124 sorte
1615 3070 1936 3127 hereditatis

2035 1885 2257 1950 teirent,
2323 1893 2381 1940 et
2427 1902 2457 1939 a
2509 1885 2765 1939 Bohemis
2818 1882 3340 1954 supervenientibus
3379 1881 3646 1952 praevide-

2037 1986 2176 2033 rent.
2239 1978 2478 2050 Cumque
2557 1987 2666 2033 tam
2737 1977 3038 2048 prudenter
3095 1983 3315 2046 tamque
3381 1973 3650 2048 sagaciter

2035 2067 2333 2122 exercitum
2389 2068 2636 2122 duxisset
2681 2083 2744 2121 ac
2793 2065 3122 2131 reduxisset,
3178 2070 3232 2118 et
3269 2063 3334 2118 ad
3390 2062 3647 2116 silvarum

2038 2159 2317 2214 introitum
2366 2167 2522 2214 sexta
2553 2157 2688 2212 feria
2731 2159 2842 2227 jam
2884 2157 3178 2212 stationem
3231 2155 3527 2226 posuisset,
3559 2153 3648 2209 vio-

2037 2250 2198 2324 gilias
2237 2250 2548 2305 crebriores
2595 2247 2736 2312 fieri,
2764 2249 3067 2320 paratiores
3113 2263 3258 2312 esse,
3286 2261 3646 2317 unamquam-

2038 2356 2144 2410 que
2198 2339 2496 2411 legionem,
2557 2338 2602 2392 si
2654 2337 2921 2392 tumultus
3000 2335 3139 2390 forte
3194 2334 3372 2400 fieret,
3430 2334 3485 2388 in
3552 2351 3649 2388 sua

2039 2430 2274 2484 statione
2307 2429 2604 2500 persistere
2632 2427 2912 2500 praecepit.
2941 2426 3144 2481 Eadem
3175 2435 3336 2480 nocte
3361 2425 3647 2480 Bolezlavo

2040 2529 2160 2592 post
2209 2521 2504 2576 matutinas
2535 2519 2879 2574 orationibus
2927 2517 3277 2590 persistente,
3327 2515 3466 2572 forte
3525 2516 3647 2588 qui-

2037 2610 2161 2664 dam
2215 2611 2410 2665 horror
2451 2610 2540 2643 ¹⁶⁰⁰
2583 2608 2920 2680 Luniversam
2977 2607 3275 2661 stationem
3332 2605 3646 2677 occupavit,

2035 2709 2089 2756 et
2115 2702 2408 2757 clamorem
2437 2701 2784 2756 subitaneum
2830 2717 2927 2772 per
2955 2706 3129 2754 totum
3168 2699 3467 2754 exercitum
3498 2698 3648 2753 exci-

2035 2794 2184 2849 tavit.
2245 2794 2379 2848 Tum
2435 2809 2668 2866 quaeque
2740 2792 2830 2826 ¹⁶¹⁰
2883 2791 3166 2863 provincia
3242 2807 3405 2862 quam
3453 2790 3650 2845 choors

2035 2889 2262 2950 armata,
2294 2883 2436 2938 sicut
2479 2883 2836 2938 constitutum
2869 2880 3066 2946 fuerat,
3126 2879 3180 2932 in
3222 2894 3319 2932 sua
3375 2878 3461 2912 ¹⁶¹¹
3529 2884 3648 2932 sta-

2039 2977 2185 3032 tione
2245 2975 2498 3048 perstitit,
2531 2991 2690 3030 suum
2726 2974 2905 3030 locum
2952 2971 3287 3036 defensura;
3329 2970 3478 3024 acies
3518 2986 3648 3024 vero

2037 3065 2256 3120 curialis
2303 3064 2582 3120 curialiter
2647 3064 2736 3098 ¹⁶¹²
2806 3069 3010 3118 armata
3079 3060 3224 3115 circa
3308 3058 3645 3114 Bolezlavnm

323 3168 564 3226 paternae
623 3155 850 3229 pacifice
899 3166 1204 3224 revocaret,
1235 3167 1330 3215 aut
1369 3161 1554 3228 justus
1603 3161 1772 3232 judex
1815 3179 1935 3218 om-
1957 3153 2007 3220 Ο
2029 3160 2216 3224 astitit,
2251 3160 2324 3212 ibi
2352 3160 2560 3215 victura
2590 3159 2674 3213 vel
2724 3157 2930 3212 ibidem
2960 3155 3246 3210 moritura.
3309 3153 3374 3207 At
3406 3152 3644 3206 Bolezla-

322 3250 472 3304 nium
507 3249 652 3304 inter
699 3265 796 3305 eos
839 3250 926 3284 ¹⁶⁰⁵
959 3251 1158 3321 ι)τωίἱο
1211 3253 1504 3324 campestri
1543 3270 1725 3309 veram
1770 3256 1934 3324 justi-

325 3337 452 3391 tiam
485 3337 808 3392 declararet.
840 3338 919 3392 Ad
951 3339 1070 3394 haec
1105 3337 1210 3393 dux
1256 3340 1582 3397 Bohemicus
1613 3345 1928 3414 respondit:

326 3429 563 3482 Fratrem
601 3429 818 3498 quidem
843 3445 1017 3484 meum
1044 3431 1211 3485 libens
1237 3437 1492 3502 recipere,
1534 3436 1584 3487 si
1613 3439 1763 3488 tuum
1792 3452 1932 3490 rece-

319 3518 490 3585 peris,
515 3533 632 3572 sum
657 3523 912 3586 paratus,
939 3519 1031 3573 sed
1057 3535 1176 3574 cum
1202 3536 1260 3575 eo
1289 3537 1517 3589 regnum
1546 3523 1802 3590 dividere,
1824 3527 1934 3580 nisi

321 3609 545 3662 consilio
573 3613 815 3676 cessaris,
843 3625 951 3665 non
993 3626 1113 3665 sum
1141 3627 1324 3666 ausus.
1360 3613 1422 3668 Si
1449 3629 1570 3667 vero
1609 3615 1931 3669 voluntatem

323 3696 400 3750 ret
432 3697 750 3764 facultatem
788 3698 1091 3754 habuissem
1147 3700 1419 3754 vobiscum
1460 3703 1699 3756 cominus
1737 3705 1930 3772 conﬂi-

323 3791 505 3858 gendi,
539 3807 651 3846 non
676 3798 907 3848 vestram
941 3794 1212 3848 licentiam
1249 3801 1627 3864 exspectarem,
1667 3813 1789 3852 cum
1817 3798 1933 3852 lon-

322 3898 447 3949 gam
471 3881 584 3949 “5°”,
610 3883 894 3938 habuerim
917 3887 1079 3954 prius
1097 3886 1371 3940 licentiam
1411 3890 1755 3943 transeundi.

320 3971 410 4025 22.
468 3971 560 4004 ¹⁶⁰⁸
607 3975 681 4026 De
708 3975 1008 4027 vastatione
1037 3977 1192 4028 terrae
1228 3975 1518 4030 Bohemica:
1564 3993 1664 4047 per
1696 3979 1932 4034 Polonos.

391 4065 595 4120 Videas
623 4073 805 4121 autem
833 4067 1172 4135 Bolezlavus,
1205 4069 1336 4141 quia
1368 4071 1478 4125 dux
1525 4071 1855 4127 Bohemicus
1881 4073 1934 4128 in

323 4157 407 4212 his
455 4157 919 4228 responsionibus
957 4176 1094 4231 quas
1151 4161 1436 4216 mandaret
1493 4163 1696 4217 nullam
1729 4174 1933 4220 certam

323 4245 593 4302 rationem
637 4245 744 4300 nisi
777 4247 943 4302 verba
982 4247 1330 4304 solummodo
1363 4251 1510 4304 nuda
1543 4251 1696 4306 daret
1732 4268 1934 4324 crepu-

322 4339 474 4393 sculo
504 4337 636 4405 diei,
665 4347 914 4409 tempore
964 4339 1174 4411 requiei
1217 4349 1454 4396 castrum
1497 4343 1687 4411 movit,
1732 4361 1835 4399 nec
1865 4346 1932 4400 ab

322 4427 468 4481 illius
500 4427 616 4498 ripa
645 4427 888 4483 ﬂuminis
920 4429 988 4483 ad
1021 4429 1162 4484 Lahe
1192 4431 1397 4486 ﬂumen
1447 4432 1842 4490 descendendo
1872 4451 1930 4489 se

322 4517 572 4573 removit.
622 4517 701 4571 lbi
727 4534 859 4574 vero
897 4519 1052 4590 juxta
1083 4520 1227 4575 Labe
1277 4521 1501 4576 ﬂuvium
1554 4522 1700 4576 illum
1735 4523 1933 4579 ﬂuvio-

321 4609 432 4664 lum
465 4609 768 4682 (172)ξείηο
811 4611 1097 4668 obstaculo
1157 4615 1527 4684 pertransivit,
1568 4622 1623 4669 et
1669 4615 1934 4672 festinans

320 4701 393 4754 ibi
444 4700 647 4756 bellum
681 4701 778 4756 ubi
807 4702 1091 4760 dimiserat
1121 4705 1424 4777 requisivit.
1461 4705 1590 4760 Cum
1643 4715 1825 4762 autem
1863 4709 1932 4763 ad

321 4793 685 4848 Bohemorum
716 4794 984 4850 stationes
1023 4796 1359 4867 perveniret,
1402 4814 1506 4852 nec
1531 4798 1680 4854 aliud
1709 4800 1777 4854 de
1802 4800 1933 4871 ipsis

319 4897 481 4952 quam
514 4881 744 4955 vestigia
784 4883 1054 4954 reperiret
1106 4885 1217 4953 '5‘",
1249 4887 1567 4942 convocatis
1621 4889 1933 4944 senioribus

319 4969 611 5025 consilium
641 4969 821 5037 inivit,
865 4971 958 5026 ubi
987 4973 1120 5028 satis
1158 4973 1294 5045 quid
1344 4974 1620 5030 salubrius
1661 4984 1714 5031 et
1755 4977 1926 5032 hone-

316 5060 455 5118 stius
499 5077 620 5116 esse
649 5062 938 5118 videbatur
987 5080 1109 5119 cum
1147 5065 1356 5122 ratione
1386 5065 1662 5123 diffinivit.
1698 5068 1928 5133 Quidam

314 5149 463 5204 enim
495 5149 563 5204 de
589 5149 902 5207 senioribus
927 5152 1182 5208 aiebant:
1220 5155 1413 5208 Tribus
1443 5156 1627 5210 diebus
1655 5159 1790 5211 satis
1808 5162 1928 5225 suf-

313 5241 428 5307 ﬁcit
461 5254 563 5309 per
588 5241 846 5295 uirtutem
869 5241 948 5312 :in
973 5247 1120 5296 terra
1163 5243 1399 5297 hostium
1428 5258 1523 5297 nos
1561 5247 1788 5310 stetisse,
1836 5263 1928 5302 nec

1956 4473 2008 4542 D

2038 3265 2157 3313 vus,
2191 3249 2378 3303 audito
2424 3248 2664 3303 clamore
2704 3246 2916 3318 pepuli,
2945 3244 3126 3299 statim
3153 3244 3423 3312 juvenum
3453 3240 3644 3295 multi-
3720 3301 3732 3312 ο

2036 3341 2223 3396 tudine
2270 3339 2740 3395 circumstantium
2801 3342 3118 3402 coronatus,
3164 3333 3416 3390 ascendit
3473 3332 3526 3386 in
3569 3332 3644 3386 lo~

2034 3453 2154 3490 cum
2200 3435 2483 3490 locuturus
2535 3434 2933 3506 aliquantulum
2993 3433 3264 3495 altiorem,
3308 3427 3499 3500 ibique
3551 3445 3648 3481 sua

2035 3522 2312 3576 locutione
2345 3522 2532 3592 probis
2579 3521 2731 3575 auxit
2759 3519 3067 3584 audaciam,
3122 3517 3332 3572 timidis
3362 3518 3644 3571 horrorem

2034 3613 2239 3668 ademit
2269 3612 2474 3683 pariter
2511 3620 2564 3666 et
2595 3612 2848 3667 timorem
2880 3611 2958 3665 sic
2987 3625 3213 3664 exorsus
3241 3626 3253 3662 :

2033 3701 2120 3754 23.
2178 3702 2267 3734 ¹⁶¹³
2309 3703 2384 3754 De
2439 3701 2674 3756 audacia
2714 3699 2996 3766 Bolezlavy
3049 3703 3098 3752 et
3145 3697 3493 3767 providentia
3535 3697 3644 3748 "3“.

2109 3795 2235 3864 (An.
2274 3792 2454 3862 “10.)
2487 3793 2530 3848 Ο
2563 3793 2821 3861 juventus
2862 3790 2952 3824 ’5“
2980 3790 3169 3845 inclita
3202 3788 3435 3844 moribus
3474 3797 3522 3841 et
3549 3803 3648 3840 nu-

2037 3893 2184 3952 turu,
2218 3901 2421 3938 mecum
2469 3899 2680 3954 semper
2719 3883 2934 3936 erudita
2985 3881 3136 3943 bello,
3191 3895 3390 3934 mecum
3432 3883 3650 3932 assueta

2038 3978 2239 4038 labore,
2274 3977 2448 4031 securi
2475 3977 2750 4036 sustinete,
2781 3974 2994 4042 pariter
3020 3975 3322 4040 exspectate
3364 3971 3473 4023 lceti
3511 3970 3649 4022 diem

2037 4071 2371 4135 hodiernum,
2423 4071 2520 4138 qui
2582 4082 2676 4121 nos
2729 4065 3050 4134 triumphali
3091 4063 3366 4117 coronabit
3431 4063 3642 4115 honore.

2037 4161 2305 4212 Hactenus
2353 4156 2574 4210 Bohemi
2619 4156 2760 4209 sicut
2796 4157 3036 4207 monstra
3079 4153 3293 4205 marina
3332 4151 3416 4204 vel
3479 4149 3646 4202 silm—

2037 4252 2146 4304 tica
2180 4249 2246 4302 de
2283 4247 2536 4315 gregibus
2567 4247 2767 4301 nostris
2805 4243 3023 4313 aliquid
3058 4244 3306 4312 rapuisse
3343 4247 3390 4296 et
3443 4257 3559 4294 cum
3591 4259 3647 4293 eo

2029 4357 2126 4409 per
2163 4341 2329 4395 silvas
2358 4340 2628 4406 aufugisse
2653 4338 2869 4393 Polonis
2909 4334 3247 4390 insultabant
3295 4338 3343 4388 et
3368 4349 3470 4403 pro
3501 4333 3647 4386 mili-

2034 4436 2112 4487 tia
2151 4432 2496 4502 reputabant.
2547 4433 2648 4485 Vos
2673 4445 2798 4484 vero
2815 4428 2935 4498 jam
2959 4428 3047 4482 die
3076 4427 3300 4496 septimo
3331 4431 3528 4480 terram
3559 4442 3644 4476 eo-

2033 4539 2154 4576 rum
2191 4523 2484 4586 circuistis,
2525 4521 2686 4574 uillas
2731 4524 2780 4573 et
2817 4518 3080 4574 suburbia
3117 4517 3503 4579 combussistis,
3556 4531 3645 4568 eo-

2031 4630 2150 4668 rum
2203 4615 2388 4668 ducem
2426 4618 2476 4668 et
2525 4614 2820 4668 exercitum
2863 4613 3243 4678 congregatum
3280 4609 3516 4673 uidistis,
3545 4607 3647 4660 bet-

2031 4707 2148 4760 lum
2177 4707 2446 4776 quasistis
2475 4721 2570 4760 nec
2593 4706 2837 4760 invenire
2870 4703 3146 4772 potuistis.
3199 4700 3408 4770 Quippe
3464 4704 3643 4754 autem

2033 4798 2209 4863 hodie,
2242 4797 2460 4852 Bohemi
2521 4799 2572 4851 si
2617 4797 2804 4850 bellum
2862 4809 2972 4849 non
3014 4794 3392 4858 commiserint,
3449 4796 3543 4846 aut
3599 4793 3649 4846 si

2031 4889 2410 4954 commiserint,
2441 4888 2598 4942 hodie
2626 4887 2718 4922 ¹⁶¹⁶
2743 4890 2847 4942 Deo
2869 4886 3098 4956 juvante
3127 4885 3311 4940 Poloni
3347 4898 3473 4938 suas
3502 4883 3647 4954 inju-

2030 4985 2145 5036 rias
2175 4982 2548 5037 vindicabunt.
2581 4985 2647 5037 Et
2675 4998 2796 5036 cum
2825 4981 3074 5051 prcelium
3098 4980 3359 5045 inieritis,
3389 4995 3643 5034 memores

2028 5073 2186 5124 estote
2222 5069 2554 5139 prxdai‘um,
2586 5073 2940 5140 captivorum,
2969 5068 3362 5134 incendiorum,
3394 5083 3645 5122 memores

2027 5167 2187 5216 estote
2246 5164 2554 5233 puellarum
2626 5169 2932 5234 raptarum,
2989 5178 3222 5218 umorum
3275 5165 3324 5215 et
3380 5165 3648 5216 matrona-

2027 5267 2167 5317 rum,
2208 5267 2460 5306 memores
2489 5255 2650 5306 estote
2703 5253 2950 5322 quotiens
2999 5267 3092 5306 vos
3133 5249 3222 5285 ¹⁶¹⁷
3257 5252 3642 5316 irritaverant,

1661 5340 1878 5396 VARIAZ
1931 5344 2306 5403 LECTIONES.

386 5431 658 5487 ¹1⁸0³111110
687 5434 743 5486 2.
805 5435 896 5468 ¹⁶⁰³
951 5438 1219 5494 mcientes
1255 5437 1508 5493 emhibent
1530 5439 1582 5491 1.
1621 5439 1674 5492 2.
1747 5439 1835 5474 ⁸⁵0⁸
1861 5444 1941 5497 ita
1968 5448 2183 5499 correxi
2221 5443 2278 5498 P.
2313 5446 2578 5502 interesse
2609 5447 2726 5502 cod.

386 5509 458 5557 est
497 5503 548 5556 1.
602 5503 636 5558 2
773 5505 861 5538 ¹⁶⁰⁷
888 5509 1151 5566 rencrivit
1210 5511 1258 5563 1.
1288 5510 1340 5562 2.
1436 5508 1525 5541 ¹⁶⁰⁸
1557 5509 1895 5566 minoramus
1932 5514 1984 5566 1.
2080 5517 2170 5550 ¹⁶⁰⁰
2201 5516 2253 5566 in
2285 5518 2500 5566 addunt
2525 5521 2577 5566 1.
2615 5519 2668 5566 2.

1557 5525 1895 5566 mmoramus
1932 5525 1984 5568 1.

313 5503 458 5578 deest
497 5503 647 5578 i.__2_
773 5505 861 5578 {507
888 5509 1151 5578 reperivit
1210 5511 1258 5563 1.
1288 5510 1340 5562 2.

317 5575 365 5627 1.
395 5576 447 5628 2.
558 5574 650 5608 ¹⁶¹²
683 5575 920 5630 curiales
951 5574 999 5634 1.
1032 5581 1085 5633 2.
1183 5580 1274 5614 ¹⁶¹³
1296 5579 1479 5635 XXIII.
1511 5580 1660 5635 deest
1688 5582 1735 5634 1.
1768 5583 1820 5637 2.

314 5646 361 5699 1.
397 5644 450 5699 2.
551 5645 830 5700 “mhodie
855 5653 1040 5717 repetit
1060 5650 1111 5704 2.
1203 5649 1291 5684 ¹⁶¹⁷
1322 5653 1463 5706 deest
1499 5649 1553 5704 2.

387 5785 535 5857 r172)
567 5787 872 5858 Cydlinam.
907 5790 967 5844 Κ.

1917 5585 2005 5619 ¹⁶¹⁵
2036 5587 2337 5656 prudeneia
2373 5590 2428 5643 2.

2800 5447 2890 5519 ius
2923 5446 3086 5519 longa
3125 5447 3182 5519 1.,
3211 5446 3270 5519 2Δ
3351 5443 3636 5519 tufxxn.

2080 5517 2170 5588 “5°?
2201 5516 2254 5570 in
2285 5518 2500 5574 addunt
2525 5521 2577 5572 1.
2615 5519 2669 5573 2.
2775 5516 2862 5552 ¹⁸¹⁰
2883 5512 3105 5588 (ιυοίὶῖιθ
3165 5517 3214 5570 ίο
3240 5517 3335 5588 21-
3401 5516 3486 5549 to“
3522 5512 3641 5588 ﬁsa.

2518 5589 2607 5624 ¹⁶¹⁵
2632 5583 2917 5657 juventus'
2934 5583 3151 5643 addidit
3182 5587 3267 5642 ed.
3298 5586 3455 5640 Vars.
3499 5583 3642 5636 deest

1865 5724 2073 5784 NOT/E.
