4006 6198
433 349 534 402 927

1691 316 2037 407 canonum;
2076 347 2496 403 POLONORUM.

3659 357 3776 414 928

427 490 678 534 memores
708 483 868 534 estote
893 484 1134 550 quotiens
1169 485 1276 552 ipsi
1307 483 1577 550 fugientes
1607 497 1696 535 eos
1724 482 2058 548 insequentes
2083 479 2136 547 Α
2159 476 2318 544 ﬁnis!
2376 476 2486 531 lloc
2527 477 2694 542 dicto,
2729 479 2909 532 statim
2951 479 3230 534 venabulo
3277 482 3518 552 primum
3564 485 3624 539 in
3655 488 3776 542 acie

428 570 826 638 fatigaverunt.
889 577 1035 641 Ergo
1088 578 1345 628 sustinete
1392 576 1678 638 modicum,
1737 575 1938 640 fratres
2007 559 2058 624 et

433 661 626 714 milites
655 664 898 727 gloriosi,
925 667 1086 717 estote
1127 665 1292 729 fortes
1312 666 1365 715 in
1393 665 1546 724 bello,
1572 663 1794 731 juvenes
1824 663 1930 715 mei
1957 661 2052 714 ιω-

431 754 679 806 tabundi.
740 756 1012 808 Hodierna
1044 757 1157 808 dies
1207 757 1350 808 vobis
1407 757 1638 821 conferet
1666 756 1808 824 quod
1850 770 2050 823 semper

433 849 689 914 optastis,
732 848 994 901 hodierna
1044 851 1152 903 dits
1187 850 1416 902 dolorrm
1465 849 1660 901 delebit
1697 864 1850 917 quem
1898 851 2047 900 tanto

434 942 663 1006 tempore
705 944 1074 1008 compar-tristis
1143 943 1262 993 Jam
1311 957 1511 992 aurora
1550 946 1732 1010 paret,
1775 943 1879 993 cito
1935 940 2049 992 dies

433 1026 530 1078 illa
584 1027 820 1092 gloriosa
849 1029 1130 1082 erantet/it
1164 1029 1272 1087 ‘5'“.
1321 1047 1438 1097 qua:
1466 1031 1808 1083 traditionem
1837 1034 1885 1083 et
1924 1031 2050 1097 inﬁ-

434 1119 707 1174 delitatem
733 1123 1080 1176 Bohemorum
1111 1124 1389 1188 reuelabit,
1431 1129 1478 1177 et
1501 1126 1970 1192 praisumptionem
2000 1129 2048 1176 et

433 1213 738 1279 superbiam
777 1229 957 1266 eorum
988 1216 1338 1280 eoneulcabit,
1369 1223 1416 1268 et
1456 1233 1573 1284 quae
1606 1221 1824 1270 nostras
1859 1221 1907 1270 et
1947 1233 2047 1284 pa-

432 1303 637 1352 rentum
667 1301 910 1367 injurias
939 1304 1273 1366 vindicabit;
1334 1305 1447 1357 dies
1475 1307 1723 1374 inquam,
1774 1305 1886 1358 dies
1927 1305 2044 1365 illa,

433 1389 544 1442 Ilies
572 1404 776 1458 semper
843 1394 898 1445 in
952 1393 1174 1446 Polouia
1227 1395 1525 1459 reeolenrla,
1583 1396 1696 1448 dies
1746 1396 1864 1458 illa,
1935 1396 2048 1448 dies

432 1491 627 1542 magna
657 1484 705 1530 et
754 1496 948 1533 arnara
989 1498 1196 1550 semper
1239 1485 1475 1536 Bohemis
1505 1488 1553 1536 et
1596 1485 1884 1549 horrenda,
1935 1485 2049 1538 dies

433 1565 550 1627 illa,
603 1567 714 1618 dies
767 1569 980 1621 Polonis
1041 1571 1296 1636 gloriosa,
1347 1572 1460 1624 dies
1495 1573 1610 1630 illa,
1665 1573 1775 1625 dies
1808 1573 2048 1626 Bohemis

435 1662 658 1726 mliosa;
701 1664 816 1717 dies
873 1667 1096 1733 inquam
1136 1669 1372 1720 omnium
1423 1668 1669 1735 tripudio
1718 1667 2048 1731 la'tabunila,

2159 567 2228 622 de
2267 568 2542 624 dextrario
2590 568 2926 640 suppinavit,
2958 577 3014 624 et
3067 586 3190 625 cum
3238 587 3304 627 eo
3357 573 3522 630 simul
3586 576 3775 634 Dirsck

2156 665 2419 736 pincerna
2493 672 2681 736 potum
2758 667 2916 722 alteri
2995 668 3335 724 mortiferum
3431 673 3769 744 propinavit.

2150 756 2283 810 Tum
2327 757 2416 791 ¹⁶²⁷
2469 773 2600 812 vero
2629 758 2893 824 juventus
2924 759 3186 814 Polonica
3219 764 3471 818 certatim
3518 765 3773 838 irruunt,

2151 848 2360 903 lanceis
2389 849 2541 920 prius
2571 849 2775 904 bellum
2810 850 3078 918 inferunt,
3107 852 3314 924 quibus
3343 855 3583 926 expletis
3610 874 3775 915 enses

2151 949 2400 1006 exerunt,
2433 941 2597 1012 clipei
2639 958 2845 1012 paucos
2891 943 2962 997 de
3019 944 3275 1000 Bohemis
3305 947 3641 1004 accedentes
3695 950 3772 1004 ibi

2149 1031 2393 1102 clepunt,
2427 1031 2612 1088 loricte
2644 1036 2866 1106 pondus
2895 1051 3003 1090 non
3033 1037 3344 1092 subsidium
3373 1039 3480 1094 illis
3508 1041 3774 1105 reddunt,

2147 1123 2318 1195 galeae
2376 1123 2642 1178 honorem
2703 1126 2776 1180 ibi
2834 1126 3109 1196 capitibus
3142 1144 3254 1184 non
3302 1129 3537 1185 salutem
3577 1133 3770 1204 acqui-

2153 1221 2294 1269 runt.
2347 1215 2422 1270 lbi
2466 1215 2610 1270 ferro
2669 1216 2872 1272 ferrum
2941 1219 3176 1287 acuitur,
3231 1221 3309 1275 ibi
3363 1222 3526 1278 miles
3593 1224 3775 1278 audax

2151 1304 2522 1375 cognoscitur,
2609 1305 2685 1359 ibi
2761 1307 2935 1362 virtus
3003 1309 3203 1364 virtute
3281 1310 3538 1366 vincitur.
3637 1311 3774 1368 Cor-

2152 1411 2301 1464 pora.

2223 1486 2631 1554 Stratajacent,
2679 1489 2884 1544 sudore
2925 1491 3108 1546 vultus
3149 1500 3205 1546 et
3255 1501 3487 1562 pectora
3523 1495 3774 1559 madent,

2156 1575 2410 1648 sanguini
2471 1577 2570 1630 rivi
2623 1585 2867 1644 manant,
2933 1580 3169 1647 juvenes
3236 1582 3429 1638 Poloni
3488 1585 3774 1641 clamant:

2153 1664 2241 1717 Sic
2271 1670 2344 1717 est
2395 1667 2567 1720 virtus
2599 1669 2956 1736 approbando
2984 1673 3142 1737 viris,
3192 1673 3268 1726 sic
3304 1674 3462 1741 fama
3495 1675 3776 1744 quadam,

433 1769 540 1818 ιμιιι
585 1754 790 1819 frontes
843 1755 1190 1808 Bohemorum
1231 1757 1386 1809 humo
1425 1763 1574 1810 tenus
1611 1757 1698 1790 ¹⁶¹⁹
1745 1758 2050 1820 inclinabit,
2081 1783 2130 1850 Β
2155 1771 2257 1808 non
2275 1759 2519 1826 praedam
2535 1761 2732 1826 furtim
2758 1763 3024 1830 rapiendo
3039 1765 3342 1834 silvamque
3365 1767 3598 1835 petendo
3624 1772 3775 1838 rapi-

439 1851 498 1900 in
539 1848 629 1880 “33°
660 1865 768 1916 qua
825 1853 958 1902 Deus
988 1854 1320 1919 omnipotens
1376 1868 1540 1905 cornu
1591 1853 1914 1906 humilitatis
1943 1869 2046 1904 no-

439 1942 566 1988 strvr
590 1937 816 1990 dextera
843 1955 952 1991 sum
985 1940 1066 1972 ¹⁶²¹
1093 1942 1490 2004 magnitudinis
1519 1943 1796 1994 erattubit.
1827 1941 1932 1996 llac
1961 1943 2050 1975 ¹⁶³²

441 2025 688 2079 oratione
739 2029 1030 2099 completa,
1091 2031 1253 2084 missa
1313 2033 1590 2103 generalis
1655 2048 1752 2102 per
1829 2049 2046 2088 omnem

443 2121 735 2175 stationem
769 2121 1099 2187 celebratur,
1151 2139 1329 2178 sermo
1367 2124 1584 2178 divinus
1617 2126 1729 2178 suis
1761 2127 2048 2196 parochia-

445 2207 529 2260 nis
558 2208 627 2260 ab
659 2209 935 2280 episc0pis
978 2213 1323 2280 praedicatur,
1368 2214 1606 2284 pepulus
1644 2217 1938 2270 universus
1969 2233 2050 2270 sa-

442 2305 725 2352 crosancta
756 2301 1148 2355 communione
1178 2301 1534 2357 confirmatur
1563 2306 1695 2374 (Oet.
1737 2305 1811 2374 8).
1843 2306 2048 2370 Quibus

446 2384 549 2438 rite
582 2389 838 2456 peractis,
885 2406 1006 2444 cum
1039 2392 1307 2447 ordinatis
1339 2395 1650 2467 agminibus
1706 2413 1855 2450 more
1887 2399 2048 2453 solito

444 2475 512 2530 de
546 2479 878 2536 stationibus
933 2483 1208 2549 exierunt,
1248 2496 1302 2542 et
1344 2487 1424 2540 sic
1471 2489 1728 2558 paulatim
1783 2491 1850 2543 ad
1885 2491 2050 2546 silva-

446 2585 563 2623 rum
616 2571 891 2628 introitum
943 2586 1332 2646 pervenerunt.
1395 2579 1523 2633 Cum
1554 2590 1736 2634 autem
1787 2582 1854 2635 ad
1886 2582 2051 2637 silvas

445 2672 594 2717 tanta
638 2665 928 2722 multitudo
982 2672 1343 2740 pervenisset,
1393 2689 1571 2744 neque
1652 2674 1753 2728 loci
1800 2675 2046 2730 notitiam

447 2766 626 2822 neque
671 2755 770 2810 via:
817 2758 1105 2832 vestigium
1150 2760 1454 2828 habuisset,
1515 2765 1895 2834 unusquisque
1941 2765 2048 2820 sibi

445 2845 583 2898 viam
635 2864 734 2918 per
761 2849 921 2904 devia
951 2851 1205 2919 faciebat,
1263 2865 1330 2910 et
1357 2856 1436 2911 sic
1479 2857 1637 2930 signa
1668 2859 1752 2912 vel
1793 2861 2047 2916 ordinem

445 2934 817 3006 retinerejam
857 2941 946 2973 ¹⁶²³
975 2943 1290 3014 nequichat.
1353 2945 1666 3001 Obstrusam
1715 2949 1862 3003 enim
1905 2950 2048 3004 viam

445 3039 552 3092 qua
593 3035 860 3080 venerant
896 3037 950 3083 et
976 3046 1171 3086 omnes
1194 3033 1326 3087 alias
1357 3035 1679 3101 audiebant,
1710 3046 1766 3092 et
1799 3038 1923 3095 ideo
1952 3058 2050 3112 per

443 3111 582 3166 viam
603 3114 790 3181 aliam,
824 3132 935 3172 non
966 3136 1220 3190 capacem
1245 3130 1410 3178 tanta:
1441 3125 1831 3192 multitudinis,
1864 3111 2049 3185 redie-

443 3205 590 3259 bant.
635 3206 746 3261 Dux
791 3225 922 3266 vero
982 3212 1296 3269 Bolezlavus
1353 3224 1496 3272 retro
1535 3219 1606 3272 de
1659 3219 1828 3275 latere
1855 3223 2046 3278 dextro

442 3307 565 3346 cum
598 3296 714 3350 acie
757 3299 948 3354 curiali
991 3303 1346 3366 subsistebat.
1389 3313 1670 3380 totumque
1694 3327 1851 3366 suum
1892 3329 2046 3368 exer-

445 3381 610 3435 citum
655 3383 798 3439 sicut
847 3399 1033 3457 pastor
1085 3394 1344 3466 egregius
1404 3397 1791 3465 praeminebat.
1855 3401 2046 3455 Comes

445 3486 669 3542 quoque
696 3473 1064 3534 Scarbimirus
1093 3499 1157 3536 ex
1206 3484 1379 3540 altero
1425 3486 1596 3542 latere
1637 3489 1690 3543 in
1723 3491 1858 3546 silva
1898 3495 2049 3549 tenui

447 3560 732 3618 llolezlavo
774 3564 1039 3636 latitabat,
1095 3572 1286 3644 ibique
1345 3577 1638 3648 Bohemos,
1691 3581 1733 3635 si
1797 3582 1933 3638 forte
1963 3599 2050 3640 se-

445 3665 768 3728 querentur,
848 3662 904 3716 in
975 3664 1191 3719 insidiis
1247 3669 1620 3738 exspectabat.
1705 3671 2053 3728 Gneznensis

443 3743 590 3798 enim
636 3747 782 3803 acies
822 3760 1048 3820 patrono
1080 3753 1320 3810 Poloniae
1347 3757 1620 3823 dedicata,
1652 3777 1775 3816 cum
1821 3761 2054 3833 quibus-

443 3835 566 3890 dam
595 3839 850 3909 palatinis
875 3843 1108 3916 aliisque
1135 3847 1406 3903 militibus
1435 3850 1697 3906 animosis
1731 3853 1786 3906 in
1824 3854 2051 3924 planitie

442 3931 679 4000 quadam
711 3950 876 4004 parva
906 3937 1190 3993 dominum
1215 3941 1607 3998 subsistentem
1643 3946 1732 3979 ¹⁶²⁴
1757 3954 2050 4017 exspecta-

440 4020 550 4087 bat,
575 4039 700 4094 quze
725 4025 982 4096 planities
1013 4030 1178 4085 silvas
1209 4033 1446 4100 majores
1467 4050 1496 4088 a
1527 4035 1728 4091 minori
1746 4037 1882 4092 silva
1909 4054 2053 4109 prm-

439 4123 621 4171 stante
669 4119 969 4178 dividebat.
1027 4123 1270 4198 Cumque
1340 4128 1656 4184 Bolezlavus
1708 4147 1772 4185 ex
1827 4133 2053 4206 obliquo

439 4223 598 4262 suum
649 4214 951 4270 exercitum
1011 4233 1111 4286 per
1163 4218 1353 4273 silvam
1409 4229 1635 4276 tenuem
1701 4234 2050 4294 sequeretur,

439 4295 636 4353 videns
665 4317 796 4356 suos
821 4310 874 4357 et
915 4320 946 4358 a
976 4305 1091 4360 suis
1143 4305 1312 4375 visus,
1358 4309 1544 4364 hostes
1597 4313 1868 4382 reputavit
1897 4329 2046 4373 suos.

441 4402 472 4440 a
505 4387 620 4442 suis
657 4389 820 4445 etiam
849 4392 1022 4448 hostis
1051 4393 1307 4451 similiter
1331 4397 1654 4464 aestimatus,
1687 4401 1786 4454 sed
1825 4402 2054 4474 propius

2152 1849 2341 1902 (torum
2371 1865 2511 1902 more
2541 1851 2812 1922 luporum.
2857 1854 2936 1908 lbi
2977 1854 3195 1930 fulgens
3225 1857 3580 1914 loricatorum
3630 1861 3777 1915 acies

2155 1937 2518 1993 Bohemorum
2577 1947 2630 1994 et
2682 1941 3168 2008 Theutonicorum,
3213 1962 3336 2018 quae
3409 1947 3588 2017 prima
3649 1949 3772 2014 fuit,

2153 2029 2325 2098 prima
2351 2033 2577 2094 corruit.
2611 2041 2834 2106 gravata
2877 2036 3146 2106 pondere,
3178 2053 3289 2093 non
3327 2038 3539 2108 adjuta.
3572 2041 3770 2096 Adhuc

2152 2123 2331 2172 tamen
2361 2117 2470 2173 dux
2523 2121 2885 2177 Bohemorum
2928 2124 3048 2180 vice
3099 2126 3365 2192 secunda,
3419 2128 3602 2194 tertia,
3654 2132 3769 2198 jam

2153 2208 2283 2263 tlore
2321 2209 2532 2265 militiai
2566 2219 2833 2282 prostrata
2867 2213 3108 2282 jacente,
3142 2232 3302 2270 suum
3333 2217 3642 2288 dampnum
3675 2235 3773 2273 ca-

2152 2307 2329 2354 tervas
2374 2306 2696 2373 retorquens
2758 2303 3043 2359 vindicare
3087 2303 3392 2372 nitebatur,
3436 2321 3774 2378 semperque

2150 2405 2372 2444 suorum
2411 2393 2704 2466 congeries
2749 2395 3124 2450 corruentium
3166 2395 3496 2471 augebatur.
3551 2397 3775 2452 Scarbi-

2153 2482 2323 2537 mirus
2352 2499 2573 2556 quoque
2626 2501 2750 2540 cum
2783 2486 2901 2541 acie
2961 2487 3228 2558 palatina,
3268 2489 3404 2544 silva
3457 2489 3774 2559 dividente,

2151 2590 2274 2628 cum
2321 2575 2445 2630 aliis
2511 2577 2878 2633 Bohemorum
2933 2579 3252 2653 agminibus
3311 2581 3641 2650 dimicabat,
3701 2585 3776 2638 ita

2151 2664 2300 2734 quod
2343 2665 2660 2720 Bolezlavus
2700 2667 2770 2722 de
2809 2667 3147 2725 Scarbimiro
3177 2670 3264 2724 vel
3307 2670 3683 2727 Scarbimirus
3709 2675 3777 2728 de

2153 2752 2438 2810 Bolezlavo
2470 2755 2690 2825 penitus
2739 2755 2836 2811 ubi
2862 2763 3030 2812 staret
3057 2759 3143 2814 vel
3187 2759 3232 2814 si
3266 2760 3526 2830 prmlium
3584 2771 3778 2836 ageret

2153 2841 2460 2914 ignorabat.
2496 2845 2622 2912 (An.
2657 2844 2840 2916 me.)
2876 2846 2948 2900 Ex
2992 2855 3114 2902 utra
3143 2856 3298 2920 parte
3329 2850 3469 2905 Mars
3523 2866 3662 2906 suas
3689 2853 3773 2907 vi-

2151 2950 2238 2988 res
2294 2943 2536 3001 exercet,
2579 2936 2798 2991 fortuna
2829 2937 2988 3002 ludit,
3038 2947 3157 2996 rota
3208 2941 3576 2998 Bohemorum
3626 2961 3778 3000 ever-

2149 3030 2318 3090 satur,
2351 3040 2382 3078 a
2411 3023 2594 3080 Parcis
2644 3025 2736 3079 ﬁla
2777 3026 3142 3083 Bohemorum
3176 3037 3435 3085 secantur
3490 3033 3604 3100 ¹⁶²⁸,
3645 3033 3776 3092 Cer-

2149 3112 2316 3168 herus
2349 3129 2444 3170 ora
2474 3118 2720 3172 vorantia
2771 3117 2934 3184 laxat,
2984 3121 3215 3190 portitor
3269 3123 3568 3180 Acheronti
3617 3127 3776 3182 navi-

2147 3205 2329 3279 gando
2367 3205 2599 3273 laborat,
2693 3209 3019 3281 Proserpina
3096 3213 3257 3279 ridet,
3329 3213 3508 3270 Furiae
3561 3217 3771 3288 viperi-

2149 3313 2246 3351 nas
2304 3297 2394 3331 ¹⁶²⁹
2446 3297 2553 3354 illis
2591 3307 2771 3356 vestes
2819 3301 3121 3372 explicant,
3185 3303 3521 3360 Eumenides
3575 3307 3776 3364 balnea

2152 3387 2394 3443 sulfurea
2422 3399 2636 3460 parant,
2691 3391 2846 3447 Pluto
2891 3393 3050 3460 jubet
3089 3393 3341 3467 Cic10pes
3369 3395 3570 3468 dignas
3617 3398 3780 3454 fabri-

2153 3497 2277 3536 care
2308 3497 2542 3537 coronas
2570 3483 2838 3539 militibus
2866 3486 3071 3541 merito
3115 3489 3470 3556 venerandis,
3515 3490 3782 3546 dentibus

2152 3573 2414 3647 anguinis
2466 3573 2669 3644 linguis
2701 3591 2804 3630 nec
2851 3591 2960 3630 nor.
3011 3577 3352 3633 draconinis.
3405 3579 3546 3644 Quid
3588 3581 3780 3637 multis

2154 3666 2475 3719 moramur?
2517 3665 2776 3722 Videntes
2815 3668 3041 3724 Bohemi
3095 3685 3250 3724 suam
3303 3687 3530 3726 causam
3588 3673 3778 3728 divino

2148 3756 2362 3824 judicio
2403 3773 2515 3813 non
2553 3759 2792 3829 placere,
2847 3769 2902 3814 et
2954 3761 3290 3818 Polonorum
3329 3764 3622 3819 audaciam
3653 3781 3776 3820 cum

2148 3845 2362 3914 justitia
2402 3847 2724 3917 praevalere,
2756 3863 2980 3904 suorum
3013 3849 3089 3904 ibi
3140 3850 3434 3908 meliorum
3485 3855 3604 3909 acie
3638 3871 3774 3926 pro-

2154 3941 2322 3990 strata
2351 3935 2695 4002 catervatim,
2750 3936 2914 3992 divisi
2965 3938 3148 4013 fugam
3207 3940 3498 4010 arripiunt,
3533 3959 3640 4000 nec
3683 3960 3778 4000 eos

2155 4027 2347 4101 fugere
2389 4026 2580 4082 Poloni
2641 4029 2822 4084 statim
2878 4031 3198 4101 percipiunt
3251 4032 3370 4094 “3°.
3429 4034 3528 4088 sed
3585 4033 3771 4110 fugam

2154 4116 2414 4171 simulare
2445 4117 2700 4173 credunt.
2729 4117 3004 4174 Convallis
3027 4119 3175 4174 enim
3223 4121 3405 4176 media
3431 4123 3690 4194 quaedam
3717 4133 3774 4180 et

2154 4205 2294 4260 silva
2351 4205 2624 4261 Bohemos
2668 4206 2981 4275 adjuvabat,
3026 4225 3150 4280 quae
3207 4210 3389 4284 fugam
3431 4227 3628 4271 eorum
3687 4217 3771 4272 vel

2153 4299 2383 4354 insidias
2410 4299 2737 4354 occultabat.
2763 4299 2891 4355 Ideo
2932 4300 3042 4356 dux
3083 4302 3412 4359 Polonorum
3451 4305 3776 4363 Bolezlavus

2154 4387 2358 4443 milites
2403 4388 2744 4458 impetuosos
2785 4397 3222 4462 praesumptuose
3271 4395 3533 4466 persequi
3575 4397 3776 4467 prohi-

443 4479 677 4536 invicem
713 4485 1044 4541 accedentes
1086 4496 1140 4542 et
1179 4503 1329 4542 arma
1378 4489 1636 4546 subtilius
1675 4471 2130 4565 contemplan-D
2160 4479 2350 4542 belli“:
2394 4477 2523 4550 quia
2552 4478 2825 4534 cautelam
2865 4479 3234 4536 B°h°m°rum
3275 4490 3332 4536 ει
3360 4483 3593 4538 inﬁdi“
3618 4485 3782 4540 dubi‘

442 4579 545 4639 tes,
607 4575 765 4648 signa
819 4577 1080 4634 Poloniea
1116 4590 1516 4655 cognoverunt,
1560 4591 1616 4638 et
1675 4584 1756 4640 sic
1813 4603 1844 4641 a
1897 4603 2054 4658 paene

440 4671 621 4734 empto
635 4664 850 4720 scelere
875 4667 1184 4723 desierunt.
1215 4670 1436 4725 lnterirn
1486 4671 1712 4728 Bohemi
1740 4674 1898 4746 quasi
1940 4675 2050 4744 jam

440 4753 572 4808 certi
603 4755 671 4810 dc
701 4755 952 4825 victoria,
985 4775 1094 4815 non
1125 4761 1365 4816 ordinati
1405 4771 1466 4817 ut
1505 4764 1594 4798 ¹⁶²⁵
1645 4765 1798 4836 prius
1836 4765 2056 4822 cather—

441 4842 630 4911 vatim,
691 4846 789 4900 sed
844 4863 988 4902 unus
1041 4855 1166 4903 ante
1227 4850 1420 4918 alium,
1471 4853 1864 4923 prapcrabant,
1921 4855 2051 4927 quia

442 4929 678 4989 Polonos
709 4934 766 4989 in
800 4935 937 4991 silva
968 4937 1082 5006 jam
1121 4947 1398 5010 receptos,
1438 4941 1507 4996 ad
1547 4943 1802 5012 prcehum
1839 4943 2050 5000 irrevo-

443 5024 670 5093 cabiles,
720 5027 1084 5094 inordinatos,
1151 5031 1430 5088 latitantes
1485 5035 1598 5101 “5’6,
1653 5034 1959 5106 dispersos,
1989 5053 2049 5092 se

442 5130 636 5184 capere
662 5118 804 5173 sicut
847 5119 1063 5192 lepores
1103 5121 1451 5192 reputabant.
1499 5123 1564 5177 At
1616 5122 1851 5198 belliger
1894 5125 2051 5180 Bole-

443 5203 663 5272 zlavus,
739 5207 874 5264 visis
921 5210 1178 5266 hostibus
1240 5212 1353 5282 jam
1409 5211 1646 5280 vicinis,
1689 5215 2046 5270 exclamavit:

441 5294 685 5366 Iuvenes,
715 5301 953 5367 feriendi
978 5313 1222 5359 nostrum
1259 5308 1333 5360 sit
1371 5308 1606 5372 initium,
1639 5312 1817 5362 noster
1843 5323 2050 5378 quoque

2155 4571 2329 4628 tabat.
2363 4570 2653 4642 Comperta
2679 4569 2902 4624 tandem
2943 4570 3135 4627 Poloni
3164 4589 3294 4628 vera
3333 4573 3460 4648 fuga
3509 4576 3779 4634 Bohemo-

2155 4678 2298 4727 rum,
2357 4661 2720 4732 insequentes
2758 4660 2968 4727 statim,
3022 4662 3207 4718 laxant
3253 4680 3482 4720 suorum
3533 4666 3778 4722 habenas

2156 4768 2445 4826 equorum.
2487 4751 2626 4826 Ergo
2665 4751 2822 4823 potiti
2872 4751 3066 4809 Poloni
3130 4755 3359 4810 victoria
3426 4756 3772 4830 triumphali,

2153 4847 2421 4905 redeundi
2475 4845 2755 4901 Poloniam
2817 4847 2920 4902 iter
2979 4846 3261 4919 inceptum
3320 4847 3605 4919 ditl'erunt,
3648 4869 3777 4908 suos

2149 4937 2426 4994 sauciatos
2475 4935 2531 4989 in
2573 4935 2832 4990 Bohemia
2872 4937 3172 4992 redeuntes
3201 4953 3391 4993 secum
3427 4938 3637 5010 ferunt,
3687 4958 3776 4996 se-

2150 5035 2298 5099 ptem
2347 5027 2521 5081 tribus
2562 5027 2646 5061 ί⁶³¹
2679 5027 2912 5096 adjectis
2944 5026 3231 5084 denarium
3265 5029 3634 5101 profectionis
3684 5034 3773 5068 ¹⁶³¹

2151 5137 2440 5178 numerum
2489 5121 2874 5191 impleverunt.
2918 5123 2996 5177 Ad
3031 5123 3136 5179 hoc
3179 5125 3329 5180 enim
3376 5126 3771 5184 detrimentum

2149 5225 2204 5272 et
2251 5217 2497 5272 dedecus
2563 5215 2760 5272 bellica
2829 5234 2966 5293 gens
3019 5219 3389 5276 Bohemorum
3449 5223 3768 5280 traditarum

2151 5307 2485 5364 factionibus
2511 5313 2594 5362 est
2620 5307 2860 5370 redacta,
2913 5308 3062 5378 quod
3115 5324 3277 5379 paene
3318 5309 3592 5366 militibus
3647 5326 3768 5382 pm.

1780 5441 2000 5496 VARLE
2041 5441 2425 5500 LECTIONES.

517 5540 605 5576 ¹⁶¹⁸
630 5540 880 5598 exarebit
914 5549 957 5596 t.
997 5545 1052 5600 2.

445 5611 526 5666 nit
554 5611 606 5669 2.
715 5611 807 5647 ¹⁶²³
844 5618 950 5664 tam
981 5615 1038 5670 2.

444 5680 532 5717 ¹⁶²⁰
561 5682 861 5756 cuperinas
885 5680 939 5736 2.

1138 5616 1226 5649 ¹⁶²⁶
1255 5616 1670 5674 ευιῡδὶςιεηιρηί
1685 5621 1738 5675 2.

1031 5684 1123 5719 ¹⁶³⁰
1151 5688 1460 5756 prccipiunt
1487 5691 1541 5744 2.

1143 5546 1231 5580 ¹⁶¹⁹
1258 5548 1424 5602 humo
1456 5550 1630 5604 remis
1656 5565 1754 5619 pro
1789 5550 2122 5604 humotenus
2147 5566 2361 5606 erronee
2390 5550 2514 5605 1.2.

1143 5616 1226 5649 ¹⁶²⁶
1255 5617 1652 5674 subsistantem
1685 5621 1738 5675 2.
1841 5621 1932 5655 ¹⁶²⁶
1958 5621 2102 5676 deest
2132 5622 2290 5676 codd.
2378 5621 2470 5656 ¹⁶²⁶
2491 5639 2514 5675 o

1997 5636 2102 5676 eest
2132 5636 2269 5676 οοαα
2278 5662 2290 5676 .

1635 5693 1722 5726 1531
1754 5691 2132 5762 superioribus
2154 5693 2202 5748 1.
2236 5693 2290 5747 2.

2715 5549 2948 5623 deest?
3123 5549 3306 5623 suas,
3369 5551 3461 5586 ιω
3482 5553 3522 5604 Α
3550 5558 3772 5623 antepo-

2378 5621 2470 5656 ¹⁶²⁶
2491 5622 2634 5676 deest
2659 5621 2714 5677 2.
2796 5620 2884 5655 ¹⁶²⁷
2915 5619 3046 5675 Cum
3075 5621 3130 5676 2.
3222 5622 3312 5656 ³⁸³⁸
3340 5630 3608 5678 occantur
3639 5619 3696 5676 l.‘
3708 5623 3757 5676 2.

2393 5691 2482 5726 ¹⁶³²
2521 5691 2883 5764 perfectionis
2909 5693 2960 5748 1.
2986 5691 3040 5746 2.
