4006 6198
292 310 399 365 929
1698 298 1891 356 LIBER
1930 292 2231 354 TERTIUS.
3513 310 3619 368 930

291 443 381 497 bis
418 449 471 497 et
500 440 870 497 nobilioribus
914 440 1026 505 ιω,
1084 436 1413 494 Polonorum
1446 436 1764 491 conculcata
1794 432 1897 488 sub
1928 432 2349 505 Aintroductis,
2411 433 2752 504 ignoscendo
2811 452 2969 491 suum
3014 438 3259 498 animum
3320 445 3607 519 mitigavit,

287 535 547 606 pedibus,
573 541 656 589 est
684 540 892 588 exacta.
924 533 1004 587 lbi
1034 548 1256 604 quoque
1297 546 1421 585 cum
1472 528 1731 584 Bohemis
1774 526 1901 580 Zbi-
2001 529 2055 577 et
2080 523 2417 595 Zbignevum
2463 540 2584 578 cum
2617 526 2799 580 verbis
2851 528 3231 596 hujuscemodi
3278 536 3615 592 conditionis

288 640 468 698 gneus
522 621 767 677 interfuit
823 622 910 676 cui
992 621 1200 694 fugisse
1283 619 1538 674 similiter
1606 634 1771 689 quam
1823 617 1900 670 ibi
2004 614 2058 668 in
2087 615 2369 669 Poloniam
2410 616 2706 680 revocavit,
2738 616 3020 683 videlicet,
3079 623 3123 675 si
3171 625 3358 679 verbis
3394 627 3619 681 suaele-

289 718 513 772 stetisse
548 717 669 787 plus
702 715 924 786 profuit.
968 716 1157 771 Poloni
1198 730 1326 770 vero
1357 713 1427 768 de
1482 713 1746 767 Bohemia
1779 728 1903 767 cum
2005 711 2243 784 gationis
2297 728 2455 767 mens
2506 712 2732 767 humilis
2781 714 3162 782 concordaret,
3210 720 3345 774 etsi
3402 738 3461 775 se
3515 738 3614 793 pro

293 808 505 883 ingenti
544 807 784 877 tripudio
815 817 1149 873 remeantes,
1188 800 1553 876 omnip'otenti
1585 805 1695 858 Deo
1725 812 1909 877 grates
2007 803 2181 859 milite
2212 819 2323 859 non
2357 820 2454 874 pro
2487 805 2712 859 domino
2748 813 3048 875 reputaret,
3099 824 3202 863 nec
3234 811 3399 864 ullam
3425 827 3619 880 super-

294 901 612 971 rependunt
626 898 935 966 aeternales,
950 911 1005 953 et
1021 898 1307 954 Bolezlavo
1326 896 1685 967 triumphanti
1711 896 1904 950 laudes

294 988 539 1043 referunt
563 988 951 1059 triumphales.

363 1085 452 1138 24.
490 1084 580 1118 ¹⁶³⁵
610 1088 682 1139 De
708 1085 1010 1138 vastatione
1037 1087 1191 1137 terra:
1224 1083 1440 1137 Prusia:
1460 1097 1559 1151 per
1588 1080 1826 1135 Polonos.

361 1173 494 1226 ltem
518 1172 756 1245 impiger
776 1171 1093 1226 Bolezlavus
1114 1170 1313 1242 yemali
1338 1179 1581 1241 tempore
1610 1184 1720 1224 non
1744 1168 1901 1240 quasi

291 1262 605 1317 desidiosus
644 1262 703 1316 in
745 1262 857 1317 otio
889 1261 1181 1332 requievit,
1238 1261 1336 1315 sed
1400 1259 1671 1314 Prussiam
1707 1268 1902 1314 terram

292 1351 541 1422 aquiloni
593 1350 947 1424 contiguam,
1006 1350 1133 1423 gelu
1215 1349 1565 1405 constrictam
1613 1348 1904 1412 introivit,

291 1458 415 1496 cum
441 1442 605 1496 etiam
634 1441 863 1496 Romani
897 1441 1179 1512 principes
1209 1441 1263 1495 in
1308 1440 1559 1495 barbaris
1584 1439 1903 1495 nationibus

291 1534 659 1600 debellantes,
703 1534 755 1587 in
790 1533 1110 1604 praeparatis
1158 1533 1564 1589 munitionibus
1595 1538 1899 1603 yemarent,

294 1641 477 1696 neque
520 1632 632 1680 tota
667 1642 826 1696 yeme
867 1626 1188 1680 militarent.
1239 1626 1374 1679 llluc
1418 1627 1564 1679 enim
1617 1624 1901 1690 introieris,

2009 898 2156 953 binm
2216 899 2482 969 deinceps
2544 916 2646 954 nec
2709 900 2880 954 ullum
2939 902 3246 958 dominium
3298 911 3620 973 ostentaret,

2007 991 2245 1048 fraterna
2274 992 2499 1048 caritate
2532 995 2621 1029 ¹⁶³δ
2659 995 2907 1066 quzedam
2943 997 3164 1051 castella
3205 998 3309 1053 sibi
3344 998 3521 1067 daret,
3569 1009 3623 1056 et

2006 1085 2051 1138 si
2098 1101 2282 1140 veram
2333 1085 2692 1140 humilitatem
2756 1087 2811 1141 in
2868 1103 2933 1142 eo
2990 1104 3286 1159 veramque
3336 1094 3614 1147 caritatem

2007 1177 2370 1248 prospiceret,
2404 1194 2628 1248 semper
2648 1195 2773 1233 eum
2797 1179 2851 1232 in
2881 1180 3080 1235 melius
3118 1182 3344 1236 cottidie
3378 1185 3469 1219 ¹⁶¹ο⁶
3497 1199 3619 1256 pro

2007 1272 2254 1320 moveret
2301 1266 2409 1335 (an.
2452 1266 2640 1337 111i);
2709 1267 2795 1320 sin
2853 1284 2981 1323 vero
3020 1271 3419 1326 contumaciam
3472 1273 3618 1327 illam

2007 1360 2311 1430 antiquam,
2344 1360 2400 1413 in
2448 1362 2615 1414 corde
2664 1360 2996 1416 discordiam
3053 1366 3373 1431 occultaret,
3428 1367 3623 1421 melius

2008 1458 2172 1517 esset,
2222 1457 2466 1521 apertam
2498 1450 2831 1506 discordiam
2858 1453 2948 1487 ¹⁶⁴⁷
2981 1470 3145 1525 quam
3189 1455 3387 1510 iterum
3423 1472 3617 1512 novam

2004 1540 2334 1595 seditionem
2384 1541 2437 1593 in
2482 1541 2763 1595 Poloniam
2816 1552 3135 1612 reportaret.
3196 1547 3259 1600 At
3305 1546 3617 1619 Zbigncvus

2006 1633 2297 1687 stultorum
2340 1633 2583 1688 consiliis
2639 1634 3017 1704 acquiescens,
3079 1639 3364 1708 promissae
3432 1641 3622 1712 subje-

290 1715 468 1789 glacie
496 1715 710 1770 lacuum
743 1726 798 1771 et
825 1717 1087 1788 paludum
1116 1733 1214 1788 pro
1245 1723 1415 1789 ponte
1459 1717 1733 1783 utebatur,
1776 1716 1905 1787 quia
1934 1755 1985 1823 B
2007 1722 2209 1776 ctionis
2229 1730 2283 1776 ct
2312 1722 2637 1777 humilitatis
2662 1722 2889 1778 minimc
2921 1727 3349 1796 recordatus,_ad
3378 1728 3622 1784 Bolczla-

297 1805 483 1860 nullus
514 1806 604 1839 ³⁸³⁵
619 1805 801 1860 aditus
831 1806 971 1861 alius
1003 1806 1094 1840 ¹⁶³⁶
1126 1806 1182 1859 in
1223 1807 1370 1860 illam
1396 1806 1625 1877 patriam
1666 1806 1753 1840 ¹⁶³τ
1800 1805 1902 1860 nisi

295 1893 521 1948 lacubus
577 1894 668 1927 ¹⁶³⁸
699 1901 754 1948 et
813 1894 1110 1965 paludibus
1161 1895 1458 1950 invenitur.
1507 1894 1608 1960 Qui
1657 1910 1779 1949 cum
1832 1894 1904 1949 la-

293 2002 390 2041 cus
431 1994 486 2041 et
517 1986 749 2058 paludes
794 1987 1186 2057 pertransisset
1216 1997 1271 2043 et
1301 1989 1356 2042 in
1386 1995 1584 2043 terram
1621 1987 1902 2043 habitabi-

290 2080 397 2135 lem
431 2080 793 2152 pervenisset,
828 2098 939 2139 non
976 2083 1034 2137 in
1070 2099 1181 2138 uno
1222 2082 1347 2139 loco
1385 2083 1612 2149 resedit,
1667 2098 1775 2138 non
1818 2099 1903 2138 ca-

295 2171 474 2241 stella,
516 2188 625 2228 non
683 2172 954 2240 civitates,
988 2175 1118 2247 quia
1170 2175 1247 2230 ibi
1285 2175 1456 2239 nulla,
1507 2175 1611 2230 sibi
1661 2174 1901 2240 obsedit,

296 2264 502 2336 quippe
532 2266 641 2321 situ
688 2265 793 2321 loci
829 2274 884 2321 et
930 2268 1193 2322 naturalis
1248 2267 1452 2338 positio
1508 2266 1754 2341 regionis
1810 2281 1909 2336 per

299 2355 507 2410 insulas
536 2355 768 2411 lacubus
806 2356 894 2391 “53°
934 2365 989 2412 et
1009 2357 1307 2428 paludibus
1337 2365 1420 2413 est
1448 2358 1683 2425 munita,
1725 2364 1778 2412 et
1813 2372 1911 2428 per

296 2456 470 2504 sortes
502 2449 863 2505 hereditarias
889 2450 1145 2506 ruricolis
1173 2457 1228 2506 et
1268 2451 1670 2506 habitatoribus
1695 2451 1906 2520 dispar-

297 2538 411 2593 tita.
456 2538 626 2611 Igitur
670 2538 902 2611 belliger
948 2538 1267 2595 Bolezlavus
1301 2556 1398 2611 per
1444 2539 1594 2594 illam
1622 2539 1913 2594 barbaram

293 2630 575 2686 nationem
596 2631 799 2701 passim
831 2631 1162 2696 discurrens,
1198 2632 1440 2703 praedam
1472 2633 1798 2687 immensam
1823 2633 1917 2668 ¹⁶⁴⁰

290 2723 463 2792 cepit,
489 2723 635 2777 viros
681 2728 733 2777 et
783 2722 1065 2789 mulieres,
1112 2738 1315 2794 pueros
1356 2731 1410 2778 et
1454 2723 1689 2794 puellas,
1728 2739 1915 2778 servos

284 2821 340 2867 et
394 2811 623 2867 ancillas
658 2811 1094 2867 innumerabiles
1151 2813 1464 2883 captivavit,
1525 2811 1761 2868 aediﬁcia
1816 2813 1912 2866 vil-

288 2906 479 2975 lasque
535 2902 736 2958 multas
760 2903 1131 2958 concremavit
1203 2920 1328 2958 cum
1385 2902 1593 2975 quibus
1647 2902 1908 2958 omnibus

287 2995 342 3049 in
374 2994 657 3049 Poloniam
697 2992 820 3047 sine
867 2992 1060 3065 prcelio
1111 2994 1397 3061 remeavit,
1440 2994 1588 3066 quod
1636 2995 1900 3065 proelium

290 3097 402 3142 tum
437 3087 523 3121 “5"
555 3086 800 3141 invenire
830 3088 1052 3157 plushis
1075 3088 1334 3143 omnibus
1363 3088 1661 3159 exoptavit.

2005 1826 2130 1864 vum
2191 1826 2300 1865 non
2342 1811 2626 1866 humiliter
2682 1812 2778 1865 sed
2827 1825 3150 1886 arroganter
3193 1823 3275 1870 est
3302 1816 3604 1889 ingressus,

2004 1914 2106 1954 nec
2133 1900 2277 1954 sicut
2328 1900 2492 1955 homo
2540 1900 2707 1970 longo
2761 1908 2870 1955 tam
2927 1902 3090 1957 exilio
3135 1904 3452 1975 castigatus,
3496 1913 3614 1959 tan-

2004 1987 2185 2059 tisque
2206 1988 2486 2043 laboribus
2508 1996 2563 2043 et
2590 1989 2829 2043 miseriis
2849 1989 3128 2063 fatigatus,
3150 2007 3336 2062 ymmo
3358 1992 3500 2047 sicut
3521 1994 3621 2048 do-

2004 2080 2185 2133 minus
2214 2096 2336 2134 cum
2371 2096 2502 2134 ense
2529 2081 2901 2150 praecedente.
2935 2098 3059 2135 cum
3099 2082 3415 2152 simphonia
3448 2083 3624 2138 musi-

2006 2186 2195 2225 corum
2227 2170 2507 2241 tympanis
2530 2169 2806 2241 etcytaris
2840 2170 3237 2226 modulantium
3271 2172 3628 2243 praecinente,

2011 2274 2120 2313 non
2153 2261 2483 2315 serviturum
2519 2260 2613 2313 sed
2649 2268 2999 2333 regnaturum
3034 2261 3379 2336 designabat,
3426 2279 3536 2318 non
3566 2280 3625 2317 se

2008 2349 2112 2404 sub
2144 2350 2313 2405 fratre
2344 2351 2704 2404 militaturum
2737 2351 2833 2406 sed
2875 2368 3044 2422 super
3076 2351 3299 2410 fratrem
3331 2353 3632 2424 imperatu-

2018 2456 2135 2495 rum
2160 2440 2562 2512 praetendebat.
2584 2442 2739 2504 Quod
2770 2441 2994 2512 quidam
3023 2443 3305 2513 sapientes
3334 2444 3388 2497 in
3424 2453 3628 2515 partem

2016 2537 2179 2594 aliam
2208 2553 2372 2608 quam
2426 2536 2702 2607 Zbigneus
2742 2536 2924 2592 forsan
2969 2537 3301 2612 cogitaverat
3340 2550 3631 2608 noverunt,

2016 2637 2071 2685 et
2100 2627 2391 2684 consilium
2430 2626 2719 2682 Bolezlavo
2770 2627 2876 2681 tale
2923 2637 3341 2700 suggesscrunt,
3400 2630 3547 2700 quod
3575 2645 3634 2684 se

2016 2720 2199 2774 statim
2251 2717 2555 2773 credidisse
2619 2717 2897 2787 pcenituit,
2947 2734 3277 2790 semperque
3341 2735 3399 2773 se
3440 2720 3635 2775 fecisse

2013 2807 2308 2880 paenitebit
2347 2807 2516 2877 (174),
2580 2806 2782 2861 talibus
2841 2805 3102 2861 videlicet
3158 2807 3342 2862 verbis
3394 2815 3634 2863 mentem

2012 2899 2306 2951 humanam
2334 2894 2731 2950 accendentes:
2774 2896 2876 2949 Hic
2930 2895 3083 2949 homo
3126 2899 3293 2950 tantis
3349 2898 3637 2951 calamita-

2006 2994 2147 3047 tibus
2169 2995 2452 3056 contritus,
2486 2996 2597 3046 tam
2627 2991 2782 3057 longo
2820 2992 2984 3044 emilio
3020 2990 3288 3056 detrusus,
3319 2993 3477 3046 aditu
3502 2996 3621 3062 pri-

2002 3105 2086 3143 mo
2126 3103 2245 3142 cum
2287 3091 2439 3141 tanto
2492 3087 2643 3153 fastu
2697 3085 2987 3155 superbiae,
3039 3085 3105 3139 de
3146 3087 3382 3153 singulis
3437 3088 3615 3141 adhuc

290 3178 365 3233 25
411 3178 502 3211 ¹⁶⁵²
528 3182 601 3234 De
650 3150 941 3233 concordia
976 3179 1209 3248 Zbigney
1237 3181 1387 3247 falsa
1442 3150 1567 3237 cum
1599 3182 1895 3236 Boteziavo.
1930 3150 1980 3219 C
2004 3187 2236 3238 incertus
2262 3150 2593 3250 ingreditur,
2628 3150 2781 3249 quid—
2799 3150 2979 3247 faciet
3011 3181 3070 3234 in
3098 3150 3306 3247 futuro,
3336 3184 3386 3235 si
3404 3182 3511 3235 sibi
3531 3197 3631 3251 po-

370 3273 627 3329 Hostibus
662 3273 847 3345 itaque
884 3274 1220 3341 Bolezlavus,
1260 3275 1405 3330 sicut
1435 3276 1643 3331 dictum
1680 3285 1782 3343 est,
1817 3293 1903 3331 re-

292 3362 539 3427 frenatis,
597 3363 794 3418 ducem
844 3363 1201 3418 Bohemicum
1247 3365 1428 3438 coegit
1467 3364 1687 3419 fratrem
1737 3365 1904 3419 mini-

294 3468 468 3520 mum,
506 3468 672 3523 quem
722 3468 889 3522 supra
933 3452 1194 3516 diximus,
1238 3453 1293 3507 in
1340 3455 1663 3509 hereditatis
1698 3465 1901 3510 sortem

292 3544 564 3614 recipere,
591 3543 921 3615 quibusdam
951 3543 1267 3599 civitatibus
1298 3545 1440 3615 (I73)
1470 3544 1576 3598 sibi
1617 3545 1763 3600 datis
1794 3548 1905 3616 (an.

292 3633 478 3703 1111).
520 3633 634 3697 Quo
680 3631 822 3687 facto
853 3632 1126 3707 Zbigneus
1155 3632 1443 3687 Bolezlavo
1497 3649 1596 3688 suo
1637 3633 1789 3689 fratri
1831 3634 1913 3688 le-

295 3726 575 3799 gationem
619 3725 789 3793 misit,
827 3724 1262 3779 misericorditer
1324 3724 1720 3796 supplicando,
1778 3743 1915 3798 qua-

298 3819 449 3873 tinus
478 3818 716 3891 aliquam
769 3817 1092 3889 particulam
1128 3817 1449 3872 hereditatis
1491 3826 1753 3888 paternm,
1777 3818 1923 3873 sicut

297 3916 407 3969 dux
435 3915 799 3969 Bohcmorum
834 3927 933 3967 suo
974 3911 1149 3977 fratri,
1191 3911 1298 3965 sibi
1340 3928 1563 3984 quoque
1594 3913 1930 3968 concederet

296 4019 362 4057 ea
394 4001 739 4068 conditione,
776 4000 925 4071 quod
973 4000 1288 4055 nullatenus
1325 4001 1417 4033 “"3
1448 4000 1503 4053 in
1533 4001 1812 4072 aliquibus
1852 4003 1932 4068 illi

304 4097 637 4161 coaequaret,
695 4089 793 4142 sed
837 4089 978 4142 sicut
1018 4089 1176 4143 miles
1224 4088 1451 4143 domino
1490 4105 1711 4160 semper
1765 4098 1819 4144 et
1866 4091 1921 4145 in

306 4179 569 4235 omnibus
600 4177 873 4233 obediret.
924 4178 1054 4231 Nam
1082 4193 1209 4232 eum
1240 4178 1329 4211 ‘6“
1377 4193 1481 4232 nec
1527 4194 1628 4248 per
1663 4193 1919 4232 caasarem

307 4286 411 4326 nec
444 4285 543 4340 per
567 4267 843 4322 Bohcmos
873 4282 976 4321 nec
1009 4283 1108 4337 per
1139 4266 1479 4323 Pomoranos
1512 4282 1572 4321 se
1604 4282 1767 4337 posse
1798 4267 1923 4323 vin-

305 4380 429 4421 cere
461 4360 793 4430 conﬁdebat,
818 4362 913 4415 sed
940 4362 1089 4433 quod
1129 4361 1339 4417 viribus
1369 4370 1423 4416 et
1466 4362 1632 4416 armis
1669 4362 1923 4419 obtinere

308 4477 419 4517 non
463 4466 698 4531 poterat,
743 4458 1050 4514 humilitate
1091 4458 1270 4513 saltim
1304 4465 1358 4513 et
1404 4457 1646 4513 fraterna
1693 4458 1922 4515 karitate

308 4555 696 4629 przesumebat.
740 4554 915 4609 Verba
955 4553 1177 4626 quidem
1223 4553 1356 4608 satis
1405 4554 1554 4609 bona
1601 4563 1656 4609 et
1695 4552 1923 4625 pacifica

307 4648 662 4715 videbantur,
693 4646 791 4701 sed
839 4645 987 4700 aliud
1016 4654 1292 4716 promtum
1334 4644 1389 4699 in
1418 4645 1606 4720 lingua
1637 4645 1849 4711 forsan,
1882 4634 1938 4699 οι

309 4738 459 4794 aliud
482 4738 727 4793 clausum
751 4737 805 4790 in
827 4743 1050 4808 pectore
1076 4736 1386 4791 tenebatur.
1419 4734 1525 4790 Sed
1546 4737 1665 4791 hinc
1693 4735 1930 4789 dicenda

308 4847 412 4887 suo
444 4831 565 4885 loco
595 4828 936 4895 differamus,
964 4835 1019 4882 et
1048 4828 1317 4883 Bolezlavi
1370 4828 1792 4900 responsionem
1826 4845 1927 4883 au-

311 4920 545 4974 diamus.
605 4917 801 4972 Audita
846 4916 988 4971 fama
1014 4915 1194 4971 fratris
1227 4923 1333 4971 tam
1370 4917 1677 4971 humillima
1705 4918 1916 4989 suppli-

310 5010 923 5082 catione,_._Bolezlavus
981 5027 1011 5065 a
1067 5011 1325 5082 perjuriis
1374 5019 1449 5068 tot
1498 5013 1809 5080 transactis,
1863 5013 1932 5067 ab

312 5100 533 5169 injuriis
561 5106 638 5155 tot
682 5099 847 5154 illatis
885 5098 953 5152 ab
994 5098 1193 5153 alienis
1239 5100 1501 5175 gentibus
1550 5101 1606 5155 in
1646 5100 1928 5156 Poloniam

2008 3280 2169 3329 testas
2212 3275 2401 3343 aliqua
2460 3273 2524 3327 de
2562 3288 2722 3341 regno
2778 3273 3014 3327 Poloniw
3049 3272 3414 3326 concedatur?
3466 3272 3623 3325 Aliud

2006 3382 2227 3438 quoque
2292 3365 2472 3434 majus
2531 3374 2586 3419 et
2652 3363 3024 3435 periculosius
3070 3371 3423 3431 asserentes,
3475 3364 3621 3435 quod

2010 3458 2130 3529 ipse
2161 3456 2421 3510 videlicet
2451 3456 2725 3526 Zbigneus
2755 3456 3061 3526 quemlibet
3090 3455 3357 3525 cujusque
3386 3455 3629 3529 generis,

2013 3552 2237 3607 divitem
2278 3552 2395 3606 sive
2440 3567 2761 3621 pauperem,
2800 3551 2913 3619 jam
2955 3560 3235 3620 repertum
3275 3558 3329 3604 et
3359 3551 3632 3605 constitu-

2016 3655 2129 3700 tum
2152 3644 2403 3706 haberet,
2424 3642 2518 3713 qui
2546 3643 2890 3699 Bolczlavum
2913 3653 3184 3715 Oportuno
3215 3643 3321 3697 sibi
3353 3644 3473 3698 loco
3496 3628 3638 3697 con-

2021 3737 2260 3792 siderato
2298 3734 2380 3788 vel
2417 3733 2642 3787 cultello
2693 3734 2775 3788 vel
2837 3735 2944 3789 alio
2997 3734 3249 3806 quolibet
3307 3734 3639 3789 ferramento

2025 3830 2366 3892 confoderet,
2423 3844 2586 3898 quem
2621 3828 2953 3882 homicidam
2989 3829 3125 3899 ipse,
3183 3829 3228 3881 si
3284 3838 3412 3882 tunc
3453 3827 3644 3881 mortis

2031 3921 2334 3995 periculum
2380 3919 2628 3981 evitarei,
2687 3919 2916 3974 honoris
2974 3920 3154 3993 magni
3216 3917 3455 3972 culmine
3500 3918 3641 3973 sicut

2033 4030 2203 4068 unum
2234 4013 2302 4065 de
2326 4011 2965 4082 principibusexaltaret.
3001 4011 3104 4065 Sed
3148 4026 3249 4065 nos
3270 4008 3444 4083 magis
3465 4010 3646 4065 credi-

2036 4122 2159 4159 mus
2189 4105 2256 4159 ab
2291 4103 2427 4174 ipsis
2477 4103 2632 4157 malis
2670 4103 3114 4158 consiliatoribus
3155 4106 3256 4156 hoc
3309 4100 3478 4157 fuisse
3531 4119 3648 4157 nia-

2024 4198 2330 4262 chinatum,
2386 4211 2548 4267 quam
2603 4211 2844 4265 unquam
2899 4195 2967 4249 ab
3027 4195 3147 4266 ipso
3203 4193 3439 4268 Zbigneo
3500 4196 3636 4249 satis

2022 4289 2217 4343 humili
2275 4288 2517 4358 satisque
2575 4286 2811 4356 simplici
2869 4288 2974 4342 tale
3034 4286 3247 4341 facinus
3314 4286 3637 4357 cogitatum.

2025 4377 2266 4448 Ideoque
2313 4377 2497 4431 minus
2543 4374 2879 4439 mirandum,
2922 4375 3183 4442 juvenem
3232 4379 3389 4428 aetate
3438 4372 3642 4429 ﬂoren-

2026 4471 2158 4529 tem,
2184 4464 2236 4516 in
2270 4463 2506 4533 imperio
2533 4462 2948 4529 consistentem,
2982 4463 3270 4518 iracundia
3296 4462 3638 4532 stimulante,

2036 4555 2349 4625 sapientum
2405 4570 2628 4626 quoque
2683 4554 2915 4610 consilio
2964 4562 3317 4629 suggerente,
3377 4554 3652 4626 quotlibet

2037 4646 2251 4701 facinus
2282 4652 2625 4717 perpetrare,
2665 4661 2772 4717 quo
2818 4647 3010 4702 mortis
3058 4646 3358 4717 periculum
3418 4646 3651 4700 evitaret

2037 4744 2091 4790 et
2127 4751 2357 4790 securus
2385 4751 2417 4788 a
2464 4735 2676 4789 cunctis
2716 4735 2934 4789 insidiis
2964 4736 3278 4806 imperaret.
3315 4734 3506 4788 Nullus
3556 4742 3642 4789 ta-

2037 4842 2161 4881 men
2190 4825 2379 4881 credat
2403 4825 2537 4879 illud
2568 4833 2855 4896 peccatum
2883 4826 2939 4880 in
2969 4825 3167 4897 spiritu
3190 4826 3280 4859 "5‘3
3310 4825 3484 4880 fuisse
3518 4841 3647 4896 per-

2038 4928 2309 4992 petratum
2331 4920 2427 4975 sed
2452 4935 2517 4974 ex
2540 4921 2993 4992 przesumptione,
3018 4936 3129 4976 non
3155 4937 3221 4975 ex
3239 4921 3649 4977 deliberatione

2035 5010 2132 5065 sed
2156 5025 2220 5063 ex
2250 5008 2546 5063 occasione
2576 5017 2935 5081 prapagatum
2969 5011 3077 5064 “5‘9.
3110 5009 3165 5063 Si
3199 5007 3350 5064 enim
3377 5007 3655 5082 Zbigneus

2036 5101 2319 5157 humiliter
2343 5109 2399 5154 et
2428 5100 2712 5170 sapienter
2741 5099 3049 5167 adveniret,
3100 5100 3245 5155 sicut
3284 5101 3447 5156 homo
3488 5100 3654 5156 mise-

1641 5196 1862 5251 VARUE
1891 5196 2265 5253 LECTIONES.

384 5267 477 5303 ¹⁶³³
505 5266 787 5323 nobilibus
824 5267 878 5321 2.

311 5341 567 5395 exhibent
593 5339 725 5392 1.2.
833 5337 923 5371 ¹⁶³⁸
952 5336 1088 5392 lacis
1117 5338 1167 5391 1.
1198 5337 1234 5390 2
1364 5339 1454 5371 ¹⁶³⁹
1484 5337 1615 5393 lacis
1656 5340 1706 5391 1.
1736 5339 1790 5393 2.

310 5413 455 5467 deest
483 5412 534 5463 1.
574 5410 628 5463 2.
694 5409 784 5443 ¹⁶⁸³
812 5408 979 5463 null’a
1018 5410 1271 5464 exhibent
1307 5409 1358 5463 1.
1392 5411 1446 5462 2.

313 5551 593 5608 discordia
636 5566 741 5620 pro
787 5559 1032 5620 apertam
1074 5551 1405 5607 discordiam
1464 5554 1516 5607 1.
1559 5553 1610 5606 3.

315 5624 407 5658 “3"
436 5629 770 5696 peragatum
797 5622 851 5677 2.

980 5266 1069 5300 ³6³⁵
1107 5264 1263 5320 XXIV
1293 5267 1434 5323 deest
1460 5268 1512 5321 1.
1542 5267 1596 5320 2.
1673 5267 1762 5301 ³6³⁵
1803 5269 1986 5323 nullus
2016 5270 2070 5324 1.
2111 5269 2165 5321 2.

1870 5341 1962 5374 16W
1991 5342 2050 5395 in
2084 5354 2331 5393 mensam
2356 5338 2572 5392 incuria
2596 5338 2786 5393 scribae
2813 5339 2847 5392 2

1533 5410 1623 5443 “3“
1645 5410 1790 5464 enim
1834 5412 1884 5464 1.
1916 5412 1970 5467 2.
2040 5411 2132 5446 “5‘5
2165 5409 2385 5479 prodam
2416 5424 2629 5464 erronee
2649 5409 2905 5465 additum
2932 5410 3045 5476 fuit
3073 5409 3127 5464 3.
3158 5412 3304 5479 quod
3336 5414 3449 5480 ipse
3476 5411 3657 5464 scriba

305 5486 433 5553 post
460 5482 677 5553 delevit,
701 5481 794 5534 sed
820 5482 1012 5547 forsan
1042 5481 1238 5553 oblitus
1266 5481 1438 5553 delere
1469 5497 1571 5536 nec
1600 5486 1946 5551 super/tuum,
1981 5483 2127 5553 quod
2151 5481 2362 5534 addunt
2389 5480 2544 5553 codd.

1733 5554 1821 5587 ‘6“
1855 5556 1938 5608 ita
1974 5551 2218 5615 restitui;
2244 5554 2289 5611 pi.
2324 5568 2378 5621 q.
2414 5551 2467 5604 in
2526 5553 2627 5618 ira,
2661 5552 2840 5607 anima
2880 5552 3086 5621 impetu
3137 5552 3198 5606 P.

2260 5266 2351 5300 ¹θ³⁶
2382 5266 2528 5319 illius
2563 5266 2616 5319 2.
2703 5267 2791 5339 17°37
2835 5266 3040 5322 nullam
3081 5269 3283 5337 pat'am
3307 5285 3410 5339 pro
3445 5269 3479 5322 i.
3512 5287 3548 5322 ι.
3592 5285 3647 5338 p.

2968 5339 3053 5371 ‘5“
3088 5354 3211 5392 cum
3239 5341 3292 5394 2.
3386 5340 3476 5373 ¹⁶⁴²
3500 5339 3650 5392 XXV.

2638 5480 2731 5515 ³⁸⁵⁵⁸
2760 5481 2849 5536 die
2877 5480 3101 5535 cottidie
3141 5482 3259 5536 cod.
3337 5482 3426 5515 ‘5'”
3462 5488 3652 5550 aperte.

3260 5552 3317 5605 in
3356 5566 3456 5621 spe
3494 5549 3650 5604 codd.

1873 5693 2087 5750 NOTAE.

386 5764 529 5837 (173)
572 5762 734 5817 Satec
770 5762 1075 5835 provincia.
1109 5761 1356 5831 Cosmas,
1395 5780 1473 5831 Ill,
1506 5763 1593 5819 37.
1631 5765 1691 5820 Κ.

2101 5762 2681 5834 (174)11).ιιι,5ι1.1(.
