4006 6198
432 255 530 311 931

1707 237 2055 297 ΕΗΒΟΝΙΟΑΞ
2093 235 2491 293 POLONORUM

3669 240 3782 324 ea:

437 378 726 435 ricordiam
760 375 850 409 ¹⁶⁵⁰
881 373 1173 445 petiturus,
1233 386 1345 426 non
1384 370 1528 424 sicut
1566 370 1845 435 dominus,
1886 369 2040 440 quasi
2068 371 2120 438 Α
2144 372 2256 421 tum
2303 365 2546 437 Egidium
2605 365 2750 433 (177)
2784 371 3145 438 sanctumque
3202 380 3386 442 regem
3420 367 3781 439 Stephanum

435 467 692 523 vanitatis
717 465 959 519 fascibus
990 467 1339 534 regnaturus,
1369 476 1471 515 nec
1494 460 1610 530 ipse
1652 461 1709 513 in
1742 459 2042 529 dampnum

437 561 863 632 irrecuperabile
906 557 1223 622 corruisset,
1266 571 1368 610 nec
1401 555 1537 609 alios
1590 555 1645 608 in
1705 554 1913 608 crimen
1964 554 2045 607 la-

438 650 740 708 mentabile
789 647 1087 719 posuisset.
1137 645 1275 709 Quid
1312 643 1482 716 ergo?
1538 644 1869 696 Accusamus
1919 641 2046 694 Zbi-

436 764 637 823 gncum
669 752 725 800 et
752 758 1077 799 excusamus
1118 737 1497 795 Bolezlavum‘?
1526 738 1903 808 Nequaquam.
1935 735 2041 790 Sed

437 844 622 899 minus
651 850 731 897 est
751 845 1033 911 peccatum
1060 836 1139 890 ira
1170 834 1619 906 przecipitationis
1659 849 1721 888 ex
1754 834 2042 888 occasione

438 933 563 986 data
589 934 926 1000 perpetrare,
960 941 1122 997 quam
1153 923 1286 977 illud
1320 922 1629 977 faciendum
1681 922 1801 992 ipsa
1829 921 2039 975 delibe-

439 1022 651 1077 ratione
684 1019 767 1051 ¹⁶ί³¹
806 1022 1157 1088 pertractare.
1204 1013 1309 1068 Nos
1340 1028 1469 1067 vero
1502 1028 1604 1066 nec
1644 1019 1871 1083 peccato
1908 1010 2046 1065 deli-

439 1108 734 1167 berationis
774 1105 1153 1178 pmnitcntiam
1201 1104 1560 1175 denegamus,
1617 1100 1713 1154 sed
1765 1101 1820 1153 in
1867 1101 2044 1170 paeni-

437 1204 604 1260 tentia
652 1209 836 1256 tamen
878 1214 1192 1270 personam,
1258 1204 1494 1257 aetatem,
1550 1195 2041 1266 opportunitatem,

438 1292 863 1363 perpendamus.
898 1288 1014 1343 Non
1046 1287 1192 1342 enim
1222 1285 1477 1341 convenit
1502 1291 1625 1354 post
1660 1283 1861 1337 malum
1891 1283 2042 1337 inre-

431 1383 842 1455 cupcrabilitcr,
901 1387 1266 1451 perpetratum
1322 1378 1524 1432 malum
1580 1378 1738 1447 pejus
1795 1377 2039 1444 evenire,

431 1477 527 1531 sed
557 1476 634 1530 illi
664 1474 758 1546 qui
784 1473 966 1527 sanari
1001 1478 1179 1542 potest
1208 1472 1367 1526 decet
1387 1471 1661 1525 medicum
1692 1470 2040 1524 discretionis

431 1563 796 1618 medicamine
819 1561 1135 1615 subvenire.
1160 1556 1667 1629 Quapmptcr,quia
1682 1558 1827 1628 quod
1842 1558 2041 1612 factum

2145 457 2435 512 occasione
2484 455 2768 527 colloquii,
2824 457 3171 527 paucissimis
3225 459 3333 514 hoc
3375 460 3781 523 rescientibus.

2144 565 2357 603 summa
2413 548 2707 603 devotione
2760 550 3177 604 consummavit.
3231 550 3501 607 Omnibus
3558 553 3785 624 quippe

2144 638 2339 692 diebus
2363 637 2510 691 illius
2541 637 2977 711 quadragesimae
3007 639 3096 675 ¹⁶⁶⁰
3121 639 3239 693 sola
3270 649 3579 696 contentus
3610 643 3781 712 panis

2145 736 2198 783 et
2229 746 2382 800 aqua:
2410 728 2713 783 refectione
2756 729 3049 797 jejunaret,
3092 731 3194 785 nisi
3228 733 3359 787 tanti
3403 732 3620 789 laboris
3670 750 3777 789 oe-

2145 822 2363 876 casione
2411 820 2675 874 discretio
2728 820 3022 889 praesulum
3075 829 3128 876 et
3167 823 3427 879 abbatum
3485 825 3681 881 missis
3728 837 3784 881 et

2144 912 2492 967 orationibus
2520 911 2650 966 illud
2681 911 2956 979 jejunium
3005 914 3249 969 caritatis
3278 914 3552 988 obsequio
3596 917 3779 973 viola-

2146 1010 2247 1055 ret.
2282 1001 2524 1077 Singulis
2554 1015 2775 1071 quoque
2816 1001 3013 1056 diebus
3042 1002 3109 1056 ab
3142 1004 3381 1074 hospitio
3420 1003 3635 1060 tamdiu
3667 1023 3777 1077 pe-

2145 1090 2309 1144 dibus
2343 1090 2677 1160 quandoque
2726 1089 2889 1144 nudis
2909 1107 3030 1145 cum
3063 1092 3341 1164 cpisc0pis
3384 1094 3783 1165 ctcapellanis

2146 1179 2457 1242 incedebat,
2499 1179 2677 1234 donec
2714 1179 2877 1233 horas
2936 1189 3216 1251 perpetua:
3267 1182 3779 1255 virginisdieique

2145 1272 2445 1328 canonicas
2476 1280 2803 1342 septemque
2836 1272 3075 1342 psalmos
3105 1288 3227 1327 cum
3257 1272 3458 1328 letania
3490 1257 3776 1345 prnniten-

2141 1366 2301 1421 tiales
2339 1365 2698 1435 adimplebat,
2739 1375 2795 1419 et
2848 1366 3177 1437 plerumque
3239 1383 3458 1422 cursum
3515 1369 3775 1439 psalterii

2140 1462 2263 1524 post
2304 1453 2689 1508 defunctorum
2740 1453 2958 1527 vigilias
3004 1454 3360 1531 adjungebat.
3419 1456 3479 1510 1n
3524 1456 3776 1527 pedibus

2146 1547 2309 1602 etiam
2350 1546 2610 1617 pauperis
2655 1545 2966 1613 abluendis,
3009 1546 3064 1599 in
3119 1547 3443 1602 elemosinis
3493 1548 3776 1602 faciendis

430 1662 534 1722 est,
567 1655 622 1708 in
660 1653 833 1708 altera
871 1656 1025 1722 parte
1066 1665 1176 1705 non
1217 1657 1396 1720 potest
1428 1649 1481 1702 in
1512 1656 1711 1703 statum
1747 1648 2035 1718 pristinum

2142 1637 2215 1690 ita
2249 1636 2482 1689 devotus
2511 1641 2565 1689 ct
2614 1634 2894 1689 studiosus
2923 1651 3022 1705 per
3075 1642 3242 1690 totam
3286 1637 3430 1690 viam
3482 1636 3637 1692 illius
3678 1654 3777 1708 pe-

432 1748 747 1814 restaurari,
776 1752 993 1817 oportet
1032 1751 1242 1816 partem
1293 1744 1382 1777 ¹⁶⁵⁹
1421 1741 1717 1810 infirmam,
1748 1743 2038 1797 medicinze

428 1854 714 1909 capacem,
740 1837 793 1890 iu
827 1843 968 1891 statu
1000 1834 1283 1907 dignitatis
1310 1833 1558 1906 vigilanti
1594 1833 1683 1866 ¹⁶δ³
1712 1832 1895 1887 studio
1918 1832 2037 1886 dis-

429 1929 693 1984 cretionis
723 1926 1059 1983 conservari.
1114 1926 1269 1980 Unde
1314 1932 1527 1980 constat
1562 1923 1780 1979 inﬁrmo
1820 1924 2037 1995 corpori

429 2019 587 2073 aliter
639 2016 910 2087 corporali
966 2015 1215 2071 subsidio
1263 2016 1588 2082 ministrari,
1656 2023 1711 2070 et
1765 2014 2041 2069 inﬁrmum

425 2107 660 2178 spiritali
690 2106 1056 2161 medicamine
1088 2107 1408 2162 sustentari.
1471 2107 1574 2162 Sed
1617 2107 1959 2161 Bolezlavum
1990 2106 2043 2160 in

429 2202 553 2271 hoc,
584 2200 732 2272 quod
772 2199 877 2254 tale
931 2200 1063 2270 quid
1100 2201 1298 2274 egerit,
1337 2216 1682 2265 accusamus,
1731 2201 1784 2254 in
1826 2201 1931 2255 hoc
1965 2209 2046 2255 ta-

428 2308 578 2357 men,
614 2291 762 2362 quod
808 2292 976 2363 digne
1017 2292 1337 2361 paenituerit
1376 2299 1431 2346 et
1468 2292 1601 2346 satis
1646 2291 2035 2359 humiliaverit,

426 2380 822 2436 collaudamus.
864 2380 1110 2435 Vidimus
1155 2381 1302 2435 enim
1355 2382 1516 2436 talem
1585 2383 1784 2449 virum,
1829 2388 2034 2437 tantum

427 2471 756 2543 principem,
789 2479 894 2526 tam
936 2472 1262 2528 deliciosum
1298 2473 1559 2541 juvenem
1604 2473 1834 2544 primam
1884 2473 2035 2527 kari-

426 2579 549 2618 nam
591 2564 733 2634 (175)
787 2564 1157 2633 jejunantem,
1215 2565 1441 2619 assidue
1502 2565 1690 2621 cinere
1728 2575 1784 2620 et
1851 2565 2035 2621 cilicio

426 2654 576 2708 humi
596 2654 943 2725 provolutum
968 2656 1079 2722 165‘,
1108 2655 1413 2711 lacrimosis
1441 2657 1699 2726 suspiriis
1727 2656 2032 2728 irrigatum,

425 2747 496 2802 ab
527 2748 768 2803 humano
814 2749 1092 2804 consortio
1138 2756 1193 2803 et
1230 2749 1508 2820 colloquio
1548 2757 1883 2819 separatum,
1930 2749 2033 2802 hu-

426 2854 573 2893 mum
606 2855 704 2910 pro
736 2854 946 2905 mensa,
976 2839 1206 2894 herbam
1232 2855 1332 2910 pro
1373 2839 1587 2894 mantili
1628 2839 1794 2908 (176),
1832 2854 2030 2909 panem

423 2941 605 2980 acrem
642 2926 733 2960 ¹⁶δ⁵
756 2941 854 2996 pro
881 2926 1117 2993 deliciis,
1158 2942 1354 2998 aquam
1388 2942 1489 2995 pro
1521 2934 1737 2980 nectare
1767 2930 2032 2995 reputan-

423 3021 551 3068 tem.
587 3013 855 3069 Przeterea
897 3014 1208 3085 pontiﬁces,
1268 3014 1515 3079 abbates,
1567 3014 1859 3084 prcsbiteri
1901 3014 2031 3067 mis-

2141 1727 2526 1800 rcgrinationis
2557 1725 2850 1791 existebat,
2881 1727 3029 1798 quod
3062 1728 3245 1782 nullus
3303 1728 3561 1800 indigens
3596 1729 3666 1782 ab
3701 1746 3774 1785 eo

2142 1816 2573 1871 misericordiam
2622 1832 2877 1887 qurerens
2918 1816 3041 1869 sine
3096 1816 3476 1871 misericordia
3529 1818 3775 1873 recede-

2143 1910 2253 1963 bat.
2281 1908 2360 1962 Ad
2388 1923 2796 1979 quemcumque
2831 1908 3010 1962 locum
3053 1908 3427 1979 episeOpalcm
3460 1910 3549 1963 vel
3590 1908 3775 1964 abba-

2145 1999 2272 2054 tiam
2304 1998 2389 2053 vel
2423 1999 2838 2069 przeposituram
2866 1998 2974 2053 dux
2998 1998 3448 2070 septentrionalis
3477 2000 3769 2068 veniebat,

2143 2091 2439 2161 episc0pus
2468 2089 2640 2159 ipsius
2680 2089 2781 2144 loci
2831 2088 2913 2144 vel
2970 2088 3139 2143 abbas
3189 2089 3275 2144 vel
3332 2091 3669 2160 praepositus
3712 2101 3770 2147 et

2146 2180 2263 2249 ipse
2305 2196 2396 2233 rex
2451 2177 2791 2250 ngarorum
2825 2176 3252 2232 Colummannus
3292 2178 3635 2249 aliquotiens
3663 2180 3768 2235 ob-

2139 2271 2283 2324 viam
2318 2269 2605 2323 Bolczlavo
2637 2284 2759 2323 cum
2794 2267 3045 2323 ordinata
3075 2267 3436 2338 proccssione
3478 2270 3762 2339 procede-

2140 2358 2251 2413 bat.
2288 2360 2410 2429 lpse
2451 2367 2631 2413 autem
2681 2356 3001 2412 Bolezlavus
3038 2357 3248 2427 ubique
3296 2373 3523 2429 semper
3547 2359 3766 2430 aliquid

2142 2464 2241 2519 per
2271 2446 2535 2503 ecclesias
2579 2444 2867 2511 offerebat,
2908 2444 3004 2498 sed
3034 2445 3092 2498 in
3120 2444 3229 2498 illis
3267 2444 3403 2500 locis
3432 2446 3766 2518 principali-

2142 2540 2246 2594 bus
2277 2537 2497 2593 nonnisi
2532 2552 2724 2591 aurum
2757 2542 2809 2590 et
2850 2533 3016 2606 pallia
3056 2533 3392 2606 proferebat.
3425 2535 3485 2590 Et
3512 2536 3594 2592 sic
3624 2538 3768 2611 ,reli-

2136 2629 2288 2702 giose
2318 2643 2416 2698 per
2439 2633 2605 2681 totam
2637 2624 2928 2698 Ungariam
2963 2623 3031 2679 ab
3075 2624 3357 2696 episc0pis
3388 2632 3444 2680 et
3467 2625 3767 2682 abbatibus

2135 2726 2189 2773 et
2209 2717 2522 2789 praepositis
2553 2717 2636 2751 ¹⁶⁶¹
2673 2716 3199 2787 precipiebatur,ita
3217 2715 3477 2773 muniﬁce
3511 2717 3623 2773 sibi
3651 2735 3767 2775 cor-

2138 2808 2325 2878 porale
2357 2805 2645 2861 servitium
2675 2804 2743 2859 ab
2770 2805 2906 2876 ipsis
2935 2821 3059 2861 cum
3093 2822 3309 2861 summa
3335 2806 3629 2880 diligentia
3660 2824 3763 2880 pa-

2133 2896 2359 2950 rabatur
2435 2904 2489 2948 et
2517 2895 2670 2965 ipsos
2700 2895 2815 2965 ipse
2850 2895 3112 2962 donabat,
3154 2903 3209 2950 et
3236 2895 3353 2966 ipse
3389 2896 3458 2950 ab
3497 2897 3637 2968 ipsis
3668 2897 3769 2954 do—

2136 2991 2387 3044 nabatur.
2426 2989 2638 3060 Ubique
2673 2997 2786 3043 tum
2843 3006 2968 3044 eum
3011 2989 3248 3044 ministri
3297 2990 3443 3064 regis
3471 2997 3550 3061 -et
3588 2992 3769 3047 servi-

420 3105 496 3158 sis
524 3111 579 3157 ct
619 3102 851 3171 jejuniis
898 3062 1028 3158 eum
1070 3103 1305 3174 quisque
1347 3118 1445 3173 pro
1478 3062 1595 3157 sui;
1633 3103 1842 3156 viribus
1873 3103 2032 3172 adju-
2058 3062 2107 3129 Ο
2135 3083 2266 3174 ιίιιτη
2301 3081 2660 3174 δθφξοδῖηυτξ
2706 3091 2762 3136 ει
2801 3082 2893 3136 “bi
2942 3082 3264 3174 ΒΟῙβῨῘείνυξ
3302 3082 3634 3174 ἀίιῖεθηιίυε
3682 3085 3765 3139 "9'

420 3193 639 3261 vabant,
695 3202 749 3247 et
800 3192 852 3245 in
898 3193 1049 3248 omni
1100 3193 1487 3262 solempnitate
1535 3193 1814 3263 praecipua
1852 3192 1936 3246 vel
1978 3191 2031 3245 in

421 3284 776 3339 ecclesiarum
827 3282 1337 3338 consecrationibus
1368 3284 1575 3354 aliquid
1615 3283 1721 3337 sibi
1753 3290 1807 3337 et
1847 3283 2031 3354 poeni-

425 3373 594 3427 tentia
622 3372 887 3427 canonica
915 3371 1239 3428 auctoritate
1281 3371 1615 3427 relaxabant.
1660 3374 1887 3443 Insuper
1916 3373 2033 3443 ipse

422 3463 619 3517 missas
674 3462 900 3516 cottidie
942 3478 1039 3532 pro
1088 3462 1353 3531 peccatis,
1410 3478 1509 3532 pro
1549 3461 1823 3516 defunctis
1879 3464 2032 3515 cclc-

424 3555 592 3620 brari,
646 3555 1013 3627 psalteriaque
1059 3555 1150 3589 ¹⁶⁵⁶
1181 3555 1389 3610 cantari
1429 3555 1681 3622 faciebat,
1723 3562 1775 3609 et
1828 3556 1881 3609 in
1936 3571 2035 3625 pa-

417 3648 640 3703 scendis
668 3655 722 3703 et
749 3648 1050 3703 vestiendis
1073 3649 1161 3683 ¹⁶⁵⁷
1190 3648 1529 3719 pauperibus
1554 3664 1763 3719 magna:
1794 3647 2036 3702 caritatis

420 3743 678 3799 solatium
711 3742 1084 3814 impendebat.
1121 3743 1183 3797 Et
1227 3743 1375 3814 quod
1408 3742 1585 3812 majus
1624 3742 1731 3795 hiis
1777 3741 2035 3796 omnibus

421 3839 475 3888 et
506 3834 845 3906 praecipuum
886 3833 942 3886 in
974 3830 1298 3907 poenitentia
1329 3838 1611 3901 reputatur
1643 3832 1753 3897 ηδε,
1787 3832 2030 3887 auctori-

419 3944 527 3992 tate
559 3938 835 3992 dominica
868 3937 1016 3991 fratri
1050 3952 1152 3992 suo
1183 3933 1543 3996 satisfaciens,
1580 3950 1843 3989 concessa
1872 3936 2035 3991 venia

2137 3172 2509 3245 negligentius
2550 3171 2909 3242 reciperetur,
2946 3170 3345 3227 notiﬁcandum
3387 3172 3504 3246 regi
3560 3190 3591 3227 a
3652 3175 3767 3228 suis

2136 3268 2503 3322 familiaribus
2555 3268 2869 3323 notabatur.
2931 3269 2993 3322 Et
3060 3269 3376 3340 quicunque
3438 3269 3766 3340 diligentius

2136 3377 2263 3415 eum
2296 3370 2350 3414 et
2378 3360 2665 3415 honestius
2713 3360 2963 3430 recipere
3009 3360 3322 3424 videbatur,
3380 3361 3597 3415 amicus
3646 3378 3765 3416 esse

2137 3453 2284 3525 regis
2314 3452 2398 3507 vel
2431 3453 2658 3527 gratiam
2692 3452 2817 3506 inde
2865 3453 3137 3523 consequi
3168 3452 3291 3507 sine
3331 3452 3504 3508 dubio
3536 3452 3766 3508 diceba-

2136 3550 2244 3597 tur.
2277 3542 2406 3597 Cum
2440 3542 2531 3595 tali
2564 3542 2859 3596 devotione
2900 3541 3136 3611 spiritali
3173 3541 3379 3612 talique
3412 3543 3504 3576 ¹⁶⁶²
3533 3558 3770 3597 venera-

2138 3636 2286 3690 tione
2309 3634 2596 3704 temporali
2630 3633 2947 3688 Bolczlavus
2977 3633 3045 3687 de
3066 3649 3167 3687 sua
3190 3634 3647 3707 peregrinatione
3673 3650 3759 3689 re-

2137 3727 2359 3794 meavit,
2393 3742 2572 3797 neque
2608 3732 2792 3780 tamen
2847 3725 2898 3777 in
2950 3741 3178 3797 regnum
3227 3742 3385 3779 suum
3421 3725 3651 3780 rediens
3684 3727 3765 3781 vi-

2137 3830 2247 3877 tam
2281 3821 2607 3891 paenitentis
2636 3819 2996 3891 habitumque
3029 3818 3491 3893 peregrinationis
3526 3820 3764 3894 abnega-

2136 3916 2231 3981 vit,
2272 3915 2368 3969 sed
2426 3914 2492 3967 ad
2534 3914 2847 3984 sepulcrum
2902 3930 3077 3985 usque
3119 3911 3266 3967 beati
3319 3914 3565 3968 martiris
3596 3915 3760 3969 Adal-

2139 4007 2305 4072 berti,
2351 4007 2556 4077 pascha
2611 4006 2702 4039 “563
2758 4006 2975 4061 Domini
3017 4004 3397 4060 celebraturus
3445 4006 3758 4077 (071.1113,

419 4031 805 4086 concordatur.
844 4029 1015 4083 Unum
1045 4043 1267 4099 quoque
1300 4028 1618 4082 Bolezlavus
1648 4026 1881 4082 fructum
1916 4044 2031 4098 pcn-

420 4133 670 4187 nitenliae
696 4132 830 4187 satis
861 4132 1158 4203 dignum...
1188 4131 1299 4196 “559,
1321 4130 1467 4201 quod
1495 4136 1674 4201 potest
1698 4129 1935 4200 reputari
1965 4129 2034 4184 dc

420 4244 570 4292 tanto
601 4237 853 4307 principe
891 4236 1102 4291 cunctis
1158 4234 1564 4306 paenitentibus
1593 4235 1749 4305 quasi
1791 4234 2028 4309 signum.

415 4337 573 4401 Nam,
615 4353 739 4392 cum
784 4337 903 4408 ipse
936 4352 1043 4392 non
1077 4336 1335 4391 ducatum
1369 4335 1466 4389 sed
1506 4351 1734 4407 regnum
1776 4332 2033 4407 magnifi-

414 4455 538 4494 cum
587 4439 944 4512 gubernaret,
998 4454 1061 4494 ac
1098 4438 1164 4493 de
1207 4437 1443 4493 diversis
1499 4444 1555 4493 et
1599 4438 2030 4494 christianorum

410 4540 467 4586 et
496 4546 833 4606 paganorum
896 4530 1214 4586 nationibus
1241 4530 1480 4585 hostium
1512 4530 1805 4597 dubitaret,
1833 4537 2036 4585 semet-

413 4630 592 4704 ipsum
644 4648 985 4707 regnumque
1024 4648 1183 4687 suum
1232 4633 1565 4687 servandum
1608 4632 1809 4688 divinae
1838 4640 2031 4704 poten-

2140 4663 2235 4719 per
2290 4645 2578 4701 ecclesiam
2611 4652 2667 4699 et
2722 4644 2774 4698 in
2819 4644 3087 4699 altaribus
3129 4642 3220 4679 ³⁸⁸⁵
3248 4652 3579 4700 ornamenta
3618 4662 3758 4716 pra:-

411 4731 499 4787 tize
549 4733 977 4801 commendavit,
1033 4742 1088 4790 et
1119 4734 1224 4790 iter
1277 4733 1742 4807 peregrinationis
1782 4734 1849 4788 ad
1904 4750 2029 4789 san-
2132 4733 2395 4790 sentavitl
2429 4734 2577 4805 Opus
2608 4749 2835 4788 aureum
2884 4732 3068 4788 existit
3105 4733 3442 4803 operationis
3475 4733 3569 4768 ¹⁶⁶⁶
3595 4750 3753 4809 argu,

1759 4835 1979 4890 VARIZE
2016 4835 2391 4891 LECTIONES.

2135 4102 2274 4168 Apr.
2311 4098 2416 4168 13),
2442 4114 2564 4152 cum
2597 4098 2792 4152 eodem
2832 4097 3296 4169 peregrinationis
3341 4098 3633 4167 preposito
3677 4099 3761 4132 ‘5“

2135 4190 2482 4261 perduravit.
2519 4189 2577 4242 Et
2609 4190 2751 4243 sicut
2779 4188 3007 4244 cottidie
3040 4188 3295 4259 pr0prius
3331 4187 3399 4241 ad
3424 4188 3611 4243 locum
3634 4206 3759 4244 sau-

2136 4282 2205 4335 cti
2254 4281 2494 4335 martiris
2532 4279 2848 4343 accedebat,
2879 4287 3030 4334 tanto
3072 4279 3325 4334 devotius
3356 4294 3482 4334 cum
3516 4279 3759 4335 lacrimis

2054 4403 2112 4474 D
2135 4380 2188 4428 et
2217 4372 2562 4427 orationibus
2591 4371 2754 4428 nudis
2784 4371 3023 4442 pedibus
3054 4369 3364 4425 incedebat.
3412 4368 3548 4424 Cum
3577 4380 3757 4427 autem

2136 4465 2202 4520 ad
2223 4465 2415 4519 urbem
2440 4472 2495 4519 ct
2523 4464 2879 4535 sepulchrum
2912 4462 3083 4519 sancti
3115 4462 3354 4517 martiris
3386 4464 3757 4533 pervenisset,

2136 4562 2370 4629 quantas
2399 4555 2734 4611 elemosinas
2775 4555 2830 4609 in
2871 4553 3214 4626 pauperibus
3240 4553 3521 4627 erogavit!
3554 4565 3755 4628 quanta

488 4902 579 4938 ¹⁶⁵⁰
608 4905 993 4979 misericordia
1022 4907 1073 4979 1.
1110 4907 1189 4979 2.7
1275 4907 1487 4979 “stipe
1517 4905 1943 4962 deliberacionis
1973 4923 2071 4977 pro
2102 4907 2223 4978 ipsa
2254 4906 2669 4963 deliberacione
2703 4908 2752 4979 1.
2787 4904 2837 4960 2.
2885 4975 2897 4979 Α
2951 4906 3043 4979 ¹⁶ῗ⁵²
3068 4914 3239 4979 artem
3265 4905 3318 4961 2.
3368 4978 3375 4979 ί
3417 4907 3512 4943 ¹⁶³³
3538 4909 3621 4962 ita
3639 4924 3753 4964 cor-

416 4977 624 5049 rigol’.
658 4975 923 5049 vigilandi
961 4980 1007 5032 1.
1039 4978 1329 5048 jugulandi
1361 4975 1429 5033 2f
1503 4980 1592 5013 “‘5‘
1626 4975 2059 5049 pcrvolutum‘l.
2127 4975 2461 5033 ‘1655acrum
2513 4979 2566 5032 2.
2666 4978 2756 5011 ³⁵⁵⁸
2782 4975 3157 5049 psalteriaque
3193 4977 3243 5032 2.
3339 4978 3428 5014 ¹⁶δ⁴
3456 4980 3751 5035 vescendis

415 5045 570 5099 codd.
686 5045 773 5083 “753
805 5045 1247 5105 deputaturnerat
1280 5050 1332 5105 2.
1378 5050 1477 5105 sed
1506 5049 1575 5103 de
1613 5045 1855 5105 notatum
1886 5052 2097 5105 nanctis
2137 5050 2451 5105 subpositis.
2481 5054 2531 5103 et
2560 5051 2607 5103 ’e
2639 5045 2864 5105 desuper
2888 5045 3155 5105 scriptum
3177 5054 3422 5105 (innaret.
3536 5051 3629 5085 ⁸⁸³⁸
3654 5066 3751 5105 ea:-

677 5047 773 5130 "053
805 5047 1332 5130 deputaturlerat2,
1378 5049 1575 5130 sedmde
1613 5047 1855 5130 notatum
1884 5052 2097 5130 punctis
2137 5050 2451 5130 suppositis,
2481 5051 2607 5130 etn’e
2639 5047 2864 5130 desuper
2888 5047 3155 5129 scriptum
3177 5054 3422 5130 apparet.
3536 5051 3621 5130 ¹⁶³ξ

414 5116 552 5169 cidit
574 5118 814 5184 uerhum,
860 5116 911 5175 ύ.
963 5137 1009 5175 c.
1052 5122 1313 5176 ostendit.
1430 5121 1522 5155 ¹⁶⁶⁰
1542 5122 1692 5175 lectio
1725 5116 1917 5177 Chron.
1963 5124 2150 5190 princ.
2183 5116 2447 5187 Poloniw;
2505 5120 2615 5175 illis
2659 5116 2867 5191 quadra
2910 5116 3082 5174 esima
3119 5116 3400 5175 nori'recte
3451 5136 3555 5190 pro
3607 5119 3751 5177 illius

414 5187 837 5247 quadragesima
883 5193 932 5245 1.
968 5193 1021 5245 2.
1132 5193 1216 5227 ’³⁸³
1262 5192 1639 5247 nrenositibus
1691 5207 1868 5247 errore
1923 5194 2114 5247 scriba:
2160 5193 2213 5245 2.
2352 5193 2442 5226 ¹⁶⁶²
2474 5192 2543 5245 de
2582 5206 2796 5247 erronee
2833 5136 3055 5246 agdidit
3085 5192 3179 5246 sed
3219 5194 3437 5247 punctis
3465 5195 3677 5247 notauit
3695 5193 3746 5247 2.

412 5187 837 5313 quadragesima
883 5193 932 5245 1.
968 5193 1021 5245 2.
1132 5193 1216 5227 ’³⁸³
1262 5192 1639 5263 prepositibus
1691 5207 1868 5248 errore
1923 5187 2114 5247 scribae
2160 5193 2213 5245 2.
2352 5193 2442 5226 ¹⁶⁶²
2474 5192 2543 5245 de
2582 5187 2796 5248 erronee
2833 5187 3055 5246 addidit
3085 5192 3179 5246 sed
3216 5187 3677 5261 punctis—notavit
3695 5193 3746 5247 2.

414 5255 505 5291 ³⁸⁸³
536 5275 639 5329 pac
664 5276 712 5313 ia
737 5277 949 5318 erronee
975 5263 1028 5318 2.
1147 5263 1238 5299 ¹⁶⁶⁴
1270 5264 1553 5335 proposito
1584 5264 1635 5317 2.
1728 5264 1817 5299 ¹⁶⁶⁵
1845 5263 2110 5318 alteribus
2136 5265 2171 5317 2
2292 5264 2385 5298 ¹⁶⁶⁶
2402 5263 2584 5318 extitit
2614 5262 3053 5334 comperacionis
3085 5266 3331 5330 corrupte
3366 5278 3466 5332 pro
3514 5278 3563 5319 e.
3608 5278 3660 5318 ο.
3692 5264 3741 5318 2.

1956 5354 2166 5412 ΝΟΤᾸΞ.

2131 5426 2340 5482 Poson.
2385 5427 2542 5493 1777,
2584 5443 2618 5497 p

2126 5498 2251 5565 128,
2279 5498 2375 5553 ubi
2400 5495 2600 5554 citatur
2646 5497 2891 5568 diploma
2929 5512 3108 5568 papae,
3150 5495 3483 5568 conﬁrmans
3544 5495 3741 5568 funda-

2126 5569 2333 5641 tionem
2367 5570 2538 5641 hujus,
2569 5567 2927 5641 monasterii,
2959 5567 3108 5641 quod
3136 5575 3256 5641 erat
3299 5567 3615 5641 subjectum
3645 5567 3739 5641 ab-

2123 5640 2256 5766 gaﬁ
2300 5640 2355 5694 S.
2428 5638 2649 5713 Eligidii,
2701 5639 2755 5695 S.
2817 5638 2987 5694 Gilles’
3038 5639 3092 5693 in
3151 5638 3290 5694 valle
3368 5638 3619 5694 Flaviana
3684 5638 3735 5692 in

2167 5727 2196 5765 a
2244 5727 2313 5766 Ia.

2167 5727 2313 5766 ama.

485 5419 628 5485 (175)
660 5419 1141 5547 Quadragesimale
1166 5424 1460 5494 jejunium.
1498 5424 1559 5480 K.
2131 5426 2340 5482 Poson.
2385 5427 2542 5493 1777,
2584 5443 2618 5497 p
2677 5426 2796 5492 178,
2831 5424 2908 5480 Cf.
2938 5425 3223 5482 Mabillon.
3255 5426 3394 5481 Ann.
3429 5425 3663 5490 Bened.,
3689 5440 3741 5491 v,

484 5491 529 5565 (1
545 5491 631 5565 Ζξ)
675 5492 868 5565 Stragu
895 5511 944 5549 0.
981 5495 1041 5549 K.
2126 5498 2251 5565 128,
2279 5498 2375 5553 ubi
2400 5499 2600 5554 citatur
2646 5497 2891 5565 diploma
2929 5512 3108 5565 papae,
3150 5495 3483 5553 conﬁrmans
3544 5495 3741 5551 funda-

410 5622 422 5633 _
483 5560 630 5640 (177)
661 5560 1210 5640 Αἰψτῐὶὶδ-Ι).“[Εεὶᾱίἱ
1250 5566 1306 5619 in
1344 5566 1617 5640 comitatu
1658 5566 2019 5623 Semichiensi

408 5632 466 5682 in
501 5632 774 5707 Hungaria
813 5652 845 5691 a
882 5632 1134 5692 Ladisla'o
1168 5652 1295 5707 rege
1336 5636 1583 5707 fundata,
1627 5645 1862 5694 exeunte
1891 5654 2018 5694 saec.

404 5707 488 5753 xi.
540 5705 753 5763 munita
809 5708 939 5765 olim
1008 5713 1145 5763 erat.
1210 5705 1300 5759 Hel
1366 5705 1552 5778 Comp.
1601 5709 1781 5782 ﬂung.
1827 5724 2018 5782 geogr.
