4006 6198
286 294 391 361 933

1697 287 1889 345 LIBER
1925 288 2222 345 TERTIUS.

3511 302 3613 357 931

282 423 551 484 mentum,
583 415 732 488 quod
764 414 892 470 fecit
918 414 1239 472 Bolezlavus
1270 416 1522 487 reliquiis
1545 417 1718 471 sancti
1747 432 1894 471 mar-
1918 419 1971 486 Α
1987 416 2220 484 juslibet
2248 434 2348 488 per
2402 434 2605 472 annum
2642 422 2977 479 continuum
3042 436 3432 502 expugnatum.
3493 429 3613 500 Ipse

284 507 404 562 tiris
434 506 490 561 in
523 505 612 541 ¹⁶⁶⁷
641 519 755 560 suae
781 503 1094 560 devotionis
1122 512 1178 561 et
1216 506 1558 576 poenitentiae
1590 512 1895 559 testamen-

283 600 419 649 tum.
454 594 513 648 In
545 594 637 648 illo
668 607 914 662 namque
945 591 1147 647 feretro
1196 594 1313 647 auri
1348 592 1628 664 purissimi
1659 593 1729 649 80
1757 611 1903 649 mar—

286 702 365 742 cae
397 692 769 754 continentur,
804 688 1051 758 exceptis
1084 688 1252 757 prelis
1292 686 1637 759 gemmisque
1693 686 1904 757 pretio-

286 777 384 843 sis,
418 792 540 847 quaa
584 776 817 833 minoris
846 794 1009 849 quam
1050 794 1241 832 aurum
1288 777 1453 848 pretii
1484 792 1593 832 non
1623 768 1898 832 videntur.

288 871 349 925 In
380 871 659 942 episcOpis
680 887 810 927 vero
839 872 976 939 suis,
1008 872 1063 926 in
1095 871 1460 944 principibus,
1491 872 1546 926 in
1578 872 1905 943 capellanis,

287 962 345 1016 in
365 962 659 1029 militibus,
692 963 750 1017 in
782 964 1105 1019 muneribus
1135 964 1208 1018 ita
1252 963 1541 1037 magniﬁce
1572 970 1625 1018 et
1646 963 1907 1018 munifice

288 1052 494 1122 pascha
513 1060 762 1106 sanctum
783 1052 915 1107 illud
934 1052 1396 1126 gloriosissimum
1413 1052 1729 1119 celebravit,
1761 1054 1907 1124 quod

289 1142 543 1217 singulos
571 1143 842 1214 majorum
870 1151 924 1199 et
954 1160 1109 1215 paene
1151 1144 1426 1200 minorum
1460 1144 1721 1214 pretiosis
1749 1144 1912 1199 vesti-

295 1233 400 1288 bus
429 1234 735 1291 adornavit.
770 1235 844 1289 De
876 1235 1157 1290 canonicis
1212 1236 1302 1269 ¹⁶⁶⁸
1353 1241 1535 1290 autem
1577 1235 1722 1289 beati
1766 1251 1911 1289 mar-

291 1327 431 1395 tiris,
481 1329 552 1383 de
592 1328 916 1383 custodibus
973 1329 1222 1384 ecclesiae
1253 1330 1338 1384 vel
1382 1328 1669 1397 ministris,
1722 1329 1809 1384 vel
1841 1330 1909 1385 de

298 1415 514 1471 civibus
536 1417 715 1487 ipsius
741 1416 980 1472 civitatis
1002 1416 1074 1471 ita
1100 1416 1402 1471 liberaliter
1433 1417 1728 1483 ordinavit,
1761 1419 1910 1489 quod

293 1522 513 1574 omnes,
556 1507 706 1562 nullo
759 1508 1151 1577 prmtermisso,
1210 1508 1296 1561 vel
1334 1507 1581 1562 vestibus
1618 1507 1705 1561 vel
1752 1508 1913 1579 equis

291 1594 379 1649 vel
433 1595 555 1650 aliis
588 1595 933 1662 muneribus,
984 1610 1439 1666 unumquemque
1494 1610 1592 1666 pro
1645 1595 1909 1667 qualitate

2002 522 2223 578 quoque
2257 507 2593 575 Bolezlavus,
2628 526 2751 564 cum
2786 511 2859 565 ibi
2891 512 3054 569 fuerit
3095 518 3400 591 sagittatus,
3457 520 3524 573 ad
3555 536 3613 574 se

2001 595 2393 649 vindicandum
2424 605 2507 650 est
2541 598 2764 666 majoris
2793 601 2886 655 ira?
2908 604 3142 659 stimulis
3172 608 3425 677 agitatus.
3460 609 3613 663 Unde

2003 684 2298 756 Suat0pole
2331 703 2518 757 pacem
2571 704 2790 760 semper
2825 693 2910 745 vel
2978 701 3192 762 pactum
3235 697 3455 768 aliquod
3516 715 3617 769 per

2003 777 2210 832 amicos
2244 785 2296 832 et
2348 778 2646 835 familiares
2678 782 2947 838 Bolezlavi
2992 786 3331 856 requirebat,
3362 797 3417 843 et
3446 805 3615 859 pecu-

2010 865 2154 919 niam
2188 865 2264 920 illl
2307 883 2559 940 magnam
2594 886 2717 924 cum
2750 871 3038 927 obsidibus
3081 873 3371 930 offerebat.
3410 876 3617 939 Quibus

2010 952 2175 1007 rebus
2234 957 2544 1024 perpensis,
2600 958 2919 1014 Bolezlavus
2957 962 3336 1017 obsessionem
3385 964 3614 1031 dimisit,

2010 1040 2276 1096 redeundi
2314 1059 2581 1115 suamque
2616 1049 3008 1103 contumeliam
3042 1050 3358 1106 vindicandi
3401 1059 3617 1125 tempus

2010 1129 2284 1198 ydoneum
2315 1134 2657 1201 expectando
2690 1136 2973 1203 remeavit,
3005 1145 3327 1209 partemque
3367 1142 3615 1210 pecunia:

2010 1232 2201 1272 secum
2261 1219 2626 1293 obsidemque
2702 1222 2873 1279 tilium
2950 1226 3124 1297 ipsius
3189 1228 3615 1303 primogenitum

2011 1314 2307 1383 asportavit
2339 1316 2447 1370 “‘7’.
2484 1318 2619 1372 ltem
2664 1336 2810 1375 anno
2850 1324 3106 1393 sequenti
3158 1330 3270 1395 (an.
3305 1327 3464 1398 1112)
3494 1344 3616 1382 eum

2012 1404 2133 1474 ipse
2164 1405 2458 1477 Suat0pole
2485 1426 2666 1481 neque
2697 1410 2861 1466 fidem
2888 1413 3066 1469 datam
3101 1432 3281 1487 neque
3308 1418 3616 1487 pactionem

2013 1493 2210 1548 factam
2240 1496 2581 1563 observaret,
2616 1516 2796 1572 neque
2827 1502 2897 1556 de
2925 1504 3174 1572 periculo
3205 1504 3302 1559 filii
3331 1507 3616 1581 cogitaret,

2012 1601 2114 1640 nec
2144 1587 2211 1640 ad
2234 1588 2567 1660 colloquium
2618 1609 2740 1647 cum
2794 1595 3080 1651 Bolezlavo
3137 1599 3491 1653 constitutum
3524 1617 3618 1655 ve-

291 1687 580 1763 dignitatis
608 1695 661 1744 et
689 1689 921 1755 ordinis,
955 1689 1262 1746 honoravit.
1296 1690 1405 1745 Hac
1448 1690 1632 1762 itaque
1663 1691 1911 1763 peregri-

2013 1679 2131 1733 nire
2171 1680 2256 1734 vel
2309 1697 2525 1737 causam
2582 1687 2949 1741 excusationis
3006 1689 3222 1744 mittere
3276 1702 3616 1762 procuraret,

292 1781 513 1836 natione
545 1787 653 1835 tam
684 1780 944 1851 religiosa
980 1780 1277 1836 devotione
1305 1780 1599 1850 completa,
1643 1797 1752 1837 non
1782 1782 1906 1838 ideo

291 1883 477 1930 tamen
509 1883 591 1930 est
620 1875 895 1941 obsessio,
930 1874 1071 1929 facta
1102 1875 1258 1945 prius
1289 1876 1457 1947 (178),
1490 1875 1558 1930 de
1586 1876 1769 1931 cordis
1802 1892 1906 1931 no-

289 1965 385 2020 stri
420 1965 687 2021 memoria
716 1966 798 2021 sic
828 1965 1029 2031 deleta,
1091 1981 1193 2020 nec
1234 1966 1398 2021 debet
1433 1967 1721 2038 quisquam
1770 1968 1905 2022 illud

291 2063 691 2125 przeposterum
732 2054 987 2108 ordinem
1020 2065 1300 2125 reputare,
1331 2056 1501 2127 quod,
1543 2056 1589 2110 si
1623 2055 1784 2111 fuerit
1828 2057 1881 2110 in

2010 1785 2170 1823 suum
2202 1771 2517 1827 Bolezlavus
2545 1776 2844 1830 exercitum
2877 1780 3249 1852 congregavit,
3294 1781 3617 1854 hostemque

2008 1856 2276 1928 perfidum
2305 1863 2706 1933 aliquantulum
2749 1868 2804 1922 in
2828 1868 2985 1942 virga
3010 1870 3318 1938 ferrea,sed
3354 1890 3462 1928 non
3496 1876 3617 1945 ple-

2007 1947 2180 2014 narie,
2204 1948 2460 2005 visitavit.
2510 1952 2631 2018 Qui,
2692 1972 2814 2011 cum
2848 1959 2915 2011 ad
2958 1958 3256 2014 confinium
3283 1961 3621 2020 Pomoranizr

2006 2040 2366 2109 pervenisset,
2416 2044 2508 2097 ubi
2553 2047 2787 2116 quilibet
2841 2050 3099 2121 princeps
3145 2052 3285 2107 alius
3334 2071 3455 2109 cum
3510 2066 3621 2113 tota

292 2151 608 2211 tamen“),
640 2144 845 2215 ροιοτίι
875 2151 1069 2215 σφωε
1128 2146 1461 2202 narrationis
1502 2153 1668 2201 totam
1700 2147 1901 2202 seriem
2006 2128 2358 2185 multitudine
2390 2132 2680 2202 timuisset,
2736 2139 2979 2194 exercitu
3021 2141 3211 2197 relicto
3251 2159 3373 2198 cum
3432 2147 3623 2203 electis

294 2236 637 2306 perturbare.

402 2349 474 2403 26
530 2349 639 2405 ¹⁶⁶⁹.
672 2351 962 2405 Pomorani
980 2350 1336 2477 quiderunt
1372 2356 1608 2407 castrum
1637 2353 1804 2409 Nakcl

1025 2437 1052 2476 ο
1078 2438 1217 2477 oms.

1025 2437 1217 2477 omnis.

368 2512 538 2586 Igitur
583 2519 817 2568 castrum
874 2513 1064 2580 Nakel,
1118 2512 1213 2568 ubi
1243 2513 1498 2584 prcrlium
1562 2514 1695 2569 illud
1744 2514 1910 2569 fuisse

293 2599 592 2654 maximum
644 2600 902 2671 superius
938 2606 1281 2655 memoratur
1320 2602 1428 2669 (an.
1467 2600 1651 2672 1111),
1682 2610 1736 2655 et
1764 2602 1911 2656 unde

298 2692 600 2763 dampnum
641 2708 863 2763 semper
910 2691 1133 2748 Polonis
1186 2691 1450 2764 laborque
1485 2692 1781 2747 continuus
1810 2710 1908 2767 ge-

295 2790 541 2851 neratur,
574 2783 896 2840 Bolezlavus
935 2784 1153 2839 cuidam
1200 2782 1506 2840 Pomorano
1537 2799 1742 2857 genere
1801 2784 1905 2838 sibi

296 2873 639 2945 prepinquo,
685 2874 982 2945 Suat0pole
1034 2874 1331 2942 vocabulo,
1377 2883 1732 2930 concesserat
1785 2891 1908 2930 eum

293 2966 418 3022 aliis
447 2966 691 3022 castellis
718 2966 973 3038 pluribus
1006 2965 1111 3021 sub
1141 2966 1235 3022 tali
1267 2965 1546 3023 ﬁdelitalis
1592 2969 1911 3025 conditione

2010 2223 2282 2279 militibus
2314 2226 2531 2283 inantea
2568 2234 2901 2302 properavit,
2927 2243 2980 2289 et
3007 2238 3293 2294 castellum
3322 2240 3622 2315 Wysegrad

2012 2314 2319 2386 impetuose
2346 2324 2565 2390 capere’,
2597 2326 2909 2381 castellanis
2948 2344 3057 2383 non
3107 2314 3621 2400 przemeditantibus

2011 2421 2115 2459 nec
2153 2410 2513 2476 prtemunitis,
2567 2414 2827 2487 cogitavit
2870 2416 3032 2487 (179).
3084 2420 3183 2474 Ubi
3224 2437 3355 2477 vero
3396 2432 3618 2479 ventum

2012 2497 2178 2552 estad
2204 2497 2428 2554 fluvium
2482 2503 2572 2573 qui
2590 2504 2815 2572 junctus
2840 2506 3024 2561 Wislaa
3042 2510 3132 2543 ¹⁶⁷³
3156 2510 3392 2579 flumini,
3425 2515 3620 2569 castel-

2012 2590 2122 2643 lum
2155 2591 2290 2646 illud
2323 2593 2376 2647 in
2404 2597 2608 2668 angulo
2640 2597 2803 2652 situm
2836 2600 3126 2656 fluviorum
3157 2604 3224 2658 ab
3253 2604 3335 2659 eis
3362 2622 3426 2660 ex
3451 2607 3622 2662 altera

2009 2688 2165 2749 parte
2199 2680 2502 2750 dividebat,
2530 2684 2622 2740 alii
2655 2685 2880 2743 fluvium
2922 2688 3076 2745 illum
3108 2693 3313 2748 cursim
3348 2695 3459 2763 “37‘,
3483 2696 3623 2750 alius

2009 2775 2137 2823 ante
2193 2769 2360 2825 alium
2438 2776 2876 2845 transnatabant,
2949 2780 3037 2834 alii
3116 2798 3247 2838 vero
3313 2784 3623 2842 Mazovien-

2011 2863 2154 2918 sium
2198 2866 2288 2899 ’⁸⁷⁵
2317 2882 2416 2937 per
2456 2868 2683 2924 Wislam
2739 2871 2965 2928 fluvium
3021 2876 3243 2950 navigio
3300 2880 3617 2937 veniebant.

2013 2952 2217 3024 Sicque
2247 2955 2479 3030 contigit
2532 2958 2850 3030 ignoranter
2876 2962 2931 3016 in
2974 2962 3120 3020 bello
3164 2965 3467 3038 dampnum
3502 2968 3619 3025 fieri

300 3054 561 3123 retinere,
596 3056 742 3128 quod
777 3072 1057 3127 nunquam
1090 3055 1314 3112 deberet
1353 3056 1402 3111 ei
1432 3072 1591 3111 suum
1631 3058 1910 3113 servitium
1942 3075 1992 3143 ί]
2014 3046 2139 3119 Plus
2176 3049 2531 3143 Civileii80).
2562 3070 2723 3125 quam
2758 3066 2881 3113 octo
2911 3059 3109 3115 diebus
3140 3065 3512 3138 expugnando
3539 3082 3624 3122 ca-

298 3143 385 3199 vel
412 3143 636 3199 castella
667 3159 833 3199 causa
849 3158 948 3214 pro
976 3142 1224 3215 qualibet
1240 3142 1535 3214 prohibere
1557 3162 1569 3197 :
1593 3143 1690 3198 sed
1723 3152 1915 3215 postea

296 3248 581 3304 nunquam
618 3232 855 3303 juratam
897 3231 1019 3302 jsibi
1066 3229 1384 3287 fidelitatem
1440 3232 1689 3299 retinuit,
1735 3248 1914 3305 neque

297 3322 539 3378 veniens
577 3338 819 3394 unquam
877 3322 968 3357 ¹⁶τ⁰
1023 3322 1349 3393 promissam
1402 3324 1718 3378 servitutem
1760 3325 1916 3378 exhi-

296 3414 433 3481 buit,
475 3429 578 3468 nec
623 3411 979 3469 venientibus
1034 3422 1220 3484 portas
1276 3415 1621 3470 castellorum
1673 3417 1913 3486 aperuit,

299 3517 510 3573 ymmo,
558 3502 700 3557 sicut
732 3501 976 3572 perfidus
1029 3503 1204 3557 hostis
1235 3509 1290 3557 et
1336 3504 1583 3571 traditor,
1615 3505 1824 3559 viribus
1864 3513 1918 3559 et

293 3588 463 3643 armis
493 3605 591 3644 sua
616 3605 850 3662 seseque
898 3589 1201 3661 prohibuit.
1248 3590 1400 3644 Unde
1450 3592 1773 3647 Bolezlavus
1810 3592 1919 3647 dux

298 3681 756 3751 septentrionalis
783 3682 851 3736 ad
882 3680 1219 3736 iracundiam
1249 3682 1577 3748 concitatus,
1604 3685 1923 3739 convocatis

296 3775 633 3832 bellatorum
691 3777 1016 3833 cboortibus
1064 3785 1301 3832 castrum
1345 3777 1511 3832 Nakel
1570 3779 1655 3813 ‘6'“
1687 3778 1920 3834 fortissi-

299 3882 453 3922 mum
483 3867 701 3924 obsedit
731 3868 846 3940 (an.
879 3869 1040 3933 1111,
1075 3869 1219 3939 Sept.
1277 3850 1392 3936 29),
1451 3886 1603 3924 suam
1636 3871 1915 3926 vindicare

302 3956 695 4011 contumeliam
738 3956 1050 4012 meditatus.
1085 3957 1279 4030 Ibique
1336 3958 1405 4013 de
1445 3957 1583 4014 festo
1614 3960 1787 4014 sancti
1822 3960 1918 4014 Mi-

296 4048 508 4103 chaelis
528 4048 597 4102 ad
620 4048 955 4104 nativitatem
978 4065 1154 4120 usque
1172 4050 1506 4105 dominicam
1532 4051 1757 4118 sedens,
1780 4060 1834 4107 et
1861 4052 1915 4105 in

298 4141 452 4197 bello
501 4149 692 4197 contra
733 4148 969 4197 castrum
1029 4142 1254 4198 cottidie
1312 4145 1593 4200 studiosus
1632 4145 1918 4213 incedens,

301 4231 551 4286 laborem
599 4247 756 4286 suum
791 4232 847 4285 in
884 4248 1081 4287 vanum
1131 4233 1352 4303 penitus
1379 4234 1748 4305 expendebat,
1794 4236 1922 4307 quia

300 4322 588 4378 humidum
622 4339 724 4394 per
749 4322 954 4391 locum,
994 4338 1261 4395 aquosum
1316 4334 1370 4379 et
1419 4326 1774 4396 paludosum,
1807 4344 1920 4382 ma-

2016 3147 2186 3192 strum
2214 3139 2349 3194 illud
2380 3142 2589 3198 assultu
2620 3143 2798 3201 fuerat
2820 3163 2887 3200 ex
2909 3148 3118 3204 hostili.
3152 3150 3406 3208 Exercitu
3441 3161 3620 3209 tamen

2017 3235 2128 3285 toto
2157 3231 2299 3285 circa
2329 3242 2563 3288 castrum
2596 3244 2954 3311 congregato,
3009 3240 3234 3312 jamque
3282 3243 3623 3300 diversorum

2016 3318 2502 3377 instrumentorum
2554 3334 2819 3396 apparatu
2859 3328 3049 3399 Oppidi
3097 3334 3449 3406 expugnandi
3485 3351 3627 3405 prte-

2017 3415 2206 3477 parato
2238 3410 2499 3480 oppidani
2534 3414 2872 3483 pertinacem
2921 3418 2975 3471 in
3021 3420 3208 3474 hostes
3260 3421 3624 3478 obstinaciam

2020 3500 2291 3555 Bolezlavi
2320 3511 2651 3571 metuentes,
2672 3516 2895 3578 recepta
2920 3508 3028 3563 fide
3062 3512 3154 3545 ¹⁶⁷⁶
3184 3513 3523 3569 deditionem
3553 3515 3629 3570 fe-

2021 3598 2231 3651 cerunt,
2264 3591 2454 3663 sicque
2504 3610 2701 3648 manus
2740 3596 3011 3653 Boleslavi
3061 3607 3407 3674 mortemque
3441 3619 3631 3659 evase-

2022 3687 2167 3731 runt.
2199 3678 2337 3732 Illud
2380 3694 2508 3734 vero
2556 3688 2789 3735 castrum
2823 3684 3140 3741 Bolezlavus
3166 3696 3290 3744 octo
3313 3691 3515 3747 diebus
3536 3708 3629 3747 ac-

2022 3771 2266 3841 quisivit,
2298 3780 2531 3842 octoque
2560 3773 2756 3828 diebus
2785 3775 2907 3829 aliis
2936 3777 3038 3830 sibi
3062 3779 3410 3835 retinendum
3435 3783 3509 3837 ibi
3540 3802 3630 3840 re-

2017 3862 2208 3918 sidens
2266 3868 2641 3935 praemunivit;
2706 3868 2777 3922 ibi
2839 3871 3117 3925 derelictis
3166 3875 3440 3944 prmsidiis
3500 3878 3629 3934 inde

2019 3958 2397 4031 progrediens,
2433 3960 2726 4016 obsidione
2763 3971 3001 4019 castrum
3044 3966 3131 4000 ¹⁶τ⁷
3173 3966 3323 4021 aliud
3382 3970 3471 4005 ¹⁶ῖ⁸
3528 3972 3631 4027 cir-

2018 4047 2244 4101 cumivit
2275 4049 2383 4101 ‘57”.
2446 4049 2586 4103 Illud
2619 4067 2856 4122 namque
2887 4060 3125 4107 castrum
3159 4070 3283 4109 cum
3325 4058 3517 4127 majori
3548 4059 3633 4114 la-

2022 4134 2156 4189 bore
2190 4137 2585 4209 prolixiorique
2614 4140 2878 4196 dilatione
2935 4143 3250 4197 Bolezlavus
3279 4149 3636 4219 expugnavit,

2024 4228 2154 4300 quia
2182 4229 2367 4299 plures
2395 4231 2469 4284 ibi
2510 4239 2562 4285 et
2591 4231 2846 4289 fortiores
2879 4234 2950 4288 ibi
2980 4245 3313 4310 pugnatores
3346 4239 3637 4311 locumque

2024 4322 2374 4377 munitiorem
2421 4326 2625 4379 assultu
2676 4326 2873 4382 bellico
2903 4328 3245 4399 exprobavit.
3294 4330 3498 4386 Paratis
3529 4333 3637 4405 igi-

305 4418 501 4474 chinas
531 4424 587 4473 et
625 4418 993 4473 instrumenta
1033 4418 1234 4475 ducere
1264 4435 1373 4476 non
1424 4421 1660 4476 sinebat,
1697 4423 1927 4494 Insuper
1951 4402 2008 4470 D
2030 4419 2118 4467 tur
2155 4429 2186 4467 a
2216 4413 2437 4469 Polonis
2471 4416 2852 4473 instrumentis
2909 4435 2973 4474 ac
3012 4421 3513 4477 machinationibus
3548 4440 3639 4478 cx-

301 4505 588 4561 castellum
616 4512 732 4560 erat
763 4513 818 4561 et
869 4505 1002 4561 viris
1030 4516 1086 4561 et
1121 4506 1292 4562 rebus
1331 4508 1659 4564 necessariis
1708 4508 1790 4564 sic
1830 4509 1927 4565 fir-

303 4600 535 4662 matum,
564 4594 714 4665 quod
744 4609 853 4650 non
886 4595 1219 4649 essetarmis
1247 4596 1332 4651 vel
1366 4598 1695 4652 necessitate
1727 4597 1802 4651 rei
1830 4612 1927 4650 cu-

2026 4506 2332 4580 pugnandi,
2390 4508 2679 4564 Pomorani
2729 4511 2985 4566 similiter
3036 4512 3403 4568 instrumenta
3466 4516 3644 4570 modis

2027 4595 2287 4650 omnibus
2338 4598 2680 4667 repUgnandi
2732 4597 2985 4655 fecerunt
3042 4602 3171 4665 “53°;
3226 4601 3416 4657 Poloni
3460 4602 3645 4659 foveas

1653 4694 1872 4750 VARIIE
1914 4694 2297 4750 LECTIONES.

379 4792 469 4827 ¹⁶⁶⁷
498 4798 554 4847 01
582 4788 637 4846 2.
731 4791 822 4826 ¹⁶⁶⁸
861 4789 1170 4847 canoniciis
1209 4791 1259 4844 1.

304 4864 528 4918 missam
573 4862 731 4918 codd.
760 4867 810 4916 et
862 4863 985 4916 edd.
1022 4861 1081 4917 P.
1168 4861 1253 4896 ¹⁶⁷¹
1285 4860 1490 4930 Nakyel
1515 4862 1570 4914 2.

308 4935 399 4969 ³⁵⁷⁸
428 4949 655 4989 cursum
679 4934 731 4987 1.
764 4934 817 4987 2.

304 5006 491 5061 eadem
522 5006 737 5075 quidem
770 5004 865 5059 sed
879 5006 1178 5075 festinante
1205 5020 1371 5058 manu
1399 5006 1604 5073 scripta
1626 5002 1677 5058 2.

303 5080 534 5131 notavit.

305 5147 397 5182 ¹⁶τ⁹
427 5146 679 5203 circuivit
704 5147 758 5201 2.

1361 4788 1451 4824 ¹⁶⁶⁹
1476 4788 1652 4844 XXVI.
1692 4791 1834 4845 deest
1856 4791 1906 4843 1.
1934 4789 1969 4843 2

1668 4862 1759 4895 ¹⁶ῖ²
1784 4862 1926 4915 idem
1972 4861 2194 4915 addidit
2241 4877 2456 4916 erronce
2483 4864 2537 4916 2.
2597 4865 2692 4919 sed

927 4933 1019 4967 ¹⁶⁷⁵
1051 4938 1161 4987 tota
1189 4933 1299 4987 haec
1327 4934 1573 4987 columna
1600 4948 1769 5002 usque
1798 4934 1872 4987 ad
1895 4933 2093 4987 verba:
2127 4948 2229 4988 con

2074 4789 2275 4867 ita
2313 4791 2619 4867 emendavi;
2660 4808 2843 4867 neque
2884 4793 3243 4849 venientibus
3282 4810 3465 4866 neque
3500 4812 3642 4867 pro-

2730 4871 2919 4937 postea
2948 4867 3168 4921 delevit.
3245 4867 3338 4901 ¹⁶⁷³
3371 4868 3553 4937 Wysle
3587 4870 3640 4922 2.

2311 4933 2444 4987 riem
2478 4935 2627 4989 illam
2655 4933 3002 5000 comburunt,
3032 4939 3418 4994 minutioribus
3437 4933 3645 4995 'litteris

1766 4951 1769 4965 ν
1798 4948 1872 5014 ad
1895 4948 2093 4987 veroa:
2127 4948 2444 5039 congeriem
2478 4948 2627 4989 Illam
2655 4948 3002 5000 comburunt,
3032 4948 3418 4994 minutioribus
3450 4948 3645 4995 litteris

1766 5004 1857 5088 ξδιίι
1880 5003 2040 5058 ﬁdem
2210 5006 2221 5038 ¹
2245 5006 2295 5088 ,⁸⁷
2326 5004 2460 5088 Illud
2488 5007 2792 5088 addidit2,
2820 5008 2914 5088 sed
2943 5024 3053 5077 qua
3078 5012 3409 5088 super/tuum
3433 5016 3646 5088 punctis

628 5075 1007 5149 {micremavit
1036 5074 1278 5140 addidit,
1311 5075 1403 5149 sed
1432 5090 1542 5149 qua
1570 5077 2142 5149 superﬂuumipunetis
2165 5080 2376 5131 notavit
2406 5078 2456 5142 1,
2495 5079 2641 5148 quod
2661 5082 2822 5134 etiam
2852 5080 2906 5134 2.
2934 5074 3263 5149 posuit—sed
3292 5097 3397 5136 non
3427 5074 3640 5138 delevit.

865 5146 955 5181 ¹⁶⁸⁰
986 5148 1064 5201 ita
1100 5152 1236 5201 recte
1255 5146 1415 5201 addit
1455 5146 1585 5201 Chr.
1610 5149 1790 5216 princ.
1821 5148 1930 5201 Pol.
1957 5162 2016 5215 p.
2052 5146 2139 5201 91.

1878 5245 2081 5304 NOTAE.

378 5347 522 5417 (178)
554 5347 685 5428 Ideo
717 5362 841 5428 qua:
871 5346 927 5428 in
967 5346 1150 5428 capite
1185 5350 1442 5428 sequenti
1470 5353 1693 5428 narrat“
1716 5351 1927 5428 auctor,

305 5415 561 5489 tempore
592 5415 929 5489 antecedunt
966 5415 1233 5489 Boleslavi
1269 5415 1483 5489 itergad
1526 5415 1587 5489 κδ.
1636 5415 1925 5489 z’Egidium.

308 5487 502 5561 Itaque
536 5504 659 5543 cum
693 5488 1082 5561 Qiesebrechto
1136 5488 1334 5561 \Vend.
1384 5487 1605 5561 Gesch.,
1641 5504 1696 5561 l_t,
1734 5490 1833 5561 1118
1861 5488 1932 5561 ob

308 5558 655 5618 mentionem
702 5558 900 5639 factam
950 5558 1271 5614 Colomanni
1339 5558 1505 5645 regis,
1556 5559 1671 5682 .ﬂui
1710 5558 1847 5614 obiit
1900 5558 1932 5612 4

310 5631 469 5682 Febr.
506 5631 666 5682 1114.
700 5637 805 5682 iter
840 5630 975 5682 illud
1006 5630 1073 5682 ad
1102 5644 1307 5682 annum
1348 5630 1488 5682 111.3
1520 5644 1569 5682 Vl
1616 5639 1738 5682 etur
1766 5644 1927 5682 revo-

310 5631 469 5687 Fe‘br.
506 5631 666 5693 1114,
700 5629 805 5683 iter
839 5629 975 5684 illud
1006 5630 1073 5683 ad
1102 5644 1307 5684 annum
1348 5629 1488 5682 1113
1520 5629 1738 5683 videtur
1766 5644 1927 5683 revo-

311 5703 576 5770 candum,
609 5706 665 5755 et
701 5698 906 5754 bellum
954 5709 1141 5757 contra
1180 5700 1566 5774 lPomoranos,
1608 5700 1754 5773 quod
1798 5700 1931 5756 Roe-

2209 5344 2381 5469 ik263
2411 5362 2535 5401 cum
2584 5362 2729 5403 anno
2770 5348 2908 5404 1118
2947 5348 3253 5418 conjunxit,
3308 5350 3374 5404 ad
3417 5350 3549 5405 1111
3592 5358 3650 5407 et

2124 5488 2350 5613 “$62?
2377 5489 2483 5613 1]ξο
2537 5490 2765 5545 castello
2796 5490 2866 5545 cf.
2895 5506 3183 5548 excursum
3226 5491 3285 5547 11
3332 5492 3481 5561 apud
3512 5494 3648 5550 Roe-

2131 5600 2143 5612 .
2180 5576 2214 5613 l.
2360 5600 2371 5612 .
2455 5601 2468 5613 .

2035 5574 2143 5628 pet.
2180 5576 2214 5623 ι,
2247 5574 2371 5613 ou.
2408 5574 2468 5615 λ.

2107 5629 2249 5705 (180)
2293 5631 2554 5705 Damnum
2608 5631 2767 5687 civile
2820 5640 2903 5688 est
2961 5633 3221 5689 damnum
3260 5632 3486 5705 civium,
3521 5633 3641 5690 scil.

2035 5698 2386 5757 Polonorum.
2419 5700 2479 5762 P.
