4006 6198
427 345 532 403 939

1410 342 1775 402 BERENGOSI
1818 345 2085 402 ABBATIS
2126 348 2178 401 S.
2226 343 2459 403 ΜΛΧΙΜΙ
2503 346 2768 403 TREVIR.

3654 354 3771 409 940

415 475 501 533 ,te.
534 467 653 540 Sed,
669 466 962 523 sciendum
1011 475 1094 523 est
1144 466 1314 539 quod,
1370 467 1514 524 inter
1557 468 1697 525 alios
1739 469 2033 527 duodecim
2057 474 2111 544 Α
2137 468 2560 540 surrectionem,
2599 474 2679 528 sic
2730 473 2994 530 extractio
3023 474 3205 531 crucis
3250 491 3282 531 a
3313 483 3459 532 terra
3498 472 3764 533 amdem

424 559 644 628 fratres,
693 560 804 615 duo
845 565 1055 615 tantum
1112 559 1371 632 antiquos
1402 560 1597 615 imitati
1648 568 1779 616 sunt
1831 569 2032 633 patres,

423 655 688 727 quoniam
714 654 919 725 Ioseph
979 660 1035 709 et
1071 652 1239 709 frater
1269 653 1390 724 ejus
1430 654 1741 724 Benjamin,
1773 672 1894 712 cum
1927 672 2036 712 οω-

423 744 560 800 teris
589 742 851 800 fratribus
880 742 960 798 ire
989 742 1288 798 noluerunt
1318 742 1374 797 in
1408 743 1680 811 Dothaim,
1725 744 1881 815 quia,
1908 760 2033 799 cum

424 854 538 895 non
558 838 669 894 Lite
695 838 796 895 sed
826 838 1083 894 Rachelis
1109 845 1295 893 essent
1325 836 1443 903 ﬁlii,
1472 838 1775 910 participes
1809 838 2032 895 fraterni

424 944 536 987 non
574 929 856 987 debebant
890 945 1011 985 esse
1042 929 1277 986 consilii.
1323 929 1427 985 Alii
1457 936 1638 985 autem
1691 929 1906 996 fratres,
1937 930 2031 1002 qui

422 1024 536 1079 nati
568 1022 785 1080 fuerant
816 1038 880 1078 ex
913 1022 1129 1078 ancillis
1157 1029 1253 1078 aut
1284 1021 1396 1090 Lia,
1421 1022 1576 1094 quasi
1608 1038 1706 1094 pro
1736 1022 2029 1078 traditione

422 1117 664 1173 fraterna
695 1116 827 1174 foris
848 1116 1080 1187 dispersi
1109 1125 1265 1171 erant
1295 1116 1350 1170 in
1392 1116 1505 1183 via,
1546 1116 1827 1188 quomodo
1859 1116 1916 1171 in
1941 1132 2032 1172 sa-

422 1228 564 1285 gena
596 1211 874 1278 Ecclesiae,
908 1211 1055 1266 inter
1083 1208 1261 1266 bonos
1291 1218 1345 1266 et
1368 1210 1542 1266 malos
1573 1210 1752 1281 pisces
1782 1210 1863 1266 sic
1893 1210 2028 1266 ordo

409 1303 741 1369 distinctus,
776 1310 838 1358 ut
865 1308 921 1357 et
946 1301 1075 1357 mali
1100 1301 1388 1356 mittantur
1417 1300 1581 1368 foras,
1615 1310 1670 1356 et
1693 1300 1824 1357 boni
1859 1318 2031 1357 rema-

422 1402 591 1450 neant
621 1395 784 1450 intus.
817 1394 972 1449 Unde
1002 1394 1282 1467 quomodo
1320 1394 1489 1449 iidem
1527 1394 1721 1451 fratres
1752 1410 1816 1450 ac
1851 1396 2028 1450 Iudrei

421 1484 655 1557 piscium
684 1483 901 1539 illorum
934 1482 1161 1556 ﬁguram
1204 1482 1534 1548 habuerunt,
1576 1484 1645 1538 de
1673 1483 1876 1554 quibus
1904 1484 2033 1539 scri-

421 1584 573 1646 ptum
603 1582 710 1641 est,
738 1576 906 1629 malos
936 1577 1116 1628 autem
1158 1576 1313 1641 foras
1341 1576 1601 1629 miserunt
1641 1574 1856 1644 (Matth.
1890 1578 2028 1642 xm),

420 1669 622 1725 mirum
671 1684 781 1725 non
822 1675 904 1723 est
947 1668 1118 1740 quod,
1160 1668 1340 1740 qualis
1381 1683 1512 1740 erga
1548 1668 1754 1739 Ioseph
1809 1668 2035 1724 fratrum

419 1771 646 1813 suorum
679 1764 795 1813 erat
819 1756 1046 1823 invidia,
1090 1756 1213 1812 talis
1239 1772 1368 1827 erga
1400 1756 1670 1812 Christum
1691 1757 2030 1823 Iudaeorum,

420 1846 713 1902 videbatur
741 1861 863 1900 esse
895 1843 1145 1915 perfidia.
1186 1845 1482 1900 Sciendum
1513 1852 1596 1901 est
1643 1852 1824 1899 autem
1857 1846 2028 1916 quod,

418 1940 562 1996 sicut
588 1956 653 1995 ex
693 1939 889 1994 merito
920 1938 1082 1994 bonae
1108 1939 1345 1995 actionis
1371 1939 1573 2009 Ioseph
1608 1948 1796 2010 typum
1827 1939 2030 1994 meruit

418 2032 628 2087 habere
667 2031 980 2096 Salvatoris,
1014 2031 1089 2085 ita
1117 2046 1227 2086 non
1268 2047 1334 2086 ex
1372 2031 1638 2101 operibus
1684 2031 1886 2100 carnis,
1930 2031 2028 2086 sed

421 2136 488 2175 ex
503 2119 769 2191 operibus
798 2118 936 2174 lucis
972 2119 1292 2191 mysterium
1325 2120 1380 2174 in
1406 2134 1472 2175 eo
1510 2118 1915 2192 prwﬁguratum
1948 2126 2030 2174 est

420 2212 616 2269 crucis.
652 2211 801 2267 Sicut
853 2210 1001 2267 enim
1039 2212 1242 2283 Ioseph
1282 2212 1602 2284 aliquandiu
1648 2211 1893 2267 inclusus
1925 2212 2028 2267 fuit

422 2301 481 2356 in
526 2301 783 2370 cisterna,
824 2300 897 2355 ita
935 2315 1066 2355 crux
1104 2300 1389 2355 Dominica
1438 2300 1533 2354 diu
1577 2299 1789 2355 inclusa
1819 2309 1935 2356 erat
1975 2301 2029 2355 in

422 2400 589 2458 terra,
607 2391 992 2463 quoadusque,
1011 2389 1184 2464 gratia
1203 2395 1536 2461 coeperante
1559 2397 1882 2460 superna,et
1901 2405 2032 2445 crux

421 2498 453 2537 a
481 2490 642 2547 terra,
670 2489 726 2536 et
757 2480 969 2552 Joseph
1001 2480 1277 2536 levaretur
1300 2496 1333 2535 a
1364 2480 1628 2536 cisterna.
1658 2480 1742 2548 Et,
1773 2481 1914 2535 sicut
1939 2479 2034 2536 Io-

418 2575 555 2646 seph
598 2591 629 2629 a
666 2574 925 2629 fratribus
963 2573 1076 2628 suis
1128 2573 1386 2629 venditus
1443 2581 1526 2629 est
1584 2573 1895 2639 lsmaelitis,
1951 2574 2032 2629 sic

419 2667 763 2739 principibus
793 2666 1141 2723 sacerdotum
1169 2664 1411 2721 Christus
1438 2665 1696 2721 venditus
1750 2674 1835 2721 est
1856 2666 1925 2719 ab
1948 2667 2031 2720 ls-

420 2755 686 2811 maelitis:
726 2755 1011 2827 quoniam,
1042 2754 1186 2810 sicut
1223 2753 1427 2825 Ioseph
1469 2753 1524 2809 in
1556 2753 1811 2810 exsilium
1853 2753 2027 2808 tradi-

419 2857 508 2906 tus
550 2859 637 2905 est
662 2849 895 2904 consilio
928 2847 1085 2903 Iudae
1143 2848 1489 2919 patriarchas,
1540 2848 1621 2902 sic
1673 2849 1728 2902 in
1792 2854 2026 2904 mortem

415 2944 596 3000 crucis
634 2943 865 2999 traditus
907 2951 991 2998 est
1021 2940 1267 2998 Christus
1298 2943 1531 2998 consilio
1568 2943 1723 2998 Iudae
1764 2941 2024 2999 Iscarioth

416 3035 800 3091 heresiarchae.
852 3017 1092 3111 Proinde
1139 3033 1460 3089 multiformi
1523 3033 1745 3088 malitia:
1799 3033 2025 3088 fratrum

417 3125 634 3180 illorum
681 3139 792 3180 non
826 3123 1127 3198 incongrue
1157 3131 1511 3194 comparatur
1557 3121 1766 3176 malitia
1813 3120 2026 3177 Iudaeo-

414 3230 557 3281 rum,
614 3212 877 3284 quoniam
938 3227 1110 3267 unum
1158 3211 1416 3282 idemque
1457 3210 1772 3282 mysterium
1829 3208 2025 3265 Christi

412 3311 521 3360 tam
554 3304 632 3359 illi
664 3304 1120 3373 blasphemavere
1152 3310 1319 3373 quani
1338 3302 1446 3355 isti.
1472 3302 1625 3356 Sicut
1652 3303 1800 3356 enim
1834 3301 1912 3355 illi
1943 3318 2026 3357 se-

412 3380 653 3453 cundum
707 3378 949 3467 antiquae
980 3394 1286 3450 divinitatis
1323 3394 1593 3464 judicium
1651 3395 2025 3465 conscriptum

409 3486 616 3559 Ioseph
644 3488 863 3543 fratrem
911 3503 1069 3542 suum
1113 3487 1419 3543 tenebrosae
1474 3487 1723 3542 falsitatis
1763 3487 2023 3542 vendide-

408 3589 536 3638 runt
563 3583 619 3637 in
645 3581 957 3657 Egyptum,
992 3582 1065 3637 ita
1096 3590 1150 3637 et
1197 3582 1283 3635 isti
1313 3582 1380 3636 ad
1411 3582 1737 3636 imitandum
1772 3581 2022 3652 ejusdem

409 3672 631 3727 malitia:
660 3673 901 3745 signum,
942 3671 997 3725 in
1025 3670 1476 3727 tenebrosissimo
1510 3671 1750 3743 quodam
1775 3669 1897 3726 loco
1925 3671 2026 3727 Do-

409 3763 672 3818 minicum
705 3762 1114 3818 occultaverant
1140 3762 1371 3834 lignum.
1411 3761 1472 3815 Et
1510 3761 1654 3817 sicut
1690 3760 1894 3831 Ioseph
1923 3775 2025 3814 ne-

407 3859 583 3932 quitia
611 3858 835 3914 fratrum
874 3873 1095 3915 suorum
1127 3857 1258 3914 olim
1293 3858 1348 3912 in
1392 3873 1674 3913 carcerem
1704 3865 1789 3912 est
1819 3864 2022 3923 trusus,

406 3951 488 4005 sic
522 3948 731 4003 malitia
768 3948 1082 4003 Iudzeorum
1119 3957 1174 4002 et
1203 3963 1330 4002 crux
1381 3947 1436 4001 in
1488 3947 1723 4009 occulto,
1777 3953 1831 4001 et
1872 3945 2026 4001 Chri-

407 4051 525 4099 stus
550 4043 603 4096 in
631 4041 888 4112 sepulcro
928 4042 1150 4111 jacebat
1191 4040 1461 4107 inclusus,
1490 4048 1549 4095 ut
1594 4041 1894 4094 humanum
1928 4054 2023 4113 ge-

409 4150 513 4190 nus
558 4133 614 4188 in
662 4134 765 4188 hoc
814 4132 1022 4202 duplici
1061 4131 1323 4202 mysterio
1359 4131 1433 4185 ita
1480 4130 1680 4185 divinae
1710 4130 2026 4186 dilectionis

410 4224 713 4294 privaretur
736 4220 920 4293 signo,
950 4227 1133 4277 utnec
1162 4220 1270 4275 vita
1299 4220 1405 4275 sibi
1427 4219 1495 4275 de
1527 4220 1763 4287 Christo,
1796 4236 1898 4275 nec
1927 4235 2020 4274 sa-

410 4314 494 4367 lus
515 4310 836 4383 proveniret
865 4326 895 4364 a
928 4308 1097 4381 ligno.

1070 4416 1255 4471 IAPUT
1296 4417 1379 4471 ιν.

1070 4420 1081 4433 “
1172 4416 1209 4471 U
1296 4418 1315 4471 l
1368 4460 1379 4471 .

410 4509 866 4581 Quemadmodum
903 4416 1392 4578 Ιοεῳῖἷὸἔταιζε
1442 4511 1521 4560 est
1567 4522 1602 4561 a
1641 4520 1887 4581 carcere,
1941 4505 2025 4560 vel

2137 568 2317 633 potest
2339 561 2575 617 haberes
2599 561 3058 636 igniﬁcationem;
3084 565 3236 635 quia,
3251 564 3393 620 sicut
3415 564 3624 638 Ioseph
3657 582 3763 639 pro

2136 655 2315 709 salute
2346 652 2571 709 fratrum
2602 669 2827 711 suorum
2860 661 3136 711 extractus
3185 663 3271 712 est
3322 673 3355 711 a
3386 656 3653 726 cisterna,
3683 657 3764 714 ita

2136 760 2265 800 crux
2294 744 2577 801 Dominica
2607 760 2711 817 pro
2735 746 2913 801 salute
2946 746 3279 819 populorum
3310 747 3480 803 hodie
3499 748 3763 805 traheba-

2134 843 2222 893 tur
2249 854 2280 893 e
2318 843 2479 893 terra.
2513 837 2594 905 Et,
2636 838 2778 894 sicut
2808 838 2878 894 ad
2907 854 3074 895 unam
3117 839 3488 913 eamdemque
3525 841 3760 912 respicit

2132 935 2358 996 sortem,
2378 927 2525 999 quod
2557 926 2865 999 velIoseph
2896 943 3195 995 carcerem,
3225 929 3315 985 vel
3346 928 3592 985 Christus
3624 945 3758 985 eva-

2132 1027 2281 1073 serat
2335 1026 2593 1086 mortem,
2640 1018 2719 1074 sic
2747 1019 2969 1075 virtutis
3016 1019 3306 1092 utriusque
3355 1020 3507 1077 cruci
3562 1021 3759 1076 Domi-

2132 1108 2271 1163 nica:
2296 1109 2499 1180 justam
2540 1125 2837 1180 possumus
2864 1109 3135 1165 rationem
3166 1108 3443 1175 conferre,
3494 1127 3621 1183 qua:
3684 1112 3754 1167 ad

2130 1200 2381 1256 eamdem
2414 1200 2641 1277 ﬁguram
2682 1201 2850 1257 hodie
2882 1202 3063 1258 soluta
3095 1208 3180 1257 est
3234 1203 3515 1278 ergastulo
3564 1212 3753 1259 terras.

2133 1293 2403 1350 Praeterea
2433 1311 2565 1351 vero
2594 1295 2777 1351 ethoc
2804 1311 2914 1351 non
2936 1302 3022 1351 est
3049 1295 3327 1352 silendum
3368 1312 3400 1351 a
3430 1296 3623 1363 nobis,
3656 1298 3753 1352 sed

2130 1384 2453 1456 siiritaliter
2474 1385 2659 1457 potius
2684 1384 3097 1441 discutiendum
3121 1392 3205 1440 est
3232 1384 3410 1451 vobis,
3435 1385 3589 1457 quod
3621 1402 3754 1441 crux

2132 1475 2415 1531 Dominica
2437 1474 2504 1528 ad
2544 1473 2799 1528 eumdem
2832 1473 3054 1529 modum
3085 1473 3250 1529 hodie
3282 1473 3513 1529 liberata
3557 1482 3645 1529 est
3683 1474 3753 1528 ab

2133 1558 2441 1616 inclusione
2488 1570 2735 1625 veterna,
2775 1578 2886 1635 quo
2916 1563 2985 1618 de
3017 1579 3240 1619 carcere
3272 1562 3580 1619 Pharaonis
3618 1564 3753 1619 olim

2138 1647 2405 1704 liberatus
2436 1658 2519 1705 est
2547 1650 2752 1721 Ioseph
2794 1658 2848 1706 et
2880 1644 3163 1722 pincerna.
3202 1652 3358 1707 Unde
3397 1653 3609 1727 gratias
3640 1653 3754 1708 Deo

2134 1742 2302 1813 quod.
2334 1742 2477 1797 sicut
2504 1742 2707 1813 Ioseph
2744 1749 2799 1798 et
2829 1742 3077 1800 Christus
3107 1743 3430 1815 spiritaliter
3451 1760 3622 1799 unam
3657 1745 3757 1799 ha-

2136 1830 2368 1886 buerant
2394 1841 2622 1898 sortem,
2642 1831 2770 1886 dum
2797 1838 2852 1886 et
2880 1830 3086 1903 Ioseph
3127 1831 3331 1887 missus
3366 1840 3451 1888 est
3475 1832 3533 1886 in
3566 1847 3756 1887 carce-

2131 1938 2267 1990 rem,
2307 1930 2362 1977 et
2393 1922 2636 1978 Christus
2683 1923 2737 1977 in
2770 1930 3021 1991 mortem,
3065 1923 3137 1978 ita
3178 1922 3519 1978 Christianus
3572 1939 3757 1995 popu-

2130 2012 2292 2068 lusIu
2306 2014 2433 2069 Jaeis
2455 2013 2603 2068 nulla
2635 2014 2846 2069 ratione
2862 2013 3085 2069 volebat
3100 2029 3347 2085 parcere,
3377 2013 3753 2086 quoadusque

2131 2104 2341 2178 lignum
2376 2106 2719 2163 Dominicum
2759 2107 2999 2178 antiquas
3038 2107 3372 2162 reclusionis
3415 2107 3756 2163 educeretur

2129 2214 2161 2252 a
2186 2213 2429 2265 carcere,
2452 2198 2555 2254 sub
2587 2199 2781 2253 eadem
2804 2198 3065 2255 videlicet
3083 2198 3751 2270 spiritalisintelligentim

2130 2300 2296 2359 sorte,
2327 2292 2652 2365 quanseph
2679 2292 2911 2349 eductus
2939 2300 3021 2349 est
3055 2310 3089 2348 a
3130 2307 3374 2362 carcere,
3407 2300 3464 2349 et
3501 2291 3755 2348 Christus

2130 2403 2164 2443 a
2194 2396 2391 2444 morte.

2792 2482 3000 2538 CAPUT
3021 2481 3084 2538 V.

2132 2587 2583 2657 Quemadmodum
2599 2588 2791 2657 Ioseph
2820 2604 2855 2641 a
2884 2588 3169 2643 Pharaone
3193 2590 3383 2657 torque
3420 2602 3615 2652 aurea,
3648 2603 3752 2642 an-

2200 2660 2436 2729 nuloque
2471 2660 2794 2714 induebatur
2848 2662 2898 2714 et
2952 2660 3111 2725 stola,
3174 2661 3250 2713 sic
3315 2659 3526 2726 lignum
3575 2661 3754 2714 erucis

2201 2734 2420 2799 gemmis
2439 2734 2487 2785 et
2516 2745 2648 2786 auro
2669 2730 2975 2786 decoratum
3003 2734 3081 2786 est
3095 2730 3165 2785 ab
3192 2729 3394 2785 Helena
3421 2731 3642 2798 regina.

2202 2841 2365 2916 Ergo,
2425 2840 2569 2895 sicut
2605 2838 2951 2895 sufﬁcienter
2999 2847 3085 2895 est
3121 2838 3324 2895 dictum
3365 2838 3610 2911 qualiter
3657 2840 3750 2895 Io-

2128 2934 2267 3005 seph
2311 2934 2367 2988 in
2405 2948 2648 3000 carcere,
2688 2932 2773 2988 vel
2823 2932 3067 2988 Christus
3108 2932 3167 2987 in
3213 2938 3388 2987 morte
3429 2946 3530 3003 pro
3582 2932 3750 2989 nobis

2126 3028 2302 3085 factus
2327 3035 2411 3084 est
2459 3028 2836 3095 maledictum,
2872 3028 2947 3084 ita
2996 3027 3130 3100 quid
3179 3043 3304 3082 cum
3354 3027 3559 3099 Ioseph
3622 3036 3751 3099 post

2125 3117 2481 3173 eductionem
2514 3116 2753 3173 carceris
2781 3134 2812 3172 a
2853 3116 3131 3173 Pharaone
3161 3116 3236 3171 sit
3265 3114 3493 3184 factum,
3519 3131 3553 3171 a
3586 3117 3753 3172 nobis

2126 3222 2413 3262 remanere
2443 3222 2555 3262 non
2604 3204 2775 3263 debet
2815 3206 3102 3263 intactum.
3145 3204 3275 3269 Sed,
3319 3204 3451 3277 quia
3498 3220 3752 3277 sequens

2127 3300 2402 3355 sententia
2429 3298 2505 3355 ita
2533 3299 2754 3354 videtur
2774 3300 3052 3355 cohaerere
3091 3313 3214 3354 cum
3256 3298 3457 3370 priori,
3485 3306 3546 3353 ut
3583 3314 3753 3354 causa

2127 3390 2331 3444 silendi
2362 3405 2709 3462 nequaquam
2741 3388 3141 3459 imponendum
3183 3387 3255 3443 sit
3297 3386 3580 3443 silentium
3642 3387 3753 3452 ori,

2128 3479 2357 3555 dignum
2404 3488 2492 3535 est
2520 3487 2580 3534 ut
2619 3494 2718 3550 pro
2748 3476 3142 3534 confirmandis
3172 3475 3421 3532 ﬁdelium
3452 3475 3751 3532 animabus

2127 3569 2197 3625 de
2228 3568 2314 3622 his
2342 3583 2465 3639 quae
2516 3573 2824 3638 sequuntur
2854 3565 3038 3638 aliqua
3068 3565 3339 3623 dicamus.
3386 3564 3544 3621 Sicut
3598 3567 3749 3621 enim

2125 3658 2357 3729 Ioseph,
2381 3674 2411 3712 a
2441 3657 2651 3730 praefati
2677 3657 2915 3713 carceris
2952 3657 3233 3730 ergastulo
3281 3656 3516 3725 solutus,
3546 3665 3749 3729 torque

2126 3765 2312 3818 aurea,
2334 3751 2434 3805 sed
2460 3761 2515 3806 et
2537 3749 2742 3806 annulo
2765 3766 2829 3806 ac
2856 3749 2996 3805 stola
3022 3748 3324 3824 figuraliter
3349 3757 3465 3805 erat
3491 3749 3747 3816 indutus,

2126 3845 2200 3900 ita
2232 3845 2478 3900 Christus
2508 3861 2537 3899 a
2568 3850 2744 3901 morte
2769 3860 2867 3917 pro
2901 3845 3142 3900 humana
3174 3844 3519 3919 resurgendo
3544 3844 3748 3906 salute.

2124 3939 2347 3994 indutus
2383 3942 2463 3992 est
2506 3937 2832 4004 fortitudine
2869 3941 2918 3992 et
2945 3939 3236 4007 praefudit
3280 3952 3336 3992 se
3383 3938 3562 4008 (Psal,
3617 3938 3748 4007 xcn)

2125 4033 2348 4089 virtute.
2385 4033 2574 4088 Adhuc
2604 4031 2771 4088 etiam
2803 4032 2960 4105 quasi
2988 4031 3265 4088 sententia
3292 4032 3410 4088 haec
3440 4047 3555 4088 non
3592 4031 3750 4088 sufﬁ-

2125 4123 2233 4179 ciat
2264 4123 2402 4188 sola,
2458 4121 2758 4177 dicendum
2790 4129 2879 4176 est
2926 4121 3087 4177 nobis
3132 4121 3267 4193 quid
3303 4127 3499 4193 torque
3554 4138 3749 4185 aurea,

2126 4217 2224 4273 sed
2254 4223 2308 4273 et
2339 4216 2545 4272 annulo
2601 4215 2965 4292 signiﬁcetur,
2998 4233 3062 4273 ac
3107 4218 3268 4274 stola.
3326 4216 3480 4272 Sicut
3506 4218 3660 4273 enim
3692 4219 3748 4273 in

2125 4310 2264 4367 stola
2303 4310 2534 4382 byssina
2584 4318 2638 4366 et
2678 4319 2877 4383 torque
2917 4327 3085 4367 aurea
3127 4310 3333 4382 duplex
3370 4311 3504 4366 latet
3536 4311 3750 4367 intelli-

2124 4404 2496 4483 gentiandum
2528 4420 2630 4477 per
2659 4404 2882 4476 byssum
2922 4420 3051 4462 caro
3092 4405 3367 4477 virginea,
3399 4410 3456 4460 et
3500 4421 3604 4477 per
3632 4414 3747 4461 tor—

2124 4509 2291 4566 quem
2331 4492 2573 4548 ccelestis
2612 4491 2957 4567 signiﬁcatur
2997 4493 3308 4564 sapientia;
3339 4493 3497 4549 sicin
3539 4494 3745 4550 annulo

484 4584 732 4659 Christus
763 4597 798 4635 a
836 4585 1028 4647 morte,
1069 4581 1146 4633 sic
1171 4580 1390 4646 signum
1431 4581 1607 4632 crucis
1636 4578 1921 4632 liberatum
1946 4581 2025 4632 est
2049 4582 2106 4651 D
2125 4583 2253 4639 ﬁdei
2281 4583 2482 4638 summi
2511 4582 2827 4638 Sacerdotis
2856 4582 3242 4659 prteﬁguratur
3287 4582 3600 4659 negotium,
3652 4582 3741 4654 qui

479 4671 514 4710 α
541 4653 852 4709 rectusione.

480 4768 655 4843 lgitur
683 4764 1152 4838 quemadmodum
1196 4764 1333 4818 satis
1367 4761 1609 4818 evidenti
1642 4761 1853 4817 ratione
1882 4761 2021 4817 rela-

409 4869 524 4918 tum
565 4868 648 4916 est
676 4856 915 4931 qualiter
958 4856 1014 4910 in
1046 4854 1346 4927 sepulturae
1386 4853 1687 4910 Dominica:
1731 4863 1920 4925 typum
1954 4854 2025 4907 li-

408 4969 577 5027 gnum
606 4952 787 5008 crucis
819 4949 915 5005 diu
945 4947 1238 5005 videbatur
1264 4947 1622 5015 occultatum,
1654 4946 1729 5000 ita
1756 4962 1903 5001 nunc
1928 4961 2025 5002 vo-

410 5047 496 5103 bis
529 5048 583 5101 in
632 5043 1057 5100 resurrectionis
1112 5042 1409 5099 Dominica:
1449 5040 1801 5096 referendum
1833 5045 1914 5095 est
1957 5038 2027 5094 si-

410 5155 578 5216 gnum
612 5136 847 5210 qualiter
881 5137 950 5192 ad
981 5136 1237 5192 eumdem
1270 5135 1493 5191 modum
1523 5134 1577 5188 S.
1611 5133 1790 5189 crucis
1840 5132 2026 5187 eleva-

412 5235 524 5283 tum
556 5234 637 5281 est
663 5225 893 5301 lignum.
918 5224 1055 5289 Quia
1086 5226 1233 5295 enim
1262 5223 1531 5280 Dominici
1563 5222 1814 5295 corporis
1842 5221 2024 5293 sepul-

414 5322 536 5372 tura
579 5312 928 5369 inveniendaa
959 5314 1140 5369 crucis
1172 5320 1388 5385 poterat
1415 5327 1539 5367 esse
1567 5310 1761 5385 ﬁgura,
1794 5310 2024 5384 dignum

414 5419 498 5466 est
539 5415 620 5476 ut,
654 5407 797 5462 sicut
838 5407 1044 5463 carceri
1096 5407 1300 5479 Ioseph
1357 5416 1412 5462 et
1457 5402 1754 5478 sepulturas
1808 5404 2026 5460 Domini

412 5504 662 5574 ejusdem
712 5500 891 5556 crucis
963 5499 1404 5570 comparavimus
1459 5497 1904 5559 absconsionem,
1952 5496 2026 5552 ita

411 5590 559 5649 nunc
585 5589 857 5664 apertioni
893 5586 1130 5643 carceris
1181 5593 1235 5642 et
1287 5585 1679 5642 resurrectioni
1709 5584 2022 5647 Salvatoris,

410 5686 659 5756 ejusdem
690 5680 870 5738 crucis
890 5677 1232 5735 attitulemus
1259 5677 1655 5735 inventionem.
1693 5677 1847 5733 Sicut
1876 5676 2025 5759 enim

410 5776 673 5832 extraclio
702 5771 907 5841 Ioseph
937 5786 968 5824 a
998 5767 1234 5823 cisterna
1264 5767 1601 5824 Dominicam
1633 5767 1907 5841 siniﬁcat
1934 5783 2027 5823 re-

2126 4688 2225 4745 per
2245 4672 2495 4728 Petrum:
2527 4674 2650 4735 Vos,
2679 4671 2881 4743 inquit,
2916 4674 3041 4728 estis
3070 4687 3235 4740 genus
3292 4672 3536 4737 electum,
3567 4671 3746 4739 regale

2124 4760 2486 4817 sacerdotium
2538 4761 2587 4832 (Ι
2608 4762 2751 4815 Petr.
2802 4759 2881 4829 ιι).
2935 4759 3090 4815 Unde
3118 4759 3409 4816 sciendum
3443 4766 3527 4815 est
3574 4760 3744 4832 quod,

2126 4853 2269 4908 sicut
2304 4852 2508 4924 Ioseph
2538 4869 2568 4906 a
2614 4851 2899 4907 Pharaone
2931 4851 3136 4909 annulo
3186 4857 3243 4907 et
3270 4851 3432 4919 stola,
3463 4857 3521 4906 et
3553 4861 3746 4923 torque

2126 4956 2296 4997 aurea
2321 4946 2549 4996 ornatus
2590 4945 2674 4994 est
2710 4937 3036 5015 ﬁguraliter,
3073 4939 3155 4996 sic
3187 4939 3392 4995 Helena
3422 4938 3744 4995 beatissima

2125 5035 2337 5110 lignum
2363 5034 2543 5090 crucis
2568 5032 2854 5090 exornavit
2884 5032 3268 5100 bistorialitcr,
3299 5033 3529 5104 quando
3560 5032 3632 5088 de
3661 5047 3747 5087 re-

2122 5127 2265 5201 galis
2282 5124 2675 5181 muniﬁcentiae
2702 5127 2961 5182 thesauro
2988 5123 3238 5181 eamdem
3267 5140 3487 5181 crucem
3511 5124 3747 5201 gemmis

2125 5215 2406 5273 decoravit
2431 5221 2485 5270 et
2512 5230 2667 5270 auro.
2700 5214 2892 5270 Adhuc
2920 5214 3110 5284 etiam,
3141 5213 3285 5270 sicut
3313 5212 3524 5284 Ioseph
3556 5220 3740 5285 typum

2128 5305 2291 5361 nobis
2312 5303 2627 5376 praetendit,
2649 5303 2873 5376 quando
2892 5303 3129 5359 diversis
3149 5301 3485 5357 muneribus
3495 5308 3740 5365 ornatus,

2132 5413 2353 5454 currum
2375 5394 2737 5465 jucunditatis
2766 5395 3036 5463 ascendit,
3083 5394 3163 5450 sic
3204 5393 3413 5450 Helena
3442 5392 3748 5449 sacratissi-

2126 5506 2218 5546 ma
2241 5488 2411 5546 hodie
2438 5488 2600 5543 nobis
2620 5503 2790 5544 cornu
2822 5487 3015 5543 salutis
3039 5486 3234 5555 erexit,
3268 5487 3400 5541 dum
3433 5500 3536 5558 pro
3566 5494 3746 5541 nostra

2128 5583 2307 5637 salute
2349 5596 2570 5637 crucem
2616 5578 2952 5636 Dominicam
2998 5579 3070 5635 de
3100 5578 3229 5635 imis
3276 5578 3344 5634 ad
3372 5593 3592 5634 summa
3618 5592 3744 5649 pro-

2124 5671 2288 5727 vexit.
2321 5670 2593 5726 Prteterea
2609 5685 2761 5737 vero,
2789 5669 2930 5725 sicut
2960 5669 3192 5741 Ioseph,
3218 5684 3386 5725 curru
3416 5667 3743 5724 sublimatus

2127 5765 2319 5840 regali,
2348 5780 2485 5822 voce
2513 5764 2854 5837 praeconaria
2874 5764 3075 5822 meruit
3102 5763 3311 5836 ubique
3337 5761 3740 5836 praedicari.sis
