4006 6198
299 379 395 439 941

1272 381 1351 440 DE
1392 385 1603 442 LAUDE
1647 385 1726 442 ET
1770 381 1896 442 lNV.
1942 387 1998 446 S.
2045 383 2299 444 CRUCIS.
2344 421 2409 432 —
2451 387 2572 446 LIB.
2620 394 2660 449 ι.

3525 405 3630 460 942

299 533 352 586 in
381 531 575 587 eodem
616 532 758 588 facto
787 532 1025 605 duplicis
1053 534 1242 609 gratiae
1288 535 1604 607 mysterium
1639 536 1800 593 nobis
1831 554 1912 594 re-
1935 521 1990 590 A
2015 517 2198 585 οοηάίν
2231 534 2396 591 quem
2427 521 2481 576 ίη
2512 535 2673 577 53°00
2721 513 2904 579 fratris
2934 525 3018 580 ευί
3045 527 3284 596 junioris
3310 531 3439 587 Olim
3466 533 3632 604 Ῑυεείῐ

299 618 534 690 liquerat
560 621 794 694 grande,
828 622 959 677 dum
1008 623 1075 676 ad
1137 623 1388 678 eamdem
1444 622 1672 696 figuram
1707 625 1913 699 lignum

299 713 478 769 crucis
508 729 538 767 a
567 713 749 784 plebe,
783 725 836 771 et
865 713 1111 771 Christus
1140 717 1472 788 praedicatur
1499 733 1528 772 a
1556 717 1790 774 Joanne.

948 824 1154 880 CtPUT
1187 826 1271 881 Vl.

302 911 760 986 Quemadmodum
785 914 998 983 Joseph,
1030 915 1361 981 frumentum
1395 917 1710 972 venditurus
1748 918 1918 986 Egy-

366 985 474 1053 pti,
504 985 696 1056 horrea
723 986 868 1052 regis
897 988 1136 1054 aperuit,
1161 988 1239 1040 sic
1266 988 1468 1042 Helena
1493 990 1684 1056 regina
1710 985 1920 1054 lignum

371 1057 545 1108 crucis
568 1057 629 1108 in
667 1055 855 1110 horreo
883 1057 1132 1111 Ecclesiae
1168 1058 1320 1112 nobis
1351 1061 1564 1129 aperire
1601 1061 1916 1130 promeruit.

375 1164 562 1220 Relato
591 1165 757 1238 igitur
781 1166 915 1238 quid
945 1165 1150 1238 Joseph
1187 1184 1278 1224 rex
1316 1168 1671 1241 {Egyptiacus
1703 1169 1919 1238 fecerit,

303 1255 652 1312 referendum
676 1265 757 1312 est
787 1259 951 1313 etiam
976 1259 1107 1330 quid
1144 1259 1261 1330 ipse
1288 1260 1494 1332 Joseph
1513 1277 1636 1316 cum
1655 1261 1924 1336 [Egyptiis

303 1363 465 1402 causa
509 1349 869 1404 humanitatis
899 1349 1096 1424 egerit,
1142 1366 1210 1404 ne
1251 1352 1339 1406 cui
1399 1362 1639 1408 vestrum
1671 1352 1925 1408 videatur

304 1436 613 1510 indignum,
642 1437 687 1492 si
733 1438 933 1492 factum
976 1439 1127 1493 illius
1159 1439 1504 1495 Dominicum
1553 1440 1823 1495 referatur
1853 1438 1921 1492 ad

301 1525 533 1600 lignum.
569 1526 717 1582 Sicut
766 1528 914 1582 enim
962 1543 1166 1590 carcer,
1219 1544 1328 1600 quo
1363 1528 1464 1584 fuit
1509 1529 1776 1596 inclusus,
1835 1529 1920 1585 vel

302 1635 514 1686 currus,
539 1636 650 1692 quo
684 1629 801 1676 erat
827 1621 1177 1690 sublimatus,
1213 1623 1512 1679 Dominicae
1542 1624 1690 1680 cruci
1724 1639 1922 1679 conve-

302 1713 518 1768 nienter
546 1721 630 1768 est
659 1724 1030 1786 comparatus,
1062 1716 1143 1772 sic
1172 1716 1473 1791 [Egyptiaci
1529 1717 1790 1773 frumenti
1829 1718 1920 1772 di-

302 1810 442 1865 visio
473 1809 806 1865 venerandae
839 1811 1020 1867 eidem
1053 1813 1201 1868 cruci
1233 1813 1399 1868 simili
1425 1820 1507 1869 est
1533 1814 1744 1869 ratione
1763 1829 1919 1869 com-

2017 611 2302 667 abscondi.
2364 613 2593 687 Dignum
2645 615 2852 688 quippe
2892 625 2974 674 est
3013 628 3092 686 ut,
3133 623 3274 680 sicut
3301 642 3364 681 ex
3418 627 3632 684 horreis

2017 705 2219 776 Joseph
2242 707 2490 763 cmlcstis
2519 709 2677 783 grani
2719 711 2872 782 prius
2911 712 3012 769 fuit
3043 717 3330 774 enucleata
3366 721 3629 789 medulla,

2023 796 2094 852 ita
2123 797 2193 852 de
2239 799 2448 870 scypho
2508 801 2630 870 ejus
2659 802 2923 875 spiritalis
2965 809 3296 864 sacramenti
3330 809 3440 878 jam
3473 813 3633 869 vobis

2022 887 2351 957 pr0pinetur
2367 889 2630 960 ampulla,
2655 898 2715 946 ut
2738 892 2791 946 in
2814 893 3203 951 observatione
3231 897 3363 952 tanti
3391 901 3633 971 mysterii

2021 983 2318 1054 participes
2343 983 2463 1039 sitis
2489 985 2680 1059 gratiae
2713 986 2830 1054 Dei,
2864 1004 3025 1060 quam
3056 990 3110 1044 in
3162 990 3528 1050 absconsidne
3557 995 3630 1050 li-

2021 1076 2116 1148 gni
2161 1077 2431 1134 Dominici
2463 1081 2742 1152 quondam
2792 1083 3084 1153 perdidere
3132 1085 3330 1146 Judaei.
3391 1088 3493 1146 Per
3532 1091 3634 1148 hoc

2025 1169 2194 1237 enim,
2229 1172 2377 1244 quod
2403 1172 2580 1228 Judaei
2615 1185 2722 1230 tam
2764 1177 3038 1246 profunde
3067 1182 3222 1252 quasi
3254 1181 3309 1237 in
3343 1199 3438 1240 ore
3477 1193 3635 1242 terra:

2023 1259 2230 1332 lignum
2265 1265 2442 1319 crucis
2481 1266 2913 1337 absconderunt,
2945 1270 3144 1328 factum
3191 1275 3396 1348 Joseph
3440 1279 3635 1334 imitari

2024 1349 2342 1421 noluerunt,
2375 1354 2469 1424 qui
2501 1362 2792 1427 postquam
2833 1359 2901 1413 ad
2934 1359 3196 1433 inquisita
3249 1363 3474 1420 fratrum
3515 1384 3639 1424 suo-

2023 1455 2139 1493 rum
2175 1456 2409 1513 quaeque
2439 1444 2827 1501 convenientia
2857 1450 3166 1519 respondit,
3200 1453 3422 1508 tandem
3455 1455 3510 1509 in
3543 1472 3638 1511 ore

2021 1531 2165 1585 sacci
2189 1531 2426 1599 junioris
2454 1535 2720 1605 scyphum
2768 1547 3086 1612 argenteum
3119 1541 3430 1599 abscondit.
3487 1546 3638 1601 Sicut

2023 1634 2122 1690 per
2148 1620 2414 1690 scyphum
2447 1622 2712 1692 splendor
2736 1625 2886 1680 verbi
2915 1627 3176 1697 cmlestis,
3210 1639 3265 1686 et
3289 1647 3388 1702 per
3415 1649 3634 1688 saccum

2025 1706 2206 1762 littera
2237 1709 2560 1780 exprimitur
2589 1710 2748 1785 legis,
2778 1713 2851 1770 ita
2883 1730 2980 1786 per
2999 1731 3061 1772 os
3089 1719 3227 1774 sacri
3255 1721 3490 1789 junioris
3519 1725 3634 1778 ani-

2025 1818 2112 1856 ma
2150 1802 2399 1877 signatur
2428 1805 2692 1873 hominis,
2735 1807 2781 1862 si
2823 1815 3007 1864 tamen
3048 1815 3388 1884 peramplius
3425 1825 3480 1872 et
3505 1833 3635 1888 per-

304 1901 569 1970 paranda,
604 1901 900 1956 Sciendum
932 1909 1014 1956 est
1069 1902 1274 1974 quippe
1311 1903 1480 1974 quod,
1525 1903 1667 1958 sicut,
1691 1903 1920 1974 Joseph,
1945 1872 1996 1941 Β
2023 1872 2418 1952 fectiuseidem
2443 1872 2690 1956 adhaeret
2711 1901 2978 1968 scientia,
3004 1872 3073 1960 dt)
3095 1923 3203 1978 qua
3230 1872 3632 1980 scriptum'est:

306 1993 637 2049 frumentum
692 1995 1021 2052 venditurus
1077 1994 1367 2069 IEgyptiis,
1418 1997 1612 2052 horrea
1638 1995 1919 2052 charitatis
2019 1985 2215 2041 Anima
2242 1987 2562 2056 Ῑυεῑίεθάθε
2609 2000 2692 2046 εει
2722 1993 3034 2064 sapientia?-
3069 1996 3222 2053 Unde
3253 2000 3515 2070 quoniam
3540 2002 3634 2056 Jo-

302 2086 538 2156 aperuit,
590 2085 668 2142 sic
724 2086 929 2141 Helena
981 2087 1352 2142 sacratissima
1413 2088 1623 2163 lignum
1689 2089 1742 2143 in
1807 2105 1917 2161 quo
2018 2078 2154 2149 seph
2180 2078 2235 2133 in
2267 2081 2583 2138 summitate
2613 2083 2797 2140 cordis
2823 2087 2932 2152 sui,
2974 2089 3129 2160 quasi
3163 2089 3216 2144 in
3248 2105 3343 2146 ore
3374 2092 3538 2159 sacci,
3570 2093 3636 2147 il-

299 2197 533 2254 granum
568 2180 830 2236 frumenti
859 2187 1136 2236 mortuum
1178 2181 1280 2237 fuit
1310 2183 1476 2238 hodie
1509 2181 1668 2239 nobis
1698 2183 1915 2254 aperire

304 2269 632 2340 promeruit,
664 2284 733 2324 ne
765 2285 886 2324 cum
926 2269 1195 2337 Manasse,
1228 2271 1320 2342 qui
1370 2271 1755 2342 interpretatur
1783 2271 1922 2325 obli-

296 2361 404 2420 vio.
428 2360 664 2431 amplius
687 2361 911 2416 daretur
941 2361 998 2415 in
1024 2361 1379 2428 oblivionem,
1413 2363 1511 2416 sed
1532 2378 1654 2416 cum
1686 2361 1917 2432 Joseph,

299 2449 392 2519 qui
424 2455 612 2506 auctus
641 2450 862 2519 dicitur,
902 2451 960 2506 in
1002 2452 1362 2508 Christianam
1409 2453 1589 2524 potius
1619 2463 1920 2524 augeretur

299 2541 646 2615 religionem.
672 2543 827 2600 Unde
867 2545 997 2616 quia
1027 2561 1126 2616 per
1153 2545 1366 2617 antiqui
1394 2543 1685 2616 perfidiam
1716 2545 1916 2611 hostis,

300 2631 458 2700 panis
491 2630 618 2687 fidei
651 2640 706 2688 et
745 2631 1027 2688 cltaritatis
1055 2634 1162 2706 jam
1197 2650 1338 2705 pene
1372 2632 1575 2688 defecit
1597 2633 1651 2688 in
1684 2633 1920 2688 sitarciis

298 2722 524 2789 nostris,
558 2738 785 2779 necesse
803 2730 885 2779 est
914 2731 974 2779 ut
1006 2725 1072 2780 ad
1105 2741 1294 2779 verum
1325 2725 1528 2795 Joseph
1559 2740 1659 2795 pro
1689 2733 1919 2795 paterno

2019 2173 2124 2227 lam
2146 2189 2368 2246 semper
2390 2176 2614 2233 inclusit
2650 2179 2962 2248 scientiam,
2995 2182 3064 2237 de
3091 2200 3199 2256 qua
3230 2187 3490 2258 scriptum
3521 2197 3630 2244 est:

2022 2260 2091 2316 Os
2113 2261 2262 2330 justi
2305 2265 2658 2320 meditabitur
2706 2271 3034 2338 sapientiam
3088 2273 3258 2342 (Psal.
3300 2277 3442 2345 xvi);
3507 2277 3633 2333 ideo

2022 2365 2117 2407 cor
2145 2352 2264 2421 ejus
2296 2371 2580 2427 nunquam
2608 2359 2836 2414 recessit
2861 2376 2892 2415 a
2921 2360 3045 2435 lege
3077 2361 3268 2432 ipsius.
3317 2364 3448 2431 Sed,
3481 2381 3630 2438 quo-

2022 2441 2167 2498 niam
2221 2460 2252 2498 a
2300 2445 2534 2516 perfidia
2563 2448 2806 2506 Judaicae
2839 2451 3140 2524 impietatis
3182 2454 3344 2528 longe
3385 2468 3629 2514 remotus

2019 2539 2135 2586 erat
2171 2534 2412 2604 scyphus
2453 2535 2597 2591 idem
2629 2539 2909 2605 veritatis;
2942 2539 3069 2596 ideo
3125 2543 3442 2599 thesaurum
3476 2546 3625 2601 illum

2019 2624 2442 2683 desiderabilem
2472 2645 2692 2686 servare
2720 2646 2832 2686 non
2864 2640 3118 2703 poterant
3160 2635 3216 2690 in
3249 2637 3443 2694 intimo
3471 2655 3632 2694 men-

2019 2713 2109 2780 tis,
2150 2714 2220 2770 de
2261 2732 2370 2788 quo
2419 2717 2683 2789 scriptum
2724 2729 2836 2776 est:
2890 2720 3202 2779 Thesaurus
3245 2726 3632 2784 desiderabilis

295 2825 440 2880 pane
468 2826 591 2864 cum
621 2811 854 2883 prodigo
888 2812 981 2867 illo
1022 2811 1134 2867 filio
1179 2828 1527 2867 recurramus
1557 2810 1666 2866 fide
1699 2827 1793 2866 reo
1823 2812 1919 2883 qui
2021 2801 2321 2873 PCQUiCSCit
2367 2804 2422 2860 in
2455 2821 2550 2862 ore
2605 2807 2894 2878 sapientis.
2938 2809 3091 2867 Unde
3152 2813 3349 2870 mirum
3397 2831 3504 2871 non
3546 2826 3628 2871 est

293 2912 550 2953 reversus
581 2899 647 2953 ad
693 2907 936 2970 patrem:
993 2901 1214 2966 Quanti,
1271 2899 1472 2972 inquit,
1503 2901 1822 2956 mercenarii
1856 2903 1915 2955 in
2015 2896 2186 2966 quod,
2208 2896 2335 2952 licet
2352 2898 2419 2953 ab
2448 2915 2556 2954 una
2578 2903 2841 2976 progenie
2870 2902 3075 2960 fuerint
3094 2906 3298 2978 Joseph
3325 2908 3627 2976 ettlebrtei,

295 2989 453 3045 domo
482 2994 660 3061 patris
702 2993 809 3046 mei
862 2992 1139 3046 abundant
1176 2993 1434 3062 panibus,
1466 3008 1559 3060 ego
1602 2997 1778 3047 autem
1829 2993 1915 3047 hic
2017 2982 2194 3040 inltoc
2215 2992 2398 3042 tamen
2422 2986 2564 3044 facto
2590 2989 2752 3045 aliam
2785 2989 3150 3049 intentionem
3180 2996 3371 3052 habuit
3394 2997 3628 3070 Joseph,

293 3079 441 3144 fame
480 3094 638 3148 pereo
687 3080 836 3149 (Luc.
862 3080 976 3150 xv).
1018 3079 1128 3134 Nisi
1160 3081 1306 3135 enim
1362 3081 1431 3136 ad
1481 3080 1913 3152 promerendum
2016 3080 2073 3128 et
2102 3073 2262 3128 aliam
2293 3075 2488 3143 Judaei,
2529 3075 2660 3132 dum
2707 3094 2804 3150 pro
2838 3080 3057 3137 diversa
3105 3084 3368 3156 qualitate
3401 3089 3627 3145 merito-

291 3169 620 3224 aeternitatis
670 3186 900 3242 regnum
957 3170 1026 3226 dc
1089 3171 1316 3226 zizaniis
1352 3172 1609 3228 vitiorum
1653 3171 1917 3228 faciamus
1949 3228 1992 3248 η
2018 3181 2160 3230 rum,
2187 3167 2404 3223 diversa
2435 3169 2598 3224 etiam
2653 3170 2752 3227 fuit
2783 3172 3038 3230 voluntas
3073 3176 3437 3248 singulorum.
3474 3181 3628 3237 Sicut

295 3260 460 3316 nobis
486 3259 780 3318 fasciculos
809 3263 876 3317 ad
909 3264 1370 3330 comburendum,
1428 3281 1775 3337 nequaquam
1819 3265 1913 3321 illo
1944 3256 1994 3296 (ι’
2015 3256 2161 3349 enim
2193 3259 2403 3349 Ιοβρρὶι
2430 3261 2498 3315 ad
2519 3261 2894 3336 castigandam
2924 3265 3184 3349 fratcrnte
3209 3269 3505 3341 impietatis
3526 3289 3624 3328 au-

299 3347 433 3406 boni
487 3351 674 3422 operis
731 3352 1014 3423 manipulo
1071 3353 1458 3424 perveniemus
1497 3355 1564 3408 ad
1609 3354 1800 3418 Deum,
1843 3355 1912 3409 de
2015 3345 3022 3424 daciam,inreclusionescyphiillius
3045 3346 3626 3417 contumeliammuta-

296 3457 408 3512 quo
451 3442 715 3513 scriptum
748 3451 856 3499 est;
896 3447 1160 3500 Triticum
1200 3451 1514 3515 congregate
1563 3448 1622 3500 in
1668 3447 1913 3500 horreum
2014 3436 2091 3491 Vli.
2119 3435 2175 3490 in
2203 3438 2455 3509 gratiam,
2491 3439 2564 3494 ita
2602 3441 2777 3496 δυάὶἓί
2819 3446 3095 3502 contrario
3124 3447 3191 3501 3']
3222 3447 3627 3506 obscurandam

293 3546 471 3585 meum
500 3533 714 3599 (Matth.
771 3534 900 3603 xm).
936 3532 1196 3598 Proinde,
1229 3533 1372 3588 sicut
1414 3550 1476 3589 ex
1520 3542 1796 3604 praecepto
1822 3534 1910 3589 Jo-

2022 3521 2335 3581 Cbristiante
2386 3527 2673 3602 religionis
2732 3534 3070 3597 memoriam,
3141 3535 3194 3591 in
3256 3537 3627 3596 absconsione

292 3623 432 3694 scph
459 3624 653 3695 quinta
685 3641 810 3697 pars
855 3624 1070 3697 frugum
1111 3625 1484 3699 Egyptiarum
1533 3626 1659 3681 data
1688 3633 1770 3680 est
1799 3627 1912 3700 regi
2013 3613 2194 3668 οτυθίε
2224 3618 2614 3674 οοηῑυῐηθιίδιη
2659 3621 2821 3676 "oms
2859 3623 3046 3692 Ροίίυε
3096 3632 3424 3697 ορίδνετυηι
3461 3647 3624 3700 quam

297 3715 374 3770 ita
414 3716 659 3788 quinque
708 3733 904 3772 sensus
944 3717 1114 3772 nostri
1164 3717 1452 3772 deferendi
1491 3724 1617 3772 sunt
1654 3717 1708 3771 in
1740 3717 1912 3773 obse-

295 3807 486 3877 quium
518 3807 636 3874 Dei,
664 3816 723 3863 ut
747 3824 858 3879 prie
888 3809 1082 3880 quinta
1115 3816 1290 3880 parte,
1328 3825 1449 3880 quze
1477 3807 1785 3864 debebatur
1828 3825 1916 3864 re-

293 3896 482 3970 gibus,
507 3897 755 3969 quinque
777 3914 1035 3953 sensuum
1061 3909 1371 3954 nostrorum
1392 3898 1695 3954 custodiam
1713 3899 1915 3955 divinis

293 4005 521 4060 semper
547 3990 926 4062 mancipemur
955 3991 1190 4064 legibus.
1220 3990 1490 4046 Nisienim
1507 3991 1572 4046 ad
1603 3993 1914 4063 exemplum

291 4081 489 4158 legalis
533 4083 858 4138 sacramenti
913 4083 1337 4158 primogenitum
1379 4083 1619 4139 hominis
1669 4084 1915 4139 redima-

303 4175 427 4228 mus
449 4173 695 4246 quinque
729 4172 876 4228 siclis
907 4173 1142 4246 argenti,
1173 4172 1311 4227 nihil
1353 4173 1513 4228 nobis
1535 4173 1780 4245 quinque
1799 4175 1919 4229 vul-

299 4278 494 4317 nerum
521 4261 715 4318 Christi
766 4262 1052 4334 profecere
1082 4262 1313 4330 vibices,
1348 4262 1550 4334 quibus
1580 4262 1632 4317 in
1682 4278 1773 4318 ara
1796 4279 1921 4319 cru-

294 4356 375 4413 cis
406 4357 656 4430 quinque
696 4372 958 4412 sensuum
991 4365 1305 4412 nostrorum
1360 4356 1533 4412 voluit
1563 4372 1756 4412 sanare
1783 4358 1920 4413 cica-

294 4447 482 4502 trices.
517 4447 694 4515 Unde,
734 4464 803 4503 ne
834 4448 1002 4503 iidem
1032 4464 1229 4503 sensus
1279 4447 1450 4504 nostri
1481 4463 1601 4503 cum
1654 4448 1919 4522 Egyptiis

295 4550 326 4589 a
359 4535 467 4590 fide
523 4543 578 4590 et
625 4537 889 4592 charitate
925 4537 1220 4592 videantur
1258 4537 1459 4608 jejuni,
1491 4553 1676 4592 verum
1709 4537 1916 4609 10seph

298 4629 598 4701 implorare
659 4629 928 4687 debemus
986 4632 1236 4687 oratione
1295 4633 1604 4697 communi;
1646 4639 1918 4704 quatenus

2017 3705 2267 3780 gloriam.
2321 3709 2380 3762 In
2421 3726 2530 3782 qua
2556 3711 2813 3768 videlicet
2843 3729 2902 3769 re
2949 3715 3116 3771 nimis
3159 3717 3432 3775 malitiose
3473 3722 3626 3776 fece-

2018 3808 2164 3869 runt,
2197 3802 2327 3858 dum
2357 3804 2425 3860 ad
2477 3807 2872 3863 contumeliam
2917 3819 3157 3865 nostram
3197 3818 3348 3868 tanto
3379 3821 3629 3886 tempore

2017 3893 2338 3952 thesaurum
2371 3897 2681 3955 Divinitatis
2707 3901 3138 3970 absconderunt,
3172 3919 3296 3959 cum
3341 3907 3514 3962 satius
3541 3908 3626 3963 eis

2021 3993 2167 4042 esset
2189 4003 2310 4043 cum
2333 3989 2536 4062 Joseph
2559 3993 2827 4064 scyphum
2859 3993 3106 4049 veritatis
3139 3994 3436 4065 invenisse,
3463 4015 3627 4071 quam

2022 4091 2121 4147 pro
2183 4076 2392 4134 invidia
2448 4079 2882 4140 Christianorum
2927 4087 3118 4142 tandiu
3175 4087 3384 4163 lignum
3452 4091 3629 4147 crucis

2021 4171 2398 4230 abscondisse.
2449 4175 2508 4230 Et
2557 4193 2704 4245 cum,
2765 4180 2918 4248 juxta
2978 4192 3315 4254 praeceptum
3373 4185 3528 4259 legis,
3562 4188 3628 4242 ad

2021 4261 2397 4337 obtegendum
2459 4265 2647 4322 ﬁmum
2689 4267 2932 4326 Judaicze
2995 4272 3199 4340 sordis,
3254 4289 3377 4328 cum
3433 4276 3628 4332 eodem

2022 4355 2225 4428 Joseph
2249 4358 2510 4428 paxiltum
2539 4363 2982 4432 compunctionis
3009 4375 3230 4435 portare
3245 4367 3510 4424 deberent
3528 4371 3629 4424 sub

2022 4449 2204 4508 balteo
2243 4453 2447 4516 cordis.
2500 4457 2806 4516 econtrario
2855 4457 3008 4526 ﬁdei,
3067 4462 3188 4532 spei
3243 4470 3297 4517 et
3352 4464 3634 4520 charitatis

2021 4543 2254 4599 amisere
2287 4546 2570 4616 paxillum,
2611 4548 2740 4603 dum
2790 4565 2888 4620 per
2936 4551 3159 4608 invidiae
3189 4554 3468 4609 stimulum
3527 4555 3633 4611 Do-

2021 4633 2236 4690 minicaa
2265 4637 2444 4694 crucis
2471 4647 2656 4694 texere
2686 4641 2966 4699 vexillum.
3002 4643 3109 4698 Sed
3142 4645 3246 4701 hoc
3283 4647 3480 4701 mirum
3515 4663 3627 4703 non

300 4719 440 4790 ipse,
483 4720 576 4791 qui
611 4736 710 4792 pro
739 4721 977 4774 humana
1009 4720 1182 4775 salute
1217 4719 1496 4792 quondam
1544 4721 1761 4776 volebat
1793 4736 1921 4775 csu-
2019 4729 2102 4776 est
2131 4723 2276 4794 quod
2306 4725 2409 4780 sub
2440 4725 2626 4783 balteo
2679 4729 2862 4784 cordis
2921 4731 3182 4802 paxillum
3219 4748 3327 4789 non
3387 4736 3629 4792 habuere

297 4810 407 4864 rire
447 4811 502 4865 in
557 4810 789 4887 Egypto
839 4811 1215 4868 tribulationis
1268 4811 1446 4878 istius,
1482 4811 1789 4883 unicuique
1815 4827 1920 4868 no-
2019 4813 2488 4884 compunctionis,
2519 4817 2611 4888 qui
2664 4817 2717 4871 in
2762 4819 2956 4876 intimo
2989 4820 3234 4878 habuere
3274 4825 3476 4880 mentis
3505 4843 3631 4899 scy-

299 4905 473 4954 strum
536 4899 730 4954 horrea
779 4899 1061 4954 cbaritatis
1108 4900 1370 4974 dignetur
1415 4901 1654 4971 aperire,
1685 4916 1916 4974 granum
2020 4902 2190 4974 phum
2256 4905 2492 4977 perdere
2561 4908 2898 4980 dilectionis,
2950 4915 3083 4984 quia
3135 4932 3297 4970 curru
3349 4919 3630 4989 superbiae

298 4986 559 5043 videlicet
594 4987 748 5042 verbi
789 4987 1031 5044 caelestis
1058 4989 1307 5045 interiori
1333 4989 1570 5046 ofiercns
1596 4991 1789 5065 menti,
1823 4991 1915 5064 qui

297 5091 400 5148 per
424 5085 656 5132 mortem
686 5076 865 5132 crucis
894 5077 1139 5148 seipsum
1181 5094 1500 5150 comparare
1530 5080 1705 5136 voluit
1746 5095 1918 5154 grano

300 5166 585 5224 frumenti.

926 5239 1133 5295 CAPUT
1177 5241 1286 5296 Vll.

305 5353 762 5421 Quemadmodum
778 5353 971 5423 Joseph
992 5355 1050 5408 in
1068 5369 1219 5409 sacco
1234 5356 1406 5422 fratri
1412 5372 1436 5410 s
1442 5357 1688 5425 junioris
1709 5357 1926 5415 abscon-

441 5425 525 5480 dit
553 5427 837 5495 scyphum,
879 5429 956 5480 sic
982 5425 1155 5480 ludat
1185 5426 1393 5495 lignum
1433 5430 1786 5483 Dominicum.

381 5536 571 5611 Igitur,
600 5536 741 5592 sicut
781 5535 1024 5591 medulla
1055 5536 1240 5603 tritici,
1294 5551 1417 5608 qum
1449 5537 1552 5592 sub
1596 5537 1927 5614 [Egyptiacaa

308 5624 594 5681 servitutis
611 5624 770 5696 palea
785 5623 1095 5681 diutissime
1116 5624 1296 5690 latuit,
1325 5626 1480 5697 grani
1513 5627 1755 5684 caelestis
1784 5643 1924 5684 ven-

309 5721 560 5776 tilatione
594 5720 706 5793 jam
749 5718 914 5775 nobis
953 5716 1301 5791 apertissime
1332 5719 1525 5790 patuit,
1570 5723 1645 5778 ita
1683 5724 1927 5796 scyphus

2019 5011 2131 5051 sua:
2162 4997 2216 5051 in
2250 5013 2524 5056 carcerem
2557 5001 2847 5059 diabolica
2903 5007 3236 5076 captivitatis
3287 5011 3630 5083 praecipitati,

2024 5087 2092 5142 ab
2116 5089 2316 5146 horreo
2363 5090 2621 5148 Ecclesia)
2653 5103 2705 5150 et
2736 5096 2944 5167 scypho
2973 5098 3258 5169 sapientiae
3291 5100 3442 5158 fuere
3473 5120 3636 5175 sepa-

2025 5181 2148 5236 rati.
2180 5180 2334 5238 Unde
2367 5199 2436 5239 ne
2459 5199 2561 5241 nos
2592 5186 2786 5241 eodem
2821 5190 2983 5244 modo
3014 5191 3081 5244 ab
3105 5193 3332 5264 antiquo
3351 5193 3632 5252 Pharaone

2027 5269 2314 5326 videamur
2366 5272 2714 5343 incarcerari,
2756 5293 2914 5332 curru
2955 5278 3280 5336 humilitatis
3337 5290 3384 5336 et
3430 5286 3638 5355 patien-

2027 5361 2117 5418 tiae
2159 5378 2282 5417 cum
2315 5363 2516 5436 Joseph
2545 5365 2817 5423 debemus
2854 5369 3076 5435 elevari,
3107 5378 3165 5428 ut
3204 5372 3260 5428 in
3301 5375 3498 5432 horreo
3532 5377 3635 5434 Ec-

2028 5449 2210 5505 etesiae
2254 5467 2365 5508 non
2396 5453 2572 5509 solum
2602 5456 2864 5527 spiritalis
2915 5459 3076 5514 tritici
3133 5478 3393 5518 mensura
3443 5465 3638 5534 cibari,

2031 5545 2128 5600 sed
2176 5546 2340 5601 etiam
2372 5548 2582 5618 scypho
2613 5549 2856 5605 cmlestis
2909 5551 3117 5625 eloquii
3156 5573 3468 5612 mereamur
3514 5573 3638 5614 cum

2027 5633 2562 5692 Christoinebriante
2582 5639 2777 5710 potari.
2799 5640 3000 5714 Sicque
3021 5644 3254 5714 spiritali
3272 5656 3644 5717 sacramento,

2027 5723 2184 5796 quasi
2223 5739 2393 5796 Opere
2444 5725 2849 5802 distinguentes
2887 5733 3222 5805 anaglypho,
3272 5733 3405 5804 quid
3447 5736 3644 5792 eodem

318 5813 412 5868 ille
448 5813 651 5884 Joseph
686 5827 1035 5884 nequaquam
1079 5813 1245 5867 debet
1275 5827 1304 5864 a
1336 5819 1511 5866 vestra
1555 5814 1818 5872 charitate
1848 5831 1930 5873 re-
2030 5831 2250 5870 careere
2289 5822 2556 5887 etcurru,
2589 5816 2791 5890 quidve
2831 5817 3105 5876 frumento
3161 5821 3506 5894 signiﬁcetur
3550 5838 3644 5884 aut
