4006 6198
451 358 557 415 953
1449 356 1811 413 BERENGOSI
1851 358 2122 413 ABBATIS
2163 357 2215 415 S.
2260 358 2493 414 MAXIMI
2536 360 2799 419 TREHR.
3702 366 3819 424 sit

450 490 683 562 scypho,
714 486 947 560 dignum
976 490 1059 539 est
1085 493 1144 539 ut
1176 483 1550 542 inventionem
1578 486 1632 542 S.
1675 486 1854 542 crucis
1892 486 2059 543 hodie
2082 492 2134 559 Α
2162 488 2477 560 Allophylos
2507 490 2609 544 nisi
2641 490 2850 560 Judaei;
2882 492 3017 562 quid
3049 507 3176 547 vero
3200 509 3296 563 per
3327 500 3528 564 puteos
3554 496 3682 551 nisi
3704 514 3818 569 pro

449 597 563 640 non
614 579 916 636 debeamus
960 577 1242 649 praeterire
1298 577 1539 645 silentio,
1599 593 1762 649 quam
1827 578 2059 634 careeris
2160 576 2403 632 funditas
2451 579 2700 652 signatur
2737 580 3139 651 Scripturarum
3172 580 3317 637 Dei?
3356 583 3541 639 Judaei
3577 587 3813 643 etenim

449 676 757 748 apertio,et
785 686 978 728 currus
997 669 1270 737 ascensio,
1298 684 1531 743 quamve
1555 668 1811 727 frumenti
1838 670 2056 736 divisio,

449 774 506 822 et
534 762 728 837 scyphi
757 767 984 818 testatur
1004 758 1272 815 inventio.

1067 863 1276 920 CAPUT
1306 862 1443 918 VIII.

450 962 627 1019 Sicuti
653 960 729 1016 ad
767 958 1068 1027 exemplum
1092 958 1247 1011 Isaac
1268 1026 1273 1027 ί
1298 956 1438 1027 oculi
1458 954 1763 1009 Judreorum
1792 955 2062 1022 caligat-c-

522 1036 670 1096 runt,
702 1026 1067 1102 quandoipro
1118 1026 1335 1102 inuidia
1376 1026 1805 1102 Christianorum
1854 1028 2056 1095 lignum

522 1106 696 1159 crucis
708 1098 1141 1161 absconderant;
1172 1100 1251 1151 ita
1277 1099 1482 1164 lignum
1503 1100 1677 1152 crucis
1705 1098 1847 1151 idem
1875 1112 2055 1165 popu-

524 1178 605 1229 lus
626 1175 827 1228 invitus
855 1171 1093 1240 aperuit,
1124 1183 1230 1238 quo
1270 1170 1418 1223 Isaac
1440 1169 1614 1236 ﬁlium
1643 1184 1800 1222 suum
1820 1170 2056 1223 nesciens

520 1246 811 1300 benedixit.

521 1336 656 1392 Ecce
685 1330 814 1404 quia
850 1342 1030 1385 sermo
1079 1333 1265 1383 noster
1292 1325 1690 1398 aliquantulum
1730 1332 1814 1381 est
1857 1326 2059 1382 dilatus

448 1442 572 1483 cum
612 1424 832 1493 Japhet,
863 1420 994 1475 dum
1046 1433 1145 1490 pro
1175 1416 1527 1489 prardicando
1566 1417 1829 1488 mysterio
1855 1418 2056 1483 crucis,

448 1511 770 1586 aliquandiu
812 1507 1085 1564 immersti
1128 1521 1318 1561 sumus
1365 1521 1487 1561 cum
1519 1505 1747 1576 Ioseph,
1799 1512 1966 1561 restat
2002 1515 2059 1560 ut

446 1608 557 1676 jam
587 1621 652 1660 ex
690 1610 924 1672 utraque
956 1598 1079 1672 lege
1108 1596 1315 1668 absque
1340 1596 1518 1667 pretio
1548 1604 1953 1652 commutantes
1979 1597 2061 1651 vi-

454 1709 585 1749 num
611 1700 668 1747 et
687 1692 791 1760 lac,
823 1689 893 1743 de
924 1688 1137 1742 horreis
1163 1685 1369 1757 Joseph
1396 1686 1464 1740 ad
1493 1692 1689 1756 puteos
1718 1695 2061 1741 transeamus

456 1786 622 1840 Isaac.
658 1781 763 1837 Sed
796 1779 1116 1852 priusquam
1168 1777 1236 1831 de
1266 1776 1476 1831 eisdem
1508 1777 1690 1847 puteis
1719 1776 1929 1848 aliquid
1972 1776 2058 1829 di-

453 1886 664 1938 camus,
687 1868 763 1924 nil
790 1868 969 1923 obstat
985 1866 1029 1921 si
1054 1865 1122 1920 de
1152 1864 1392 1940 caligine
1421 1865 1707 1921 oculorum
1740 1865 1860 1934 ejus
1887 1880 2059 1937 pauca

454 1961 875 2035 praemittamus,
916 1956 1193 2029 pmcipue
1246 1972 1394 2023 cum,
1425 1956 1735 2011 secundum
1776 1972 2059 2028 compara-

453 2057 662 2112 tionem
688 2052 821 2108 boni
845 2058 900 2106 et
938 2047 1091 2115 mali,
1121 2048 1342 2104 caecitas
1379 2047 1529 2103 illius
1558 2048 1787 2103 caecitati
1832 2048 2061 2103 Judieo-

454 2158 573 2197 rum
594 2139 761 2214 digne
790 2136 961 2209 possit
981 2135 1206 2208 aequari.
1231 2135 1347 2190 Non
1374 2141 1458 2190 est
1484 2143 1667 2191 autem
1685 2136 1808 2190 sine
1834 2151 1889 2191 re
1915 2136 2063 2207 quod

455 2236 595 2289 hanc
623 2230 922 2288 caecitatem
953 2226 1100 2282 ﬁlius
1129 2226 1360 2283 incurrit
1396 2226 1645 2295 Abrahae,
1679 2228 1926 2299 quamvis
1955 2242 2064 2283 cae-

453 2323 589 2379 citas
615 2318 728 2387 illa,
779 2310 902 2389 qua:
953 2314 1186 2388 contigit
1236 2314 1293 2369 in
1345 2315 1533 2383 lsrael,
1594 2331 1705 2371 non
1759 2316 1953 2372 fuisset
2000 2331 2064 2371 ex

452 2412 721 2470 Abraham
763 2418 818 2464 et
865 2408 1017 2474 Sara,
1049 2407 1146 2462 sed
1177 2422 1242 2461 ex
1291 2406 1433 2481 Agar
1470 2415 1526 2463 et
1559 2408 1779 2463 lsmael.
1818 2408 1873 2462 Si
1918 2407 2065 2462 enim

454 2510 587 2564 Sara
617 2505 885 2562 referatur
912 2502 982 2557 ad
1022 2503 1178 2576 Agar.
1214 2501 1385 2556 altera
1415 2500 1572 2556 alteri
1597 2501 1848 2557 libertate
1879 2502 2068 2573 dispar

454 2608 509 2657 et
538 2597 858 2655 conditione
915 2593 975 2650 fit
1009 2610 1135 2665 par;
1180 2592 1312 2665 quia
1355 2607 1469 2648 non
1501 2593 1744 2669 ignotum
1778 2602 1861 2648 est
1911 2594 2067 2650 vobis

454 2710 579 2767 quae
610 2692 696 2749 vel
734 2690 829 2746 illa
859 2688 1055 2745 fuisset
1081 2694 1174 2742 aut
1202 2684 1315 2753 illa,
1339 2701 1461 2742 cum
1486 2701 1595 2740 una
1626 2694 1773 2741 esset
1801 2685 1993 2753 libera,
2014 2694 2068 2741 et

454 2782 561 2837 alia
599 2779 815 2837 ancilla.
851 2776 1003 2833 Unde
1041 2774 1304 2848 quoniam
1358 2774 1611 2830 libertate
1652 2773 1816 2829 unius
1844 2774 2067 2830 donavit

454 2890 558 2931 nos
586 2874 750 2939 Deus,
778 2871 905 2926 ideo
936 2866 1195 2925 servitute
1225 2866 1453 2923 alterius
1489 2865 1725 2937 deprimi
1756 2881 1865 2922 non
1898 2866 2066 2920 debe-

453 2981 598 3031 mus,
630 2971 692 3018 ut
720 2977 845 3017 cum
899 2960 1048 3015 Isaac
1078 2966 1186 3014 tam
1243 2955 1540 3029 perfectam
1573 2971 1976 3028 consequamur
2003 2955 2093 3027 li--

454 3057 746 3120 bertatem,
776 3059 835 3108 ut
864 3050 1119 3121 exemplo
1156 3049 1306 3104 illius
1356 3063 1703 3120 nequaquam
1748 3048 2061 3103 Judaaorum

453 3147 736 3204 imitemur
760 3142 1088 3200 cmcitatem.
1119 3140 1174 3195 Si
1204 3139 1352 3195 enim
1398 3138 1517 3209 ipse
1543 3138 1942 3211 aliquantulum
1966 3154 2064 3194 ex-

451 3237 749 3298 terioribus
777 3234 953 3291 oculis
977 3231 1233 3305 caligavit
1264 3198 1501 3296 ,dum-in
1541 3198 1727 3301 seipse
1766 3230 2062 3285 caecitatem
2090 3198 2139 3267 Ο

449 3337 765 3394 Judaaorum
788 3328 1108 3402 spiritaliter
1121 3325 1494 3398 praesignavit,
1521 3326 1693 3381 multo
1721 3325 1896 3400 magis
1917 3326 2060 3382 idem

446 3424 708 3482 Judaicus
761 3418 1000 3491 populus
1028 3418 1216 3471 lumen
1256 3414 1502 3471 veritatis
1566 3414 1797 3471 interius
1851 3415 2061 3481 amisit;

447 3517 579 3572 dum
613 3514 668 3568 in
698 3508 1070 3567 absconsione
1100 3507 1235 3582 ligni
1269 3505 1540 3561 Dominici
1576 3505 1822 3576 seipsum
1859 3506 1930 3561 ab
1961 3506 2058 3563 Ee-

445 3603 630 3661 elesiae
660 3600 871 3657 unitate
908 3596 1118 3653 divisit.
1177 3595 1284 3650 Sed
1314 3593 1518 3668 gratias
1564 3594 1672 3649 Deo
1704 3594 1878 3665 quod,
1912 3594 2054 3650 sicut

444 3693 590 3751 oculi
617 3692 933 3748 Judaaorum
963 3687 1118 3759 quasi
1151 3702 1274 3742 cum
1306 3687 1455 3741 Isaac
1483 3685 1616 3741 olim
1654 3685 2052 3759 caligaverunt.

444 3785 573 3841 dum
608 3798 707 3855 pro
738 3780 937 3850 injuria
986 3778 1412 3834 Christianorum
1442 3777 1698 3833 eumdem
1734 3777 2054 3832 thesaurum

443 3871 752 3930 Divinitatis
765 3868 1195 3932 occultaverunt,
1224 3865 1305 3921 sic
1334 3864 1479 3921 idem
1504 3866 1743 3937 populus
1775 3865 1831 3920 in
1862 3866 2057 3921 inven-

441 3968 591 4024 tione
613 3966 665 4022 S.
696 3963 876 4021 crucis
890 3962 1146 4017 eamdem
1180 3959 1629 4015 benedictionem
1662 3959 1821 4015 nobis
1853 3960 2059 4016 invitus

440 4056 679 4121 inﬂuxit,
718 4070 827 4126 qua
862 4051 1122 4124 praefatus
1171 4050 1320 4105 Isaac
1357 4049 1637 4120 quondam
1680 4048 1852 4103 filium
1898 4066 2055 4104 suum

440 4148 699 4204 nesciens
727 4144 1011 4201 benedixit
1066 4142 1218 4195 Sicut
1249 4139 1398 4195 enim
1439 4139 1590 4194 Isaac
1620 4137 1734 4195 ﬁlio
1756 4156 1856 4196 suo
1887 4141 2054 4196 bene-

439 4240 739 4296 dictionem
769 4236 1027 4291 nescicns
1057 4231 1317 4305 porrexit,
1358 4237 1413 4285 et
1443 4236 1624 4285 tamen
1657 4230 1790 4303 quid
1823 4232 1872 4287 ei
1906 4231 2055 4288 futu—

439 4352 555 4392 rum
589 4340 738 4390 esset
790 4332 955 4405 longe
1012 4335 1140 4383 ante
1183 4324 1486 4397 prospexit,
1535 4324 1615 4381 sic
1658 4324 1922 4381 ludaicus
1958 4326 2053 4381 ille

438 4424 678 4497 populus
739 4418 1053 4490 exemplum
1131 4430 1375 4486 sequens
1431 4411 1681 4481 ejusdem
1763 4411 2051 4479 Israelitze,

438 4520 647 4593 lignum
670 4514 867 4579 crucis,
892 4509 1042 4584 quod
1075 4508 1317 4563 revelare
1348 4505 1525 4560 noluit
1546 4511 1762 4576 sponte,
1791 4504 2053 4560 revelavit
2072 4540 2130 4610 D

439 4604 627 4661 Μία
1078 4664 1287 4723 CAPUT
1323 4665 1413 4720 1x.

441 4768 505 4823 Ut
533 4762 815 4835 AUOphyli
867 4765 1050 4835 puteos
1088 4762 1245 4835 Isaac
1271 4759 1580 4835 obruerunt,
1628 4759 1718 4835 sic_
1748 4756 1926 4835 Iudici
1978 4758 2050 4835 li-

508 4828 673 4906 gnum
702 4828 884 4889 crucis
931 4831 1348 4906 absconderant.
1390 4831 1462 4906 Et
1485 4828 1935 4906 quemadmodum
1978 4831 2046 4881 li-

508 4900 676 4977 bnum
728 4907 869 4960 idem
944 4906 1222 4977 inventum
1271 4905 1347 4955 est
1391 4900 1469 4977 ab
1545 4900 1753 4977 Ilelena
1805 4904 2045 4977 regina,

508 4973 584 5036 sic
644 4979 713 5034 ab
766 4979 917 5032 Isaac
964 4978 1027 5031 in
1072 4973 1269 5029 eisdem
1292 4973 1476 5042 puteis
1512 4986 1655 5040 pura
1706 4973 1927 5026 inuenta
1968 4976 2048 5025 est

510 5066 679 5121 aqua.

511 5140 779 5207 Quoniam
816 5139 903 5211 {f.,
937 5138 1077 5193 Hora
1108 5144 1194 5191 est
1209 5135 1342 5205 jam]
1367 5140 1447 5200 ut,
1475 5132 1618 5188 sicut
1641 5132 2048 5205 praemittimus,

441 5233 509 5290 ad
543 5241 738 5304 puteos
766 5231 889 5287 illos
914 5229 1149 5285 transire
1180 5227 1504 5294 debeamus,
1536 5225 1606 5281 de
1629 5224 1830 5298 quibus
1856 5225 2051 5296 limpi-

443 5324 618 5380 dioris
640 5339 796 5394 aqua:
828 5321 1023 5394 pocula
1069 5319 1226 5375 vobis
1245 5319 1541 5391 prepinare
1579 5317 1876 5373 valeamus.
1912 5316 2055 5370 Nihil

441 5412 591 5469 enim
611 5411 810 5477 obstat,
840 5411 885 5465 si
902 5418 1122 5481 puteos,
1150 5424 1289 5480 quos
1316 5408 1465 5462 Isaac
1491 5405 1637 5479 apud
1656 5405 1890 5460 alienam
1924 5404 2053 5461 olim

440 5500 656 5557 foderat
680 5505 922 5573 gentem.
953 5497 1007 5551 in
1023 5495 1231 5550 honore
1263 5495 1296 5549 S
1337 5495 1514 5551 crucis
1539 5494 1707 5550 hodie
1732 5508 2054 5549 revocamus

439 5593 506 5648 ad
522 5598 788 5655 mentem,
809 5602 877 5643 ne
903 5584 1224 5658 mysterium
1270 5584 1403 5639 illud
1422 5585 1646 5640 humani
1676 5583 1880 5640 silentii
1909 5591 2051 5639 telro

439 5688 772 5746 suffocemus
820 5683 996 5750 fumo,
1077 5678 1315 5752 qualiter
1379 5679 1650 5750 All0phyli
1724 5678 2053 5735 insidiantes

437 5774 663 5830 eosdem
695 5781 894 5847 puteos
936 5766 1290 5841 repleverunt
1330 5766 1515 5821 humo.
1559 5766 1699 5832 Quid
1749 5766 1916 5839 igitur
1954 5783 2053 5837 per

2158 665 2461 737 Al10phylis
2473 684 2583 723 non
2605 668 2907 742 incongrue
2926 677 3336 741 comparantur,
3356 673 3452 743 qui
3472 673 3531 727 in
3549 673 3816 729 abscon-

2160 756 2318 812 sioue
2349 757 2481 830 ligni
2517 758 2785 813 Dominici
2817 760 3071 816 humanae
3101 761 3265 818 saluti
3294 763 3389 818 diu
3421 764 3807 833 insidiantur,

2164 863 2274 903 non
2298 849 2647 904 attendentes
2659 849 2918 906 videlicet
2933 851 3173 925 elogium
3196 852 3327 908 illud
3342 856 3628 925 proverbii
3647 858 3809 912 anti-

2161 941 2277 1013 qui,
2310 940 2364 994 in
2405 956 2516 1012 quo
2555 939 2763 997 dictum
2804 949 2917 997 est:
2950 946 3016 999 In
3055 946 3273 1001 insidiis
3323 949 3438 1001 suis
3485 951 3807 1017 capientur

2157 1032 2330 1102 iniqui
2359 1035 2537 1098 (Prov.
2568 1034 2663 1101 xi).
2696 1033 2851 1091 Unde
2894 1036 3093 1091 mirum
3142 1053 3252 1093 non
3284 1047 3369 1093 est
3418 1041 3598 1111 quod,
3640 1040 3806 1103 sicut

2157 1124 2426 1197 Allaphyli
2455 1141 2653 1197 aquam
2667 1127 2846 1182 vivam
2869 1127 3200 1198 obruerunt,
3230 1131 3360 1186 dum
3385 1139 3608 1203 puteos,
3641 1149 3803 1205 quos

2162 1214 2310 1268 Isaac
2330 1214 2561 1282 foderat,
2595 1215 2763 1272 humo
2814 1218 3189 1287 repleverunt,
3239 1221 3320 1275 sic
3347 1220 3527 1275 Judaei
3562 1222 3619 1276 in
3657 1222 3804 1278 abs-

2160 1306 2425 1362 consione
2477 1305 2609 1380 ligni
2660 1307 2931 1363 Dominici
2970 1324 3168 1381 aquam
3203 1310 3350 1365 illam
3396 1310 3640 1367 obruere
3706 1328 3804 1369 su-

2162 1408 2408 1462 pernam,
2439 1393 2507 1448 de
2539 1410 2645 1466 qua
2683 1395 2946 1466 scriptum
3007 1404 3133 1452 est:
3179 1398 3284 1464 Qui
3336 1399 3527 1454 biberit
3575 1416 3799 1471 aquam

2160 1504 2327 1556 quam
2351 1504 2444 1556 ego
2474 1488 2545 1543 do
2571 1491 2639 1556 ei,
2657 1492 2748 1559 ﬁet
2770 1493 2828 1544 in
2846 1507 2902 1545 eo
2926 1494 3054 1559 fons
3076 1508 3230 1562 aqua:
3254 1494 3498 1548 salientis
3518 1497 3579 1549 in
3608 1499 3797 1551 vitam

2159 1582 2413 1633 retentam
2437 1580 2612 1649 (Joan,
2637 1582 2727 1652 ιγ).
2755 1580 2859 1636 Sed
2882 1582 3087 1656 gratias
3109 1583 3219 1638 Deo
3237 1583 3408 1655 quod,
3432 1585 3580 1639 sicut
3604 1585 3797 1653 Isaac,

2159 1668 2227 1721 ad
2259 1668 2714 1740 exstinguendam
2746 1669 2895 1724 sitim
2936 1671 3306 1738 credentium,
3346 1672 3601 1728 invenire
3662 1691 3800 1731 me-

2161 1758 2270 1815 ruit
2298 1768 2494 1830 puteos
2524 1776 2787 1831 aquarum
2818 1762 3143 1824 viventium,
3177 1764 3257 1819 sic
3283 1764 3454 1820 ludas
3486 1764 3791 1833 Hebraeus,

2086 1832 2135 1901 Β
2159 1849 2290 1904 licet
2317 1850 2444 1906 huic
2482 1852 2637 1921 operi
2671 1868 2731 1907 se
2787 1852 3093 1909 clamitaret
3131 1854 3446 1930 indignum,
3488 1857 3790 1914 hodierna

2161 1940 2252 1996 die
2292 1941 2634 1998 Dominieum
2692 1943 2977 2000 invenerat
3015 1944 3250 2021 lignum.
3308 1946 3579 2004 Praeterea
3621 1965 3785 2021 vero,

2162 2033 2301 2089 sicut
2330 2033 2602 2106 AIIOphyli
2648 2042 2841 2105 puteos
2879 2037 3302 2108 Scripturarum,
3342 2046 3488 2095 terra
3543 2038 3789 2096 malitiae

2164 2135 2276 2175 suae
2305 2121 2372 2175 ad
2405 2123 2509 2178 hoc
2530 2122 2875 2179 conabantur
2902 2125 3141 2181 obruere
3173 2142 3243 2182 ne
3283 2127 3548 2198 spiritalis
3599 2128 3787 2184 intel-

2165 2210 2405 2287 ligentia:
2436 2214 2505 2269 de
2540 2215 2621 2271 eis
2654 2232 2783 2271 vera
2813 2223 2999 2287 posset
3042 2234 3187 2289 aqua
3243 2217 3542 2289 proﬂuere,
3582 2220 3660 2274 ita
3688 2221 3796 2277 Ju-

2166 2303 2269 2361 dzei
2303 2305 2515 2380 lignum
2573 2306 2630 2362 S.
2680 2307 2859 2363 crucis
2881 2308 2975 2364 diu
3004 2308 3264 2365 volebant
3293 2310 3461 2367 humo
3489 2310 3791 2378 suffocare,

2166 2412 2236 2452 ne
2262 2397 2503 2469 mysterii
2530 2396 2783 2453 salutaris
2802 2397 2931 2454 inde
2953 2398 3117 2455 nobis
3144 2408 3333 2471 posset
3356 2401 3506 2456 unda
3532 2418 3786 2459 manare.

2167 2483 2321 2539 Unde
2350 2500 2575 2540 necesse
2604 2493 2688 2540 est
2717 2486 2876 2541 nobis
2906 2494 2984 2551 ut,
3018 2487 3163 2543 sicut
3191 2489 3342 2544 lsaac
3366 2490 3436 2544 de
3465 2491 3654 2560 puteis
3684 2508 3787 2562 pa-

2169 2581 2308 2630 trum
2342 2591 2568 2631 suorum
2599 2577 2665 2631 ad
2698 2578 2804 2632 hoc
2834 2577 3048 2632 solebat
3080 2578 3286 2647 ejicere
3327 2588 3529 2635 terram
3570 2592 3633 2636 ut
3661 2599 3793 2656 gra-

2167 2666 2255 2721 tim
2295 2665 2549 2721 salutaris
2582 2682 2779 2737 aquam
2822 2674 3012 2737 posset
3040 2667 3289 2724 invenire
3334 2685 3662 2741 supernam,
3710 2673 3788 2726 ita

2167 2765 2221 2812 et
2248 2772 2348 2813 nos
2378 2772 2476 2827 pro
2504 2755 2833 2828 inquirenda
2864 2757 3126 2828 spiritalis
3162 2758 3570 2834 .intelligentiie
3612 2761 3785 2826 unda,

2167 2848 2359 2903 tandiu
2380 2847 2777 2922 cogitationum
2800 2854 3111 2902 nostrarum
3145 2847 3452 2903 debeamus
3484 2857 3786 2920 penetrare

2167 2938 2459 3013 profunda,
2501 2938 2859 3011 quoadusque
2887 2938 2955 2993 de
2985 2948 3153 3009 puteo
3183 2939 3369 2995 cordis
3408 2941 3581 2995 nostri
3616 2943 3787 2997 totius

2166 3031 2388 3087 malitia:
2426 3038 2571 3086 terra
2606 3030 2844 3099 sublata,
2891 3047 2992 3102 per
3024 3031 3348 3103 mysterium
3397 3033 3581 3088 crucis
3642 3051 3785 3090 vera:

2165 3126 2498 3182 innocentiae
2530 3142 2667 3197 pura
2710 3124 2872 3181 nobis
2903 3125 3257 3197 reSplcndeat
3295 3143 3462 3198 aqua.

2808 3238 3018 3295 CAPUT
3079 3240 3138 3295 Χ.

2164 3329 2433 3397 Quomodo
2461 3333 2650 3399 puteus
2668 3330 2777 3392 ille,
2808 3331 2899 3383 cui
2924 3343 3114 3384 nomen
3137 3333 3215 3383 est
3242 3331 3475 3383 viventis
3506 3335 3557 3384 et
3592 3329 3786 3384 viden.

2235 3404 2326 3464 tis,
2356 3403 2638 3456 convenire
2661 3404 2835 3470 possit
2870 3405 3030 3470 puteo
3060 3401 3236 3455 divini
3264 3402 3554 3468 sanguinis
3583 3406 3633 3455 et
3666 3417 3783 3470 my-

2232 3474 2394 3526 sterio
2420 3475 2621 3526 crucis.

2227 3582 2365 3656 Ergo
2385 3581 2527 3636 sicut
2544 3582 2610 3636 ad
2630 3581 3036 3637 emundandam
3070 3581 3308 3637 carnalis
3328 3588 3383 3637 et
3405 3583 3774 3639 immunditize

2155 3670 2395 3724 cloacam
2417 3669 2470 3723 in
2501 3668 2683 3741 puteis
2706 3670 2853 3725 Isaac
2878 3669 3180 3740 spiritalem
3207 3670 3528 3727 invenimus
3551 3689 3771 3745 aquam,

2156 3762 2232 3818 ita
2262 3781 2410 3820 nunc
2456 3765 2616 3820 nobis
2668 3764 2736 3819 ad
2785 3764 3160 3839 irrigationem
3193 3763 3415 3837 proﬁcit
3468 3768 3701 3835 mentis,
3732 3769 3776 3823 si

2156 3876 2279 3916 cum
2312 3861 2509 3916 eodem
2552 3861 2703 3917 lsaac
2759 3862 2940 3917 adhuc
2988 3877 3358 3933 properemus
3395 3863 3465 3916 ad
3522 3871 3773 3934 puteum,

2159 3953 2246 4007 cui
2279 3969 2481 4009 nomen
2510 3960 2565 4008 et
2603 3953 2838 4010 viventis
2866 3960 2921 4009 et
2966 3954 3230 4010 videntis.
3284 3954 3436 4009 Licet
3475 3956 3629 4010 enim
3664 3955 3775 4010 illic

2158 4044 2309 4116 putei
2340 4044 2454 4099 sint
2508 4045 2713 4117 plures.
2754 4055 2813 4102 et
2863 4046 2950 4102 hic
3004 4063 3172 4113 unus,
3212 4062 3312 4117 per
3344 4062 3543 4103 omnes
3600 4059 3775 4103 tamen

2158 4136 2324 4190 unius
2348 4136 2676 4190 sacramenti
2715 4136 2877 4192 nobis
2903 4135 3131 4191 oﬂ‘ertur
3158 4154 3384 4205 munus,
3420 4139 3691 4209 quoniam
3723 4140 3775 4193 in

2155 4226 2413 4283 omnibus
2442 4243 2552 4281 una
2583 4225 2756 4302 ﬁgura
2793 4235 3061 4295 versatur,
3094 4229 3222 4283 dum
3275 4229 3329 4283 in
3360 4229 3601 4304 singulis
3650 4232 3775 4302 qui-

2156 4315 2371 4387 busque
2402 4332 2554 4371 sacra
2584 4317 2864 4387 Scriptura
2892 4317 3161 4391 signatur.
3207 4318 3339 4382 Quis
3368 4325 3553 4373 autem
3587 4327 3671 4374 est
3703 4319 3774 4372 vi-

2154 4422 2309 4473 vens,
2340 4404 2445 4460 nisi
2479 4406 2639 4469 Deus,
2680 4406 2749 4460 de
2781 4423 2891 4477 quo
2936 4407 3204 4477 scriptum
3229 4413 3349 4462 est:
3391 4408 3542 4462 Vivit
3595 4411 3773 4463 Domi-

2152 4511 2253 4551 nus
2282 4500 2331 4551 ct
2363 4494 2661 4550 benedictus
2692 4499 2827 4551 Deus
2866 4512 3013 4551 meus
3040 4495 3068 4549 ?
3106 4497 3275 4565 (Psal.
3316 4512 3426 4550 xvu
3457 4501 3472 4564 )
3503 4494 3617 4550 Sed
3647 4497 3767 4568 quis

2154 4584 2226 4639 sit
2260 4584 2478 4648 videns,
2522 4583 2642 4655 ipse
2683 4583 2845 4638 nobis
2886 4584 3188 4639 insinuavit
3226 4601 3291 4639 ex
3328 4601 3413 4651 se,
3438 4585 3533 4656 qui
3573 4585 3643 4639 ad
3674 4584 3771 4639 Na-

2154 4675 2372 4731 thanael
2402 4676 2530 4732 Cum
2558 4690 2713 4743 esses,
2748 4675 2946 4747 inquit,
2976 4676 3074 4731 sub
3105 4678 3232 4745 ficu,
3258 4675 3378 4729 vidi
3407 4680 3457 4731 te
3495 4675 3673 4746 (Joan.
3707 4677 3765 4748 ι).

2130 4771 2252 4841 ‘Hic
2281 4780 2364 4825 est
2394 4778 2593 4841 puteus
2624 4770 2714 4827 ille
2742 4771 2953 4839 vivens,
3012 4772 3081 4827 de
3131 4788 3242 4843 quo
3271 4772 3409 4827 dixit
3440 4773 3767 4843 Apostolus:

2155 4862 2302 4916 Vivit
2329 4876 2451 4913 uero
2490 4862 2551 4914 in
2601 4876 2686 4914 me
2740 4861 2983 4916 Christus
3026 4861 3219 4931 (Calai.
3280 4863 3362 4930 ιι),
3406 4870 3467 4916 ιιι
3525 4862 3774 4932 exemplo

2149 4948 2298 5004 illius
2327 4947 2711 5019 unusquisque
2743 4956 2992 5004 nostrum
3025 4966 3091 5005 ex
3114 4949 3311 5006 eodem
3341 4957 3515 5020 puteo
3561 4949 3770 5005 hauriat

2148 5048 2205 5096 et
2232 5039 2397 5106 vivat,
2428 5038 2496 5094 de
2525 5055 2635 5110 quo
2666 5038 2933 5110 scriptum
2979 5047 3089 5096 est:
3134 5040 3198 5096 Si
3238 5042 3361 5110 quis
3410 5042 3553 5108 sitit,
3596 5043 3771 5096 veniat

2150 5133 2201 5183 et
2228 5129 2378 5183 bibat
2407 5130 2579 5198 (Joan.
2611 5129 2730 5199 vn.)
2773 5126 3163 5200 Unusquisque
3218 5128 3365 5183 enim
3425 5127 3674 5184 ﬁdelium
3702 5144 3762 5183 ex

2152 5225 2320 5290 puteo
2353 5217 2503 5271 illius
2529 5217 2865 5273 aeternaliter
2895 5217 3081 5285 habet,
3114 5217 3211 5288 qui
3254 5218 3523 5274 omnibus
3550 5218 3684 5274 vivit
3719 5227 3767 5272 et

2154 5310 2340 5366 omnia
2366 5309 2539 5379 videt,
2585 5325 2707 5364 cum
2751 5308 2979 5381 praefato
3007 5310 3219 5365 scilicet
3255 5310 3407 5365 lsaac
3440 5310 3495 5365 in
3523 5310 3619 5366 illo
3657 5325 3763 5364 mc-

2156 5403 2325 5469 riens,
2357 5411 2413 5458 et
2441 5402 2499 5456 in
2526 5402 2619 5459 illo
2643 5402 2856 5470 vivens,
2889 5403 3022 5474 quia
3046 5410 3104 5458 et
3131 5402 3325 5458 vivens
3354 5409 3585 5458 vocatur
3613 5408 3667 5457 et
3694 5402 3767 5455 vi-

2155 5492 2294 5563 dens
2355 5492 2504 5547 Sicut
2532 5491 2681 5547 enim
2738 5492 2907 5560 Isaac,
2937 5491 3245 5547 secundum
3280 5491 3537 5547 altiorem
3573 5489 3765 5545 intelli-

2152 5574 2655 5660 gentiam'mentis,
2695 5582 3073 5639 deambulavit
3112 5600 3211 5656 per
3255 5584 3398 5641 viam
3441 5599 3566 5657 quae
3622 5582 3769 5638 ducit

2153 5677 2222 5732 ad
2266 5684 2495 5748 puteum
2526 5674 2615 5731 cui
2647 5691 2850 5731 nomen
2879 5681 2965 5731 est
3008 5675 3267 5749 viventis,
3318 5670 3397 5731 sic
3428 5689 3599 5731 verus
3630 5676 3769 5730 Isaac

2152 5782 2252 5838 per
2272 5764 2589 5837 mysterium
2623 5764 2821 5831 crucis,
2848 5771 3075 5836 puteum
3110 5765 3236 5822 vitae
3266 5763 3486 5837 aperire
3513 5764 3767 5838 dignatus
