4006 6198
283 305 396 363 945

1266 304 1348 359 DE
1389 303 1601 359 LAUDE
1640 303 1719 358 ET
1761 302 1888 357 INV.
1930 301 1964 354 S
2028 297 2283 353 CRUCIS.
2325 326 2393 336 --
2432 296 2555 349 LIB.
2602 295 2643 350 I.

3507 288 3616 344 9-I6

287 443 376 490 est
404 432 633 499 mundo,
665 433 722 487 in
761 447 871 504 quo
910 432 1109 486 divinae
1163 430 1409 486 scientiae
1449 446 1645 502 aquam
1714 434 1902 503 posset
1924 426 1978 497 Α
2005 423 2197 480 caudis
2226 420 2551 493 corporibus
2574 434 2765 475 eorum
2806 420 2858 473 ei
2896 417 3178 473 mentibus
3207 431 3405 488 aquam
3438 413 3518 469 eis
3544 413 3613 469 de

287 525 511 581 haurire
538 524 607 579 de
634 522 931 595 profundo.
968 522 1098 587 Sed,
1132 522 1273 577 sicut
1310 536 1411 592 per
1439 528 1690 592 puteum,
1721 527 1781 576 ut
1809 521 1895 575 di-

289 624 436 673 ctum
479 620 582 682 est,
618 613 962 687 profunditas
991 627 1162 668 sacrae
1192 612 1448 668 lectionis
1494 610 1779 684 ﬁguratur,
1823 611 1900 666 ita

288 726 391 783 per
416 710 583 776 viam,
618 724 742 780 quae
763 706 915 763 ducit
954 707 1022 762 ad
1056 713 1304 778 puteum,
1355 705 1636 762 humilitas
1664 704 1904 762 Domini-

291 816 372 856 cae
407 799 684 872 passionis
718 798 987 873 signatur,
1018 812 1119 869 per
1147 813 1308 869 quam
1347 796 1511 852 nobis
1556 811 1727 851 sacrae
1759 794 1908 851 Scri-

293 900 467 965 ptum
491 892 695 948 ﬂuenta
713 901 941 962 patuere
971 890 1258 962 spiritalia,
1291 906 1413 962 quae
1441 897 1570 947 ante
1591 888 1907 961 passionem

292 984 513 1040 Domini
540 983 703 1057 legali
724 984 932 1038 latuere
963 982 1065 1037 sub
1095 981 1274 1053 palea.
1309 982 1464 1037 Unde
1494 988 1553 1036 ut
1600 986 1658 1036 et
1686 994 1808 1045 nos,
1841 978 1909 1033 ad

297 1070 613 1145 exemplum
648 1074 797 1128 Isaac
820 1072 889 1127 de
922 1078 1087 1143 puteo
1118 1070 1213 1126 illo
1254 1070 1598 1125 inebriemur
1624 1066 1906 1134 Altissimi,

295 1164 368 1218 de
393 1178 501 1235 quo
526 1164 790 1234 scriptum
835 1167 918 1216 est
947 1161 1120 1217 Bibite
1148 1165 1197 1216 et
1240 1161 1603 1221 inebriamini,
1650 1158 1910 1213 charissi-

293 1257 372 1309 mi
397 1255 572 1322 (Cant.
624 1251 683 1323 ι),
718 1251 945 1325 dignum
979 1258 1063 1305 est
1114 1256 1173 1304 ut
1221 1250 1288 1304 ad
1313 1249 1455 1304 viam
1505 1264 1626 1321 quae
1657 1248 1721 1302 ad
1755 1262 1911 1303 eum-

280 1336 422 1399 dem
451 1341 603 1397 ducit
631 1342 810 1411 ipsum
843 1339 1223 1410 praeviatorem
1254 1354 1553 1411 sequamur
1578 1344 1633 1392 et
1683 1337 1903 1405 ducem,

253 1486 256 1489 Α
297 1437 394 1508 qui
425 1437 493 1491 ad
545 1433 872 1491 currendam
924 1430 1066 1486 viam
1115 1429 1394 1501 passionis
1424 1428 1647 1501 pertulit
1697 1429 1754 1483 in
1784 1441 1904 1483 cor-

296 1542 435 1599 pore
466 1542 565 1583 suo
597 1526 804 1593 clavos,
828 1523 1079 1579 lanceam
1096 1530 1149 1578 et
1175 1536 1410 1578 crucem.

942 1634 1150 1690 CAPUT
1178 1633 1268 1688 XI.

2005 521 2167 584 petra
2181 511 2460 584 produxit,
2480 508 2837 566 sicverusille
2851 508 3067 579 Moyses
3081 505 3418 577 paenitentiae
3433 504 3610 576 aquis,

2002 606 2258 663 vitiorum
2299 620 2401 660 nos
2455 602 2616 659 faciat
2658 600 2961 657 emundare
3016 598 3253 665 cloacas,
3299 600 3395 667 qui
3423 596 3614 653 eduxit

2004 713 2201 770 aquam
2239 697 2305 751 de
2333 700 2511 767 petra,
2536 698 2585 750 et
2610 692 2839 750 deduxit
2894 694 3154 759 tanquam
3179 688 3406 757 ﬂumina
3442 702 3613 759 aquas

2015 790 2180 861 (Psal.
2196 786 2413 859 Lxxvu).

2634 870 2842 929 CAPUT
2871 870 2984 927 XII.

2011 991 2164 1048 Sicut
2189 984 2392 1055 Moyses
2440 999 2473 1038 α
2501 986 2674 1037 matre
2689 995 2800 1055 sua
2851 975 3155 1055 reconditus
3181 977 3281 1055 _cs_t_
3310 974 3369 1055 in
3394 972 3618 1055 ﬁscella,

2079 1063 2155 1115 ita
2188 1044 2325 1113 cru}:
2350 1056 2625 1111 Dominica
2667 1052 2767 1106 diu
2822 1047 3137 1104 abscondita
3166 1047 3283 1114 fuit
3339 1046 3399 1098 in
3439 1044 3618 1112 Syna-

2080 1147 2240 1199 goga.
2272 1131 2342 1183 Et
2397 1127 2573 1180 eodem
2595 1123 2752 1179 modo
2802 1136 2939 1199 crum
2965 1121 3187 1199 inventa
3218 1117 3397 1199 petum
3447 1118 3616 1199 ρετινᾳ,
3677 1138 3680 1142 λ

2082 1185 2186 1274 ᾇιῶ
2217 1203 2420 1268 Moyses
2449 1198 2697 1251 inventus
2735 1196 2812 1249 est
2838 1194 2895 1246 in
2956 1192 3106 1260 ripa,
3149 1187 3231 1243 vel
3278 1186 3522 1241 Chnstus
3560 1185 3620 1238 in

2080 1273 2341 1330 Ecclesia.

2078 1384 2350 1438 Praeterea
2374 1392 2504 1434 vero
2535 1383 2589 1431 et
2621 1376 2723 1432 hoc
2751 1390 2781 1428 a
2829 1371 2989 1429 nobis
3018 1382 3365 1441 nequaquam
3393 1362 3618 1419 silentio

2008 1475 2175 1530 debet
2197 1468 2481 1532 abscondi,
2509 1466 2678 1540 quod,
2707 1465 2764 1520 in
2794 1460 3104 1534 exemplum
3128 1457 3322 1530 Moysi,
3355 1472 3487 1512 crux
3515 1454 3619 1510 Do-

2014 1562 2147 1616 mini
2173 1557 2449 1633 quondam
2486 1554 2777 1611 videbatur
2816 1548 3028 1615 reconi,
3094 1546 3222 1619 quia
3245 1542 3618 1613 sicutMoyses

2006 1651 2158 1720 juxta
2191 1628 2373 1720 ripam
2402 1644 2643 1699 ﬂuminis
2689 1658 2720 1696 a
2745 1647 2920 1695 matre
2956 1652 3056 1692 sua
3086 1632 3402 1690 reconditus
3445 1636 3530 1686 est
3559 1628 3615 1683 in
3646 1654 3651 1663 ι

302 1727 753 1814 Οιιξτηίξάτπίῗάαπδ
768 1722 1912 1814 .4ﬂ’fﬁP461792"?Eoi/Sfii'ﬂctffuifft
1934 1744 1985 1814 Β
2013 1741 2236 1807 ﬁscella,
2269 1740 2349 1794 sic
2374 1738 2585 1812 lignum
2616 1733 2793 1791 crucis
2823 1748 2852 1785 a
2878 1730 3167 1802 Synagoga
3196 1723 3289 1779 diu
3320 1720 3614 1779 abscondi-

366 1802 533 1870 jurrta
559 1801 740 1868 ripam
760 1798 1019 1870 ﬂuminis,
1044 1800 1119 1850 sic
1148 1796 1216 1849 ab
1244 1794 1445 1848 Helena
1472 1794 1660 1870 regina
1696 1794 1758 1846 in
1781 1790 1910 1846 Cal-

376 1867 543 1927 ean'a:
565 1867 680 1926 lora
711 1870 915 1937 lignum
940 1869 1215 1922 inuentum
1243 1870 1321 1921 est
1343 1867 1537 1920 crucis.

374 1981 565 2057 Igitur,
586 1979 736 2053 quia,
759 1978 1064 2034 secundum
1095 1975 1435 2048 Apostolum,
1467 1987 1579 2028 non
1610 1985 1790 2025 escam
1820 1984 1910 2024 vo-

303 2073 387 2127 bis
412 2071 694 2136 dedimus,
728 2068 826 2123 sed
854 2068 957 2133 lae,
986 2066 1115 2121 dum
1147 2066 1204 2120 in
1253 2063 1428 2138 ﬁgura
1458 2060 1755 2117 Dominicaa
1787 2073 1913 2113 cru-

303 2164 385 2219 cis
415 2162 670 2236 quaadam
701 2160 857 2217 vobis
884 2158 1261 2215 enarravimus
1287 2157 1357 2211 de
1393 2154 1599 2225 Joseph
1656 2162 1711 2209 et
1742 2154 1911 2218 Isaac,

309 2257 540 2330 dignum
573 2263 657 2310 est
686 2261 746 2309 ut
756 2254 869 2325 jam
900 2252 969 2306 ad
998 2249 1378 2322 explicandam
1398 2248 1556 2305 vobis
1584 2247 1743 2303 aliam
1776 2260 1913 2311 rem,

306 2350 503 2406 eodem
535 2344 702 2401 modo
755 2344 824 2398 de
858 2343 1006 2397 Isaac
1035 2347 1376 2396 transeamus
1404 2337 1471 2392 ad
1492 2337 1733 2408 Moysen.
1768 2332 1919 2387 Sicut

303 2438 453 2493 enim
482 2435 695 2506 Moyses
716 2432 876 2501 juxta
901 2430 1075 2502 ripam
1107 2427 1354 2484 ﬂuminis
1396 2442 1461 2481 ea
1491 2426 1583 2480 die
1614 2424 1805 2479 divino
1835 2421 1916 2476 in-

304 2534 506 2584 ventus
535 2533 620 2582 est
676 2524 924 2589 numine,
964 2523 1023 2576 in
1056 2537 1167 2593 qua
1216 2518 1592 2574 descendebat
1634 2515 1745 2570 ﬁlia
1783 2514 1917 2568 Pha-

306 2620 496 2676 raonis
524 2627 584 2673 ut
610 2618 889 2671 lavaretur
932 2614 987 2669 in
1018 2612 1269 2679 ﬂumine,
1308 2610 1391 2664 sic
1430 2607 1699 2664 hodierna
1729 2604 1820 2659 die
1848 2603 1917 2658 ab

310 2713 555 2771 Ecclesia
584 2710 765 2783 plebis
803 2708 1014 2764 bifariae
1054 2707 1263 2779 lignum
1307 2703 1488 2759 crucis
1526 2701 1805 2755 inventum
1836 2705 1919 2753 est

305 2805 361 2859 in
380 2803 503 2859 loco
526 2798 802 2855 Calvariaz.
830 2796 1008 2863 Quod,
1030 2796 1158 2867 quia
1189 2809 1290 2865 per
1313 2791 1583 2863 judicium
1619 2785 1920 2843 Divinitatis

305 2892 584 2951 occultum
619 2890 674 2944 in
703 2888 899 2945 eodem
948 2886 1071 2943 loco
1106 2885 1200 2941 diu
1231 2883 1522 2939 videbatur
1565 2894 1687 2936 esse
1729 2878 1919 2949 sepul-

306 2996 445 3053 tum,
479 2986 606 3040 ideo
642 2982 805 3039 nobis
837 2980 979 3036 elabi
1011 2994 1126 3035 non
1172 2978 1341 3033 debet
1389 2993 1421 3031 a
1473 2973 1739 3030 memoria
1769 2970 1916 3043 quod

308 3096 377 3135 ex
398 3076 608 3134 invidia
647 3073 960 3130 Judzeorum
994 3072 1122 3127 inde
1146 3070 1312 3124 habet
1360 3067 1604 3123 historia.
1638 3065 1741 3121 Per
1790 3080 1919 3137 sug-

305 3172 614 3249 gestionem
673 3168 820 3223 enim
865 3165 1219 3222 Judaicorum
1276 3161 1594 3234 pontiﬁcum
1656 3158 1924 3214 Adrianus

311 3268 610 3339 imperator
663 3263 849 3318 scelus
888 3259 1224 3333 perpetravit
1279 3255 1622 3321 horriﬁcum,
1676 3254 1805 3309 dum
1855 3251 1925 3307 ad

311 3352 721 3410 ostendendum
751 3350 994 3406 Judaicze
1037 3346 1319 3419 pravitatis
1349 3345 1682 3415 exemplum,
1715 3342 1770 3397 in
1802 3342 1926 3398 loco

311 3447 409 3503 ubi
434 3447 643 3521 lignum
657 3444 830 3514 jacuit
856 3442 1229 3506 Dominicum,
1253 3439 1454 3494 Veneri
1475 3435 1765 3492 aediﬁcavit
1784 3442 1929 3490 tem-

310 3538 488 3609 plum,
520 3551 590 3590 ne
620 3532 926 3588 Christiana
957 3527 1180 3585 devotio
1209 3527 1296 3583 vel
1328 3542 1507 3600 genua
1534 3525 1610 3579 ibi
1659 3524 1924 3587 ﬂecteret,

309 3639 405 3687 aut
443 3638 693 3685 votorum
727 3642 950 3683 suorum
1011 3625 1122 3680 Deo
1174 3622 1436 3677 libamina
1489 3619 1763 3674 redderet.
1816 3618 1922 3671 Sed

306 3722 511 3797 gratius
541 3722 652 3777 Deo
690 3720 859 3792 quod,
887 3718 1032 3773 sicut
1066 3716 1179 3771 ﬁlia
1206 3712 1508 3770 Pharaonis
1535 3711 1817 3766 vasculum
1849 3709 1920 3763 il-

308 3814 404 3869 lud
438 3811 742 3875 evacuavit,
800 3810 854 3864 in
885 3824 995 3880 quo
1036 3807 1253 3879 Moyses
1308 3801 1647 3874 aliquandiu
1684 3800 1928 3855 inclusus

310 3906 570 3972 latitavit,
613 3904 695 3958 sic
727 3903 928 3957 llelcna
962 3901 1154 3974 regina
1185 3897 1451 3968 templum
1482 3894 1640 3958 illud,
1681 3892 1828 3965 quod
1859 3892 1927 3947 ad

316 3997 572 4066 injuriam
608 3994 704 4050 Dei
756 3994 901 4049 idem
930 3992 1202 4046 Adrianus
1231 3985 1556 4051 construxit,
1603 3985 1669 4039 ad
1719 3983 1931 4039 confes-

314 4091 531 4145 sionem
558 4086 768 4142 diaholi
786 4085 1057 4141 hodierna
1069 4084 1159 4138 die
1182 4079 1472 4137 destruxit.
1497 4078 1765 4134 Praeterea
1777 4091 1929 4142 vero,

319 4176 466 4232 sicut
494 4175 707 4246 Moyses
733 4173 801 4228 de
833 4170 1002 4227 ﬂuvio
1021 4168 1284 4242 spiritalis
1310 4164 1690 4239 intelligentiae
1715 4162 1935 4218 haurire

319 4270 521 4326 meruit
551 4285 746 4341 aquam
779 4265 979 4321 divinae
1026 4262 1297 4329 scientiae,
1330 4261 1403 4316 ita
1434 4266 1490 4315 et
1518 4274 1620 4315 nos
1648 4258 1703 4312 in
1732 4265 1935 4327 myste-

318 4360 402 4415 rio
430 4358 611 4413 crucis
652 4355 871 4410 haurire
914 4352 1186 4408 debemus
1239 4366 1407 4422 aquas
1456 4356 1657 4403 nostrae
1710 4344 1931 4400 redem-

320 4448 556 4520 ptionis,
596 4447 666 4501 de
695 4445 899 4518 quibus
937 4443 1200 4515 scriptum
1233 4447 1342 4497 est:
1373 4440 1652 4495 Haurietz's
1683 4450 1855 4506 aquas
1873 4437 1932 4489 in

318 4540 525 4608 gaudio
591 4537 657 4593 de
699 4536 940 4605 fontibus
1009 4534 1309 4590 Saluatoris
1360 4531 1509 4594 (lsai.
1557 4527 1676 4599 xu).
1738 4526 1931 4582 Adhuc

320 4631 508 4696 etiam,
563 4628 706 4685 sicut
746 4627 957 4699 Moyses
999 4626 1053 4680 in
1094 4625 1318 4679 deserto
1367 4621 1571 4676 montis
1623 4617 1777 4684 Sina,
1834 4617 1928 4673 ubi

323 4738 606 4795 nunquam
669 4719 836 4775 Filius
908 4716 1151 4773 hominis
1209 4714 1528 4786 requievit,
1584 4711 1715 4765 ﬁliis
1769 4710 1933 4766 Israel

319 4830 493 4887 aquas
530 4811 902 4870 amarissimas
954 4809 1242 4865 dulcorare
1290 4803 1598 4871 consuevit,
1653 4802 1727 4856 ita
1772 4816 1935 4856 verus

320 4903 537 4973 Moyses
567 4916 667 4972 per
695 4897 1015 4970 mysterium
1038 4895 1217 4951 crucis
1238 4892 1548 4949 dulcoravit
1573 4906 1743 4963 aquas
1773 4906 1930 4944 ama-

320 5011 410 5049 ras
440 5002 495 5048 et
524 4990 883 5055 insanabiles,
912 4988 1133 5061 quando
1172 4985 1442 5041 suavitate
1472 4983 1669 5049 indita,
1701 4998 1795 5037 eas
1833 4997 1935 5037 no-

321 5084 407 5138 bis
434 5079 565 5136 fecit
594 5095 715 5135 esse
747 5078 1038 5149 potabiles.
1074 5076 1155 5141 Et,
1185 5074 1326 5130 sicut
1355 5088 1521 5128 verus
1551 5071 1766 5143 Moyses
1794 5071 1937 5126 ﬁlios

322 5169 487 5225 Israel
544 5168 613 5222 ab
643 5165 894 5241 (Egyptia
940 5163 1205 5219 servitute
1246 5162 1505 5235 dignatus
1553 5167 1637 5215 est
1674 5159 1933 5224 liberare,

322 5263 548 5339 quando
578 5277 771 5318 currus
802 5260 1109 5316 Pharaonis
1152 5267 1206 5314 et
1229 5257 1529 5312 exercitum
1562 5255 1682 5324 ejus
1703 5252 1937 5324 projecit

324 5357 381 5412 in
408 5371 581 5411 mare.
633 5354 711 5408 sic
738 5351 942 5408 Helena
982 5351 1299 5405 beatissima
1334 5363 1553 5404 crucem
1594 5344 1932 5401 Dominieam

324 5469 355 5507 a
376 5449 604 5506 Iudaica
634 5446 799 5501 hodie
830 5443 1142 5516 captivitate
1168 5441 1451 5507 liberavit,
1492 5449 1548 5495 et
1585 5440 1641 5494 in
1669 5438 1793 5492 sinu
1835 5436 1934 5493 Ec-

324 5539 531 5604 clesiae,
554 5534 712 5608 quasi
746 5541 931 5604 optato
959 5532 1229 5597 inlittore,
1253 5530 1560 5586 collocavit.
1589 5527 1744 5583 Unde
1774 5542 1934 5583 oran-

326 5636 456 5691 dum
491 5639 575 5687 est
606 5629 770 5683 nobis
793 5636 869 5693 ut,
904 5630 1048 5683 sicut
1081 5626 1222 5681 idem
1255 5624 1469 5696 Moyses
1491 5623 1817 5679 Hebraicum
1840 5638 1939 5692 po-

329 5720 517 5795 pulum
544 5715 807 5772 miraculo
827 5712 1565 5781 Divinitatisinstruxit,dum
1597 5710 1733 5782 [pro]
1766 5709 1936 5764 medi-

2010 1847 2123 1895 tum
2155 1842 2271 1892 erat
2298 1835 2355 1888 in
2386 1826 2549 1889 terra.
2589 1829 2718 1895 Sed,
2755 1826 2899 1882 sicut
2929 1824 3140 1895 Moyses
3168 1820 3238 1875 ad
3275 1819 3449 1890 ripam
3503 1815 3615 1871 ﬂu-

2011 1929 2200 1997 minis,
2221 1927 2307 1984 vel
2338 1923 2584 1979 Christus
2613 1921 2872 1976 inventus
2891 1922 2973 1973 est
2993 1915 3061 1970 ad
3092 1927 3290 1986 aquam
3320 1908 3617 1980 baptisma-

2012 2022 2100 2087 tis,
2140 1994 2219 2074 sic
2255 2013 2550 2072 Thermuth
2599 2009 2713 2065 ﬁlia
2765 2004 3092 2070 Pharaonis,
3144 2002 3201 2056 id
3240 2008 3324 2055 est
3375 1994 3619 2053 Ecclesia

2011 2112 2258 2189 gentium
2286 2109 2498 2185 lignum
2532 2102 2875 2161 Dominicum
2934 2095 3181 2154 invenire
3219 2092 3421 2148 meruit
3449 2090 3505 2145 in
3531 2103 3616 2144 sa-

2013 2179 2183 2258 lutem
2213 2179 2575 2255 credentium.
2608 2191 2904 2250 Sciendum
2936 2194 3019 2244 est
3048 2192 3237 2241 autem
3278 2179 3449 2255 quod,
3478 2179 3621 2233 sicut

2016 2291 2085 2347 ad
2137 2284 2600 2345 considerandum
2649 2280 2789 2336 inibi
2834 2282 3091 2333 eventum
3149 2271 3252 2339 rei,
3292 2267 3446 2341 quasi
3492 2282 3617 2321 cum

2019 2377 2183 2433 Maria
2210 2388 2398 2430 sorore
2426 2370 2624 2442 Moysi,
2655 2364 2846 2440 procul
2866 2361 3199 2419 videbantur
3221 2364 3397 2412 astare
3422 2352 3620 2421 Judaei,

2016 2470 2096 2527 sic
2125 2482 2318 2525 omnes
2343 2461 2436 2538 qui
2464 2463 2709 2534 antiquae
2727 2458 2867 2532 legis
2895 2456 3079 2513 adhuc
3106 2450 3289 2508 amicti
3317 2455 3445 2505 sunt
3473 2456 3620 2522 toga,

2017 2578 2048 2616 a
2086 2556 2343 2631 mysterio
2394 2553 2573 2609 crucis
2614 2548 2811 2606 Christi
2834 2547 2998 2620 longe
3025 2543 3281 2599 videntur
3307 2544 3452 2593 stare
3497 2551 3620 2591 cum
3672 2582 3679 2595 ,

2018 2627 2324 2727 Synagoga.
2356 2646 2465 2703 Sed
2491 2644 2634 2700 sicut
2687 2640 2799 2697 ﬁlia
2829 2634 3133 2695 Pharaonis
3163 2632 3433 2688 Christum
3462 2627 3625 2685 nobis

2021 2720 2318 2800 reservavit
2339 2740 2393 2794 in
2420 2735 2690 2803 masculo,
2712 2733 2841 2788 dum
2869 2730 3094 2802 Moysen
3119 2724 3388 2780 inclusum
3407 2720 3624 2776 elevare

2018 2836 2229 2892 solebat
2278 2849 2345 2888 ex
2391 2827 2634 2893 vasculo,
2692 2825 2776 2880 sic
2815 2820 3057 2879 Ecclesia
3124 2814 3372 2890 gentium
3412 2812 3622 2888 lignum

2017 2927 2196 2985 crucis
2240 2925 2309 2980 ad
2340 2920 2640 2980 humanum
2673 2916 2837 2973 hodie
2889 2912 3229 2969 revelaverat
3256 2922 3436 2971 usum,
3476 2903 3624 2976 quod

2018 3039 2085 3079 ex
2109 3020 2315 3077 invidia
2344 3017 2654 3074 Iudaeorum
2691 3011 2787 3066 diu
2811 3006 3033 3079 jacebat
3084 3003 3378 3059 inclusum.
3410 2999 3493 3066 Et,
3518 2997 3627 3054 sic-

1945 3113 2079 3183 Cut
2109 3111 2199 3166 illa
2260 3106 2523 3164 ﬁscellam
2583 3102 2788 3174 reperit
2840 3098 2895 3153 in
2928 3094 3229 3169 papilione,
3282 3091 3363 3148 sic
3386 3089 3630 3147 Ecclesia

2024 3216 2241 3257 crucem
2299 3193 2639 3253 Dominicam
2690 3188 2853 3246 hodie
2885 3186 2943 3241 in
2991 3183 3322 3249 reclusione,
3366 3178 3629 3252 quoniam

2024 3306 2133 3346 una
2162 3288 2469 3358 eademque
2519 3280 2696 3357 gratia
2748 3294 2876 3333 crux
2909 3274 3074 3330 hodie
3141 3272 3365 3326 inventa
3444 3275 3528 3324 est
3574 3267 3630 3322 in

2027 3391 2189 3449 terra,
2232 3378 2326 3451 qui
2352 3374 2598 3448 quotidie
2628 3371 2844 3443 Moyses
2874 3368 2930 3423 in
2970 3367 3110 3439 ripa,
3149 3363 3237 3420 vel
3270 3361 3517 3419 Christus
3544 3359 3630 3414 in-

2028 3472 2248 3530 venitur
2300 3470 2356 3524 in
2394 3461 2662 3523 Ecclesia!
2709 3463 2748 3518 0
2787 3462 2926 3516 mira
2974 3455 3267 3516 clementia
3299 3454 3419 3522 Dei,
3470 3469 3502 3510 ο
3542 3454 3631 3508 lux

2027 3560 2227 3619 clarior
2279 3558 2420 3623 aliis,
2460 3555 2552 3610 lux
2609 3552 2701 3607 illa
2751 3549 2881 3618 diei,
2928 3549 2983 3603 in
3038 3563 3169 3620 qua,
3208 3544 3276 3600 ad
3318 3542 3629 3614 exemplum

2025 3652 2273 3722 ejusdem
2305 3644 2588 3703 lsraelitici
2616 3640 2793 3708 ducis,
2823 3641 2892 3694 de
2922 3638 3043 3694 loco
3070 3634 3395 3691 reclusionis
3423 3634 3630 3705 lignum

2025 3742 2294 3800 elevatum
2321 3747 2404 3793 est
2432 3731 2637 3791 crucis!
2690 3729 2901 3785 Gratias
2931 3727 3076 3783 enim
3123 3727 3235 3780 Deo
3281 3723 3452 3795 quod,
3494 3723 3635 3778 sicut

2027 3830 2140 3885 ﬁlia
2177 3824 2475 3883 Pharaonis
2509 3820 2815 3878 infantibus
2857 3817 3203 3871 Hebraeorum
3236 3828 3489 3884 magnam
3539 3813 3637 3867 hu-

2030 3922 2349 3979 manitatem
2383 3912 2781 3973 demonstravit
2833 3909 3004 3982 patris
3033 3907 3119 3962 sui
3177 3902 3482 3960 masculum
3512 3920 3633 3959 cum

2032 4017 2253 4074 feminis
2303 4011 2623 4077 reservavit,
2654 4009 2734 4064 sic
2766 4005 3006 4063 Ecclesia
3057 4003 3148 4058 Dei
3192 4000 3249 4056 in
3295 4016 3424 4055 vero
3457 3999 3637 4070 Moyse

2035 4126 2232 4185 magna
2272 4116 2355 4164 est
2395 4103 2567 4181 gratia
2610 4108 2844 4167 servata,
2885 4098 3015 4153 dum
3048 4112 3181 4150 crux
3209 4092 3494 4149 Dominica
3526 4102 3635 4147 tam

2034 4181 2295 4256 masculis
2333 4211 2497 4270 quam
2524 4191 2747 4248 feminis
2788 4188 2956 4247 hodie
2984 4193 3067 4241 est
3104 4184 3173 4238 ab
3201 4181 3402 4236 Helena
3448 4182 3639 4255 regina

2037 4297 2357 4350 monstrata.
2425 4286 2655 4352 Idcirco,
2696 4285 2741 4339 si
2782 4280 3084 4354 nequitiam
3127 4273 3427 4331 Pharaonis
3490 4281 3638 4329 recte

2031 4388 2266 4446 velimus
2294 4382 2668 4447 considerare,
2693 4378 2894 4434 mirum
2918 4391 3028 4431 non
3062 4370 3315 4444 estquod
3353 4369 3424 4424 de
3456 4368 3639 4423 infan-

2031 4479 2178 4535 tibus
2207 4475 2560 4541 llebraeorum
2600 4467 2875 4524 masculos
2899 4463 3059 4535 jussit
3084 4460 3362 4528 occidere,
3392 4466 3447 4515 et
3477 4458 3638 4514 femi-

2033 4586 2132 4626 nas
2169 4580 2470 4624 reservare.
2521 4560 2811 4627 Quoniam,
2853 4557 2995 4613 sicut
3047 4552 3274 4609 masculi
3315 4558 3371 4607 et
3419 4549 3640 4605 femina:

2036 4657 2288 4732 personis
2318 4654 2709 4709 discernuntur
2732 4645 2990 4721 geminis,
3029 4642 3111 4699 sic
3141 4640 3370 4717 virtutes
3407 4638 3462 4693 in
3494 4654 3642 4692 mas-

2034 4753 2192 4816 culis,
2227 4758 2282 4807 et
2316 4748 2448 4806 vitia
2490 4747 2778 4822 signantur
2832 4742 2889 4798 in
2921 4738 3161 4796 feminis.
3195 4735 3374 4802 Unde,
3415 4750 3486 4790 ne
3542 4747 3644 4806 pro

2036 4842 2382 4901 reservandis
2429 4837 2648 4895 feminis
2704 4843 2759 4891 et
2813 4829 3135 4889 occidendis
3178 4824 3438 4880 masculis
3467 4824 3647 4880 hostis

2033 4940 2294 5011 antiquus
2340 4935 2587 4993 cordium
2623 4936 2932 4987 nostrorum
2964 4923 3262 4994 recipiatur
3290 4920 3346 4974 in
3386 4918 3645 4987 vasculis,

2034 5008 2301 5095 orandum
2329 5035 2417 5084 est
2446 5025 2608 5095 nobis
2636 5030 2696 5078 ut
2745 5035 2908 5076 verus
2930 5024 2933 5027 λ
2956 5008 3168 5089 Moyses
3206 5010 3371 5068 nobis
3396 5009 3648 5066 tribuere

2036 5122 2296 5192 dignetur
2327 5119 2426 5171 has
2446 5115 2679 5169 virtutes
2702 5108 2975 5186 geminas,
3009 5113 3070 5161 ut
3097 5104 3155 5159 in
3181 5100 3515 5158 collectione
3542 5099 3650 5154 vir—

2037 5220 2214 5269 tutum
2252 5216 2309 5265 et
2346 5206 2659 5265 abscisioue
2688 5202 2946 5259 vitiorum
2974 5210 3319 5271 reservemus
3350 5192 3645 5254 masculos,

2036 5312 2091 5361 et
2119 5303 2438 5360 occidamus
2463 5299 2720 5365 feminas,
2766 5312 2841 5357 ne
2878 5292 2994 5349 veri
3035 5286 3338 5347 Pharaonis
3364 5280 3653 5341 videamur

2036 5393 2229 5450 subire
2254 5388 2583 5454 dominium,
2613 5386 2709 5458 qui
2735 5401 2926 5441 sexum
2947 5379 3111 5454 jussit
3129 5376 3386 5441 occidere
3425 5385 3648 5427 mascu-

2040 5486 2235 5553 linum,
2269 5490 2323 5537 et
2354 5493 2637 5535 reservare
2672 5475 3022 5531 femininum.
