4006 6198
407 247 508 303 947

996 384 1206 441 CAPUT
1260 387 1398 443 Xlll.

400 493 614 571 Moyses
633 495 693 549 in
717 499 897 563 ﬁgura
950 500 1110 566 Regis
1150 504 1342 556 aeterni
1382 507 1560 571 regale
1588 507 1726 560 illud
1755 509 2004 564 diadema

461 563 691 651 pedibus.
771 563 1043 651 contrivit
1073 572 1219 651 quod
1262 563 1462 640 rogatu
1511 578 1639 644 ﬁlia:
1681 593 1790 633 sua:
1836 563 2006 651 capiti

467 634 586 703 ejus
626 637 846 692 Pharao
874 634 1150 710 imposuit.

467 763 625 838 Ergo,
659 768 909 836 quamvis
931 770 1000 824 de
1035 771 1216 844 Moyse
1251 781 1304 829 et
1336 774 1447 830 ﬁlia
1488 777 1788 836 Pharaonis
1828 787 1998 839 semel

393 858 447 904 et
475 854 720 909 secundo
749 872 932 912 sermo
971 859 1046 914 sit
1073 861 1252 927 nobis,
1277 864 1453 920 adhuc
1477 871 1656 921 tamen
1691 871 1851 927 tertio
1874 889 1997 928 cum

393 940 476 994 eis
500 941 732 997 locuturi
769 947 1050 1015 pusillum,
1086 949 1237 1005 brevi
1277 969 1532 1010 sermone
1555 968 1609 1012 et
1633 958 1779 1014 illam
1814 968 2004 1036 tange-

395 1048 515 1085 mus
579 1043 634 1088 et
697 1036 868 1091 illum.
933 1039 1225 1096 Sciendum
1295 1052 1377 1099 est
1431 1047 1578 1102 enim
1658 1053 1806 1122 quod
1857 1054 1998 1109 idem

396 1144 534 1196 puer
561 1129 714 1203 regio
761 1133 994 1188 vestitus
1037 1137 1205 1200 cultu.
1251 1140 1523 1197 formosus
1556 1145 1610 1199 in
1665 1147 1875 1217 habitu,
1903 1152 2000 1206 sed

394 1214 688 1272 formosior
715 1226 833 1274 erat
861 1220 914 1274 in
947 1223 1120 1290 vultu,
1155 1227 1339 1296 specie
1379 1230 1587 1287 scilicet
1611 1241 1665 1288 et
1696 1214 2002 1305 pulchritu-

394 1304 522 1360 dine
552 1323 650 1361 sua
682 1308 834 1363 illum
859 1311 1220 1385 przeﬁgurans
1259 1317 1572 1384 Dominum,
1617 1304 1834 1396 dequo
1863 1329 1996 1382 scri-

393 1405 544 1466 ptum
571 1408 684 1454 est:
727 1401 1005 1470 Speciosus
1029 1407 1209 1472 forma.
1228 1425 1344 1479 pra:
1369 1413 1500 1480 ﬁliis
1530 1415 1800 1472 hominum
1829 1419 1998 1486 (Psal.

391 1487 546 1552 xuv).
582 1486 737 1541 Unde
767 1489 964 1545 mirum
996 1508 1106 1548 non
1137 1503 1220 1551 est
1263 1499 1432 1568 quod,
1468 1517 1567 1571 per
1593 1505 1832 1576 antiquae
1863 1507 2002 1562 divi-

394 1573 580 1628 nitatis
611 1576 926 1644 consilium,
969 1580 1080 1636 ﬁlia
1110 1583 1410 1642 Pharaonis
1455 1605 1583 1644 eum
1639 1573 1744 1647 sibi
1773 1595 2001 1667 adopta-

390 1663 466 1717 vit
490 1662 543 1717 in
576 1662 771 1732 ﬁlium,
804 1670 1067 1737 quoniam
1097 1671 1244 1728 idem
1287 1674 1432 1731 ﬁlius
1455 1679 1792 1750 adoptionis,
1827 1662 1995 1740 ﬁlium

391 1750 544 1804 illum
581 1751 1018 1828 przeﬁguraverit
1057 1759 1112 1814 in
1153 1778 1272 1833 spe,
1307 1764 1377 1819 de
1423 1783 1534 1838 quo
1564 1769 1827 1839 scriptum
1882 1781 1995 1829 est:

393 1841 559 1895 Filius
590 1857 737 1898 meus
775 1860 826 1898 es
854 1850 932 1912 tu,
961 1863 1052 1914 ego
1095 1851 1252 1905 hodie
1279 1857 1443 1920 genui
1470 1860 1519 1909 te
1549 1857 1718 1925 (Psal.
1764 1860 1843 1930 ιι).
1882 1861 2005 1918 Pro-

1383 263 1742 321 BERENGOSI
1786 268 2058 324 ABBALIS
2099 271 2151 325 S.
2197 271 2436 328 ΜΑΧΙΜΙ
2479 275 2742 332 Τιιενιιι.

2030 1714 2080 1783 Β

3624 289 3736 350 948

2027 401 2078 466 Α
2108 405 2234 452 runt
2263 407 2391 466 tres,
2426 400 2551 454 ideo
2583 403 3047 461 considerandum
3080 415 3162 463 est
3193 409 3354 466 nobis
3383 413 3561 470 oculis
3592 431 3679 471 am
3699 449 3711 456 -

2107 487 2284 544 bobus
2311 507 2417 562 qua
2450 491 2503 546 in
2525 509 2581 547 re
2613 494 2807 551 tertius
2846 496 3160 571 discrepare
3212 502 3466 560 videatur
3493 523 3525 560 e
3580 508 3728 566 duo-

2107 579 2229 634 bus.
2283 582 2360 635 Ad
2417 584 2828 653 praedicandum
2899 604 3035 663 ergo
3083 592 3413 650 saeculorum
3477 600 3726 657 omnium

2105 667 2330 743 Regem,
2359 670 2469 726 duo
2501 671 2570 726 de
2613 673 2697 728 his
2727 674 2980 732 obtulere
3011 681 3358 750 prOphetiam
3399 685 3613 753 tertius,
3644 689 3732 744 le-

2100 776 2249 832 gem,
2280 763 2563 833 quoniam,
2597 764 2740 822 sicut
2788 767 2870 821 lex
2900 785 2999 839 per
3038 769 3260 841 Moysen
3310 774 3437 830 data
3487 786 3594 845 est,
3644 780 3720 836 ita

2102 865 2199 920 per
2227 851 2430 923 Joscph
2455 861 2508 908 et
2541 855 2690 910 lsaac
2718 858 3006 928 prophetia
3043 861 3203 917 nobis
3225 863 3410 920 oblata
3434 874 3535 922 est.
3568 869 3724 927 Unde

2106 940 2356 1009 quamvis
2387 942 2498 998 duo
2521 943 2588 998 de
2619 945 2703 999 his
2741 947 3067 1016 patriarchae
3099 951 3229 1017 sint,
3259 962 3316 1008 et
3363 957 3556 1012 tertius
3577 976 3716 1029 pro-

2105 1027 2289 1097 pheta,
2327 1029 2412 1084 lex
2436 1039 2619 1086 tamen
2647 1040 2702 1087 et
2727 1034 3022 1104 prophetia
3058 1037 3400 1112 singulorum
3435 1044 3488 1098 in
3517 1027 3723 1117 myste-

2104 1117 2182 1172 rio
2215 1119 2268 1173 S.
2327 1122 2506 1175 crucis
2547 1123 2716 1178 ferme
2771 1125 2991 1180 videtur
3038 1128 3284 1200 impleta,
3344 1135 3590 1207 exceptis
3642 1139 3727 1193 his

2102 1221 2246 1276 quae,
2275 1208 2362 1262 vcl
2391 1210 2676 1280 praemium
2705 1211 2866 1266 nobis
2883 1213 3210 1284 pollicentes
3229 1225 3322 1273 aut
3358 1225 3720 1293 supplicium,

2101 1294 2342 1353 futurum
2371 1300 2553 1356 adhuc
2575 1303 2783 1358 habent
2810 1313 3127 1376 exspectare
3159 1308 3454 1376 judicium.
3490 1315 3720 1372 Intuen-

2103 1387 2232 1443 dum
2262 1398 2345 1445 est
2369 1402 2553 1447 autem
2583 1394 2731 1465 quod
2773 1395 3108 1470 ubicumque
3139 1400 3309 1456 Deum
3344 1405 3722 1473 praedicaverc

2102 1480 2400 1547 viventem,
2434 1483 2711 1555 disparem
2739 1502 3050 1544 sermonem
3105 1500 3161 1546 et
3191 1509 3378 1563 parem
3410 1497 3724 1556 habuerunt

2101 1577 2367 1637 mentem,
2399 1572 2530 1642 quia
2558 1572 2603 1626 si
2633 1573 2802 1628 verba
2828 1575 3174 1650 singulorum
3205 1582 3442 1638 velimus
3459 1589 3724 1644 conside-

2102 1677 2226 1716 rare
2258 1662 2544 1730 solertius,
2576 1665 2849 1738 quidquid
2883 1685 3026 1724 unus
3052 1678 3104 1726 et
3149 1672 3309 1741 alius,
3350 1676 3453 1733 hoc
3493 1686 3727 1737 testatur

2107 1762 2162 1807 et
2191 1753 2405 1808 tertius.
2451 1755 2683 1828 Dignum
2716 1758 2925 1830 quippe
2965 1759 3067 1815 fuit
3109 1770 3168 1818 ut
3209 1780 3348 1836 quos
3397 1768 3586 1824 radius
3634 1788 3726 1827 su-

2108 1863 2295 1917 pernze
2329 1857 2712 1919 penetraverat
2738 1853 2897 1921 lucis,
2920 1869 3114 1912 omnes
3143 1859 3726 1934 pariterloqucrentur

392 1929 520 1983 inde
548 1931 652 1985 sub
678 1940 805 2004 typo
857 1934 1024 2003 illius,
1056 1940 1152 2007 qui
1191 1940 1436 1998 habitare
1480 1947 1618 2011 facit
1679 1929 1906 2003 sterilem
1946 1952 1994 2004 ir.

2110 1955 2176 1993 ex
2207 1941 2470 2011 mysterio
2514 1944 2713 2010 crucis,
2767 1945 2822 2000 in
2853 1962 2964 2018 quo
3009 1964 3108 2019 pro
3163 1954 3517 2010 emundanda
3554 1958 3728 2032 origi-

391 2023 564 2088 domo,
610 2028 844 2079 matrem
879 2030 1117 2094 ﬁliorum
1157 2032 1422 2089 astantem
1470 2039 1635 2105 (Psal.
1673 2043 1820 2107 exn),
1866 2044 2003 2113 patri

2109 2029 2250 2084 nalis
2289 2032 2654 2089 immunditiaz
2712 2035 2900 2092 cloaca
2951 2041 3016 2093 de
3057 2041 3222 2097 latere
3260 2044 3563 2102 Saluatoris
3601 2029 3730 2103 san-

391 2128 491 2168 suo
523 2113 794 2170 Pharaoni
821 2120 1077 2174 eumdem
1095 2121 1359 2181 offerebat
1391 2127 1676 2195 infantem,
1696 2147 1898 2207 rogans
1923 2135 1994 2189 vi-

2105 2125 2227 2190 guis
2257 2126 2428 2179 emivit
2465 2130 2515 2180 et
2552 2143 2696 2197 aqua
2725 2131 2898 2194 (Joan.
2946 2133 3079 2201 xix).
3139 2132 3294 2189 Unde
3332 2136 3620 2193 sciendum
3648 2150 3734 2197 est

392 2203 596 2259 delicet
627 2213 685 2260 ut
711 2222 812 2277 per
850 2207 1103 2264 intimum
1147 2222 1391 2284 paterna:
1445 2218 1729 2274 charitatis
1758 2203 2000 2280 amorem

393 2294 610 2366 imperii
641 2297 723 2351 sui
765 2313 889 2353 eum
915 2298 1120 2357 faceret
1149 2319 1546 2364 successorem.
1582 2310 1785 2383 Sicque
1823 2321 2002 2370 trans-

389 2383 534 2438 latus
561 2384 616 2440 in
674 2384 898 2442 domum
928 2389 1231 2447 Pharaonis
1284 2411 1634 2470 nequaquam
1669 2400 1742 2455 ibi
1801 2404 1996 2475 regali-

389 2474 493 2530 bus
523 2477 764 2548 privatus
803 2489 886 2535 est
943 2481 1123 2549 bonis,
1177 2485 1403 2557 impleta
1443 2490 1652 2546 scilicet
1705 2493 1760 2547 in
1793 2474 1886 2550 eor
1909 2497 1999 2550 illa

389 2569 710 2638 prophetica
740 2573 1042 2629 sententia:
1101 2579 1224 2634 Non
1271 2583 1518 2651 privabit
1559 2584 1708 2639 bonis
1762 2601 1849 2642 eos
1903 2591 2002 2658 qui

387 2661 672 2718 ambulant
719 2665 778 2717 in
813 2667 1118 2722 innocentia
1139 2672 1304 2737 (Psal.
1337 2675 1556 2744 LXXXIII)
1608 2676 1673 2730 Ut
1711 2677 1858 2732 enim
1903 2680 1999 2735 Jo-

389 2749 592 2819 sephus
632 2751 797 2807 refert
830 2752 886 2807 in
925 2755 1081 2811 libris
1111 2758 1530 2832 Antiquitatum,
1568 2763 1624 2818 in
1665 2765 1830 2821 domo
1863 2767 1999 2823 Pha-

389 2845 576 2898 raonis
610 2833 868 2920 magnum
902 2849 1141 2907 habebat
1171 2854 1562 2926 principatum,
1597 2859 1778 2930 typice
1806 2861 1998 2916 videli-

388 2941 476 2989 cet
504 2935 654 2990 illum
681 2937 983 3011 designans
1013 2942 1081 2997 de
1111 2959 1220 3015 quo
1253 2947 1520 3016 propheta
1543 2948 1676 3003 dicit
1705 2951 1994 3025 egregius:

385 3027 668 3082 Factusest
690 3033 1038 3102 principatus
1075 3050 1238 3106 super
1273 3038 1550 3094 humerum
1588 3041 1704 3110 ejus
1737 3042 1868 3113 (Isa.
1901 3047 1996 3112 ix),

392 3115 544 3173 Unde
579 3119 707 3176 licet
760 3121 974 3180 Pharao
1021 3128 1240 3201 generis
1295 3129 1443 3184 illius
1487 3133 1673 3188 nobile
1719 3134 1999 3209 ignoraret

387 3217 646 3274 stemma;
681 3225 781 3282 pro
807 3213 983 3285 gratia
1033 3222 1217 3270 tamen
1249 3215 1398 3284 ﬁliae,
1431 3221 1584 3292 regni
1624 3223 1708 3277 sui
1750 3226 1998 3296 impone-

390 3301 482 3356 bat
504 3302 779 3366 diadema,
825 3305 1053 3376 impleto
1085 3309 1294 3364 scilicet
1327 3311 1380 3366 in
1411 3313 1594 3384 seipso
1623 3316 1771 3387 quod
1817 3334 1998 3374 sermo

386 3399 621 3446 testatur
651 3394 1034 3466 evangelicus:
1065 3398 1447 3464 Aufereturab
1471 3417 1527 3456 eo
1557 3419 1798 3473 regnum,
1830 3412 1878 3460 et
1903 3408 1997 3462 da-

387 3481 534 3534 bitur
559 3484 705 3550 genti
739 3483 970 3548 facienti
995 3487 1206 3550 fructus
1255 3488 1369 3556 ejus
1409 3492 1621 3560 (Matth.
1662 3497 1793 3563 χχι).
1841 3497 1993 3561 Quod

385 3572 550 3626 etiam
609 3573 752 3628 idem
807 3573 1022 3645 Moyses
1069 3576 1214 3632 bene
1273 3579 1436 3635 nobis
1488 3581 1543 3636 in
1593 3601 1691 3639 sua
1745 3588 1996 3658 protinus

380 3660 600 3716 actione
633 3663 973 3732 monstravit,
998 3665 1127 3720 dum
1147 3667 1328 3739 regale
1350 3669 1486 3726 illud
1513 3671 1768 3729 diadema
1802 3676 1854 3729 in
1887 3684 1996 3732 ter-

380 3769 490 3807 ram
524 3753 845 3825 projiciens,
878 3755 1116 3828 pedibus
1147 3761 1508 3831 conculcavit,
1548 3765 1869 3840 signiﬁcans
1899 3769 1988 3823 vi-

377 3844 580 3900 delicet
619 3846 767 3918 quod
802 3847 857 3902 in
884 3847 1024 3904 solio
1056 3851 1257 3906 terreni
1289 3854 1442 3927 regni
1495 3872 1843 3930 nequaquam
1888 3867 1990 3915 ter-

378 3953 514 3991 reno
556 3953 913 3994 successurus
953 3951 1102 3997 esset
1129 3942 1362 4013 homini,
1395 3947 1487 4017 qui
1518 3957 1847 4020 accepturus
1872 3961 1989 4009 erat

377 4045 607 4103 regnum
631 4029 867 4097 decoris,
909 4038 965 4087 et
994 4033 1248 4091 diadema
1271 4038 1478 4108 speciei
1501 4040 1570 4095 de
1594 4058 1759 4099 manu
1796 4044 1984 4100 Domi-

378 4118 454 4173 ni.
491 4119 548 4173 ln
573 4133 683 4190 quo
713 4119 928 4175 scilicet
967 4121 1110 4177 facto
1141 4139 1369 4199 regnum
1408 4127 1612 4184 diaboli
1645 4133 1984 4205 quandoque

376 4208 774 4264 destruendum
806 4226 929 4265 esse
972 4212 1247 4283 praevidit,
1305 4215 1434 4270 dum
1481 4233 1761 4286 coronam,
1820 4240 1982 4295 quam

380 4299 586 4356 Pharao
612 4301 832 4356 sibimet
872 4302 1156 4374 imposuit,
1209 4306 1447 4378 pedibus
1490 4313 1765 4379 contrivit,
1802 4315 1981 4386 typice

2106 2215 2278 2285 quod,
2308 2215 2450 2270 sicut
2479 2217 2748 2273 Abraham
2799 2226 2991 2290 typum
3024 2222 3325 2281 Salvatoris
3365 2243 3425 2282 se
3458 2228 3723 2286 habuisse

2101 2303 2449 2369 monstravit,
2503 2304 2631 2358 dum
2686 2307 2789 2361 sub
2850 2308 3051 2365 arbore
3109 2313 3288 2368 crucis
3332 2322 3444 2370 tres
3487 2317 3624 2372 vidit
3668 2329 3725 2374 et

2101 2408 2269 2446 unum
2293 2393 2562 2460 adoravit,
2591 2395 2672 2451 sic
2699 2403 2753 2451 et
2784 2398 2870 2452 isti
2901 2408 3009 2454 tres
3031 2400 3279 2458 divinam
3309 2406 3728 2480 humanamque

2101 2483 2156 2537 in
2199 2483 2308 2540 Deo
2339 2486 2558 2541 coluere
2590 2494 2858 2554 naturam,
2891 2490 3020 2544 dum
3063 2493 3119 2546 S.
3155 2493 3439 2552 Trinitatis
3489 2499 3722 2556 formam

2101 2571 2170 2626 ad
2219 2573 2470 2628 eamdem
2527 2576 2779 2632 solebant
2826 2579 3060 2635 adorare
3110 2580 3365 2657 ﬁguram.
3420 2587 3551 2655 Sed,
3595 2589 3727 2647 licet

2103 2681 2298 2721 omnes
2328 2669 2490 2722 unius
2523 2669 2614 2724 Dei
2651 2670 2944 2728 habuerint
2976 2675 3271 2746 culturam,
3318 2679 3375 2734 in
3405 2681 3613 2752 seipsis
3643 2692 3731 2740 ta-

2101 2769 2226 2808 men
2270 2754 2578 2826 simplicem
2623 2758 2867 2815 habuere
2897 2761 3149 2833 ﬁguram,
3181 2765 3310 2820 dum
3352 2769 3559 2825 cultum
3591 2773 3718 2842 pie-

2102 2845 2232 2900 tatis
2249 2855 2302 2901 et
2319 2856 2508 2918 typum
2528 2849 2622 2904 Dei
2648 2851 2885 2907 viventis
2904 2869 3048 2909 unus
3062 2855 3254 2912 habuit
3272 2859 3594 2918 testimonio
3609 2881 3732 2920 car-

2101 2934 2264 3004 ceris,
2291 2935 2470 3009 [alius]
2504 2938 2696 2994 arietis
2715 2941 2982 2996 ettertius
3005 2945 3299 3015 serpentis.
3328 2947 3589 3016 Unde,ne
3617 2969 3720 3010 nos

2099 3025 2432 3098 Egyptiacze
2464 3030 2799 3100 captivitatis
2839 3033 3116 3107 ergastulo
3147 3036 3303 3106 quasi
3335 3053 3458 3093 cum
3511 3041 3720 3114 Joseph

2100 3115 2382 3172 videamur
2443 3119 2797 3189 incarceraii,
2847 3123 2987 3179 duos
3041 3125 3180 3180 alios
3232 3125 3401 3193 viros,
3456 3129 3609 3186 lsaac
3665 3142 3721 3188 et

2101 3203 2319 3275 Moysen
2353 3207 2622 3263 debemus
2651 3209 2872 3276 imitari,
2922 3218 2981 3266 ut
3011 3219 3202 3268 contra
3252 3216 3524 3273 versutias
3567 3221 3716 3275 anti-

2099 3298 2190 3369 qui
2223 3302 2500 3370 serpentis
2527 3303 2949 3373 armisjustitize
3002 3307 3076 3362 ita
3133 3322 3258 3362 cum
3314 3310 3395 3364 eis
3444 3328 3722 3370 armcmur

2101 3389 2154 3442 in
2207 3399 2416 3456 mente,
2460 3402 2519 3449 ut
2552 3393 2927 3453 fortitudinem
2955 3398 3264 3468 .Salvatoris
3317 3400 3606 3460 imitemur
3666 3407 3722 3462 in

2097 3478 2268 3534 ariete
2305 3489 2359 3535 ct
2389 3481 2736 3552 prudentiam
2761 3484 2816 3538 in
2846 3493 3124 3557 serpente.

2723 3593 2933 3649 CAPUT
2975 3595 3079 3650 XV.

2095 3678 2332 3759 Quod_in
2355 3683 2534 3759 figura
2555 3685 2728 3759 erucis
2769 3686 3120 3759 Dominicceet
3149 3689 3468 3756 evangelica
3493 3697 3717 3759 gratim,

2166 3750 2340 3830 tribus
2358 3753 2482 3830 illis
2509 3755 2665 3816 viris,
2696 3753 2911 3830 .loseph,
2941 3758 3095 3811 Isaac
3132 3763 3183 3813 et
3238 3750 3414 3830 Moysi
3463 3750 3607 3818 binm
3635 3750 3728 3821 vel

2164 3825 2324 3877 trime
2351 3822 2476 3876 bene
2500 3822 2828 3879 conveniunt
2850 3830 3188 3884 nutritiones.

2166 3932 2253 3987 His
2272 3933 2436 4006 igitur
2463 3935 2532 3989 ita
2553 3935 2941 4003 consideratis,
2967 3941 3369 3997 consideranda
3390 3952 3520 3999 sunt
3549 3946 3606 4001 in
3630 3949 3712 4002 eis

2088 4032 2143 4079 et
2171 4023 2278 4078 alia
2306 4041 2474 4096 Opera
2499 4027 2737 4097 pietatis,
2764 4037 2821 4083 ut
2841 4030 2982 4085 scire
3011 4032 3286 4101 possimus
3305 4035 3438 4106 quid
3466 4036 3537 4090 ab
3565 4053 3708 4093 uno-

2086 4131 2308 4188 quoque
2341 4117 2556 4173 illorum
2582 4120 2878 4190 petendum
2909 4122 2978 4176 sit
3003 4122 3147 4194 jure,
3169 4125 3371 4197 quibus
3394 4143 3494 4197 pro
3518 4129 3698 4184 diver-

2084 4206 2244 4262 sitate
2265 4209 2480 4280 gratiae,
2511 4210 2741 4266 diversa:
2760 4213 2923 4268 etiam
2957 4213 3110 4269 fuere
3140 4214 3345 4290 ﬁgurae.
3379 4218 3533 4274 Sicut
3555 4221 3704 4275 enim

2084 4298 2285 4370 .loseph
2318 4316 2460 4370 pane
2498 4301 2621 4356 vitae
2653 4309 2706 4358 et
2749 4304 3061 4361 intellectus
3093 4308 3295 4364 meruit
3324 4309 3462 4364 alios
3491 4310 3708 4376 cibare,

379 4391 635 4448 videlicet
666 4393 827 4448 nobis
859 4392 1146 4448 insinuans
1194 4397 1340 4468 quod
1397 4415 1495 4469 per
1524 4400 1776 4457 virtutem
1811 4405 1990 4461 crucis

2099 4401 2146 4447 et
2194 4393 2314 4464 ipse
2344 4395 2537 4462 cibari,
2581 4397 2661 4452 sic
2705 4398 2853 4454 lsaac
2885 4406 2940 4455 et
2984 4400 3198 4473 Moyses
3247 4419 3388 4475 aqua
3417 4405 3710 4475 sapientia:

376 4485 528 4541 illum
557 4501 780 4559 semper
806 4493 1157 4543 conteremus
1201 4490 1478 4560 atrociter,
1514 4493 1580 4546 de
1609 4510 1716 4565 quo
1749 4496 1984 4566 Aposto-

377 4578 493 4632 lus:
528 4581 688 4648 Deus,
718 4579 916 4650 inquit,
935 4584 1164 4635 conteret
1184 4580 1450 4639 Satanam
1480 4585 1579 4639 sub
1603 4587 1829 4656 pedibus
1862 4605 1984 4643 re“

373 4671 501 4725 stris
527 4671 773 4724 velociter
803 4667 972 4738 (Rom.
1005 4671 1132 4740 xw).

997 4785 1203 4841 CAPUT
1231 4787 1361 4842 XIV.

381 4896 503 4950 Tres
559 4895 619 4948 hi
655 4896 785 4959 viri,
837 4893 1052 4965 Joseph,
1092 4897 1247 4950 Isaac
1299 4901 1349 4950 et
1411 4897 1637 4966 Moyses,
1698 4901 1988 4957 secundum

439 4966 784 5035 prophetiam
811 4981 988 5020 eorum
1009 4971 1059 5021 et
1083 4967 1267 5035 legem,
1300 4967 1365 5022 de
1382 4970 1634 5037 mysterio
1662 4972 1839 5025 crucis
1871 4972 1987 5026 dis-

440 5052 627 5106 parem
683 5037 899 5108 quidem
943 5052 1250 5103 sermonem,
1297 5055 1359 5093 ac
1411 5055 1598 5110 parem
1686 5041 1986 5098 habuerunt

443 5111 666 5162 mentem
677 5149 690 5162 .

451 5217 585 5271 Ecce
641 5219 782 5274 sicut
825 5234 924 5290 per
951 5220 1245 5295 aenigmata
1271 5221 1565 5278 verborum
1613 5223 1983 5294 spiritualium

378 5304 432 5359 in
463 5303 851 5375 explanatione
881 5308 1041 5364 trium
1091 5310 1355 5377 virorum,
1389 5312 1460 5367 de
1493 5328 1604 5368 uno
1631 5313 1990 5369 currebamus

373 5396 440 5449 ad
471 5395 660 5464 alium,
691 5401 764 5455 ita
793 5415 942 5454 nunc
971 5401 1133 5457 nobis
1160 5419 1465 5480 congruum
1519 5405 1740 5461 videtur
1786 5415 1839 5461 et
1889 5421 1989 5478 op-

375 5494 664 5554 portunum
700 5499 761 5548 ut
791 5491 1018 5547 eosdem
1048 5495 1197 5551 viros
1226 5496 1389 5551 simul
1431 5497 1521 5553 hic
1561 5497 1889 5569 colligamus
1927 5500 1982 5554 in

374 5586 558 5630 unum.
596 5581 726 5644 Sed,
786 5579 1045 5648 quoniam
1089 5583 1254 5640 iidem
1323 5585 1446 5651 viri,
1487 5587 1688 5658 loseph
1746 5588 1977 5650 scilicet,

370 5676 518 5739 lsaac
550 5677 600 5723 ct
643 5671 881 5740 Moyses,
914 5666 970 5721 in
1003 5672 1174 5728 tribus
1234 5675 1486 5744 personis
1537 5678 1737 5750 ﬁguras
1778 5679 1980 5734 habue-

2091 4497 2342 4538 merucre
2362 4484 2558 4554 potari,
2573 4494 2846 4556 quatenus
2857 4489 3033 4561 gratia
3051 4489 3280 4562 dispari,
3297 4501 3351 4547 et
3367 4492 3709 4550 benevolen-

2087 4571 2160 4626 tia
2176 4573 2292 4643 pari
2309 4573 2481 4646 [alter]
2494 4575 2650 4631 alteri
2679 4587 2866 4633 mutua
2888 4581 3356 4650 possetcharitate
3388 4584 3712 4641 sociari.lta

2090 4665 2298 4737 quippe
2321 4665 2466 4721 dona
2496 4683 2557 4722 se
2585 4667 3099 4741 habentspiritalia,
3133 4679 3191 4727 ut
3219 4673 3390 4728 virtus
3418 4689 3532 4728 una
3560 4689 3708 4728 sem-

2091 4760 2680 4828 persustentcturalia,
2696 4761 2958 4832 quoniam
2984 4763 3038 4817 in
3053 4763 3353 4819 virtutibus
3374 4764 3707 4835 spiritalium

2090 4848 2328 4903 virorum
2361 4849 2486 4903 talis
2517 4857 2600 4905 est
2633 4850 2785 4917 talio,
2827 4860 2886 4906 ut
2926 4852 3117 4919 virtus,
3157 4869 3278 4925 qua:
3319 4868 3430 4908 non
3473 4853 3712 4909 habetur

2088 4938 2145 4994 in
2200 4955 2332 5006 uno,
2385 4941 2653 4996 habeatur
2709 4941 2763 4995 in
2825 4942 2958 4998 alio.
3013 4943 3167 4998 Unde
3219 4944 3416 4999 mirum
3458 4960 3572 5000 non
3611 4955 3701 5002 est

2087 5029 2257 5106 quod,
2280 5031 2423 5086 sicut
2452 5031 2685 5102 Joseph,
2727 5033 3034 5088 secundum
3071 5034 3286 5090 altioris
3321 5034 3710 5110 intelligentiae

2085 5134 2508 5192 sacramentum,
2568 5143 2632 5182 ex
2682 5127 2883 5184 horreo
2921 5128 3206 5184 charitatis
3248 5130 3495 5202 spiritale
3545 5131 3713 5187 nobis

2085 5219 2224 5275 solet
2268 5235 2499 5292 erogare
2531 5219 2887 5288 frumentum,
2922 5222 3003 5277 sic
3055 5222 3201 5279 lsaac
3244 5230 3300 5279 et
3336 5223 3572 5295 Moyses,
3616 5239 3704 5278 se-

2091 5309 2327 5364 cundum
2359 5308 2589 5382 gratiam
2625 5309 2924 5381 unicuique
2953 5310 3155 5377 datam,
3191 5311 3438 5367 ccelestis
3477 5310 3706 5382 sapien-

2089 5405 2180 5459 tiae
2213 5403 2373 5461 nobis
2415 5405 2593 5460 daturi
2619 5413 2746 5459 sunt
2790 5421 2985 5476 aquam
3045 5405 3198 5462 Sicut
3230 5406 3378 5460 enim
3407 5407 3611 5476 loseph
3648 5406 3704 5461 in

2085 5494 2348 5566 mysterio
2379 5493 2582 5560 crucis,
2609 5509 2808 5564 panem
2834 5493 2987 5548 illum
3008 5494 3169 5549 nobis
3188 5493 3490 5568 ﬁguraliter
3507 5502 3704 5550 osten-

2085 5587 2186 5654 dit,
2216 5586 2283 5642 de.
2316 5600 2426 5657 quo
2461 5585 2666 5640 dictum
2717 5591 2830 5638 set:
2872 5587 2973 5641 Hic
3001 5592 3077 5640 cst
3100 5588 3264 5655 panis
3306 5589 3482 5652 vivus,
3513 5586 3609 5656 qui
3639 5585 3705 5638 de

2081 5681 2204 5737 cado
2252 5681 2517 5737 descendit
2565 5681 2751 5749 (Joan.
2815 5681 2918 5747 vx);
2979 5677 3056 5734 sic
3097 5678 3245 5733 lsaac
3277 5684 3332 5733 et
3361 5677 3574 5749 Moyses
3603 5692 3704 5732 nos
