4006 6198
229 309 342 366 949

1194 304 1276 359 DE
1317 304 1530 359 LAUDE
1571 303 1653 358 ET
1691 302 1825 359 lNV.
1865 304 1922 358 S.
1965 301 2220 357 CRUCIS.
2261 329 2329 339 —
2369 298 2496 353 LIB.
2539 298 2580 352 Ι.

3467 291 3574 348 950

230 441 405 506 petra
449 433 600 489 illius
626 448 769 489 vena
823 432 1031 487 debent
1068 438 1263 502 potare
1314 436 1547 498 secreta,
1609 432 1680 485 de
1734 447 1843 503 qua
1869 432 1920 502 Α
1952 430 2143 484 Pomm
2167 426 2325 481 dabis
2351 426 2505 480 nobis
2535 427 2596 479 in
2628 426 2881 492 lacrymis
2911 425 2970 477 in
3012 437 3269 477 mensura
3299 421 3481 492 (Ibid).
3513 421 3576 485 Et

229 527 494 599 scriptum
538 532 650 580 est:
708 525 975 581 Bibebant
1026 528 1203 579 autem
1264 538 1439 578 omnes
1490 523 1556 577 de
1600 525 1849 594 spiritali

231 623 578 689 consequente
600 632 685 672 eos
705 620 867 687 petra
923 616 966 687 (Ι
998 617 1116 673 Cor.
1151 615 1226 687 x).
1277 614 1452 682 Unde,
1486 630 1554 669 ne
1604 630 1706 670 nos
1757 614 1847 669 siti

236 692 534 780 pereamus
590 714 685 761 aut
709 704 876 774 fame,
903 704 1130 777 dignum
1175 709 1258 759 est
1284 711 1345 759 ut
1371 718 1471 774 per
1532 701 1848 774 mysterium

230 799 411 855 crucis
439 797 592 854 verbi
623 795 868 853 caelestis
896 812 1038 867 aqua
1061 795 1375 852 reﬁciamur
1404 804 1459 850 et
1483 809 1646 867 pane,
1674 794 1849 849 maxi-

231 907 458 946 mecum
491 890 658 945 iidem
691 899 802 946 tres
839 888 941 944 viri
969 887 1116 943 sitim
1148 887 1455 943 animarum
1479 887 1609 942 inde
1638 888 1851 959 possint

235 980 533 1035 emendare
562 995 661 1050 per
703 985 898 1045 totum,
928 976 974 1030 si
1005 992 1149 1031 unus
1190 976 1356 1032 nobis
1388 991 1610 1048 panem,
1659 983 1713 1031 et
1741 977 1852 1032 duo

235 1074 492 1130 dederint
528 1080 738 1145 potum.
763 1071 872 1127 Sed
898 1071 1118 1126 interim
1161 1070 1325 1126 nobis
1349 1069 1488 1125 nihil
1519 1068 1740 1125 obstare
1765 1069 1850 1125 vi-

234 1164 419 1230 detur,
446 1162 491 1217 si
521 1161 732 1232 Joseph
763 1176 794 1215 a
824 1160 1042 1215 duobus
1067 1159 1189 1214 aliis
1222 1160 1503 1231 paulisper
1538 1167 1845 1230 separetur,

230 1258 291 1306 ut
320 1251 416 1306 ubi
447 1250 584 1306 ratio
612 1249 835 1305 videtur
860 1248 1157 1303 convenire
1191 1249 1410 1318 rationi,
1452 1248 1639 1304 denuo
1673 1249 1730 1303 in
1761 1248 1844 1304 lo-

226 1359 354 1399 cum
384 1358 541 1397 suum
575 1341 804 1412 pristina
837 1340 1044 1395 debeat
1072 1341 1311 1396 statione
1357 1340 1572 1411 reponi.
1619 1340 1847 1396 Duobus

231 1432 441 1503 quippe
466 1430 645 1486 modis
663 1429 909 1486 breviter
930 1428 1019 1484 hic
1039 1429 1300 1485 adnotare
1313 1429 1582 1484 debemus
1612 1429 1850 1502 qualiter

233 1519 334 1594 [in]
366 1520 521 1575 Isaac
547 1528 603 1575 et
642 1519 826 1590 Moyse
857 1534 1040 1575 causa
1076 1519 1277 1585 causis,
1320 1526 1374 1574 et
1395 1535 1483 1574 res
1516 1519 1849 1575 conveniant

237 1610 424 1676 rebus,
439 1609 675 1665 maxime
694 1624 818 1663 cum
840 1607 976 1679 [per]
1001 1607 1320 1663 afﬂuentem
1333 1607 1851 1680 sequentissenten-

1957 512 2086 572 ideo
2116 529 2347 570 necesse
2379 520 2462 567 est
2493 510 2656 567 nobis
2679 518 2739 565 ut
2770 526 2869 580 per
2912 510 3143 583 gratiam
3181 509 3274 565 Dei
3304 509 3566 579 omnipo-

1959 608 2125 664 tentis
2159 604 2453 678 praeceptis
2502 603 2802 659 Dominicis
2836 602 3065 672 itnplere
3106 601 3431 656 Studeamus
3474 602 3577 672 hy-

1959 700 2108 755 drias
2129 698 2362 765 mentis;
2393 697 2468 752 ita
2496 695 2776 758 videlicet,
2811 701 2871 750 ut
2900 709 2998 765 per
3026 692 3303 764 duplicem
3350 693 3491 767 legis
3519 701 3575 748 et

1950 788 2137 864 gratia
2178 801 2462 842 nummum
2526 783 2690 840 bonis
2747 781 3011 854 operibus
3071 781 3402 852 impleamus
3481 797 3575 836 eas

1952 897 2128 951 usque
2177 879 2247 934 ad
2304 893 2603 932 summum.
2642 874 2899 946 Alioquin
2955 871 3350 929 deﬁcientibus
3408 887 3576 928 care-

1952 970 2155 1027 moniis
2181 968 2321 1043 legis
2341 967 2606 1031 Hebraea,
2632 964 2833 1020 frustra
2871 978 2970 1034 pro
3002 962 3165 1019 nobis
3182 964 3390 1032 nuptiae
3417 964 3578 1029 facta:

1949 1069 2074 1121 sunt
2102 1068 2159 1119 in
2183 1064 2334 1120 Cana
2355 1062 2595 1119 Galilaaa:
2619 1060 2799 1131 (Joan.
2828 1059 2921 1128 ru),
2964 1057 3071 1113 nisi
3112 1058 3168 1113 in
3201 1057 3445 1113 Ecclesia
3473 1056 3573 1112 Dei

1948 1174 2013 1214 ex
2056 1157 2205 1213 bona
2251 1153 2672 1211 conversatione
2749 1151 3120 1216 credentium,
3162 1148 3414 1221 quotidie
3471 1147 3573 1203 im-

1950 1249 2218 1321 pleantur
2276 1245 2483 1316 nuptia
2528 1242 2995 1299 discumbentium
3069 1240 3176 1296 Sed
3216 1239 3480 1312 quoniam
3518 1239 3574 1320 in

1945 1338 2202 1409 mysterio
2234 1333 2531 1391 Dominica
2553 1331 2824 1403 passionis
2857 1336 2911 1385 et
2953 1329 3134 1385 crucis
3175 1328 3380 1398 duplex
3410 1326 3576 1382 nobis

1946 1429 2117 1502 gratia
2160 1434 2247 1483 est
2301 1428 2447 1493 data,
2505 1433 2563 1479 ut
2604 1425 2659 1478 in
2707 1420 3070 1478 sacramentis
3112 1419 3418 1475 Dominicis
3469 1434 3575 1474 nec

1947 1518 2077 1573 vino
2103 1516 2407 1572 debeamus
2432 1528 2622 1570 carere
2652 1527 2756 1567 nec
2785 1526 2950 1582 aqua,
2979 1509 3107 1563 ideo
3147 1516 3381 1578 utraque
3412 1506 3571 1560 defe-

1955 1613 2128 1669 renda
2154 1617 2284 1667 sunt
2307 1610 2361 1665 in
2395 1607 2726 1680 obsequium
2766 1605 2883 1671 Dei,
2917 1620 2988 1658 ne
3025 1603 3113 1678 vel
3153 1602 3237 1656 lex
3269 1601 3413 1655 desit
3438 1617 3568 1673 gra-

236 1703 326 1757 tia
355 1700 685 1758 versiculum
714 1700 926 1775 integre
954 1699 1023 1755 de
1037 1699 1200 1755 nobis
1234 1699 1356 1755 sitis
1382 1699 1612 1755 interna
1640 1700 1853 1771 possint
1878 1730 1928 1799 B
1960 1706 2071 1772 tiae,
2106 1704 2192 1760 vel
2223 1703 2398 1776 gratia
2426 1701 2558 1775 legi.
2616 1698 2912 1755 Sciendum
2963 1703 3050 1751 est
3090 1694 3299 1766 quippe
3346 1694 3495 1765 quia,
3524 1693 3572 1748 si

240 1794 562 1866 propulsare
619 1792 946 1865 periculum.
982 1793 1132 1849 Sicut
1173 1792 1323 1848 enim
1369 1793 1519 1849 Isaac
1563 1809 1631 1848 ex
1684 1802 1851 1865 puteo

237 1885 355 1951 illo,
384 1884 469 1939 cui
493 1898 697 1938 nomen
724 1889 810 1938 est
839 1882 1075 1938 viventis
1101 1889 1155 1937 et
1172 1881 1511 1950 videntis,in
1534 1880 1705 1958 ﬁgura
1722 1883 1849 1938 Sal-

234 1976 441 2033 vatoris
491 1976 718 2048 irrigare
774 1975 942 2030 debet
994 1974 1149 2029 arida
1193 1974 1415 2043 mentis,
1468 1975 1568 2043 sic,
1613 1982 1674 2031 ut
1731 1976 1853 2031 sitis

235 2065 484 2121 cordium
537 2072 846 2120 nostrorum
891 2063 1275 2137 exstinguatur
1317 2079 1348 2117 a
1386 2062 1589 2136 Moyse,
1631 2066 1687 2119 in
1727 2080 1853 2119 arca

234 2158 495 2214 Ecclesia
549 2157 746 2228 poculo
800 2155 1069 2211 charitate
1114 2155 1378 2211 inebriari
1427 2156 1697 2213 debemus
1726 2172 1848 2213 cum

237 2248 372 2314 Noe,
412 2246 507 2302 ubi
534 2261 634 2317 per
671 2244 994 2317 mysterium
1044 2244 1223 2300 crucis
1261 2244 1616 2316 septiformis,
1648 2246 1852 2318 lgratia

242 2339 339 2395 Dei
370 2338 531 2395 nobis
574 2336 880 2392 inundante
922 2335 1152 2402 diluvio,
1196 2352 1395 2409 aquam
1439 2336 1605 2393 nobis
1639 2339 1854 2409 sapien-

244 2429 335 2484 tia
390 2429 540 2483 Isaac
595 2443 660 2483 ex
704 2433 913 2498 puteo,
988 2432 1044 2481 et
1100 2424 1316 2497 Moyses
1385 2426 1731 2484 ministrabat
1787 2443 1853 2483 ex

244 2516 431 2572 ﬂuvio.
456 2546 469 2559 -

859 2608 1064 2664 CAPUT
1091 2609 1199 2663 XVI

237 2719 360 2785 Qui,
386 2716 678 2772 secundum
696 2718 967 2788 triplicem
980 2718 1292 2773 divinitatis
1304 2720 1571 2790 gratiam,
1588 2722 1852 2790 expromi-

303 2804 385 2861 me
408 2790 701 2843 nominatis
739 2791 878 2844 viris
918 2790 1116 2858 tribus,
1160 2804 1303 2846 unus
1341 2789 1572 2845 daturus
1626 2789 1849 2861 panem,

303 2860 403 2914 alii
427 2863 603 2915 autem
631 2875 858 2930 aquam.

305 2972 445 3027 Ecce
483 2972 532 3026 si
561 2972 687 3045 quis
710 2973 822 3042 jam
855 2981 1072 3044 tempus
1101 2980 1157 3028 et
1204 2973 1389 3029 horam
1439 2973 1573 3029 velit
1596 2971 1852 3029 conside—

237 3078 357 3119 rare
384 3064 666 3131 solertius,
698 3064 906 3131 denuo,
948 3064 1093 3120 sicut
1122 3066 1509 3137 pramisnmus,
1567 3066 1621 3120 in
1669 3067 1847 3122 locum

238 3175 399 3214 suum
431 3159 774 3214 revocandus
823 3165 906 3213 est
957 3159 1175 3226 tertius,
1221 3167 1493 3232 quatenus
1524 3160 1580 3214 in
1633 3159 1842 3216 caelesti

239 3250 296 3305 S.
329 3248 610 3305 Trinitatis
650 3249 970 3305 archisterio
1001 3250 1219 3306 duobus
1244 3251 1367 3307 aliis
1393 3267 1623 3308 numero
1663 3252 1848 3307 socie-

241 3347 330 3394 tur
358 3347 413 3395 et
454 3338 733 3410 mysterio.
777 3338 927 3394 Sicut
985 3340 1134 3395 enim
1166 3339 1369 3412 Ioseph
1420 3341 1477 3395 in
1534 3357 1625 3395 ara
1669 3340 1849 3396 crucis

240 3447 441 3503 panem
472 3431 626 3485 illum
681 3432 844 3488 nobis
900 3432 1339 3503 pramonstravit
1378 3432 1436 3487 in
1469 3432 1737 3499 Hebrais,
1783 3434 1851 3488 de

239 3539 352 3595 quo
380 3522 644 3594 scriptum
667 3531 750 3581 est
775 3542 788 3578 :
817 3527 1015 3580 Panem
1046 3525 1164 3579 cali
1183 3524 1331 3579 dedit
1349 3528 1421 3579 eis
1444 3526 1604 3595 (Psal.
1632 3525 1853 3595 Lxxvn),

237 3616 320 3671 sic
363 3617 512 3672 Isaac
541 3625 597 3673 et
626 3616 838 3688 Moyses
885 3617 1134 3689 quadam
1167 3617 1409 3673 calestis
1457 3617 1743 3688 sapientia
1768 3632 1858 3672 se-

240 3717 392 3763 creta
421 3707 658 3783 gemina
688 3708 1004 3765 dilectionis
1055 3708 1188 3763 bina
1218 3709 1383 3764 nobis
1433 3709 1641 3764 debent
1690 3707 1855 3762 mini-

238 3807 418 3854 strare
449 3806 701 3855 metreta.
747 3799 880 3855 Cum
911 3800 1059 3855 enim
1109 3807 1324 3856 metron
1357 3800 1564 3867 Graece,
1598 3815 1858 3855 mensura

241 3886 459 3942 dicatur
515 3886 723 3955 Latine,
754 3887 899 3943 bina
957 3894 1203 3943 metreta
1244 3888 1565 3943 eorumdem
1614 3889 1855 3944 virorum

245 3977 394 4031 bene
414 3991 724 4033 convenere
743 3976 1029 4041 doctrina,
1052 3978 1311 4050 quoniam
1328 3977 1477 4033 binis
1498 3978 1745 4034 metretis
1766 3985 1862 4033 aut

249 4068 426 4123 ternis
455 4070 679 4141 hydrias
710 4070 831 4125 illas
884 4071 1183 4142 implevere
1213 4085 1500 4142 supernas,
1531 4071 1600 4126 de
1653 4070 1857 4143 quibus

246 4161 514 4231 scriptum
545 4168 653 4217 est:
686 4164 966 4233 Cupientes
1016 4164 1250 4232 singula:
1292 4167 1539 4218 met-retas
1596 4164 1750 4218 binas
1780 4164 1861 4217 ecl

1958 1796 2043 1853 vel
2061 1794 2129 1849 ab
2152 1809 2264 1850 uno
2285 1793 2372 1848 vel
2412 1792 2481 1847 ab
2536 1792 2643 1847 alio
2672 1790 2859 1844 vinum
2911 1785 3260 1843 solummodo
3292 1784 3572 1840 deferatur

1956 1886 2012 1939 in
2034 1883 2362 1939 sacriﬁcium
2396 1878 2800 1949 Redemptoris,
2823 1875 3051 1949 sanguis
3079 1874 3200 1943 ejus
3231 1872 3423 1944 incipit
3449 1888 3571 1929 esse

1952 1980 2073 2035 sine
2100 1978 2280 2034 nobis.
2306 1977 2361 2031 Si
2391 1990 2522 2031 vero
2550 1989 2697 2045 aqua
2719 1972 2841 2027 sola
2868 1971 2953 2026 vel
2985 1971 3079 2025 illo
3110 1967 3453 2024 ministretur
3478 1974 3572 2023 aut

1954 2069 2082 2132 isto,
2124 2066 2242 2123 sola
2280 2065 2439 2137 plebs
2498 2062 2693 2133 incipit
2724 2076 2848 2115 esse
2878 2060 2999 2114 sine
3039 2057 3273 2113 Christo.
3328 2057 3390 2110 Et
3418 2055 3568 2122 ideo,

1953 2164 2161 2220 sicutin
2191 2162 2309 2233 ipsa
2334 2166 2535 2215 sancta
2568 2156 2757 2213 matris
2788 2154 3043 2211 Ecclesia
3074 2152 3371 2208 didicimus
3399 2152 3569 2207 scho-

1955 2258 2028 2325 la,
2061 2259 2115 2312 in
2163 2254 2494 2311 sacriﬁcium
2535 2251 2776 2317 Domini,
2829 2264 2933 2304 nec
2982 2247 3167 2303 vinum
3208 2246 3411 2313 solum,
3466 2260 3573 2301 nec

1956 2363 2099 2419 aqua
2146 2344 2447 2401 deferenda
2475 2342 2616 2408 sola,
2669 2340 2766 2395 sed
2828 2344 3122 2407 utrumque
3177 2335 3362 2406 potius
3402 2334 3567 2390 simul

1957 2440 2272 2504 misceatur,
2305 2443 2366 2492 ut
2394 2452 2464 2490 ex
2491 2442 2723 2505 utroque
2752 2447 2924 2487 unum
2972 2438 3378 2485 sacramentum
3406 2429 3572 2500 spiri-

1955 2532 2045 2587 tali
2085 2527 2523 2587 sanctificatione
2555 2522 2892 2597 perﬁciatur.
2950 2522 3027 2577 Ad
3086 2523 3192 2577 hoc
3220 2522 3391 2587 enim,
3427 2520 3571 2576 sicut

1954 2620 2223 2677 habemus
2248 2635 2312 2674 ex
2342 2615 2640 2673 traditione
2672 2612 2944 2678 ﬁdelium,
2978 2612 3033 2666 in
3065 2611 3317 2667 convivio
3349 2609 3575 2681 nuptia-

1954 2729 2073 2769 rum
2100 2727 2243 2783 aqua
2265 2710 2322 2765 in
2342 2708 2552 2775 vinum,
2576 2712 2632 2761 et
2652 2705 2739 2761 lex
2760 2704 3077 2760 mutabatur
3107 2703 3163 2758 in
3185 2701 3568 2777 Evangelium,

1952 2812 2011 2861 ut
2040 2811 2095 2860 et
2134 2818 2235 2859 nos
2276 2801 2334 2856 in
2363 2800 2526 2856 aliam
2576 2796 2875 2871 imaginem
2907 2796 2982 2850 ita
3019 2794 3474 2850 transformamur
3498 2792 3569 2846 ab

1952 2893 2366 2963 Omnipotente,
2406 2895 2483 2953 ut,
2515 2886 2659 2943 sicut
2710 2884 3048 2958 quandoque
3079 2886 3138 2937 in
3194 2897 3448 2953 corpore,
3493 2881 3569 2937 ita

1953 2998 2100 3038 nunc
2129 2990 2406 3036 mutemur
2425 2979 2483 3033 in
2513 2982 2721 3032 mente.
2758 2973 2867 3031 Sed
2889 2972 3178 3030 sciendum
3199 2977 3285 3027 est
3309 2970 3567 3043 quodlex

1952 3076 2007 3130 in
2030 3071 2406 3147 Evangelium,
2461 3076 2515 3125 et
2541 3085 2683 3140 aqua
2707 3081 2976 3124 conversa
3034 3065 3091 3118 in
3118 3063 3333 3129 vinum,
3388 3062 3569 3133 primo

1950 3166 2152 3223 deferri
2177 3161 2381 3237 [debet]
2400 3162 2469 3218 ad
2492 3159 2948 3225 architriclinum,
2966 3156 3228 3228 quoniam
3255 3155 3312 3210 in
3330 3153 3574 3210 Ecclesia

1948 3265 2067 3332 Dei,
2086 3278 2208 3335 qua
2229 3262 2286 3316 in
2309 3260 2487 3316 tribus
2514 3256 2802 3314 ordinibus
2833 3253 3029 3326 triplex
3059 3253 3225 3308 habet
3240 3250 3566 3307 triclinium.

1952 3354 2010 3408 in
2048 3351 2225 3426 ﬁgura
2256 3349 2543 3406 doctorum
2572 3344 2877 3418 principale
2907 3342 3127 3399 videtur
3149 3339 3356 3398 habere
3388 3338 3569 3395 domi-

1955 3441 2130 3497 nium.
2166 3439 2295 3494 Cum
2333 3437 2479 3493 enim
2536 3436 2734 3492 archos
2771 3432 2980 3498 Graec,
3049 3430 3308 3503 princeps
3363 3428 3575 3484 dicatur

1957 3529 2167 3595 Latine,
2217 3525 2534 3598 pastoribus
2576 3523 2946 3580 Ecclesiarum
3003 3535 3210 3577 nomen
3249 3519 3396 3575 istud
3426 3517 3574 3573 bene

1957 3617 2174 3672 videtur
2201 3614 2521 3681 convenire,
2551 3613 2683 3685 quia
2712 3628 2883 3682 super
2909 3620 3021 3667 tres
3050 3608 3386 3682 principales
3415 3607 3571 3664 ordi-

1958 3726 2060 3766 nes
2087 3709 2417 3783 dignitatum
2469 3706 2527 3761 in
2554 3705 2794 3761 triclinio
2850 3703 3108 3759 Ecclesia
3139 3702 3324 3758 solent
3370 3700 3574 3756 habere

1956 3799 2346 3872 principatum.
2378 3795 2532 3852 Unde
2556 3793 2687 3866 quia
2711 3801 2842 3848 tunc
2866 3790 3192 3863 spiritaliter
3216 3806 3283 3844 ex
3324 3805 3469 3861 aqua
3492 3789 3571 3842 vi-

1961 3904 2090 3943 num
2122 3894 2208 3943 est
2236 3891 2460 3952 factum,
2489 3882 2712 3955 quando
2738 3880 3058 3952 mysterium
3092 3878 3394 3934 Dominica
3450 3893 3577 3948 pas-

1960 3980 2135 4036 sionis
2162 3985 2220 4034 et
2256 3977 2439 4034 crucis
2470 3975 2765 4031 videbatur
2815 3987 2937 4028 esse
2978 3978 3285 4041 peractum,
3340 3968 3571 4042 dignum

1958 4072 2064 4135 fuit
2083 4080 2142 4127 ut
2162 4069 2359 4146 gratia,
2385 4067 2675 4141 quaprius
2696 4066 2751 4122 in
2782 4079 2924 4137 aqua
2953 4062 3161 4118 latebat
3189 4077 3220 4116 a
3242 4060 3342 4132 [ac]
3372 4060 3521 4125 vino,
3545 4076 3577 4114 a

1960 4168 2089 4223 ﬁliis
2110 4148 2381 4223 Ecclesia.
2400 4165 2637 4235 primum
2662 4161 2865 4218 deferri
2897 4159 3133 4216 deberet
3173 4157 3571 4214 architriclino.

248 4260 434 4308 (emas
462 4254 637 4321 (Joan.
681 4256 761 4326 ιι).
794 4255 1088 4311 Sciendum
1140 4262 1223 4311 est
1260 4255 1467 4328 quippe
1494 4255 1665 4326 quod,
1720 4255 1864 4310 sicut
1964 4257 2222 4328 Alioquin
2253 4255 2309 4310 in
2340 4253 2537 4310 eodem
2566 4251 2697 4307 vino
2728 4257 2785 4304 et
2810 4265 2953 4322 aqua
2997 4247 3197 4303 frustra
3239 4245 3403 4301 nobis
3432 4253 3581 4301 esset
3624 4290 3633 4301 .

249 4341 402 4398 binis
443 4342 691 4398 metretis
736 4343 958 4416 gemina
1012 4344 1235 4400 dilectio
1261 4344 1526 4418 signatur,
1576 4345 1657 4399 sic
1698 4344 1866 4398 ternis
1889 4403 1940 4424 ἡ
1968 4351 2170 4423 duplex
2196 4348 2370 4424 gratia
2390 4355 2628 4410 servata,
2663 4344 2768 4399 nisi
2800 4343 2987 4398 vinum
3018 4340 3155 4396 illud
3185 4355 3255 4395 ex
3293 4354 3436 4411 aqua
3466 4353 3575 4393 uo-

250 4437 500 4493 metretis
520 4430 668 4493 ﬁdes
700 4403 770 4493 δῖ’
795 4437 1076 4494 Trinitatis
1121 4403 1688 4511 typiceumonstratur.
1717 4440 1865 4495 Pra-
1889 4403 1943 4471 D
1969 4403 2291 4507 biisrtiucfet
2310 4439 2415 4495 sibi
2434 4403 2744 4493 deferretur
2770 4434 2922 4500 illuc,
2944 4434 3014 4490 de
3040 4448 3150 4506 quo
3176 4403 3439 4502 scriptum
3464 4439 3593 4486 est:

250 4536 406 4581 terea
433 4540 587 4591 vero,
631 4526 774 4582 sicut
800 4542 866 4582 ex
905 4527 1186 4583 interioris
1214 4528 1469 4583 medulla
1525 4529 1866 4599 perspicacia

254 4614 406 4669 binis
430 4615 680 4670 metretis
705 4615 789 4671 lex
821 4614 1084 4689 ﬁguretur
1119 4626 1175 4672 et
1210 4617 1407 4689 gratia,
1438 4617 1518 4672 sic
1545 4617 1719 4673 ternis
1758 4632 1868 4673 me-

254 4703 411 4758 tretis
443 4704 639 4775 triplex
669 4704 920 4778 signatur
944 4705 1081 4761 ordo
1124 4706 1497 4775 credentium,
1540 4707 1868 4780 coniugato-

257 4814 377 4853 rum
409 4798 642 4867 scilicet,
669 4799 946 4872 virginum
986 4807 1041 4857 et
1072 4801 1498 4857 continentium.
1531 4802 1707 4869 Unde,
1730 4817 1871 4874 quo-

257 4891 405 4945 niam
434 4890 488 4944 in
518 4890 736 4946 duobus
776 4893 1047 4947 mandatis
1093 4899 1148 4947 et
1179 4891 1287 4947 ﬁde
1318 4892 1601 4948 Trinitatis
1631 4900 1746 4949 tota
1781 4894 1872 4948 (ea:

255 4983 454 5054 pendet
481 4988 531 5038 et
556 4986 830 5055 propheta
855 4988 1072 5052 (Matth.
1124 4986 1273 5055 χχιι),
1304 5002 1415 5042 non
1440 4986 1741 5059 incongrue
1774 4988 1873 5043 tri-

258 5073 365 5127 bus
421 5073 509 5128 his
535 5073 665 5129 viris
701 5075 848 5131 bina
900 5077 986 5132 vel
1043 5084 1215 5132 terna
1242 5091 1548 5132 convenere
1603 5082 1870 5145 metreta,

259 5164 392 5237 quia
434 5166 679 5223 calestis
727 5168 985 5224 alimonia
1016 5169 1265 5241 quotidie
1323 5170 1391 5224 ab
1434 5169 1518 5225 eis
1562 5168 1738 5224 tribus
1787 5169 1874 5223 his

259 5253 606 5309 ministratur
649 5256 957 5322 ordinibus,
1014 5258 1325 5333 coniugatis
1369 5258 1650 5325 videlicet,
1694 5257 1875 5314 conti-

261 5343 524 5399 nentibus
553 5350 608 5398 et
650 5343 977 5419 virginibus.
1022 5347 1175 5401 Sicut
1213 5347 1362 5400 enim
1391 5345 1596 5416 Joseph
1635 5361 1734 5417 per
1762 5363 1875 5417 my-

258 5435 489 5490 sterium
522 5436 729 5502 crucis,
761 5452 902 5507 pane
936 5437 1030 5494 illo
1061 5438 1206 5493 vires
1233 5437 1410 5493 reﬁcit
1439 5438 1772 5503 animarum.
1805 5439 1874 5494 de

259 5546 372 5603 quo
397 5529 607 5585 dictum
639 5537 749 5584 est:
780 5532 988 5589 Cibabis
1007 5547 1101 5587 nos
1130 5546 1272 5602 pane
1301 5533 1669 5601 lacrymarum
1704 5533 1869 5599 (Psal.

262 5625 482 5687 i.xx|x);
511 5621 591 5675 sic
623 5622 773 5676 Isaac
816 5630 872 5677 et
908 5623 1122 5695 Moyses
1156 5622 1324 5679 corda
1355 5629 1542 5679 nostra
1592 5629 1759 5694 potus
1808 5622 1875 5676 il-

258 5716 367 5770 lius
395 5713 577 5771 solent
607 5712 882 5767 inebriare
930 5713 1122 5787 ﬁgura,
1155 5714 1224 5769 de
1275 5729 1385 5785 quo
1424 5714 1699 5786 Scriptum
1759 5719 1869 5768 est:

1971 4540 2049 4592 Tu
2073 4540 2249 4590 autem
2270 4535 2499 4589 servasti
2520 4532 2714 4586 bonum
2724 4530 2913 4583 vinum
2922 4542 3091 4597 usque
3110 4524 3481 4595 adhuc(Joan.
3498 4526 3574 4592 ιι).

1965 4625 2093 4681 Tale
2119 4623 2329 4696 quippe
2383 4620 2572 4675 vinum
2612 4633 2723 4674 non
2755 4615 2920 4673 coriis
2955 4614 3231 4686 putribus,
3279 4611 3377 4667 sed
3420 4610 3581 4666 novis

1967 4714 2154 4787 potius
2182 4712 2416 4767 debetur
2444 4710 2501 4764 in
2530 4708 2776 4770 utribus;
2809 4704 3073 4778 quoniam
3097 4704 3239 4758 bene
3255 4699 3362 4756 sibi
3382 4713 3580 4755 cavere

1971 4803 2137 4859 debet
2162 4800 2343 4858 omnis
2370 4798 2618 4854 ﬁdelium
2651 4804 2851 4864 coetus,
2885 4810 2957 4849 ne
3008 4793 3065 4849 in
3096 4805 3269 4847 novos
3310 4798 3467 4844 utres
3496 4787 3581 4842 vi-

1972 4910 2101 4949 num
2132 4891 2298 4947 faciat
2331 4895 2510 4945 vetus.
2540 4886 2681 4952 Quid
2711 4892 2893 4941 autem
2929 4898 3030 4954 per
3061 4895 3237 4936 novos
3263 4885 3436 4945 utres,
3468 4875 3578 4933 nisi

1974 4981 2101 5038 novi
2121 4980 2413 5055 signantur
2441 4975 2722 5042 homines,
2760 4972 2808 5028 si
2837 4979 3020 5028 tamen
3044 4967 3288 5026 innovati
3320 4983 3419 5039 per
3455 4982 3585 5040 gra-

1972 5075 2102 5131 tiam
2136 5072 2230 5128 Dei
2269 5068 2687 5141 omnipotentis,
2720 5081 2831 5122 non
2859 5064 3156 5121 novitatem
3183 5060 3451 5133 corporis,
3483 5057 3583 5114 sed

1974 5163 2273 5220 novitatem
2324 5161 2565 5216 habeant
2612 5155 2854 5212 mentis?
2901 5154 3000 5219 Qui
3031 5152 3322 5222 enimper
3347 5156 3593 5206 mortem.

1974 5252 2156 5309 crucis
2191 5250 2323 5306 olim
2384 5257 2631 5305 mortuos
2662 5244 3022 5302 suscitaverat
3083 5247 3296 5312 putres,
3356 5237 3476 5309 ipse
3515 5234 3587 5293 ad

1975 5341 2367 5414 excipiendum
2396 5337 2725 5413 sanguinem
2755 5350 2913 5391 suum
2965 5346 3138 5389 novos
3166 5324 3590 5400 semperexigit

1977 5446 2146 5506 utres,
2185 5436 2281 5509 qui
2310 5436 2380 5491 ad
2410 5434 2661 5490 eamdem
2701 5431 2934 5487 fortnam
2970 5428 3025 5483 in
3070 5440 3272 5482 novum
3303 5421 3587 5479 hominem

1977 5538 2311 5590 renoventur
2340 5547 2371 5584 a
2392 5528 2593 5593 veteri,
2618 5542 2721 5598 per
2749 5539 2911 5596 quam
2944 5519 3190 5577 innovati
3218 5523 3349 5572 sunt
3375 5515 3586 5575 Petrus,

1975 5620 2177 5676 Paulus
2205 5626 2261 5674 et
2287 5616 2487 5673 cateri.
2534 5614 2712 5680 Unde,
2753 5627 2822 5666 ne
2862 5616 3015 5665 utres
3059 5605 3309 5662 cordium
3359 5604 3591 5654 nostro--

1976 5725 2094 5767 rum
2126 5706 2340 5764 utribus
2397 5704 2508 5761 illis
2545 5702 2794 5772 dispares
2833 5694 3207 5758 inveniantur,
3265 5688 3334 5743 de
3383 5682 3583 5756 quibus
3632 5739 3643 5744 ν
