4006 6198
447 286 543 343 951
1452 282 1817 340 BERENGOSI
1856 283 2128 338 ABBASIS
2168 283 2221 337 S.
2266 282 2500 338 MAXIM]
2542 283 2580 338 Τ
2586 282 2799 339 Βενιιι.
3665 291 3791 350 953

450 416 697 472 Veritas:
735 417 951 483 Vinum,
981 415 1181 488 inquit,
1232 405 1424 470 novum
1454 408 1512 470 in
1550 418 1695 469 utres
1733 407 1893 467 novos
1922 410 2064 466 'xmit-
2083 414 2138 483 Α
2163 415 2256 465 tur
2284 425 2393 466 esse
2422 415 2701 481 ﬁrmatum
2725 411 2880 484 (Luc.
2917 415 3051 480 xvii,
3091 421 3153 469 ut
3192 430 3375 487 neque
3406 431 3509 473 nos
3531 418 3601 472 ad
3636 418 3801 487 illos,

449 513 589 575 tunt,
615 512 668 563 et
690 509 844 564 ambo
872 512 1260 563 conservantur
1289 506 1503 577 (Matth.
1554 507 1661 573 Ix):
1696 518 1922 559 necesse
1975 509 2060 558 est
2162 517 2263 559 nec
2293 503 2368 558 illi
2416 504 2483 559 ad
2528 520 2631 561 nos
2655 504 2829 560 velint
2866 505 3072 561 habere
3104 516 3375 564 meatum.
3411 508 3795 583 Quapropter,

448 605 510 653 ut
536 612 600 653 ex
629 596 829 668 pruina
865 594 1106 652 cmlestis
1144 595 1357 671 gratiae,
1386 610 1509 650 cum
1529 602 1650 648 utre
1682 592 1774 647 illo
1800 591 2054 647 vitiorum
2161 607 2228 647 ne
2260 608 2383 649 cum
2425 595 2635 650 eisdem
2664 595 2876 651 Iudaeis
2925 596 3123 652 famem
3182 598 3459 669 patiamur
3512 604 3575 656 ut
3622 618 3798 657 canes

448 694 762 744 nostrorum
785 686 1082 761 frigescant
1107 685 1381 752 intestina,
1418 685 1488 740 de
1513 700 1622 756 quo
1656 682 1918 755 scriptum
1942 690 2054 737 est:
2160 681 2327 751 (Psal.
2360 686 2525 751 mu),
2563 684 2614 738 in
2668 685 2931 755 mysterio
2970 686 3149 741 crucis
3180 702 3211 740 a
3240 702 3371 742 vero
3394 687 3603 760 Joseph
3638 706 3792 762 quo-

450 780 641 834 Factus
665 780 932 834 sumsicut
952 782 1068 833 uter
1090 774 2055 847 inpruina(Psal.cxvui).Quiaenim
2162 772 2295 828 tidie
2334 773 2495 830 nobis
2527 775 2806 846 spiritales
2836 775 3119 848 quaerendi
3159 785 3287 834 sunt
3314 794 3509 849 panes,
3548 789 3612 836 ut
3640 782 3795 839 sicut

450 889 614 930 nemo
644 872 1120 945 potestinternum
1152 871 1358 928 habere
1380 871 1658 936 decorem,
1689 869 1796 923 nisi
1825 869 1879 923 in
1911 868 2061 924 vitiis
2163 864 2257 920 ille
2287 880 2409 921 cum
2464 867 2709 922 medulla
2730 868 2919 936 tritici,
2954 868 3039 924 vel
3071 885 3194 924 cum
3248 870 3492 941 panibus
3536 876 3789 930 occurrit

452 962 652 1019 habeat
682 961 856 1037 frigus
910 968 966 1017 et
996 962 1049 1016 in
1079 960 1277 1016 virtute
1331 959 1598 1016 calorem:
1629 959 1855 1032 dignum
1890 967 1974 1014 est
2002 967 2063 1014 ut

452 1054 831 1127 unusquisque
880 1060 1123 1110 nostrum
1181 1053 1438 1109 eumdem
1490 1053 1692 1108 divinae
1751 1052 2064 1108 dilectionis

450 1147 688 1202 calorem
722 1146 920 1200 habeat
948 1145 1001 1199 in
1043 1160 1125 1212 se,
1181 1145 1252 1199 de
1282 1160 1392 1216 quo
1419 1145 1626 1200 dictum
1683 1150 1792 1200 est:
1832 1145 2065 1201 Concut-

2164 952 2418 1028 fugienti,
2450 954 2530 1011 sic
2558 957 2706 1011 Isaac
2734 964 2788 1011 et
2816 956 3029 1028 Moyses
3058 974 3256 1030 aquam
3289 961 3535 1017 cmlestis
3565 962 3789 1035 eloquii

2166 1041 2462 1099 sitibuudae
2492 1043 2743 1099 deferant
2771 1044 2943 1100 menti
2995 1046 3292 1103 Sciendum
3316 1057 3400 1104 est
3423 1049 3571 1105 enim
3602 1051 3789 1122 quod,

2164 1134 2304 1190 sicut
2320 1136 2699 1208 verusJosepli
2726 1137 3003 1209 quondam
3024 1155 3165 1209 pane
3182 1140 3279 1197 illo
3320 1142 3642 1212 spiritaliter
3654 1160 3790 1210 nos,

449 1243 591 1297 cavit
639 1256 729 1296 cor
754 1256 926 1296 meum
970 1243 1121 1296 intra
1175 1256 1256 1295 me
1302 1240 1472 1297 (Psal.
1506 1239 1754 1310 xxxvm).
1806 1238 2061 1310 Alioquin
2165 1231 2218 1277 ει
2249 1224 2540 1279 carnaliter
2562 1224 2713 1297 Ρδνίῐ
2752 1225 3029 1293 “emam:
3055 1227 3123 1282 de
3145 1244 3257 1299 quo
3281 1231 3551 1302 Propheta
3570 1233 3786 1288 Πθνῖάε

452 1331 588 1387 illud
622 1332 676 1386 in
709 1331 945 1387 Canticis
991 1332 1228 1387 clamare
1255 1345 1367 1387 non
1406 1331 1652 1386 valemus
1689 1329 2051 1385 ﬁducialiter:

2165 1316 2308 1368 Paue
2339 1314 2556 1387 (inquit)
2609 1317 2722 1371 caeli
2752 1321 3026 1372 saturavit
3052 1334 3137 1373 eos
3178 1320 3347 1390 (Psal.
3383 1321 3516 1393 cxv);
3567 1322 3649 1378 sic
3676 1339 3788 1379 ve-

450 1424 639 1493 Surge,
674 1426 961 1496 Aquilo,et
984 1427 1127 1490 teni,
1161 1426 1361 1479 Auster
1385 1423 1566 1492 (Cant.
1611 1424 1708 1493 iv),
1756 1423 1861 1478 nisi
1893 1422 2051 1479 totius

2163 1422 2256 1460 rus
2281 1406 2437 1461 Isaac
2469 1415 2523 1462 et
2554 1423 2715 1463 verus
2765 1409 2979 1480 Moyses
3021 1426 3165 1482 aqua
3193 1411 3285 1468 illa
3309 1412 3519 1467 cmlesti
3550 1414 3787 1484 spirita-

449 1514 672 1569 maliliae
697 1494 871 1586 frigus
908 1514 991 1570 sic
1020 1513 1252 1569 interna:
1296 1512 1650 1586 cegitationis
1677 1511 2000 1567 excludatur
2026 1528 2051 1567 a

2158 1494 2282 1549 liter
2312 1510 2413 1551 nos
2433 1502 2488 1550 et
2518 1494 2823 1570 ﬁguraliter
2846 1505 3103 1568 potavere
3132 1499 3376 1568 Iudaeos,
3408 1501 3478 1557 de
3508 1518 3617 1574 qua
3640 1504 3786 1559 scri-

450 1604 711 1669 claustro,
774 1610 831 1658 ut
883 1604 1054 1672 janua
1107 1602 1293 1657 cordis
1343 1616 1509 1657 causa
1573 1601 1645 1655 sit
1680 1601 1962 1673 Aquiloni,
2003 1608 2051 1656 et

2159 1592 2310 1658 ptum
2350 1594 2466 1642 est:
2497 1590 2653 1658 Aqua
2674 1591 2953 1659 sapientia;
2967 1593 3180 1660 potavit
3216 1607 3301 1647 eos
3351 1594 3539 1663 (Eccli.
3571 1595 3682 1665 xv).
3720 1593 3787 1649 Et

448 1700 637 1765 aperta
666 1693 737 1749 sit
766 1695 978 1749 Austro.
1033 1694 1395 1764 Quapropter,
1424 1692 1575 1764 'quia
1614 1690 1816 1747 divinis
1847 1708 2061 1764 nequa-
2088 1718 2137 1787 Β
2162 1677 2295 1787 ideo.
2317 1693 2542 1779 “$309353
2571 1686 2654 1781 θεξ
2700 1679 2862 1735 “bis
2902 1688 3010 1787 ut?“
3029 1681 3170 1787 sicut
3212 1699 3389 1787 .Vel'lls
3416 1684 3619 1787 1080.31.)
3673 1701 3786 1787 Iter

449 1807 611 1861 quam
646 1789 866 1862 placere
907 1788 1154 1844 valemus
1179 1788 1484 1855 obtutibus,
1526 1789 1630 1843 nisi
1687 1788 1860 1862 frigus
1890 1788 1943 1842 in
1984 1788 2060 1843 vi-
2088 1769 2137 1787 υ
2160 1769 2476 1862 ιηξεεθτίψη
2498 1771 2704 1862 gemmis,
2726 1787 2925 1826 manu“
2956 1772 3091 1827 “Ind
3122 1772 3351 1830 οωιθείθ
3396 1774 3647 1848 (ῐυοῑίάίθ
3677 1777 3779 1831 ἀεὶ

452 1859 541 1933 liis
572 1888 626 1933 ct
647 1859 894 1933 calorem
927 1876 1229 1931 habeamus
1258 1876 1315 1930 in
1345 1875 1662 1942 virtutibus,
1712 1859 1941 1931 necesse
1974 1884 2051 1931 est

2159 1859 2341 1926 nobis,
2383 1859 2510 1915 ﬁdei
2537 1860 2799 1917 dentibus
2825 1864 3239 1932 ruminandum,
3270 1865 3340 1921 de
3378 1881 3490 1938 quo
3519 1866 3782 1925 Psalmov

450 1977 514 2024 ut
538 1969 606 2023 ad
636 1966 995 2024 celebrandas
1033 1967 1257 2039 nuptias
1298 1967 1395 2023 Dei
1451 1967 1849 2040 omnipotentis
1899 1968 2059 2023 bonis
2158 1950 2441 2023 graphus:
2493 1952 2639 2006 Ρίαίί
2688 1951 2906 2024 (“ulli”)
2958 1970 3159 2010 "WW1
3205 1957 3281 2010 ad
3329 1957 3785 2015 ηιαηάυοωιάαηῑ

454 2058 700 2114 moribus
739 2063 794 2112 et
831 2056 1021 2128 probis
1048 2056 1264 2112 actibus
1294 2056 1623 2129 impleamus
1653 2057 1877 2129 hydrias
1906 2073 2051 2112 men-

2163 2044 2324 2116 (Psal.
2363 2046 2595 2114 Lxxvu);
2628 2045 2709 2100 sic
2733 2062 2899 2103 verus
2929 2047 3077 2104 lsaac
3108 2056 3170 2104 ut
3195 2065 3356 2106 verus
3384 2049 3596 2123 Moyses
3632 2053 3785 2109 sitim

451 2151 541 2218 tis,
568 2156 628 2206 ut
660 2150 713 2204 in
742 2148 1002 2220 mysterio
1035 2148 1214 2204 crucis
1239 2148 1406 2221 digne
1434 2149 1656 2205 haurire
1685 2150 1966 2221 possimus
1988 2150 2057 2205 de

452 2240 546 2294 illo
602 2237 863 2309 spiritalis
920 2237 1125 2292 lmtitiaa
1180 2237 1331 2303 vino,
1363 2236 1433 2292 de
1489 2252 1600 2309 quo
1631 2238 1895 2310 scriptum
1938 2247 2052 2293 est:

451 2327 679 2382 Haurite
712 2340 872 2390 nunc,
904 2330 954 2381 et
971 2329 1108 2394 ferte
1136 2326 1512 2381 architriclino
1549 2328 1719 2390 tJoan.
1755 2326 1838 2399 ιι).

520 2421 657 2485 Quia
686 2420 855 2496 igitur
877 2420 1010 2475 satis
1048 2434 1328 2491 superque
1349 2419 1461 2488 jam
1509 2420 1749 2491 impleta:
1794 2432 1921 2477 sunt
1955 2441 2058 2479 nu-

451 2511 580 2582 ptiae
609 2509 1099 2576 discumbentium,
1150 2509 1280 2564 dum
1342 2508 1397 2564 in
1428 2509 1682 2566 convivio
1727 2510 2054 2582 spiritalium

451 2605 744 2662 verborum
769 2604 1122 2676 implevimus
1177 2603 1361 2675 hyrias
1401 2605 1695 2673 mentium,
1729 2614 1948 2677 tempus
1976 2614 2059 2662 est

451 2704 531 2765 ut,
552 2696 619 2752 ad
638 2697 1009 2769 repentendas
1024 2696 1137 2766 jam
1162 2695 1363 2767 prioris
1382 2697 1670 2753 sententia;
1695 2707 1974 2764 metretas,
1988 2700 2058 2754 de

451 2786 657 2858 nuptiis
686 2792 742 2842 et
770 2785 982 2858 hydriis
1008 2785 1076 2840 ad
1109 2784 1447 2855 patriarchas
1478 2793 1815 2842 revertamur
1843 2794 1897 2842 et
1928 2804 2058 2859 pro-

451 2879 660 2949 phetas.
697 2877 933 2953 Dignum
961 2876 1169 2950 quippe
1196 2883 1278 2931 est
1302 2886 1363 2933 ut
1383 2876 1546 2944 sicut,
1580 2894 1681 2949 per
1709 2878 1909 2935 divina:
1940 2880 2059 2950 pie-

451 2970 576 3024 tatis
600 2968 925 3036 efficaciam,
956 2968 1237 3039 paulisper
1256 2984 1287 3023 a
1316 2968 1436 3043 lege
1465 2970 1814 3023 vertebamur
1837 2970 1903 3024 ad
1926 2987 2055 3042 gra-

451 3058 602 3126 tiam,
632 3056 707 3112 ita
736 3072 885 3112 nunc
902 3056 968 3111 ad
1002 3057 1429 3127 praeconandum
1455 3072 1637 3111 rerum
1679 3056 1930 3112 omnium
1953 3058 2057 3113 Re-
2080 3089 2130 3158 Ο

449 3168 597 3222 gem,
626 3150 695 3204 de
724 3149 853 3205 vino
879 3148 947 3204 ad
979 3148 1216 3215 laticem,
1260 3154 1316 3202 et
1358 3147 1428 3202 de
1482 3147 1658 3222 gratia
1710 3163 2055 3205 recurramus

451 3243 522 3297 ad
550 3243 749 3318 legem.
783 3240 913 3305 Sed,
945 3239 1074 3295 licet
1096 3240 1258 3295 nobis
1285 3255 1484 3313 magna
1536 3239 1869 3296 eliciendum
1902 3242 1972 3297 sit
2002 3243 2053 3298 vi

457 3329 727 3404 quidquid
756 3329 1126 3384 hauriendum
1166 3336 1331 3382 estex
1356 3327 1539 3398 puteis
1563 3329 1711 3384 Isaac
1739 3335 1793 3383 et
1821 3345 1885 3384 ex
1932 3331 2054 3407 lege

451 3424 641 3497 Moysi,
685 3431 892 3488 tamen,
947 3420 1077 3492 quia
1138 3419 1487 3475 severitatem
1556 3420 1845 3493 utriusque
1884 3423 2052 3477 semel

448 3530 639 3569 sumus
676 3510 908 3583 experti,
935 3509 1131 3564 iterum
1163 3507 1232 3564 ad
1264 3523 1361 3565 eos
1392 3508 1624 3579 pristina
1678 3510 1947 3567 debemus
1976 3513 2057 3567 le-

444 3604 627 3659 ctione
650 3599 869 3658 reverti.
928 3598 1183 3656 Eamdem
1214 3599 1363 3654 enim
1402 3599 1510 3654 vim
1541 3616 1709 3672 super
1753 3616 1854 3658 nos
1887 3603 2051 3658 iidem

447 3692 651 3753 habent
683 3689 986 3761 prephetae,
1015 3703 1178 3759 quam
1211 3704 1379 3758 super
1416 3688 1655 3744 annulos
1684 3698 1737 3744 et
1788 3690 2047 3762 stipulam

445 3784 696 3838 \idemus
724 3782 781 3837 in
809 3780 994 3852 lapide
1013 3780 1084 3836 de
1104 3787 1382 3853 magneta,
1411 3780 1540 3836 dum
1574 3781 1641 3836 ad
1673 3783 1921 3840 eamdem
1944 3785 2050 3842 for-

444 3891 587 3931 mam
617 3874 869 3949 cogimur
896 3872 1095 3929 iisdem
1127 3872 1358 3929 obedire
1381 3873 1689 3944 prophetis,
1712 3891 1819 3946 qua
1839 3875 2048 3932 festuca

442 3968 525 4023 vel
585 3965 824 4022 annulus
851 3965 1057 4021 servire
1119 3971 1395 4040 coguntur
1432 3966 1694 4037 potentiae
1749 3969 2046 4042 magnetis.

441 4060 594 4115 Sicut
620 4058 769 4114 enim
800 4056 895 4112 ille
944 4056 1014 4111 ad
1073 4071 1134 4111 se
1163 4055 1398 4127 quadam
1452 4056 1786 4114 admirandae
1837 4061 2050 4117 virtutis

441 4149 719 4207 contrahit
747 4154 863 4203 arte
906 4146 1179 4219 quidquid
1208 4147 1315 4202 sibi
1356 4145 1426 4202 de
1468 4147 1555 4202 his
1583 4148 1813 4204 adversa
1858 4149 2050 4206 obvia-

441 4242 584 4298 verit
611 4247 786 4314 parte,
813 4240 889 4295 ita
914 4246 971 4295 et
1022 4254 1125 4295 nos
1154 4255 1255 4311 pro
1293 4241 1611 4316 peragendo
1636 4243 1861 4317 negotio
1908 4244 2052 4300 anti-

441 4346 573 4404 quo,
596 4329 664 4384 ad
694 4329 921 4386 eosdem
945 4328 1245 4399 prophetas
1271 4329 1520 4384 contrahi
1542 4329 1795 4385 videmur
1819 4348 1883 4386 ex
1905 4332 2050 4387 obli-

439 4435 569 4494 quo.
605 4418 842 4476 Proinde
872 4432 964 4485 ne,
995 4418 1052 4472 in
1082 4420 1435 4490 exsequenda
1489 4421 1785 4492 propositae
1824 4422 2054 4479 rationis

444 4511 682 4578 theoria,
709 4510 916 4582 Joseph
948 4525 981 4564 a
1005 4510 1226 4566 duobus
1252 4510 1375 4566 aliis
1399 4511 1623 4585 longius
1652 4513 1992 4587 digredietur
2019 4532 2052 4571 a

440 4601 551 4667 via,
598 4596 991 4655 necessarium.
1021 4606 1104 4653 est
1129 4605 1189 4653 ut
1219 4598 1331 4670 jam
1375 4613 1443 4654 eo
1474 4600 1637 4655 citius
1684 4601 1889 4657 debeat
1925 4602 2049 4658 aliis

437 4688 635 4747 sociari
663 4687 904 4755 duobus,
941 4701 1052 4760 quo
1080 4701 1312 4742 numero
1345 4696 1402 4741 et
1452 4688 1712 4759 mysterio
1751 4689 2049 4747 subvenire

441 4778 609 4834 debet
654 4774 948 4833 ambobus.
1009 4774 1179 4830 [idem
1243 4774 1390 4830 enim
1447 4776 1547 4831 viri
1575 4790 1644 4832 eo
1687 4778 1863 4851 magis
1891 4779 2046 4853 digni

437 4874 565 4924 sunt
597 4867 850 4923 humanae
901 4863 1185 4921 servitutis
1226 4863 1554 4932 ministerio,
1594 4880 1705 4937 quo
1752 4866 1913 4938 pauci
1946 4885 2052 4924 nu-

437 4965 656 5016 meroet
685 4957 873 5030 plures
898 4952 1054 5010 fuere
1093 4952 1379 5026 mysterio,
1401 4955 1662 5027 quoniam
1702 4954 1846 5012 bene
1885 4957 2051 5013 nobis

438 5049 726 5123 utriusque
750 5048 1086 5105 Testameuti
1109 5048 1328 5125 gladius
1357 5047 1542 5104 innuit
1570 5048 1760 5120 biceps
1789 5049 1937 5121 quod
1992 5050 2050 5106 in

436 5143 520 5197 eis
565 5141 878 5198 intellectus
912 5148 997 5197 est
1038 5140 1346 5214 multiplex.
1405 5141 1582 5204 Unde,
1636 5141 1900 5214 quoniam
1945 5143 2050 5198 sub

436 5232 604 5289 unius
627 5233 972 5305 professione
1026 5233 1157 5290 ﬁdei
1186 5233 1475 5308 multiplex
1508 5235 1563 5290 in
1595 5234 1678 5290 eis
1730 5233 1833 5290 fuit
1870 5235 2050 5309 gratia

436 5320 659 5389 Christi,
698 5321 829 5378 dum
855 5322 1007 5379 aliud
1037 5323 1282 5380 ofﬁcium
1327 5330 1445 5379 erat
1492 5323 1594 5390 illi,
1639 5331 1695 5379 et
1730 5323 1880 5379 aliud
1920 5323 2040 5389 isti;

434 5427 666 5472 necesse
691 5421 777 5471 est
821 5422 881 5472 ut
908 5414 1056 5487 apud
1083 5431 1184 5473 nos
1212 5432 1448 5488 pensare
1499 5416 1797 5492 diligenter
1826 5415 2046 5472 studea-

434 5517 560 5560 mus
574 5503 710 5576 quid
732 5503 802 5558 ab
823 5518 1161 5576 unoquoque
1176 5521 1365 5562 eorum
1391 5505 1560 5578 digne
1589 5520 1814 5577 sperare
1841 5503 2043 5560 debea-

432 5611 574 5655 mus.
634 5593 946 5651 Patrocinio
997 5596 1145 5652 enim
1193 5613 1383 5655 eorum
1460 5605 1514 5653 et
1567 5597 1743 5672 gratia
1794 5597 1889 5653 Dei
1936 5596 2042 5652 alio

434 5687 599 5745 modo
630 5683 942 5756 indigemus
970 5700 1091 5754 nos,
1119 5687 1302 5742 etalio
1325 5687 1528 5750 Judaai,
1547 5688 1810 5758 quoniam
1839 5687 1893 5741 in
1922 5703 2041 5755 my—

432 5776 605 5837 sterio
641 5770 822 5831 crucis
846 5773 987 5830 inter
1013 5789 1107 5841 nos
1149 5779 1199 5832 et
1241 5773 1364 5833 illos
1396 5780 1602 5831 tantum
1645 5776 1803 5831 chaos
1832 5775 2039 5829 videbi-

2160 2134 2307 2190 illam
2338 2135 2643 2191 animarum
2668 2136 2830 2193 nobis
2853 2137 3095 2196 debeant
3118 2142 3421 2198 emendare
3447 2143 3673 2211 viritim,
3707 2144 3781 2201 de

2158 2240 2267 2296 qua
2296 2224 2558 2296 scriptum
2607 2234 2724 2280 est:
2777 2228 2959 2282 Posuit
2998 2232 3230 2295 [lumina
3286 2234 3345 2286 in
3394 2233 3684 2301 desertum,
3725 2240 3787 2289 et

2155 2319 2334 2371 exitus
2363 2332 2637 2386 aquarum
2676 2320 2734 2373 in
2788 2322 2938 2374 sitim
2989 2322 3158 2393 (Psat.
3206 2324 3333 2393 cvi).
3386 2324 3576 2380 Adhuc
3605 2325 3774 2382 etiam

2158 2408 2531 2463 necessarium
2583 2416 2666 2464 est
2710 2418 2791 2476 ut,
2841 2411 2986 2466 sicut
3040 2428 3203 2468 verus
3263 2415 3467 2487 Joseph
3511 2419 3779 2488 mysterio

2159 2498 2403 2552 caelestis
2432 2499 2759 2553 sacramenti
2798 2499 2851 2553 in
2887 2500 3084 2557 horreo
3117 2501 3376 2558 Ecclesia).
3417 2505 3673 2576 quotidie
3700 2507 3786 2562 ci-

2159 2589 2288 2645 bare
2321 2605 2421 2645 nos
2449 2591 2588 2646 solet
2619 2608 2684 2646 ex
2725 2592 2891 2663 adipe
2923 2591 3210 2661 frumenti,
3238 2595 3317 2651 sic
3352 2597 3485 2652 bina
3512 2598 3598 2653 vel
3622 2606 3782 2655 terna

2159 2682 2422 2754 spiritalis
2452 2684 2833 2759 intelligentiae
2864 2693 3092 2743 metreta
3126 2695 3316 2759 potare
3345 2706 3449 2747 nos
3477 2691 3611 2748 velit
3629 2694 3781 2750 lsaac

2158 2775 2227 2829 de
2261 2774 2440 2846 puteis
2470 2782 2525 2830 et
2552 2775 2762 2847 Moyses
2806 2776 2874 2832 de
2915 2785 3085 2849 petra.
3120 2780 3323 2836 Taliter
3373 2783 3603 2855 quippe,
3634 2784 3778 2842 sicut

2160 2863 2438 2918 interioris
2479 2865 2623 2920 oculi
2656 2872 2836 2935 potest
2879 2866 3160 2941 dignosci,
3200 2871 3563 2942 perspicacia,
3606 2873 3663 2929 in
3695 2875 3779 2931 his

2158 2955 2331 3010 tribus
2360 2956 2492 3011 viris
2554 2957 2751 3027 triplex
2793 2957 2954 3012 nobis
2983 2960 3225 3015 occurrit
3260 2962 3457 3036 gratia,
3505 2963 3634 3019 dum
3678 2982 3777 3036 per

2157 3044 2386 3115 gratiam
2433 3045 2554 3115 ejus
2601 3046 2697 3118 qui
2726 3045 2966 3102 animam
2999 3048 3220 3105 satiabit
3270 3050 3491 3107 inanem
3520 3054 3633 3110 duo
3672 3070 3772 3114 no-

2157 3130 2245 3187 bis
2298 3132 2535 3189 offerunt
2592 3150 2813 3207 aquam,
2860 3143 2914 3191 et
2968 3138 3163 3193 tertius
3196 3155 3417 3209 panem.
3473 3142 3605 3209 Sed,
3641 3144 3772 3201 licet

2156 3220 2321 3276 unius
2346 3221 2568 3293 generis
2624 3223 2784 3278 cibus
2817 3239 2914 3294 pro
2954 3226 3217 3297 qualitate
3273 3228 3564 3286 hominum
3615 3248 3769 3304 saepe

2157 3328 2267 3369 non
2296 3314 2591 3370 conveniat
2623 3314 2818 3383 tribus,
2847 3315 3011 3373 nobis
3041 3326 3221 3374 tamen
3253 3321 3660 3379 ostendendum
3690 3332 3772 3381 est

2160 3404 2249 3460 hic
2273 3404 2569 3461 devotione
2601 3405 2891 3479 singulari,
2953 3413 3009 3462 et
3039 3408 3252 3464 ratione
3290 3413 3596 3481 communi,
3637 3430 3773 3486 qua-

2157 3500 2284 3555 liter
2341 3500 2395 3555 in
2459 3501 2719 3572 mysterio
2773 3502 2954 3557 crucis
3004 3519 3149 3558 unus
3176 3505 3456 3571 omnibus,
3503 3517 3558 3562 et
3584 3523 3778 3566 omnes

2155 3589 2493 3646 conveniant
2522 3591 2637 3646 uni.
2697 3590 2872 3653 Unde,
2906 3592 3168 3663 quoniam
3200 3592 3256 3647 in
3297 3593 3391 3649 illo
3421 3594 3541 3650 solo
3591 3604 3774 3652 nostra

2156 3686 2292 3741 ﬁdes
2306 3693 2361 3741 et
2381 3692 2564 3741 nostra
2598 3694 2681 3740 est
2703 3703 2832 3757 spes
2864 3686 3022 3754 cujus
3054 3686 3286 3760 ﬁguram
3316 3688 3511 3744 habuit
3536 3689 3770 3763 Joseph,

2152 3773 2301 3829 Isaac
2331 3782 2387 3829 et
2423 3773 2655 3844 Moyses,
2697 3775 2963 3829 orandum
2998 3775 3158 3830 nobis
3182 3782 3267 3831 est
3295 3783 3376 3841 ut,
3409 3776 3562 3833 sicut
3607 3795 3771 3835 verus

2148 3864 2354 3932 Ioseph
2377 3878 2474 3933 per
2502 3862 2821 3933 mysterium
2854 3863 3034 3919 erucis
3082 3865 3330 3936 quotidie
3361 3882 3463 3921 nos
3497 3884 3644 3938 pane
3676 3870 3769 3925 illo

2153 3954 2328 4025 pascit
2357 3954 2413 4008 in
2434 3953 2725 4024 praesentis
2756 3953 3015 4009 Ecclesia:
3042 3954 3230 4022 domo,
3262 3955 3333 4009 de
3361 3970 3471 4027 quo
3498 3958 3761 4029 scriptum

2150 4054 2266 4102 est:
2322 4048 2526 4102 Panem
2589 4049 2900 4115 angelorum
2966 4049 3317 4105 manducavit
3387 4053 3543 4107 homo
3594 4055 3761 4121 (Psal.

2153 4136 2385 4205 Lxxvu);
2413 4135 2497 4190 sic
2533 4151 2696 4191 verus
2726 4136 2876 4192 Isaac
2906 4137 3185 4194 devotioni
3226 4146 3427 4196 nostra:
3451 4142 3527 4196 ita
3545 4156 3608 4197 se
3637 4143 3766 4197 velit

2150 4227 2413 4282 exhibere
2437 4226 2719 4293 devotum,
2768 4235 2827 4284 ut
2854 4245 2922 4284 ex
2968 4237 3136 4301 puteo
3176 4232 3467 4304 sanguinis
3511 4233 3597 4289 sui
3655 4248 3763 4290 em-

2151 4317 2306 4372 lestis
2330 4317 2521 4390 gratia:
2560 4318 2722 4373 nobis
2749 4317 2955 4373 tribuat
2992 4326 3203 4389 potum,
3236 4327 3511 4392 quatenus
3538 4338 3642 4394 per
3668 4338 3760 4377 ve-

2155 4421 2273 4459 rum
2304 4405 2529 4477 Moysen
2560 4404 2713 4473 ﬁdei,
2747 4406 2866 4478 spei
2898 4415 2954 4463 et
2980 4407 3287 4472 charitatis,
3319 4410 3465 4465 trino
3493 4411 3759 4468 sublevati

2154 4493 2386 4568 remigio
2438 4495 2726 4566 praesentis
2806 4495 2993 4551 saeculi
3059 4509 3212 4552 mare
3261 4497 3409 4554 sicco
3483 4500 3764 4569 possimus

2151 4584 2384 4641 transire
2410 4585 2675 4660 vestigio:
2725 4586 2800 4642 ita
2829 4596 2888 4641 ut
2914 4602 3013 4657 per
3045 4587 3356 4657 passionem
3388 4588 3511 4658 ejus
3547 4597 3606 4647 et
3635 4608 3761 4646 cru-

2151 4688 2269 4729 cem
2299 4690 2522 4746 semper
2564 4672 2963 4730 mortiﬁcemur
3015 4673 3071 4729 in
3102 4690 3356 4747 corpore,
3408 4684 3463 4733 et
3518 4678 3762 4735 viviﬁca-

2149 4781 2273 4820 mur
2313 4766 2369 4819 in
2426 4773 2633 4832 mente,
2678 4766 2835 4833 cujus
2875 4776 3109 4822 mortem
3150 4766 3358 4837 .loscph
3406 4768 3462 4823 in
3515 4784 3756 4826 carcere.

2152 4854 2303 4909 Isaac
2342 4854 2397 4909 in
2424 4853 2618 4920 ariete,
2650 4862 2706 4910 et
2733 4853 2948 4926 Moyses
2986 4853 3355 4930 prteﬁguravit
3383 4854 3442 4913 in
3480 4866 3757 4928 serpente.

2150 4946 2305 5011 Quod
2334 4946 2454 5018 ipse
2487 4945 2650 5002 nobis
2688 4955 2952 5017 praestare
2994 4946 3278 5021 dignetur,
3317 4949 3410 5019 qui
3450 4965 3576 5004 cum
3608 4931 3781 5007 Patre

2152 5046 2208 5093 ct
2236 5038 2439 5108 Spiritu
2468 5046 2657 5094 sancto
2709 5037 2840 5093 vivit
2869 5044 2924 5093 et
2956 5045 3149 5111 regnat
3197 5038 3252 5092 in
3301 5038 3501 5094 srecula
3530 5040 3766 5097 saeculo-

2153 5149 2292 5188 rum.
2326 5135 2519 5190 Amen.
2550 5133 2686 5199 Quia
2712 5133 2858 5189 enim
2898 5133 3013 5202 jam
3050 5149 3080 5187 a
3109 5132 3271 5189 nobis
3314 5134 3759 5192 concludendum

2149 5230 2231 5279 est
2278 5238 2512 5295 propere
2554 5223 2825 5295 quidquid
2876 5222 3382 5294 preposuimusrde
3437 5223 3669 5296 Ioseph,
3708 5234 3761 5282 et

2152 5327 2322 5382 Isaac,
2353 5322 2410 5371 et
2445 5315 2653 5387 Moyse,
2679 5314 3140 5371 considerandum
3169 5322 3254 5370 est
3272 5314 3407 5387 quid
3433 5329 3618 5371 sermo
3641 5317 3759 5385 Dei,

2144 5409 2238 5489 qui
2264 5413 2349 5463 est
2369 5406 2560 5463 efﬁcax
2581 5413 2636 5462 et
2663 5407 2843 5475 vivus,
2872 5405 3170 5461 novissime
3205 5404 3297 5461 hic
3324 5422 3470 5461 unus
3499 5415 3761 5478 operetur

2144 5496 2199 5552 in
2223 5497 2427 5565 tribus;
2474 5498 2666 5570 sicque
2697 5512 2882 5553 sermo
2908 5503 3114 5560 noster,
3147 5496 3305 5567 quasi
3340 5505 3466 5568 post
3489 5497 3756 5553 devictam

2145 5609 2290 5650 curas
2326 5593 2882 5653 saecularisumbram
2915 5590 3001 5647 vel
3028 5590 3270 5657 turbam,
3313 5591 3366 5646 in
3397 5590 3610 5648 Christo
3632 5592 3761 5648 Jesu

2143 5686 2209 5744 ad
2247 5686 2416 5756 ipsam
2450 5685 2732 5756 perveniet
2763 5699 3052 5740 summam.
