4006 6198
355 286 463 343 953

1324 284 1406 338 DE
1449 283 1679 338 LAUDE.
1704 282 1783 337 ET
1819 282 1946 337 INV.
1992 282 2046 335 S.
2091 278 2341 335 CRUCIS.
2385 309 2454 319 -—
2492 276 2616 331 LIB.
2662 278 2725 332 II.

3584 277 3690 333 934

1264 566 1707 658 INCIPIT
1772 564 2127 654 LIBER
2192 561 2792 652 SECUNDUS

1554 772 1637 827 DE
1676 770 2071 827 INVENTIONE
2111 770 2165 825 S.
2209 768 2464 825 CRUCIS.

901 994 1113 1051 CAPUT
1145 994 1422 1050 PRIMUM.

352 1090 521 1143 Beata
576 1087 804 1155 Helena,
858 1086 1079 1158 ejusque
1112 1087 1259 1157 ﬁlius
1298 1088 1682 1143 Constantinus
1720 1088 1970 1154 Magnus,

806 1174 841 1212 a
861 1161 966 1213 Deo
1003 1159 1237 1213 obtinuit
1265 1161 1520 1227 gratiam.

429 1263 686 1329 Quamvis
748 1280 859 1320 non
908 1265 1085 1335 possit
1115 1280 1238 1320 esse
1292 1264 1634 1343 incognitum
1662 1264 1810 1335 quod
1851 1271 1973 1335 post

355 1355 675 1427 passionem
711 1354 927 1411 Domini
958 1354 1169 1428 lignum
1211 1354 1553 1408 Dominicum
1586 1368 1616 1407 a
1641 1353 1848 1407 Iudaeis
1877 1353 1972 1408 diu

352 1453 470 1498 erat
509 1443 919 1511 absconditum,
949 1443 1174 1517 dignum
1222 1448 1408 1497 tamen
1455 1448 1541 1497 est
1579 1450 1637 1497 ut
1666 1442 1733 1496 ad
1776 1443 1972 1513 praedi-

350 1536 583 1591 candam
649 1536 900 1605 ejusdem
968 1535 1350 1591 sacratissime
1408 1534 1589 1590 crucis
1634 1535 1916 1590 victoriam
1951 1574 1966 1603 ,

349 1628 573 1700 quando
604 1630 691 1684 vel
726 1646 757 1684 a
786 1644 897 1700 quo
925 1628 1149 1683 inventa
1178 1628 1268 1695 sit,
1302 1642 1623 1684 revocemus
1651 1628 1717 1682 ad
1750 1642 1966 1683 memo-

353 1719 514 1793 riam.
539 1719 702 1775 Beata
728 1720 897 1795 igitur
919 1718 1125 1774 Helena
1144 1719 1488 1775 Trevirorum
1521 1719 1797 1790 quondam
1821 1720 1966 1773 indi-

345 1827 487 1886 gena
525 1812 783 1880 civitatis,
830 1819 953 1883 post
1006 1812 1236 1887 gratiam
1292 1813 1646 1884 baptismatis
1705 1813 1967 1883 operibus

348 1905 518 1975 coepit
556 1905 817 1975 insudare
849 1905 1092 1976 pietatis,
1136 1905 1265 1977 quia
1293 1920 1414 1960 cum
1448 1904 1690 1976 perfecta
1729 1904 1787 1959 in
1834 1904 1964 1971 ﬁde,

348 2007 406 2054 et
437 1998 740 2070 perfectior
790 2000 844 2053 iu
877 1999 1164 2067 charitate,
1206 2000 1408 2055 nobilis
1453 2007 1570 2055 erat
1611 2016 1838 2075 genere,
1868 2001 1965 2056 sed

350 2087 595 2144 nobilior
620 2088 928 2143 sanctitate.
955 2088 1247 2143 Nobilitate
1269 2088 1469 2143 etenim
1503 2103 1715 2144 morum
1743 2104 1966 2144 suorum

352 2175 697 2231 nobilitatem
767 2167 1121 2247 praecellebat
1175 2176 1426 2241 aliorum,
1484 2176 1668 2231 sciens
1713 2176 1970 2233 videlicet

348 2268 479 2340 quia
519 2268 636 2337 haec
665 2258 747 2323 est
775 2268 1031 2324 nobilitas
1065 2268 1393 2335 indubitata,
1417 2285 1541 2340 quae
1587 2268 1751 2323 bonis
1800 2269 1967 2324 mori-

347 2356 454 2430 bus
484 2354 746 2429 probatur
773 2364 986 2412 ornata.
1024 2356 1177 2411 Unde
1208 2363 1263 2411 et
1295 2373 1359 2411 ex
1400 2356 1612 2411 semine
1647 2366 1963 2411 senatorum

348 2446 619 2503 nobilium
659 2447 903 2504 nobilem
964 2449 1258 2520 quemdam
1297 2449 1585 2522 generavit
1637 2448 1831 2515 ﬁlium,
1873 2449 1965 2521 qui

347 2541 656 2596 secundum
716 2541 987 2597 luminare
1017 2540 1218 2610 majus,
1277 2543 1426 2613 quod
1477 2542 1694 2596 videtur
1733 2557 1967 2613 praeesse

352 2627 490 2696 diei,
523 2629 793 2700 splendor
822 2628 923 2685 fuit
969 2629 1189 2700 imperii
1231 2629 1285 2684 in
1318 2629 1403 2684 his
1433 2646 1557 2701 quae
1588 2636 1743 2685 erant
1779 2629 1968 2684 saeculi

347 2726 405 2773 et
438 2718 493 2773 in
527 2719 616 2774 his
646 2735 770 2791 qua:
787 2719 880 2774 Dei
935 2720 1297 2789 QuaprOpter,
1329 2728 1388 2773 ut
1413 2719 1598 2773 divina
1629 2718 1732 2773 sibi
1765 2734 1967 2790 prator-

354 2807 567 2863 dinavit
596 2807 829 2872 sanctio,
861 2822 974 2863 non
1005 2806 1310 2880 incongrue
1341 2806 1731 2862 Constantinus
1757 2823 1787 2861 a
1818 2806 1964 2861 Con-

353 2905 540 2953 stante
572 2898 868 2953 vocabatur
893 2906 948 2953 et
969 2897 1304 2964 Constantio,
1336 2899 1578 2969 seipsum
1603 2898 1813 2953 scilicet
1838 2914 1966 2970 erga

346 2987 522 3042 Deum
579 2986 845 3057 majorem
889 2986 1251 3040 constantiam
1306 2986 1514 3041 habere
1559 2986 1962 3052 demonstrans,

347 3094 516 3150 quam
549 3078 717 3133 iidem
758 3084 1016 3148 parentes
1069 3078 1154 3133 sui
1211 3078 1558 3134 Constantius
1597 3079 1824 3134 haberet
1872 3088 1967 3132 aut

349 3169 639 3227 Constans.
701 3170 808 3225 Sed
838 3171 967 3225 licet
1023 3171 1331 3225 secundum
1390 3171 1721 3245 dignitatem
1777 3172 1964 3227 saeculi

354 3260 565 3316 nobilis
590 3269 736 3316 esset
759 3276 824 3315 ex
848 3261 1061 3317 semine
1092 3262 1282 3333 patris,
1314 3263 1554 3319 nobilior
1585 3273 1767 3319 tamen
1802 3264 1856 3318 in
1882 3263 1970 3318 his

356 3367 483 3424 quae
527 3351 620 3407 Dei
675 3350 803 3407 sunt
842 3361 959 3407 erat
997 3367 1062 3406 ex
1105 3354 1370 3427 progenie
1410 3354 1620 3420 matris,
1673 3355 1803 3409 dum
1845 3360 1971 3424 post

349 3448 628 3514 acceptam
667 3433 902 3516 gratiam
951 3442 1048 3497 Dei
1094 3442 1355 3508 viventis,
1412 3443 1684 3499 nobilitati
1723 3444 1970 3515 corporis

351 3533 694 3590 nobilitatem
752 3530 994 3606 praetulit
1039 3533 1259 3588 mentis.
1317 3533 1444 3590 Post
1480 3536 1724 3609 gratiam.
1764 3535 1971 3608 quippe

350 3628 632 3700 baptismi,
675 3645 781 3701 qua
808 3629 1287 3701 utriquesuperno
1326 3630 1667 3685 reconciliati
1713 3636 1842 3685 sunt
1874 3647 1971 3701 pa-

1995 998 2045 1065 Α
2076 993 2273 1067 gratia,
2319 1008 2441 1063 qua:
2495 992 2619 1045 data
2679 999 2762 1045 est
2802 990 2919 1056 uni,
2960 987 3192 1044 dabatur
3248 987 3497 1060 utrique:
3537 987 3690 1052 dum,

2074 1081 2217 1135 sicut
2266 1081 2515 1151 utrisque
2569 1079 2810 1133 caelestis
2870 1077 3238 1148 inspiraverat
3300 1077 3479 1142 Pater,
3526 1074 3689 1130 ﬁdem

2073 1192 2235 1247 quam
2270 1175 2606 1246 prazdicabat
2638 1172 2804 1241 ﬁlius,
2845 1173 3167 1244 prtedicavit
3208 1180 3261 1227 et
3309 1180 3503 1228 mater.
3559 1172 3689 1226 Cum

2074 1271 2219 1325 enim
2246 1287 2346 1342 pro
2376 1270 2664 1342 capiendis
2704 1268 3019 1324 hominibus
3048 1283 3146 1322 sua
3175 1268 3467 1340 utrobique
3490 1266 3689 1322 tende-

2075 1369 2195 1418 rent
2224 1363 2382 1430 retia,
2418 1362 2682 1418 continuo
2742 1361 2810 1415 ad
2842 1360 3005 1414 ﬁdem
3055 1358 3247 1414 Christi
3288 1360 3460 1414 Roma
3506 1359 3690 1413 trahe-

2074 1454 2235 1509 batur
2250 1463 2303 1509 et
2333 1453 2554 1509 Graecia.
2602 1454 2830 1524 Insuper
2854 1452 3042 1515 etiam,
3073 1467 3142 1506 ne
3181 1451 3410 1505 aliarum
3442 1450 3687 1524 gentium

2070 1546 2258 1614 corda,
2304 1546 2460 1617 quasi
2506 1561 2535 1599 a
2569 1545 2676 1599 ﬁde
2711 1545 2924 1616 jejuna,
2981 1543 3286 1600 deﬁcerent
3336 1543 3393 1596 in
3438 1545 3544 1608 via,
3588 1559 3688 1613 per

2071 1646 2297 1694 matrem
2327 1654 2590 1694 conversa
2633 1645 2717 1692 est
2757 1637 2933 1708 Syria,
2969 1644 3024 1691 et
3050 1652 3148 1707 per
3186 1635 3358 1691 ﬁlium
3402 1634 3688 1690 Romania.

2071 1728 2246 1795 Unde,
2295 1743 2417 1783 cum
2447 1743 2513 1781 ex
2546 1739 2650 1779 tam
2686 1725 2847 1780 bonis
2875 1724 3160 1795 operibus,
3204 1730 3258 1777 et
3288 1729 3464 1777 mater
3514 1722 3689 1793 proba

2068 1827 2213 1873 esset
2242 1825 2297 1873 et
2328 1817 2474 1871 ﬁlius
2513 1816 2743 1888 probus,
2773 1815 2971 1869 mirum
3020 1830 3130 1869 non
3170 1820 3252 1868 est
3294 1814 3443 1884 quod
3493 1813 3686 1886 gratia,

2069 1929 2193 1984 quae
2226 1919 2436 1967 servata
2464 1918 2547 1966 est
2572 1910 2688 1975 uni,
2713 1917 2962 1965 servatur
2985 1909 3281 1973 ambobus,
3312 1907 3443 1962 dum
3469 1923 3571 1978 pro
3599 1907 3688 1961 in-

2070 2001 2343 2072 quirendo
2376 1999 2636 2069 mysterio
2668 1998 2803 2071 ligni
2837 1998 3090 2053 salutaris
3142 1996 3394 2067 utrisque
3424 2012 3541 2066 prae
3571 2012 3686 2051 cae-

2072 2089 2204 2143 leris
2232 2095 2446 2143 servata
2474 2097 2556 2142 est
2585 2087 2759 2161 gratia
2797 2086 3112 2160 singularis.
3157 2086 3231 2140 Ex
3262 2085 3505 2157 antiqua:
3537 2085 3686 2140 enim

2074 2179 2384 2235 Divinitatis
2405 2178 2635 2234 consilio
2660 2179 3010 2233 invenienda:
3042 2178 3221 2232 crucis
3248 2175 3495 2232 ofﬁcium
3528 2176 3687 2231 matri

2072 2272 2198 2326 huic
2226 2270 2548 2326 servabatur
2586 2277 2641 2325 et
2692 2269 2827 2335 ﬁlio,
2874 2277 2933 2326 ut
2986 2276 3215 2340 uterque
3248 2284 3437 2324 corum
3481 2268 3585 2323 hoc
3617 2283 3682 2322 ex

2069 2362 2257 2416 divina
2300 2361 2474 2433 gratia
2534 2360 2849 2431 percepisse
2898 2376 2955 2414 se
3008 2366 3214 2424 nosset,
3266 2358 3414 2430 quod
3468 2364 3597 2411 ante
3625 2374 3687 2412 se

2067 2450 2209 2505 alius
2241 2450 2444 2504 habere
2486 2464 2597 2505 non
2631 2458 2837 2519 posset.
2881 2448 3056 2514 Unde,
3099 2464 3221 2502 cum
3265 2446 3449 2501 studio
3482 2445 3684 2500 ambo-

2069 2562 2188 2598 rum
2230 2544 2510 2598 inventum
2541 2542 2612 2597 sit
2674 2541 2855 2597 crucis
2910 2540 3209 2597 Dominicae
3248 2540 3534 2606 vexillum,
3585 2539 3687 2593 du-

2069 2636 2221 2689 bium
2253 2642 2339 2690 est
2359 2641 2539 2689 utrum
2571 2634 2625 2688 in
2667 2634 2769 2688 hac
2801 2632 3121 2688 inventione
3153 2631 3298 2686 illam
3333 2630 3688 2701 prseteramus

2066 2730 2159 2778 aut
2190 2723 2372 2777 illum:
2422 2722 2658 2776 maxime
2689 2737 2810 2775 cum
2844 2720 2911 2775 ad
2941 2720 3083 2774 hanc
3126 2718 3539 2791 inquisitionem
3577 2724 3682 2772 tam

2069 2812 2162 2866 diu
2190 2812 2273 2865 cis
2326 2818 2472 2866 esset
2518 2809 2865 2865 consiliarius
2916 2824 3060 2864 unus
3101 2825 3165 2863 ex
3198 2807 3370 2873 mille,
3401 2822 3687 2877 usquequo

2067 2901 2134 2955 ad
2162 2900 2413 2975 eﬁ'ectum
2446 2900 2695 2969 ejusdem
2749 2900 2934 2971 Operis
2973 2899 3067 2953 illa
3099 2897 3444 2970 pervenisset
3475 2913 3537 2951 ac
3569 2897 3683 2951 ille.

2069 2991 2173 3047 Per
2206 2992 2482 3047 internum
2511 2991 2659 3046 enim
2699 2990 3075 3062 inspirationis
3117 2989 3411 3044 Dominicze
3440 3003 3685 3053 suasura,

2068 3082 2248 3138 eidem
2273 3081 2578 3137 inventioni
2608 3080 2760 3136 ﬁlius
2802 3080 3034 3151 praebuit
3058 3085 3259 3144 ortum,
3301 3084 3355 3133 et
3392 3086 3565 3133 mater
3593 3094 3688 3133 oc-

2070 3189 2295 3237 casum;
2331 3174 2459 3244 quia
2503 3174 2633 3227 dum
2668 3173 2736 3227 ad
2795 3173 2934 3226 hanc
2991 3170 3409 3243 inquisitionem
3458 3177 3687 3240 uterque

2070 3280 2261 3321 eorum
2293 3281 2351 3318 se
2376 3264 2506 3319 fecit
2535 3264 2821 3330 acclivem,
2858 3260 3004 3317 ﬁlius
3034 3261 3354 3333 imponebat
3384 3259 3682 3333 originem,

2072 3365 2130 3411 et
2161 3361 2336 3409 mater
2362 3352 2551 3408 ﬁnem.

2714 3440 2922 3495 CAPUT
2953 3440 3046 3494 III.

2073 3557 2457 3616 Constantinus
2494 3561 2683 3613 contra
2713 3558 2973 3611 barbaros
3004 3558 3161 3624 signo
3205 3558 3378 3611 crucis
3408 3571 3463 3609 sc
3500 3569 3688 3608 arma-

2144 3633 2243 3693 vit,
2274 3634 2322 3683 et
2350 3629 2643 3684 secundum
2670 3631 2885 3696 signum
2915 3628 3060 3696 quod
3088 3629 3148 3680 in
3186 3628 3310 3681 ccelo
3342 3627 3486 3681 cidit
3515 3628 3687 3680 hostes

353 3675 632 3700 ""l"""'"'7
677 3675 781 3701 1""
812 3675 1284 3701 "'"‘1""""E""""
1328 3675 1667 3685 """'“"""""
1713 3675 1842 3685 “¹’““’
1875 3675 1942 3701 Υ“⁹

353 3723 445 3792 tri,
479 3723 671 3779 eadem
704 3725 875 3779 virtus
906 3741 1029 3796 quae
1057 3724 1183 3780 data
1223 3731 1306 3781 est
1352 3723 1489 3794 ﬁlio,
1518 3725 1750 3780 dabatur
1778 3732 1831 3781 et
1855 3742 1967 3781 ma-

2138 3675 2440 3771 prostravit
2468 3705 2516 3754 et
2539 3702 2688 3754 vicit.

352 3820 447 3887 tri,
480 3819 609 3891 quia
638 3820 684 3874 si
719 3819 1003 3875 historiam
1035 3820 1323 3892 utriusque
1355 3820 1586 3874 velimus
1616 3820 1966 3877 considerare

351 3909 629 3979 subtilius,
665 3910 832 3965 Deum
852 3927 1016 3982 quem
1040 3908 1210 3966 coluit
1228 3916 1421 3977 mater,
1452 3909 1669 3966 colebat
1692 3920 1745 3966 et
1772 3908 1916 3965 ﬁlius

1010 4021 1217 4081 CAPUT
1238 4022 1303 4077 ll.

350 4111 442 4166 Ab
457 4112 659 4167 Helena
682 4116 854 4167 matre
873 4111 1092 4179 Syriam
1116 4128 1129 4177 ;
1159 4127 1192 4166 a
1226 4110 1577 4166 Constantino
1604 4112 1717 4181 ﬁlio
1748 4114 1967 4167 Romam

425 4187 587 4253 atque
611 4182 896 4249 Graeciam,
928 4197 1209 4237 conversas
1235 4197 1364 4249 esse,
1396 4183 1640 4252 ipsisque
1664 4183 1791 4237 solis
1821 4185 1971 4238 inve-

425 4253 640 4308 nienda:
661 4254 833 4308 crucis
862 4256 1100 4321 gratiam
1127 4268 1432 4309 commlsam
1458 4268 1584 4308 esse.

430 4365 722 4438 Postquam
763 4380 896 4439 ergo
936 4364 1082 4421 ﬁlius
1139 4380 1239 4437 per
1277 4364 1596 4420 Silvestrum
1651 4365 1967 4436 pontiﬁcem

357 4457 501 4510 hanc
530 4454 758 4527 gratiam
787 4455 996 4527 recepit
1024 4456 1092 4509 ab
1122 4455 1534 4527 Omnipotente,
1564 4462 1624 4509 ut
1656 4454 1711 4509 in
1752 4455 1962 4526 piscina

352 4544 546 4600 salutis
569 4559 600 4599 a
632 4544 784 4615 lepra
828 4544 883 4598 in
910 4559 1143 4615 corpore
1180 4552 1236 4600 et
1267 4560 1299 4598 a
1334 4544 1481 4600 vitiis
1520 4545 1879 4601 mandaretur
1909 4546 1961 4600 in

356 4647 572 4694 mente:
602 4638 885 4704 continuo,
916 4644 974 4694 ut
1010 4647 1064 4694 et
1104 4639 1242 4694 alios
1291 4639 1553 4695 educeret
1607 4641 1671 4696 de
1704 4642 1826 4695 lacu
1856 4643 1960 4694 ἠἰ-

352 4730 511 4785 serica
544 4731 594 4783 et
630 4727 695 4782 de
742 4728 853 4783 luto
896 4729 1045 4796 [meis
1083 4729 1249 4801 (Psal.
1298 4729 1503 4801 χχχιχ),
1554 4728 1719 4785 ﬁdem
1759 4738 1963 4786 sanctae

353 4815 635 4873 Trinitatis
665 4825 772 4871 tam
808 4815 1067 4871 Romanis
1107 4817 1276 4889 cmpit
1312 4818 1565 4874 intonare
1600 4806 1762 4891 quam
1815 4820 1964 4874 Grae-

352 4910 453 4966 cis.
489 4908 738 4975 Quilicet
769 4911 821 4965 in
845 4910 1165 4967 fortitudine
1197 4920 1251 4968 et
1280 4913 1457 4983 major
1488 4922 1636 4970 esset
1656 4915 1709 4970 in
1742 4916 1965 4980 virtute,

354 5019 517 5075 aequa
538 5010 724 5059 tamen
753 5003 910 5059 lance
942 5020 1040 5075 pro
1079 5005 1390 5062 Iudaeorum
1423 5022 1485 5062 ac
1524 5006 1813 5080 gentilium
1844 5016 1961 5063 stu-

2140 3813 2339 3868 Verum
2392 3828 2514 3867 cum
2575 3810 2787 3867 caelesti
2846 3809 3194 3865 solummodo
3224 3816 3411 3864 notum
3443 3808 3514 3862 sit
3546 3809 3688 3863 Patri

2068 3917 2239 3975 quare
2262 3900 2645 3955 sacratissimae
2675 3898 2857 3954 crucis
2900 3897 3147 3953 inventio
3183 3896 3296 3953 ﬁlio
3332 3896 3459 3951 huic
3490 3913 3685 3952 serva-

2071 4000 2220 4049 retur
2268 3999 2323 4048 et
2354 3992 2534 4060 matri,
2567 3991 2863 4047 dicendum
2926 3997 3010 4045 est
3061 3989 3220 4044 nobis
3268 3987 3507 4060 qualiter
3535 4005 3689 4044 arca-

2069 4102 2199 4141 num
2231 4086 2472 4157 antiqua:
2502 4084 2810 4140 Divinitatis
2848 4082 3141 4139 consilium
3178 4080 3245 4137 ad
3294 4081 3686 4154 inquirendum

2072 4180 2279 4252 lignum
2328 4179 2472 4233 idem
2515 4177 2857 4232 Dominicum
2939 4182 3167 4231 matrem
3216 4182 3568 4247 provocasset
3623 4190 3688 4230 ac

2072 4266 2267 4323 ﬁlium.
2314 4268 2558 4332 Quodam
2589 4280 2721 4339 ergo
2761 4274 3032 4336 tempore,
3076 4279 3188 4320 non
3249 4263 3465 4320 modica
3498 4264 3687 4318 multi-

2068 4364 2201 4419 tudo
2228 4361 2585 4417 barbarorum
2627 4360 2766 4416 ﬁnes
2794 4360 3005 4432 ubique
3032 4359 3202 4430 coepit
3231 4359 3515 4415 devastare
3541 4358 3686 4414 Grae-

2066 4471 2276 4522 corum,
2310 4454 2463 4519 dum,
2507 4453 2661 4524 quasi
2692 4453 2748 4507 in
2781 4460 3028 4524 apertam
3059 4467 3431 4524 prorumpens
3458 4457 3685 4522 aposta-

2065 4545 2225 4612 siam,
2279 4551 2445 4598 totam
2526 4556 2669 4612 pene
2735 4541 2947 4597 solebat
2987 4555 3261 4611 occupare
3329 4539 3681 4594 Romaniam.

2066 4636 2453 4694 Constantinus
2491 4643 2672 4691 autem
2703 4635 2948 4689 nondum
3003 4634 3173 4689 Deum
3205 4632 3428 4699 timens,
3454 4631 3552 4687 sed
3584 4631 3683 4687 ho-

2067 4732 2246 4786 mines
2288 4729 2576 4795 reveritus,
2604 4746 2664 4785 se
2695 4738 2886 4785 contra
2935 4730 3122 4785 hostes
3158 4744 3292 4784 suos
3343 4727 3488 4783 sicut
3522 4726 3684 4781 miles

2065 4820 2293 4877 armavit
2321 4823 2606 4891 emeritus,
2632 4822 2761 4876 dum
2794 4821 2883 4877 die
2925 4829 3204 4894 noctuque
3230 4834 3358 4877 cum
3391 4818 3508 4874 suis
3537 4818 3685 4892 cogi-

2071 4920 2184 4969 tare
2224 4913 2391 4984 coepit
2436 4929 2500 4969 ac
2539 4912 2845 4988 recOgitare
2876 4911 3117 4984 qualiter
3156 4918 3251 4966 aut
3280 4911 3561 4983 quomodo
3584 4924 3682 4965 eos

2067 5006 2196 5061 inde
2236 5013 2425 5077 posset
2456 5006 2795 5078 prapulsare.
2831 5005 2939 5060 Sed
2964 5020 3089 5060 cum
3132 5004 3262 5059 inde
3300 5001 3531 5077 singulis
3580 5018 3673 5058 no-

352 5057 473 5149 duit
509 5091 759 5148 laborare
789 5057 987 5161 salute,
1028 5094 1154 5148 dum
1205 5094 1361 5165 quasi
1393 5057 1610 5150 medibs
1657 5096 1970 5152 discurrens
1995 5057 2046 5125 υ
2069 5057 2335 5150 ctibusret
2385 5057 2622 5169 sitigulis
2676 5093 2991 5149 anxiaretur
3029 5091 3250 5157 diebus,
3283 5057 3425 5146 sicut
3463 5106 3687 5163 semper

352 5179 734 5237 interJudaeos
752 5190 967 5255 gentes,
994 5197 1249 5238 revocare
1271 5183 1441 5255 erepit
1468 5183 1806 5248 incredulos,
1836 5202 1968 5243 con-

2069 5186 2229 5241 anxia
2259 5202 2379 5240 cum
2411 5185 2645 5256 trepidis
2679 5192 2854 5240 mutat
2887 5185 3164 5240 sententia
3214 5182 3399 5238 rebus.
3456 5183 3682 5238 tandem

351 5269 556 5327 fortare
596 5269 911 5325 credentes.
970 5271 1191 5326 Interim
1245 5278 1448 5339 autem,
1481 5273 1610 5327 dum
1669 5275 1760 5329 tali
1799 5276 1970 5333 devo-
2071 5293 2168 5350 pro
2194 5278 2526 5334 declaranda
2556 5278 2739 5333 crucis
2763 5278 3150 5334 sacratissima:
3179 5275 3330 5349 ligno
3358 5279 3548 5330 contra
3578 5271 3687 5327 ini-

354 5359 511 5420 tionc
540 5358 819 5413 mundum
850 5357 959 5412 sibi
990 5364 1045 5413 εἰ
1079 5374 1138 5413 se
1172 5359 1279 5415 000
1322 5359 1578 5431 subjecit,
1621 5361 1723 5415 hac
1760 5369 1815 5416 et
1846 5361 1969 5417 illac
2067 5368 2241 5425 micos
2278 5384 2427 5437 suos,
2459 5369 2554 5423 tali
2601 5369 2864 5424 divinitus
2894 5370 3169 5425 relevatus
3211 5373 3296 5423 est
3322 5366 3504 5441 signo.
3537 5364 3688 5428 Qua-

354 5461 533 5508 mater
570 5451 719 5507 illius
748 5451 1001 5507 similiter
1025 5452 1174 5521 fecit,
1198 5470 1264 5509 ex
1310 5453 1502 5510 intimo
1541 5454 1751 5510 scilicet
1778 5456 1965 5512 cordis
2067 5458 2193 5512 dam
2220 5457 2388 5532 igitur
2432 5463 2592 5513 nocte
2638 5457 2694 5511 in
2738 5466 2908 5514 strato
2951 5474 3053 5514 suo
3107 5456 3425 5530 quiescens,
3464 5455 3682 5528 signum

354 5545 486 5601 inde
525 5542 721 5599 crebra
757 5543 980 5600 trahens
999 5546 1253 5616 suspiria,
1295 5548 1442 5618 quod
1485 5546 1804 5603 Christianae
1835 5547 1964 5604 ﬁdei
2068 5545 2249 5604 crucis
2285 5546 2344 5600 in
2388 5545 2530 5602 caslo
2568 5546 2726 5611 vidit,
2760 5552 2815 5602 et
2867 5552 2989 5618 post
3032 5544 3349 5615 hujusmodi
3408 5542 3677 5598 visionem

353 5629 460 5694 tam
494 5636 589 5690 diu
619 5636 773 5707 prius
802 5637 1128 5710 repugnavit
1155 5645 1209 5693 et
1239 5638 1413 5709 Syria.
1448 5639 1687 5695 Proinde
1720 5649 1895 5695 mater
1912 5650 1967 5696 et
2066 5634 2246 5691 statim
2278 5634 2335 5689 in
2367 5628 2516 5690 hunc
2565 5649 2787 5689 sensum
2834 5649 3023 5691 vocem
3067 5634 3137 5688 de
3166 5629 3487 5687 ccelestibus
3523 5624 3681 5681 audi-

355 5724 503 5781 ﬁlius
554 5740 621 5780 eo
654 5722 957 5778 studiosius
986 5726 1157 5782 secuti
1186 5734 1311 5782 sunt
1343 5734 1615 5798 praecepta
1658 5727 1801 5797 vitae,
1854 5722 1964 5799 quo
2065 5728 2162 5800 vit,
2191 5727 2401 5784 scilicet
2421 5725 2569 5797 quod
2599 5727 2651 5781 in
2668 5726 2758 5783 die
2782 5725 2934 5795 belli,
2963 5726 3097 5781 etin
3120 5731 3372 5792 tempore
3394 5712 3677 5792 pugnandi
