4006 6198
420 244 524 300 955

418 464 641 533 phandi.
676 465 830 520 Unde
856 466 985 523 licet
1032 469 1212 526 adhuc
1262 489 1507 544 paganus
1533 474 1848 542 exstitisset,
1878 482 1932 530 et
1962 476 2032 531 de

418 556 677 625 mysterio
721 558 899 613 crucis
942 561 1186 616 nondum
1228 564 1531 636 quidquam
1573 564 1872 621 instructus
1905 566 2035 622 fuis-

416 652 521 711 set,
554 648 818 705 continuo
851 658 1032 707 tamen
1075 653 1143 707 ad
1185 656 1436 709 eamdem
1491 656 1743 723 formam,
1775 674 1939 729 quam
1974 659 2030 713 in

415 738 557 794 CtL’lO
588 740 827 808 videbat,
883 743 1031 798 aliud
1063 746 1277 819 signum
1337 747 1621 803 informari
1682 750 1939 807 faciebat.
1971 752 2031 806 Et

414 844 536 881 cum
596 828 715 883 dies
755 831 1049 886 accidisset
1075 844 1440 903 opportunus,
1494 836 1546 890 in
1605 854 1714 907 quo
1770 838 2028 893 virtutem

415 914 594 969 crucis
626 915 746 987 ipse
795 919 1085 974 crucifixus
1114 930 1230 976 erat
1278 932 1598 979 ostensurus
1649 926 1714 980 ad
1765 942 2026 997 compro-

416 1006 656 1061 bandum
703 1010 942 1064 cmlestis
990 1013 1178 1085 gratia:
1229 1015 1470 1088 signum,
1528 1024 1654 1072 ante
1684 1018 1857 1073 aciem
1889 1019 2028 1073 Con-

415 1100 642 1154 stantini
686 1101 828 1156 idem
861 1104 1204 1175 deportatum
1248 1117 1331 1161 est
1382 1108 1609 1182 lignum.
1662 1111 1721 1165 In
1754 1128 1863 1182 quo
1894 1126 2030 1167 con-

414 1187 581 1253 flictu,
616 1190 742 1245 licet
772 1191 910 1245 alter
936 1200 1124 1248 contra
1155 1195 1385 1250 alterum
1418 1198 1761 1254 ebtirmatam
1793 1202 2023 1257 haberet

411 1275 628 1343 faciem,
660 1278 957 1335 fortissime
992 1289 1175 1337 tamen
1236 1285 1384 1340 acies
1432 1288 1773 1363 impugnavit
1818 1291 2017 1358 aciem,

410 1365 769 1437 quoadusque
821 1368 967 1423 acies
1030 1370 1297 1427 immensa
1327 1389 1552 1430 suorum
1616 1393 1717 1447 per
1764 1378 2018 1434 virtutem

407 1454 583 1509 crucis
611 1456 782 1511 aciem
839 1459 1144 1517 debellaret
1188 1464 1646 1523 adversariorum.
1692 1469 1820 1524 Cum
1869 1471 2017 1526 enim

410 1541 618 1598 tirones
648 1546 861 1602 emeriti
891 1548 992 1603 hac
1021 1557 1074 1605 et
1108 1550 1232 1607 illac
1261 1554 1327 1607 ad
1357 1571 1505 1608 arma
1536 1555 1771 1611 fuissent
1803 1558 2019 1627 intenti,

408 1637 463 1682 et
494 1630 637 1686 circa
668 1633 840 1704 ripam
874 1636 1105 1693 Danubii
1130 1656 1258 1711 pars
1283 1643 1445 1712 parti,
1467 1648 1519 1696 et
1547 1660 1685 1717 gens
1711 1653 2023 1701 occurreret

406 1725 582 1795 genti,
609 1729 896 1797 continue,
953 1738 1009 1786 ut
1052 1733 1238 1789 divina
1289 1745 1464 1809 gratia
1503 1737 1608 1791 sibi
1661 1739 1815 1809 prius
1847 1740 1902 1794 in
1940 1742 2019 1796 vi-

406 1813 564 1871 sione
605 1822 948 1889 monstravit,
992 1823 1046 1877 in
1091 1826 1293 1881 virtute
1335 1829 1512 1884 crucis
1552 1830 1743 1885 hostes
1772 1847 1902 1886 suos
1953 1848 2018 1887 ex

408 1914 561 1972 parte
592 1908 849 1976 peremit,
881 1917 935 1964 et
974 1928 1039 1992 ex
1072 1923 1223 1984 parte
1263 1915 1490 1991 fugavit.
1530 1919 1618 1973 Sic
1650 1919 1835 1991 igitur,
1867 1931 2021 1992 post-

406 2010 569 2064 quam
609 1997 677 2050 ad
711 1998 931 2054 laudem
955 1988 1263 2059 Divinitatis
1286 1988 1350 2061 et
1372 2008 1601 2081 gloriam
1631 1988 1729 2081 per
1759 1988 2016 2067 virtutem

406 2085 582 2139 crucis
612 2088 812 2143 meruit
848 2090 1053 2147 habere
1079 2094 1384 2163 victoriam,
1447 2098 1595 2154 illam
1642 2101 1845 2157 divinae
1897 2118 2018 2173 pre-

406 2176 684 2232 missionis
712 2181 940 2251 gratiam
990 2183 1132 2241 bene
1171 2188 1355 2252 habet,
1386 2190 1439 2244 in
1481 2208 1542 2246 se
1587 2188 1888 2264 expertam,
1946 2196 2015 2251 de

403 2286 512 2339 qua
541 2272 801 2342 scriptum
822 2285 931 2330 est:
989 2279 1237 2335 0dientcs
1266 2298 1382 2338 eum
1414 2288 1468 2339 in
1491 2288 1680 2353 fugam
1708 2293 2012 2344 convertam

404 2361 550 2425 (Psut
623 2366 889 2433 Lxxxvm).
934 2368 1073 2435 Quia
1112 2370 1257 2424 enim
1309 2389 1418 2428 non
1456 2376 1720 2446 relinquit
1757 2380 2012 2433 Dominus

400 2452 610 2517 virgam
643 2458 987 2521 peccatorum
1043 2473 1204 2528 super
1267 2466 1463 2517 sortem
1522 2464 1793 2533 justorum
1838 2468 2006 2533 (Psal.

401 2540 600 2605 cxxiv),
634 2554 697 2593 ea
714 2540 804 2595 die
832 2541 973 2597 bene
1000 2544 1297 2603 declaravit
1319 2549 1374 2603 in
1404 2551 1601 2605 virtute
1618 2555 2009 2619 suorum,dum

402 2640 501 2694 per
522 2626 773 2683 virtutem
801 2631 979 2686 crucis
1027 2634 1145 2704 ipse
1197 2651 1294 2692 eos
1332 2654 1363 2692 a
1393 2638 1639 2695 barbaris
1668 2643 1840 2698 voluit
1870 2644 2014 2700 libe-

402 2736 520 2775 rare
570 2723 909 2793 nationibus,
972 2728 1041 2784 de
1082 2747 1192 2803 que
1222 2734 1484 2805 scriptum
1544 2743 1658 2792 est:
1720 2740 2012 2808 Confirmat

399 2814 575 2866 autem
598 2813 774 2882 justas
826 2818 1079 2874 Dominus
1116 2822 1284 2891 (Psai.
1327 2828 1525 2891 xxxvi).
1582 2825 1689 2880 Sed
1744 2827 1872 2883 licet
1903 2829 2005 2900 ipsi

400 2905 644 2960 nendum
682 2907 816 2976 justi
871 2909 1105 2970 fuissent
1158 2916 1214 2971 in
1261 2917 1437 2973 oculis
1486 2919 1795 2988 hominum,
1849 2932 2008 2980 erant

400 3002 582 3050 tamen
609 2996 744 3066 justi
779 3012 903 3057 ante
939 3003 1253 3071 Dominum;
1312 3007 1443 3078 quia
1470 3008 1583 3077 jam
1638 3016 1767 3067 tunc
1796 3013 1878 3067 eis
1908 3031 2007 3087 ap-
2034 3044 2084 3113 Ο

400 3088 774 3163 propinquare
827 3105 1068 3168 cceperat
1111 3099 1203 3154 illa
1242 3102 1481 3156 caelestis
1524 3103 1713 3178 gratia:
1770 3107 2007 3180 medela,

398 3197 497 3250 per
526 3199 688 3253 quam
721 3185 989 3242 incessuri
1013 3198 1168 3246 erant
1196 3195 1255 3246 in
1271 3195 1516 3249 omnibus
1542 3196 1818 3253 mandatis
1847 3204 1896 3254 et
1912 3200 2010 3270 ju-

393 3275 808 3341 stiﬁcatienibus
840 3282 1056 3336 Domini
1070 3285 1187 3338 sine
1216 3286 1435 3353 querela
1463 3288 1607 3357 (Luc.
1644 3286 1700 3357 ι).

1037 3391 1242 3447 CAPUT
1279 3393 1362 3447 ιν.

394 3470 776 3529 Constantinus
802 3477 955 3544 signo
981 3482 1158 3535 crucis
1210 3483 1492 3539 victoriam
1520 3491 1831 3541 consecutus
1883 3503 2005 3543 cum

466 3548 618 3608 esset,
652 3549 811 3616 erepit
829 3550 1064 3616 primum
1094 3552 1162 3606 ab
1186 3554 1451 3610 idolorum
1501 3558 1798 3612 cultoribus
1827 3562 2004 3613 crucis

464 3620 775 3695 mysterium
795 3633 921 3695 perc
930 3622 1135 3695 αἰτέει-ες
1168 3624 1475 3695 baptizatus
1497 3634 1671 3682 autem
1694 3630 1819 3682 dein
1838 3646 1872 3683 a
1893 3629 2005 3685 Sit-

461 3690 652 3769 qestro,
703 3689 908 3745 Christi
941 3692 1100 3760 ﬁdem
1132 3689 1252 3765 ρετ-⁷
1283 3702 1449 3753 totum
1496 3700 1674 3755 orbem
1707 3701 2006 3769 praedicari

460 3758 609 3823 fecit.

465 3869 853 3929 Constantinus
884 3874 1050 3949 igitur
1080 3887 1204 3947 post
1234 3879 1416 3954 fugam
1451 3881 1714 3950 hostium,
1752 3890 1806 3939 et
1833 3885 2007 3941 victe-

393 3962 525 4018 riam
566 3980 814 4034 suerum,
872 3969 943 4024 de
977 3972 1240 4042 mysterio
1285 3975 1466 4030 crucis
1506 3975 1786 4048 inquirere
1837 3978 2006 4050 coepit

392 4070 420 4106 a
471 4057 850 4115 sacerdotibus
890 4060 1185 4130 idolorum,
1240 4080 1304 4120 ac
1359 4065 1404 4119 si
1451 4065 1551 4130 illi,
1611 4067 1706 4139 qui
1754 4068 1999 4124 nendum

391 4145 607 4204 fuerant
636 4149 888 4207 virtutem
919 4161 1121 4210 sanctae
1181 4157 1364 4212 crucis
1400 4159 1634 4228 experti,
1680 4159 1891 4231 aliquid
1945 4161 1996 4215 ei

391 4240 602 4308 possint
630 4241 760 4297 inde
786 4244 971 4300 dicere
996 4246 1158 4303 certi.
1177 4247 1477 4304 Audientes
1501 4259 1682 4305 autem
1715 4252 1821 4307 hec
1837 4252 1997 4323 pauci

388 4327 683 4384 Christiani
706 4330 801 4401 qui
835 4339 966 4388 tunc
994 4333 1226 4390 aderant
1254 4336 1348 4401 ibi,
1383 4338 1637 4408 quaedam
1667 4339 1737 4393 de
1757 4339 1997 4396 adventu

391 4414 507 4470 Filii
551 4417 647 4472 Dei
679 4417 857 4489 primo
888 4422 1331 4492 praedicaverunt
1385 4426 1487 4481 sibi
1542 4443 1605 4482 ac
1635 4428 1841 4484 deinde
1881 4446 1999 4502 my-

386 4506 616 4562 sterium
670 4508 946 4579 passionis
973 4509 1095 4579 ejus
1140 4520 1196 4567 et
1233 4514 1411 4571 crucis
1441 4523 1751 4573 retexentes
1802 4518 1999 4575 ordine

387 4597 575 4668 pleno,
636 4611 996 4657 narraverunt
1042 4604 1093 4658 ei
1153 4605 1340 4661 omnia
1393 4624 1517 4679 quae
1562 4607 1702 4664 facta
1750 4616 1877 4666 sunt
1928 4610 1998 4666 de

382 4688 514 4745 Jesu
545 4686 844 4750 Nazarene.
899 4693 1287 4751 Constantinus
1314 4706 1520 4766 autem,
1560 4699 1628 4754 ad
1669 4699 1996 4771 placandum

386 4781 556 4837 totius
583 4784 771 4854 operis
799 4784 1081 4858 opiﬁcem,
1111 4804 1143 4843 a
1182 4804 1293 4860 quo
1323 4789 1681 4847 conﬁrmatus
1709 4798 1763 4848 et
1811 4792 1997 4865 bapti-

382 4878 536 4928 zatus
587 4874 644 4929 in
677 4876 904 4932 nomine
947 4878 1183 4946 Domini,
1235 4880 1451 4937 discere
1507 4883 1674 4955 coepit
1726 4883 1859 4956 quid
1908 4888 1994 4942 vel

383 4958 497 5016 Deo
534 4962 765 5021 deberet
794 4974 889 5023 aut
917 4967 1148 5035 homini,
1189 4969 1399 5025 Novum
1432 4971 1639 5043 quippe
1666 4972 1908 5028 habitum
1941 4983 1996 5033 et

383 5066 585 5108 novum
618 5071 905 5114 assumens
932 5060 1202 5129 animum,
1258 5061 1315 5116 in
1347 5061 1497 5118 fonte
1543 5063 1840 5120 Salvateris
1882 5066 1993 5123 duo

381 5157 586 5215 genera
624 5147 795 5216 cmpit
825 5151 1286 5221 medicaminum;
1319 5155 1448 5210 dum
1489 5171 1590 5227 pro
1623 5171 1690 5211 eo
1720 5159 1868 5229 quod
1909 5158 1993 5214 ef-

380 5234 617 5293 fundere
647 5241 825 5299 nolnit
848 5249 1176 5320 sanguinem
1223 5249 1598 5317 innocentem,
1642 5251 1799 5323 lepra
1827 5253 1990 5309 dese-

381 5327 493 5382 ruit
532 5344 754 5401 corpus,
799 5344 855 5391 et
898 5338 1029 5394 vitia
1060 5346 1329 5397 mentem.
1364 5342 1602 5400 Proinde
1642 5344 1883 5400 conﬁsus
1933 5346 1990 5401 in

380 5416 579 5473 virtute
617 5419 802 5479 divina
829 5435 1018 5483 contra
1046 5428 1177 5484 vitia
1217 5430 1402 5486 carnis
1453 5431 1599 5488 bella
1632 5433 1863 5506 gerebat
1907 5435 1993 5489 in-

379 5513 608 5579 testina;
652 5515 782 5586 quia
810 5516 938 5574 dum
972 5520 1025 5576 in
1066 5521 1251 5591 seipse
1290 5523 1517 5580 formam
1559 5526 1870 5583 Divinitatis
1897 5528 1985 5584 al-

381 5598 487 5656 tius
516 5601 817 5673 impressit,
850 5604 1072 5674 bellum,
1095 5608 1243 5679 quod
1276 5617 1403 5666 ante
1429 5627 1555 5667 cum
1587 5613 1843 5670 hostibus
1880 5615 1984 5688 ha-

1393 256 1762 314 DERENGOSI
1804 260 2083 316 ABBATIS
2127 266 2161 319 S
2224 265 2463 327 MAXIM]
2504 274 2767 332 TREVIR.

421 388 520 443 per
551 374 653 430 hoc
705 375 923 449 signum
963 378 1245 435 victoriam
1304 381 1534 439 deberet
1595 384 1799 440 habere
1839 385 2031 441 trium-
2056 392 2106 461 Α
2136 395 2304 450 missa
2330 404 2460 453 sunt
2476 403 2528 454 ei
2547 408 2771 472 percata
2789 409 2983 478 multa,

3648 300 3769 359 956
3804 319 3809 323 .

3017 418 3281 483 quoniam
3309 420 3507 479 dilexit
3524 428 3771 486 multum

2135 478 2286 549 (Luc.
2318 490 2431 556 vn).
2465 490 2729 547 continue
2760 495 2828 548 ad
2868 499 3032 555 unius
3061 503 3156 558 Dei
3188 521 3490 567 conversus
3517 523 3608 571 est
3633 518 3768 573 cul-

2133 576 2287 637 tum;
2330 575 2479 645 quia,
2531 593 2601 633 ne
2640 580 2873 638 diversis
2904 586 3067 644 idolis
3107 591 3248 648 ultra
3297 599 3636 659 sacriﬁcaret
3688 607 3757 661 in

2134 665 2338 736 templo
2391 668 2663 726 idolorum
2697 680 3002 751 communi,
3036 698 3147 739 non
3200 688 3390 745 multis
3420 701 3613 763 postea
3643 698 3761 755 diis

2130 758 2303 813 voluit
2328 761 2660 832 sacriﬁcare,
2694 770 2794 824 sed
2819 771 2912 826 uni
2966 774 3045 829 Ab
3079 776 3174 833 ille
3204 758 3533 854 quippe-die
3562 804 3757 846 coram

2131 849 2239 906 Dee
2270 852 2465 909 nolens
2496 855 2675 914 facere
2707 876 2881 930 reum,
2932 864 2987 918 in
3027 849 3283 938 personis
3307 849 3548 942 trinum,
3577 888 3638 934 et
3689 881 3755 936 in

2128 940 2412 1011 majestate
2446 961 2613 1000 unum
2638 948 2887 1009 adoravit
2917 954 3112 1025 Deum,
3143 958 3273 1015 dum
3304 960 3363 1016 in
3393 978 3578 1021 amere
3606 965 3759 1024 Cen-

2129 1033 2321 1090 ditoris
2353 1051 2448 1091 cor
2478 1039 2599 1108 ejus
2631 1057 2697 1099 eo
2747 1047 2925 1120 magis
2963 1058 3083 1105 erat
3122 1051 3395 1123 innixum,
3429 1060 3577 1129 quod
3606 1062 3756 1119 nihil

2128 1125 2277 1181 aliud
2309 1133 2445 1185 seire
2470 1135 2662 1203 voluit,
2688 1142 2802 1195 nisi
2832 1141 3107 1200 Christum
3136 1149 3333 1218 Iesum,
3365 1156 3416 1206 et
3446 1125 3589 1209 hunc
3618 1172 3751 1212 cru-

2122 1220 2343 1318 ciﬁxum
2375 1223 2425 1292 (Ι
2451 1226 2570 1318 Cor.
2610 1228 2689 1299 ιι).
2720 1230 2809 1286 Sic
2838 1232 3033 1308 igitur,
3072 1253 3194 1292 cum
3236 1218 3579 1313 quotidia‘nis
3608 1264 3755 1318 pre-

2133 1308 2370 1366 feetibus
2387 1314 2456 1368 de
2472 1316 2671 1374 virtute
2702 1320 2757 1375 in
2785 1322 3064 1395 virtutem,
3099 1330 3235 1385 etde
3255 1308 3446 1389 salute
3471 1308 3752 1395 cresceret

2124 1404 2179 1458 in
2213 1405 2466 1477 salutem,
2495 1410 2697 1467 factum
2726 1422 2808 1470 est
2837 1427 2897 1473 ut
2927 1419 2982 1473 in
3014 1422 3149 1478 orbe
3172 1430 3444 1482 terrarum
3486 1445 3554 1485 eo
3585 1430 3753 1490 ﬁeret

2127 1495 2337 1569 ubique
2380 1504 2676 1571 potentior,
2732 1523 2842 1578 quo
2883 1509 2939 1564 in
2970 1514 3197 1571 servitio
3240 1516 3549 1575 Conditoris
3573 1524 3753 1595 coepit

2125 1602 2250 1642 esse
2286 1588 2600 1649 ferventior.
2639 1596 2812 1664 Unde,
2862 1603 2992 1672 quia
3023 1605 3358 1680 cogitatione
3400 1588 3751 1680 humilis,-et

2050 1693 2098 1760 Β
2124 1684 2446 1752 operatione
2472 1686 2651 1745 fidelis
2678 1694 2904 1750 servivit
2930 1696 2984 1751 in
3017 1700 3197 1767 terris,
3230 1702 3318 1756 cui
3347 1706 3530 1780 angeli
3562 1706 3749 1765 famu-

2122 1775 2305 1831 lantur
2343 1778 2399 1833 in
2439 1782 2623 1850 caelis;
2661 1784 2790 1843 ideo
2829 1805 2930 1859 pro
2963 1792 3066 1848 hac
3105 1810 3260 1851 nova:
3299 1802 3748 1858 conversationis

2119 1869 2474 1926 exsecutione
2507 1871 2654 1929 ﬁdeli
2683 1875 2859 1933 factus
2897 1887 2982 1936 est
3013 1883 3247 1941 thronus
3273 1888 3413 1957 ejus,
3443 1893 3585 1946 sicut
3624 1893 3749 1949 dies

2118 1961 2237 2014 caeli
2262 1961 2427 2031 (Psat.
2478 1972 2759 2038 Lxxxvm).
2793 1971 2901 2026 Sed
2932 1975 3063 2045 quia
3089 1976 3172 2032 sic
3224 1995 3325 2050 per
3367 1980 3496 2037 ﬁdei
3527 1984 3740 2041 cultum

2117 2058 2172 2106 et
2203 2051 2333 2108 boni
2383 2057 2571 2127 operis
2595 2057 2829 2117 fructum
2870 2063 3195 2123 Christianis
3218 2068 3420 2141 [intulit
3446 2074 3733 2147 gaudium,

2116 2150 2172 2197 et
2225 2144 2530 2203 idololatris
2593 2151 2823 2220 luctum,
2867 2153 2996 2211 ideo
3018 2165 3073 2213 et
3102 2160 3340 2230 majores
3397 2144 3603 2237 gratias
3632 2182 3734 2237 pre

2115 2247 2181 2287 eo
2239 2250 2403 2306 agere
2443 2236 2713 2295 debemus
2776 2244 2966 2317 gratiae
3025 2245 3332 2318 Conditori,
3389 2236 3499 2324 quo
3553 2236 3738 2311 ﬁdelis

2118 2323 2294 2395 ipsius
2333 2336 2388 2383 et
2416 2329 2522 2384 sibi
2565 2331 2888 2402 proﬁciebat
2917 2346 2972 2392 et
3003 2338 3189 2396 nobis.
3220 2323 3421 2398 Totum,
3448 2345 3597 2400 enim
3638 2362 3736 2402 er-

2115 2417 2237 2472 bem
2277 2420 2344 2475 ad
2390 2423 2640 2479 eamdem
2675 2442 2819 2497 pene
2849 2430 3183 2500 perduxerat
3214 2432 3404 2505 ﬁdem,
3432 2454 3541 2510 qua
3590 2436 3737 2511 [per]

2112 2512 2331 2569 beatum
2353 2516 2674 2575 Silvestrum
2694 2522 3015 2593 pontiﬁcem
3040 2526 3157 2598 ipse
3181 2527 3504 2599 instructus,
3519 2533 3735 2604 pridem

2111 2600 2296 2658 sciens
2313 2603 2571 2662 videlicet
2609 2609 2758 2680 quia,
2788 2612 2948 2668 ‘sicut
2994 2615 3169 2670 virtus
3217 2617 3387 2672 totius
3414 2600 3733 2676 vestimenti

2113 2695 2321 2764 pendet
2372 2696 2428 2752 in
2459 2700 2716 2770 stamine,
2775 2703 2853 2760 sic
2884 2704 2940 2760 in
3008 2705 3118 2763 ﬁde
3164 2706 3362 2765 Christi
3416 2717 3529 2767 tota
3587 2713 3737 2767 salus

2111 2792 2321 2862 pendet
2346 2796 2568 2852 animae.

2760 2891 2969 2949 CAPUT
3014 2894 3075 2949 V.

2107 2996 2488 3084 Constantinus
2516 3006 2929 3084 matremsttam
2962 3008 3025 3084 B_.
3079 3008 3358 3077 Helenam,
3406 3028 3511 3083 pro
3535 3015 3729 3084 inqui-

2174 3070 2366 3123 sitione
2390 3073 2533 3154 tigni
2548 3077 2785 3141 Domini,
2815 3078 3199 3154 Jerosolymam
3221 3070 3526 3154 misitque
3552 3070 3645 3141 ιιδὶ
3672 3103 3733 3141 eo

2178 3145 2523 3228 penumisset.
2546 3161 2745 3228 magno
2781 3149 2959 3204 studio
2987 3145 3066 3206 est
3090 3151 3156 3206 de
3183 3145 3556 3211 sanctacruce
3579 3159 3733 3228 apud

2177 3211 2388 3267 Judwos
2403 3221 2774 3283 percanctata.

2182 3321 2353 3391 Igitur
2404 3338 2527 3378 cum
2596 3340 2695 3396 per
2763 3344 3022 3385 arcanum
3085 3332 3330 3405 antiquae
3409 3335 3725 3393 Divinitatis

2106 3412 2481 3470 archisterium
2554 3415 2942 3476 Constantinus
3035 3423 3335 3497 imperator
3420 3426 3725 3485 Romanum

2106 3505 2386 3575 quondam
2422 3508 2654 3565 rexisset
2683 3509 2999 3582 imperium,
3043 3514 3115 3571 ob
3149 3514 3280 3571 ﬁdei
3309 3532 3505 3573 semen
3534 3520 3641 3576 hac
3669 3530 3727 3577 et

2107 3594 2232 3651 illac
2260 3597 2469 3671 ubique
2494 3602 2889 3675 spargendum,
2916 3605 2986 3660 de
3015 3614 3182 3680 gente
3213 3607 3269 3661 in
3297 3616 3543 3682 gentem,
3573 3618 3629 3667 et
3654 3612 3726 3668 de

2106 3699 2277 3757 regno
2307 3686 2558 3743 transivit
2585 3689 2641 3743 in
2669 3706 2901 3765 regnum
2930 3692 3099 3763 (Psal.
3129 3700 3272 3765 CIV);
3306 3696 3437 3752 dum
3463 3715 3565 3770 pro
3592 3698 3725 3757 ﬁde—

2109 3773 2255 3831 libus
2282 3777 2494 3847 hilaris,
2525 3790 2580 3836 et
2606 3796 2705 3852 pro
2738 3782 3057 3840 inﬁdelibus
3086 3787 3276 3855 tristis,
3310 3786 3477 3844 ﬁdem
3510 3801 3721 3848 sanctae

2106 3866 2381 3925 Trinitatis
2422 3871 2533 3926 illis
2591 3873 2887 3933 insinuavit
2936 3885 2992 3933 et
3040 3877 3179 3934 istis.
3239 3881 3461 3936 Interim
3510 3893 3723 3951 autem,

2106 3975 2228 4015 cum
2262 3961 2355 4016 tali
2384 3963 2551 4020 mede
2577 3981 2677 4037 pro
2708 3967 2916 4022 Judaeis
2946 3969 3225 4028 laboraret
3255 3987 3321 4027 ac
3355 3974 3645 4047 gentibus,
3663 3976 3723 4032 li-

2103 4069 2272 4125 gnum
2306 4054 2650 4113 Dominicum
2684 4059 2968 4133 inquirere
2999 4063 3167 4135 coepit
3197 4080 3228 4119 a
3254 4065 3624 4136 sapientibus.
3655 4085 3723 4125 eo

2100 4141 2404 4199 studiosius
2456 4145 2667 4202 scilicet
2694 4150 2926 4220 cupiens
2967 4152 3213 4224 ejusdem
3246 4153 3424 4208 crucis
3464 4158 3719 4211 venerari

2101 4233 2445 4300 memoriam,
2505 4251 2614 4307 quo
2669 4254 2769 4308 per
2821 4256 2943 4295 eam
2991 4240 3060 4296 ab
3093 4242 3348 4298 hostibus
3391 4244 3509 4298 suis
3553 4253 3720 4301 antea

2101 4320 2300 4375 meruit
2345 4321 2552 4378 habere
2605 4324 2911 4383 victoriam.
2972 4328 3081 4383 Sed
3126 4329 3388 4401 quoniam
3454 4330 3574 4401 ipse
3618 4346 3718 4402 pre

2024 4397 2075 4465 D
2104 4408 2211 4466 ﬁde
2262 4413 2457 4469 Christi
2500 4423 2555 4471 et
2617 4418 2855 4491 negotiis
2899 4397 3419 4490 imperii'animum
3455 4397 3634 4476 suum-
3661 4422 3714 4475 in

2098 4507 2256 4577 plura
2287 4508 2490 4573 divisit,
2523 4509 2650 4567 ideo
2700 4512 2915 4568 beatam
2967 4513 3227 4569 Helenam
3277 4520 3509 4585 matrem
3557 4530 3711 4569 suam

2099 4620 2198 4677 pro
2228 4621 2287 4662 se
2315 4605 2713 4680 Jeroselymam
2741 4608 2912 4676 misit,
2953 4616 3014 4664 ut
3057 4624 3124 4664 eo
3168 4608 3472 4665 studiosius
3502 4607 3578 4663 ibi
3610 4609 3715 4664 De-

2099 4694 2352 4751 minicam
2398 4696 2702 4768 inquireret
2757 4712 2976 4753 crucem
3021 4712 3133 4770 quo
3174 4697 3240 4752 ad
3283 4698 3426 4753 hanc
3481 4697 3715 4770 inquisi-

2098 4788 2302 4843 tionem
2332 4788 2510 4861 ipsum
2534 4789 2851 4846 cruciﬁxum
2875 4800 3219 4847 ostensorem
3255 4789 3487 4847 haberet
3514 4806 3577 4848 ac
3602 4791 3709 4847 du-

2094 4897 2213 4936 cem
2277 4882 2441 4937 lteata
2471 4881 2638 4953 igitur
2668 4882 2869 4937 Helena
2897 4883 3137 4955 sapienti
3168 4899 3267 4939 usa
3307 4883 3565 4951 consilio,
3597 4891 3707 4938 sta-

2095 4970 2192 5027 tim
2224 4972 2456 5027 interius
2485 4972 2595 5028 Dee
2617 4979 2671 5027 et
2701 4972 2943 5028 exterius
2972 4971 3222 5028 obedivit
3252 4970 3365 5027 ﬁlio
3390 4983 3407 5039 ;
3444 4972 3572 5026 dum
3598 4988 3712 5028 non

2093 5065 2269 5122 solum
2292 5067 2471 5122 valida
2500 5083 2670 5122 manu
2713 5082 2810 5138 pro
2839 5067 3036 5123 eadem
3070 5065 3455 5138 ,inquisitiene
3489 5064 3712 5122 ieroso-

2094 5160 2295 5232 lymam
2315 5161 2429 5227 ivit,
2469 5161 2568 5217 sed
2600 5161 2766 5217 etiam
2820 5177 2851 5216 a
2879 5161 3104 5227 Judaeis,
3140 5161 3235 5217 ubi
3257 5160 3466 5237 lignum
3492 5161 3710 5217 Domini

2090 5267 2216 5306 cum
2242 5258 2407 5320 esset,
2442 5252 2738 5327 diligenter
2767 5252 3077 5325 inquisivit.
3115 5252 3247 5315 Qua:
3278 5250 3429 5306 enim
3458 5249 3531 5305 de
3560 5250 3709 5307 vitiis

2092 5340 2161 5395 ad
2198 5341 2430 5397 virtutes
2452 5342 2565 5411 jam
2617 5350 2749 5398 tunc
2775 5343 2917 5397 bene
2956 5341 3242 5413 eperando
3274 5341 3545 5408 transivit,
3595 5356 3705 5398 non

2093 5430 2367 5487 immerito
2398 5432 2717 5486 thesaurum
2750 5431 2904 5487 illum
2932 5430 3246 5488 Divinitatis
3277 5430 3584 5504 inquisivit,
3620 5430 3711 5485 in-

2091 5519 2357 5592 quisitum
2399 5519 2629 5586 invenit,
2684 5519 2970 5575 inventum
3004 5517 3320 5577 custodivit.
3365 5516 3524 5575 Unde
3562 5524 3621 5573 ut
3652 5525 3710 5573 et

2089 5629 2191 5670 nes
2219 5629 2345 5669 cum
2376 5628 2443 5669 ea
2485 5612 2641 5686 quasi
2678 5611 2748 5667 dc
2807 5611 3055 5667 tenebris
3088 5625 3455 5683 properemus
3507 5609 3575 5664 ad
3615 5609 3711 5665 lu-

377 5686 518 5759 buit,
561 5697 754 5763 postea
779 5707 904 5773 cum
936 5696 1083 5753 vitiis
1117 5698 1322 5772 gessit:
1372 5710 1660 5773 postquam
1707 5705 1853 5762 enim
1897 5686 1988 5763 di-
2086 5722 2225 5774 cem,
2269 5706 2456 5763 dicere
2487 5692 2756 5762 debemus
2785 5704 3021 5777 qualiter
3061 5703 3181 5775 ipsa
3205 5702 3462 5760 eamdem
3491 5701 3710 5794 invenit
